3998 6116
322 325 456 392 139Ἶ

1648 326 1744 385 DE
1776 324 1951 387 VITA
1977 324 2045 386 S.
2099 324 2270 386 NILI

3438 312 3573 379 i398

322 443 468 499 Hist.
521 445 704 499 eet-les.
757 459 876 515 cap.
925 446 979 508 5,
1026 459 1080 513 p.
1111 441 1240 497 237.
1289 439 1508 496 Simeon
1543 438 1893 495 Thessaloni-
1922 447 1968 503 Α
1995 441 2088 495 bat
2123 448 2338 496 vertens
2392 438 2722 504 laborantes,
2763 451 2862 493 seu
2891 433 3316 506 sandopilarios.
3359 429 3572 485 Κοττιά-

321 535 502 592 censis
554 536 729 593 ofl‘tcia
788 544 999 591 tantum
1060 545 1338 603 nuncupat
1378 533 1603 604 exigens
1655 531 1896 602 χειροθε-

323 629 468 691 σίαν,
499 637 552 683 et
581 644 690 683 non
731 627 1089 699 χειροτονίαν,
1125 625 1220 679 ubi
1255 625 1389 695 εὐχὴ
1423 622 1694 692 λεγομένη
1737 624 1796 674 ἐν
1828 623 1897 692 τῇ

322 720 516 791 εἰσόδῳ
547 721 654 791 πρὸ
680 721 779 790 τῆς
800 719 1062 789 συνήθους
1093 718 1186 771 ἐπὶ
1211 715 1415 782 ἀνοίξει
1438 714 1568 769 ναοῦ
1602 713 1662 767 ὲν
1693 708 1738 782 ᾧ
1767 729 1898 766 συν-

327 813 427 884 έϐη
483 828 735 866 manuum
805 811 1156 880 positionem,
1214 817 1268 864 et
1333 822 1440 863 non
1511 805 1891 860 extensionem.

329 902 515 958 Oratio
570 902 790 956 dicenda
830 904 887 956 in
930 903 1169 969 ingressu
1219 908 1343 954 ante
1402 906 1730 961 consuetam,
1774 895 1901 948 dum

327 997 566 1066 aperitur
602 995 776 1064 ja-nua
819 993 1021 1064 templi,
1055 993 1236 1046 statim
1268 1007 1332 1044 ac
1363 991 1526 1060 fuerit
1570 1002 1900 1058 congressus.

329 1085 647 1142 PutatGoar
667 1086 719 1140 in
739 1085 960 1141 lectoris
1001 1084 1194 1138 ordine
1228 1083 1352 1138 illos-
1372 1079 1596 1144 includi,
1620 1089 1674 1134 et
1697 1080 1798 1136 hos
1817 1092 1880 1135 or

327 1179 484 1234 dines
520 1179 679 1232 unica
719 1178 1096 1232 benedictione
1123 1174 1390 1238 conferri,
1432 1172 1686 1242 quamvis
1712 1178 1765 1224 et
1793 1170 1892 1224 for-

301 1313 316 1336 .,
331 1272 533 1324 mulam
565 1271 805 1338 deputati
873 1280 1036 1338 atque
1067 1265 1382 1322 ceroferarii
1417 1262 1731 1326 ordinandi,
1757 1261 1906 1316 dein-

311 1339 398 1417 δύο
452 1362 659 1415 inserat
699 1363 982 1418 diversam'
1005 1360 1074 1414 ab
1123 1356 1476 1425 ἀναγνώστου
1517 1355 1635 1410 sive
1685 1351 1909 1407 lectoris

333 1464 430 1504 st-u
461 1450 698 1505 cantoris
728 1449 993 1516 formula;
1024 1463 1254 1518 eamque
1281 1447 1593 1516 Opinionem
1614 1443 1907 1506 Arcudius,

335 1542 427 1595 lib.
458 1558 510 1606 ιι,
546 1542 720 1597 fusius
745 1535 1019 1611 explanat,
1047 1541 1398 1597 diaconulutn
1431 1539 1688 1594 lectorem
1725 1533 1910 1604 appel-

335 1631 504 1684 latum
551 1628 790 1693 addens;
843 1628 1033 1683 Billius
1070 1629 1127 1682 in
1172 1628 1420 1682 oratione
1471 1624 1684 1680 decima
1735 1621 1912 1676 sancti

335 1720 579 1790 Gregorii
604 1719 928 1773 Nazianzeni
953 1721 1179 1796 gradum
1203 1719 1426 1773 lectoris
1445 1724 1690 1772 recenset
1705 1730 1760 1783 p.
1777 1715 1910 1781 575;

1998 549 2099 595 τας
2148 530 2343 587 scribit
2372 529 2427 585 in
2461 520 2794 600 Compendio
2815 535 3038 584 sanctus
3060 524 3397 596 Epiphanius
3431 523 3478 574 oi
3506 521 3573 575 τὰ

2001 621 2230 694 σώματα.
2261 620 2698 692 περιστέλλοντες
2733 619 2841 673 τῶν
2870 618 3248 690 κοιμωμένων,
3276 615 3366 686 qui
3392 629 3577 682 corpo-

2001 733 2063 770 ra
2092 715 2316 785 eﬁ'erunt
2356 723 2686 767 mortuorum
2733 721 2976 766 curantes
2999 712 3281 772 cadavera,
3312 719 3576 775 terraique

2001 809 2321 863 mandantes
2376 821 2406 860 e
2461 801 2768 860 Justiniano
2806 802 3012 858 Novell.
3045 802 3115 856 45
3142 808 3198 855 et
3256 791 3357 865 59;
3387 795 3574 866 Cujac.

2002 899 2091 952 ad.
2127 913 2177 952 c.
2213 897 2238 949 1
2276 906 2330 950 et
2372 895 2426 961 2,
2463 894 2536 949 De
2577 895 2670 949 vit.
2702 902 2751 948 et
2786 894 2990 948 honest.
3033 892 3378 955 clericorum,
3411 897 3467 943 et
3511 886 3578 941 ad

2003 1005 2052 1045 c.
2089 989 2114 1041 ι
2157 987 2262 1054 Qui
2289 987 2415 1042 cler.
2443 986 2523 1041 vel
2556 995 2756 1040 vovent.
2787 985 3115 1056 Spondanus
3143 985 3196 1038 in
3227 982 3480 1052 Epitomc
3512 979 3580 1033 ad

2005 1089 2133 1134 .i‘nn.
2175 1077 2376 1134 Christi
2405 1077 2497 1140 44,
2539 1087 2592 1132 et
2621 1075 2698 1130 De
2727 1084 2927 1131 caemet.
2957 1091 3098 1130 sacr.
3133 1072 3227 1128 lib.
3275 1087 3332 1136 ,v,
3365 1086 3484 1140 cap.
3522 1069 3578 1131 9,

2005 1180 2148 1247 yart.
2189 1187 2270 1240 i1;
2302 1178 2525 1226 sanctus
2578 1169 2944 1239 Hieronymus
2999 1170 3067 1222 de
3105 1165 3332 1221 muliere
3385 1161 3585 1233 septies

2009 1266 2116 1319 icta
2160 1263 2388 1331 cpistola
2426 1260 2496 1316 49
2524 1260 2592 1315 ad
2619 1260 2905 1314 lnnocent.
2935 1260 2990 1313 in
3021 1259 3142 1313 Act.
3177 1265 3361 1326 apost.
3399 1270 3450 1310 c.
3505 1269 3583 1317 is,

2012 1355 2316 1411 imitatione
2369 1353 2589 1420 Tobiae;
2638 1353 2692 1406 in
2733 1351 2901 1406 Roma
2946 1353 3288 1406 subterranea
3328 1345 3500 1400 Maius
3534 1351 3588 1398 et

2009 1445 2322 1516 Calligonus
2356 1443 2593 1498 fossores
2623 1442 2998 1507 enuntiantur,
3042 1455 3108 1495 ex
3139 1437 3435 1508 epitaphio,
3463 1449 3585 1504 pag.

2013 1537 2120 1591 457
2167 1543 2218 1589 et
2262 1551 2316 1606 p.
2371 1534 2497 1588 59.9.
2549 1531 2824 1588 Trofimus
2857 1530 3035 1587 fossor
3067 1543 3194 1586 cum
3241 1526 3464 1597 bipalio,
3493 1537 3588 1577 seu

2014 1628 2194 1698 ligone
2228 1625 2471 1696 depictus
2499 1635 2602 1691 est,
2637 1631 2691 1678 ct
2719 1623 3016 1678 ascribitur
3056 1619 3236 1676 fossor
3287 1633 3382 1688 per
3419 1615 3590 1684 ὑπερ-

2016 1718 2223 1789 δασμὸν
2265 1717 2504 1788 trajectis
2557 1716 2773 1782 litteris,
2804 1713 2896 1769 ubi
2925 1711 3232 1768 Severanus
3261 1709 3410 1763 illum
3466 1718 3590 1758 cum

335 1782 580 1883 ουρῶρὸς
606 1813 866 1867 ostiarius
895 1782 1096 1866 dicitur
1119 1812 1172 1866 in
1199 1810 1458 1880 Catalogo
1489 1782 1744 1863 Ecclesiae
1786 1805 1914 1861 Olli—
1943 1782 1988 1836 Β
2017 1782 2314 1879 Trophimo
2343 1782 2561 1863 'Christi
2610 1805 2880 1874 discipulo
2913 1820 2977 1858 ex
3017 1801 3166 1856 Actis
3219 1795 3592 1868 apostolorum

336 1906 460 1969 cinl,
507 1915 559 1959 et
586 1904 851 1974 διαόάρης
881 1919 978 1960 seu
1006 1903 1268 1974 διαὸάτης
1302 1904 1353 1956 id
1385 1909 1472 1957 est
1501 1901 1785 1965 transiens,
1818 1913 1914 1951 seu

334 1997 605 2061 circuitor,
630 1998 907 2066 lectorque
933 1996 1130 2049 minor.
1158 1994 1491 2064 Adjungitur
1519 2007 1549 2045 a
1570 1990 1767 2053 Goare,
1791 2005 1912 2059 pag.

337 2089 459 2155 140,
477 2089 709 2144 f‘ormula
734 2087 1084 2142 benedicendi
1103 2099 1476 2150 mconomum,
1496 2083 1549 2138 id
1564 2091 1647 2137 est
1669 2082 1919 2136 ecclesiae

335 2183 638 2248 (llSlOdcm,
683 2196 776 2236 seu
822 2181 1120 2235 secundum
1147 2179 1463 2251 diaconum,
1491 2173 1696 2245 p.140.
1743 2173 1917 2227 Exor-

338 2278 568 2331 cistatus
618 2273 752 2328 ordo
780 2289 873 2328 seu
896 2271 1136 2326 officium
1183 2270 1327 2339 apud
1373 2268 1594 2323 Graecos
1630 2268 1918 2336 episcopos

338 2365 700 2418 committitur
721 2364 1088 2435 presbyteris;
1144 2361 1420 2417 (economi
1461 2359 1640 2414 officia
1667 2398 1681 2422 ,
1730 2371 1918 2413 sacro-

340 2469 574 2524 rumque
603 2470 863 2510 vasorum
913 2469 979 2510 ac
1020 2453 1267 2509 ecclesiae
1301 2451 1572 2514 custodis,
1617 2447 1917 2513 diacon-uli,

341 2561 439 2600 seu
488 2547 704 2600 diaconi
746 2545 999 2609 secundi,
1021 2559 1085 2599 ac
1115 2543 1365 2607 minoris,
1392 2552 1445 2597 et
1475 2541 1799 2596 ostiariatus
1829 2541 1918 2610 (ad

338 2652 504 2707 quem
529 2638 761 2707 pertinet
785 2637 874 2690 illa
898 2635 1182 2705 inscriptio
1206 2633 1425 2689 Gruteri
1451 2647 1505 2702 p.
1535 2629 1659 2697 Nili,
1689 2645 1838 2685 num.
1863 2629 1916 2685 ϐε

345 2728 447 2780 llic
501 2728 719 2796 quiescit
775 2725 1027 2780 Ursatius
1073 2723 1346 2776 statuarius
1392 2735 1492 2791 pro
1542 2715 1783 2786 ostiario,
1817 2720 1921 2774 nisi

340 2817 632 2887 legendum
663 2818 733 2871 sit
753 2817 1088 2882 vbustuarius.
1122 2813 1356 2885 Cyrillus
1384 2813 1438 2866 in
1461 2811 1683 2866 Lexico.
1713 2808 1923 2867 Vtsitur

340 2924 403 2963 ea
435 2909 716 2979 inscriptio
744 2908 982 2962 Treviris
1015 2907 1079 2961 ad
1121 2915 1372 2960 sanctum
1415 2887 1702 2975 Paulum);
1742 2905 1920 2959 conti»

343 3011 544 3056 nentur
587 3001 911 3064 ctniucnter,
959 3013 1022 3052 ac
1062 2998 1324 3065 implieite
1351 2997 1404 3050 iit
1453 2997 1644 3052 ordine
1681 2996 1921 3060 lectoris,

342 3096 459 3150 sive
503 3091 869 3162 ἀναγνώστου.
924 3089 1069 3145 Guar
1135 3091 1190 3144 in
1243 3088 1541 3160 Eucbolog.
1597 3088 1706 3160 agit
1748 3096 1804 3142 et
1855 3086 1923 3140 de

343 3186 715 3256 κανδηλάπτῃ,
750 3201 842 3240 seu
871 3183 1038 3255 670
1055 3173 1346 3238 accen'sore
1375 3195 1680 3247 cereorum,
1709 3190 1761 3235 et
1804 3179 1926 3234 Ἐκ-

345 3275 683 3346 κλησιάρχῃ,
718 3274 810 3343 qui
849 3274 1222 3346 σῃμαντηρίῳ,
1256 3272 1307 3326 id
1351 3279 1436 3326 est
1467 3271 1626 3341 signo
1658 3280 1927 3326 convocat

349 3366 607 3434 populum
651 3365 718 3418 ad
767 3366 1052 3418 ecclesiam
1096 3380 1125 3419 e
1178 3364 1398 3419 Justino
1442 3363 1496 3418 in
1547 3361 1776 3432 Dialogo
1805 3379 1925 3415 cum

353 3454 650 3524 Trypltone,
699 3453 1033 3509 Tcrtulliano
1067 3455 1139 3508 De
1166 3471 1360 3509 corona
1387 3456 1596 3520 militis,
1623 3463 1676 3509 et
1700 3453 1769 3506 ad
1794 3453 1926 3508 Sca-

349 3550 551 3622 pulum.

423 3722 617 3776 Lector
677 3721 730 3775 in
780 3720 988 3791 pulpito
1044 3721 1174 3790 legit
1213 3735 1298 3785 ca,
1354 3735 1477 3788 quae
1522 3721 1798 3795 praedicat,
1832 3738 1928 3778 seu

353 3818 608 3870 lectiones
638 3829 848 3879 sacras,
881 3813 1221 3882 verbumque
1251 3812 1368 3876 Dei,
1400 3821 1455 3868 et
1517 3813 1776 3869 lectiones
1805 3829 1930 3869 eas-

352 3908 472 3960 dem
506 3912 708 3969 cantat,
738 3914 792 3958 et
825 3903 1096 3958 benedicit
1134 3917 1354 3972 panem,
1404 3911 1460 3956 et
1485 3917 1678 3957 omnes
1721 3903 1932 3960 fructus

355 4013 528 4052 novos
591 4011 622 4050 e
691 3994 1335 4067 Pontiﬁcalillomano;
1397 3995 1672 4063 quondam
1723 3996 1934 4063 legebat

357 4087 708 4157 Evangelium
745 4086 797 4138 in
830 4084 1016 4140 Africa
1050 4099 1116 4140 ex
1150 4085 1311 4153 epist.
1336 4085 1404 4139 55
1434 4094 1490 4139 et
1525 4085 1594 4138 54
1623 4087 1796 4140 sancti
1828 4087 1930 4157 Cy-

352 4181 551 4253 priani,
585 4188 646 4233 ut
679 4187 829 4235 notat
851 4178 1044 4249 Magri,
1085 4178 1176 4246 qtti
1208 4175 1410 4232 Notitia
1437 4191 1536 4230 sua
1561 4178 1934 4232 ecclesiastica

353 4274 494 4328 falso
550 4272 681 4327 citat
726 4271 1017 4327 concilium
1074 4268 1398 4324 Toletanum
1451 4268 1723 4337 primum;
1758 4268 1812 4322 in
1871 4283 1936 4322 co

356 4378 593 4434 namque
615 4365 949 4418 contrarium
976 4377 1100 4416 can.
1131 4362 1150 4414 l
1181 4370 1235 4414 et
1261 4361 1298 4414 ‘1
1321 4359 1585 4429 comperi,
1614 4358 1758 4412 λιτὸν
1785 4374 1936 4412 παπ-

2015 1917 2298 1974 perperam
2349 1901 2544 1954 miscet
2589 1900 2642 1952 in
2693 1896 2851 1951 Notis
2898 1891 3246 1963 Purgationis
3297 1884 3592 1944 Caeciliani.

2015 1993 2176 2050 Gesta
2209 2000 2330 2062 post
2363 1989 2618 2060 Optatum
2643 2005 2694 2058 p.
2727 1987 2857 2052 266,
2882 1986 3120 2041 fossores
3167 1987 3512 2043 memorant;
3543 1985 3599 2031 et

2013 2102 2068 2156 p.
2122 2085 2221 2139 271
2278 2083 2634 2138 Saturninum
2701 2078 2990 2134 fossorem.
3052 2072 3114 2129 In
3157 2073 3326 2127 Roma
3379 2083 3600 2143 quoque

2014 2177 2378 2239 subterranea,
2407 2188 2461 2243 p.
2499 2171 2637 2235 408,
2669 2168 2956 2224 Celerinus
2986 2165 3118 2220 foss.
3150 2173 3205 2219 et
3233 2161 3336 2217 409
3369 2161 3600 2214 Anasta-

2017 2267 2133 2322 sius
2185 2274 2238 2318 et
2285 2261 2588 2328 Antiochus
2635 2258 2790 2323 foss.,
2849 2263 2981 2326 etp.
3014 2253 3121 2309 495
3157 2261 3211 2306 et
3254 2249 3359 2305 459
3390 2247 3597 2317 psaltm,

2018 2351 2635 2426 psalmicines,Sidonio,
2654 2349 2798 2402 unde
2814 2338 3457 2417 psalmistatusofﬁcium;
3473 2352 3596 2390 nam

2019 2447 2113 2517 qui
2147 2445 2494 2499 Christianos
2525 2438 2908 2500 inhumabant,
2939 2435 3006 2490 de
3051 2431 3338 2487 traditione
3361 2426 3600 2499 psalmos

2021 2535 2422 2600 cencinebant;
2483 2538 2708 2588 sanctus
2755 2526 3121 2596 Hieronymus
3175 2519 3380 2577 iuVita
3425 2517 3599 2575 sancti

2018 2626 2239 2680 Antonii
2271 2622 2606 2688 κοπιῶνταςς
2638 2626 2860 2676 sanctus
2887 2611 3600 2688 Epiphanius,Bellartnin.,

2023 2726 2154 2773 tom.
2187 2716 2254 2782 γ,
2287 2715 2380 2770 lib.
2415 2731 2456 2779 ι,
2487 2729 2537 2768 c.
2565 2714 2616 2779 ι,
2649 2718 2991 2766 controvers.
3023 2706 3113 2761 85.

2090 2808 2171 2862 Ad
2202 2806 2456 2861 ostiarios
2478 2801 2842 2864 redeundum,
2861 2798 3063 2870 quibus
3088 2795 3268 2851 claves
3300 2793 3603 2855 traduntur,

2023 2902 2118 2971 qui
2166 2901 2386 2969 pulsant
2416 2895 2723 2967 cymbalum
2771 2900 2827 2946 et
2867 2902 3209 2959 campanam,
3253 2896 3304 2942 et
3359 2883 3609 2955 aperiunt

2022 2992 2224 3044 librum
2260 2987 2308 3042 ei
2335 2987 2427 3056 qui
2461 2983 2741 3055 praedicat.
2777 2978 2820 3033 E
2859 2978 3186 3043 Pontiﬁcali,
3222 2991 3340 3031 mos
3367 2983 3487 3030 erat
3513 2988 3607 3028 cc-

2026 3077 2366 3136 clesiasticus
2393 3072 2600 3128 circulo
2632 3070 2812 3125 claves
2841 3068 3072 3138 appendi
3103 3073 3293 3122 sancto
3323 3063 3508 3132 Petro,
3541 3077 3606 3116 ex

2028 3171 2149 3240 ejus
2176 3164 2525 3236 imaginibus,
2559 3176 2698 3232 quas
2732 3159 2951 3215 exhibet
2997 3158 3354 3220 Alemannus,
3389 3153 3443 3208 in
3482 3151 3608 3206 Dis-

2027 3262 2312 3319 sertatione
2340 3257 2403 3312 de
2433 3255 2622 3326 pariet.
2649 3251 2985 3315 Lateranen.,
3004 3259 3098 3305 aut
3117 3265 3146 3304 e
3167 3247 3384 3303 balthco
3408 3244 3606 3301 summi

2026 3353 2380 3427 pontiﬁcis,ut
2392 3350 2445 3403 in
2462 3347 2580 3403 Vita
2595 3345 2872 3402 Paschalis
2885 3341 2948 3409 ll,
2964 3340 3151 3397 codice
3170 3338 3430 3394 Vaticano
3445 3336 3604 3397 3622.

2025 3447 2186 3521 671
2226 3444 2410 3500 Romae
2443 3441 2672 3496 celebris
2698 3433 2929 3508 scriptor
2957 3434 3095 3490 Vitas
3132 3433 3340 3503 aliquot
3391 3427 3610 3521 pontifi-

2030 3519 2153 3596 cum
2182 3537 2540 3606 Pandulphus
2567 3531 2830 3588 ostiarius
2856 3529 2950 3600 qui
2975 3539 3091 3582 erat
3122 3525 3318 3582 szeculo
3349 3537 3445 3577 ιιι.
3479 3519 3612 3574 Fue-

2030 3640 2159 3699 runt
2208 3631 2338 3686 olim
2405 3629 2613 3683 circum
2693 3637 2875 3678 arcam
2933 3629 2988 3676 et
3046 3619 3304 3689 templum
3357 3615 3612 3678 ostiarii,

2032 3727 2052 3780 l
2090 3725 2264 3780 Paral.
2301 3737 2410 3786 XVI,
2437 3719 2566 3774 dicti
2600 3715 2865 3785 janitores
2893 3727 2923 3766 a
2948 3712 3154 3781 januis,
3188 3709 3456 3779 portariia
3483 3721 3612 3776 por-

2033 3817 2122 3882 tis,
2156 3813 2365 3869 ostiarii
2395 3811 2463 3864 ab
2494 3807 2684 3862 ostiis]
2707 3803 2885 3858 Paral.
2915 3819 2988 3868 Ix,
3019 3793 3122 3866 22;
3160 3799 3363 3854 lEsdr.
3398 3813 3482 3859 tu,
3510 3796 3611 3859 24,

2035 3909 2115 3962 Ad
2159 3907 2350 3960 limina
2395 3903 2490 3972 ﬁdi
2520 3897 2778 3954 Custodes
2819 3894 3005 3964 Virgil.
3048 3894 3084 3946 l.
3114 3906 3240 3944 xxvr
3282 3889 3311 3961 §
3360 3890 3410 3944 l.
3450 3888 3518 3941 D.
3551 3890 3615 3941 de

2034 4017 2159 4054 ann.
2191 3997 2376 4068 legatis
2419 4003 2467 4046 ct
2502 3991 2528 4061 ξ
2559 3990 2655 4043 Est
2681 3997 2854 4040 autent
2883 3985 3116 4038 institut‘.
3169 3980 3232 4034 de
3270 3979 3518 4033 actionib.
3561 3994 3610 4031 c.

2036 4091 2288 4150 Clericos,
2317 4087 2380 4138 ‘21
2421 4085 2576 4148 dist.;
2605 4097 2670 4135 ex
2712 4078 2918 4134 Isidoro
2946 4074 3224 4144 Hispalen.
3255 4086 3306 4126 c.
3345 4070 3612 4125 Ostiarius

2036 4183 2106 4237 2'5
2133 4182 2327 4236 dist.c.
2360 4174 2630 4236 f’erlectis,
2659 4171 2729 4225 ‘25
2760 4170 2888 4225 dist.
2925 4167 3014 4221 ubi
3043 4167 3108 4220 de
3137 4164 3487 4225 basilicariis,
3517 4161 3614 4214 ba-

2038 4272 2318 4327 silicarum
2360 4262 2627 4324 ostiariis,
2662 4271 2715 4314 et
2741 4260 2807 4313 de
2833 4253 3242 4315 matriculariis,
3275 4252 3440 4321 vulgo
3474 4265 3616 4302 mur-

2039 4361 2278 4435 guilliers
2310 4374 2340 4411 a
2369 4353 2658 4410 matricula
2688 4351 2802 4406 sive
2833 4349 2975 4414 albo,
3011 4348 3064 4401 in
3098 4360 3208 4414 quo
3229 4339 3614 4400 describeban-

355 4459 464 4510 πᾶν
522 4472 552 4511 e
592 4439 928 4510 Balsamone
983 4453 1307 4522 appellatum
1369 4452 1640 4518 afﬁrmat;
1713 4451 1926 4505 ostiarii
1963 4476 2004 4530 ι)
2034 4433 2143 4522 tur,
2203 4453 2327 4506 licet
2369 4449 2461 4502 alii
2491 4447 2763 4501 deducant
2804 4459 2834 4495 τι
2861 4439 3125 4504 marculo,
3157 4436 3302 4509 quod
3346 4448 3461 4495 eos,
3520 4433 3615 4501 qui

358 4565 562 4604 munus
607 4549 771 4602 tradit
830 4546 1072 4601 Isidorus
1118 4544 1455 4614 Hispalensis
1499 4543 1554 4596 in
1586 4541 1813 4612 cpistola
1861 4541 1930 4595 ad

357 4641 712 4697 Lanfredum.
747 4640 1055 4695 Gardinalis
1103 4639 1370 4692 Baronius
1401 4637 1520 4692 fuse
1554 4637 1621 4691 de
1668 4635 1930 4700 ostiariis,

357 4743 410 4790 et
441 4734 738 4788 lectoribus
772 4734 837 4786 ad
869 4748 1073 4786 annum
1105 4730 1308 4785 Christi
1344 4731 1432 4794 44,
1469 4747 1522 4799 p.
1561 4732 1649 4793 77,
1680 4748 1751 4783 n.-
1783 4731 1849 4783 15
1881 4738 1936 4783 et

357 4828 447 4892 54,
509 4826 601 4880 tibi
659 4827 726 4880 de
773 4824 968 4879 ofliciis
1019 4831 1304 4876 cantorum
1352 4832 1405 4875 et
1451 4820 1814 4875 laborantium
1868 4835 1935 4873 ex

357 4919 588 4989 epistola
648 4917 821 4972 sancti
881 4915 1072 4985 lgnatii
1122 4914 1186 4968 ad
1216 4914 1598 4984 Polycarpum,
1647 4921 1701 4967 et
1746 4921 1936 4966 sancto

361 5009 690 5078 Epiphanio,
755 5007 847 5076 qui
886 5007 1112 5076 copiata:
1144 5013 1198 5059 et
1227 5003 1465 5069 fossarii,
1498 5003 1674 5072 deque
1710 5002 1936 5056 notatiis

360 5110 412 5152 et
445 5099 844 5166 defensoribus,
885 5114 948 5152 ac
986 5097 1306 5168 psalmistis,
1346 5095 1423 5149 uti
1470 5093 1691 5158 Hallier,
1744 5111 1797 5162 p.
1835 5093 1938 5148 569

360 5200 417 5246 et
453 5193 518 5246 57
534 5193 580 5245 ι.
615 5191 848 5246 Sanctus
880 5191 1263 5260 Hieronymus,
1318 5188 1433 5242 sive
1463 5187 1588 5255 quis
1623 5186 1764 5240 alius
1795 5185 1937 5238 inter

360 5285 482 5356 ejus
541 5300 704 5352 opera
752 5283 1003 5352 Epistula:
1079 5283 1146 5336 ad
1200 5282 1486 5336 Rusticum
1534 5278 1941 5334 Narbonensem

363 5385 577 5441 auctor,
599 5376 664 5428 de
687 5367 890 5443 srptcm
912 5374 1190 5443 gradibus,
1210 5374 1444 5442 primum
1464 5371 1704 5426 ecclesiae
1721 5371 1944 5424 clerico-

366 5484 484 5521 rum
511 5467 755 5520 ordinem
791 5467 983 5521 statuit
1018 5465 1396 5528 fossariorum,
1433 5463 1731 5518 secundum
1777 5463 1945 5515 ostia-

365 5560 573 5615 riorum
595 5579 608 5624 ;
632 5574 742 5612 non
774 5567 1099 5613 sunttamen
1137 5558 1246 5611 ullo
1274 5557 1515 5625 insignes
1550 5555 1739 5608 ordine
1771 5553 1946 5607 fosso-

365 5668 456 5708 rcs
505 5653 760 5705 κοπιάται
812 5660 1003 5706 sancto
1045 5649 1251 5719 lgnatio
1293 5649 1345 5702 in
1400 5646 1628 5715 epistola
1657 5645 1720 5698 ad
1754 5643 1946 5696 Antio-

363 5747 601 5810 chcnes,
639 5760 800 5814 quam
832 5743 1008 5815 reiicit
1054 5741 1305 5807 Vossius,
1340 5749 1391 5796 at
1422 5738 1703 5795 Mcsmcus
1751 5749 1945 5803 appro-

2036 4544 2278 4602 marculo
2330 4541 2474 4595 fores
2527 4537 2834 4608 pulsabant,
2881 4533 3257 4588 observarent.
3304 4525 3527 4588 Lucius,
3560 4525 3614 4576 in

2035 4639 2229 4695 Plucit.
2265 4635 2466 4698 Curia’,
2519 4632 2610 4685 lib.
2649 4646 2689 4694 ι,
2721 4632 2806 4684 ιιι.
2843 4627 2878 4682 5
2906 4635 2960 4682 et
2988 4626 3052 4690 6;
3105 4622 3324 4679 Colvius
3349 4621 3402 4673 itt
3458 4615 3615 4671 Notis

2037 4729 2106 4783 ad
2139 4727 2328 4782 Sidon.

2109 4819 2277 4872 Erant
2309 4813 2521 4870 ostiarii
2559 4809 2796 4882 profani,
2840 4815 2893 4860 ct
2921 4799 3222 4860 ostiaritell
3250 4794 3614 4869 ch.tv,etin

2039 4909 2216 4967 sancti
2245 4906 2471 4963 Joannis
2509 4903 2796 4970 Evangelio
2831 4911 2881 4952 c.
2915 4912 2950 4950 ι
2980 4903 3033 4948 et
3062 4903 3220 4957 xvnt,
3256 4889 3394 4960 apud
3428 4887 3615 4944 Gallos

2042 5002 2356 5064 Huissiers;
2389 4995 2456 5052 de
2483 4997 2592 5051 illis
2643 4989 3030 5059 Rocheﬂavyn.
3065 4987 3097 5039 l‘.
3130 5001 3166 5039 ιι
3201 4982 3441 5037 Institut.
3480 4979 3617 5033 Par-

2044 5095 2260 5148 lament.
2302 5108 2423 5160 cap.
2460 5089 2546 5152 16,
2581 5102 2726 5139 num.
2760 5084 2848 5137 22.
2882 5081 2954 5135 De
2983 5078 3199 5134 aedituis
3229 5083 3409 5130 autem
3442 5071 3615 5126 Varro

2044 5186 2138 5239 lib.
2181 5200 2234 5238 vr
2270 5183 2341 5237 De
2364 5183 2492 5250 ling.
2536 5178 2654 5232 Lat.
2692 5185 2746 5231 et
2788 5175 2882 5229 lib.
2925 5187 3020 5236 ιιι,
3060 5184 3181 5223 cum
3230 5165 3450 5236 Josephi
3483 5164 3616 5218 Sca—

2043 5279 2199 5349 ligeri
2237 5272 2638 5344 Coniectaneis,
2679 5267 2826 5322 Fest.
2857 5266 2910 5318 in
2941 5265 3006 5320 γ.
3041 5261 3296 5316 Αἰάίιιιω
3333 5266 3381 5310 et
3413 5255 3615 5310 diditi-

2045 5345 2184 5424 ut}...
2225 5369 2588 5435 ,Anagnosu’e,
2638 5375 2734 5415 seu
2768 5360 2995 5413 lectores
3042 5352 3395 5408 continebant
3442 5345 3614 5400 ollicia

2045 5477 2212 5534 penes
2246 5459 2484 5522 Grmcos,
2537 5456 2729 5508 horum
2765 5450 3031 5514 omnium,
3065 5453 3124 5499 ιιι
3161 5443 3358 5512 saepius
3405 5438 3614 5508 repetii.

2047 5529 2365 5623 ciliciorum,
2402 5565 2494 5603 seu
2543 5545 2723 5616 potius
2763 5543 3014 5599 ordinum
3053 5538 3328 5591 minorum
3365 5529 3616 5586 ostiaria-

2050 5655 2158 5706 tus,
2192 5653 2243 5696 et
2284 5641 2669 5700 exorcistatus,
2708 5651 2818 5706 quo
2848 5631 3151 5704 cxpellentli
3180 5628 3478 5688 daemonas,
3513 5623 3613 5675 im-

2051 5735 2392 5802 mundosquc
2437 5731 2659 5800 ςιιῐιῑιιιδ
2704 5744 2733 5784 tt
2773 5725 3092 5797 corporibus
3123 5718 3363 5777 obsessis
3389 5716 3614 5773 dabatur
