3998 6116
435 247 569 312 1399

1130 248 1278 309 JOS.
1318 247 1583 307 M-‘tRL'E
1626 247 1980 308 SUARESII
2024 251 2254 313 LIBER
2298 250 2932 312 CIIRONOLOGICUS

3555 232 3691 306 uno

432 370 672 440 potestas
719 362 805 416 his
857 361 948 431 qui
995 375 1061 416 eo
1113 362 1494 418 initiabautur.
1538 365 1833 419 Exoreista:
1883 365 2007 434 qui-
2038 375 2080 428 Α
2109 370 2368 438 epistolas
2401 384 2530 423 suas
2554 367 2620 420 ad
2652 366 3027 425 Colussenses,
3058 368 3111 412 et
3139 355 3208 412 ad
3233 354 3694 412 Thessalonicen-

433 454 555 508 dem
591 467 621 506 a
652 449 860 504 Latinis
902 449 1210 518 adjurantes
1250 452 1426 506 vocali
1481 463 1630 518 sunt,
1666 455 1796 524 quia
1843 471 2008 524 super

432 545 880 608 catechumenos,
909 543 1002 612 qui
1031 543 1294 612 baptizati
1327 554 1505 608 erant,
1540 546 1622 599 vel
1654 561 1819 616 super
1843 562 2008 601 ειη-ι·-

435 650 718 709 gumenos,
750 635 842 704 qui
868 635 1209 689 vexabantur
1238 651 1269 690 a
1291 637 1650 702 daemonibus,
1682 637 2011 706 invocabant

437 743 632 784 nomen
664 726 878 783 Domini
909 725 1064 792 Jesu,
1099 736 1158 782 ut
1187 728 1255 782 ab
1287 729 1370 784 bis
1400 731 1811 800 egrederentur.
1849 731 2010 786 Isido-

435 833 552 882 rus,
583 833 633 872 c.
668 817 754 880 12,
785 816 882 871 lib.
919 832 995 871 vn
1042 816 1345 889 Etymolog.
1386 834 1436 874 c.
1488 817 1743 885 Clericos,
1778 822 1838 876 21
1877 823 2005 878 dist.

437 907 691 962 Formula
756 907 1020 962 solemnis
1101 923 1208 977 qua
1269 910 1556 964 exorcistze
1617 910 2012 966 ordinabantur

434 1006 612 1052 exstat
640 998 694 1051 in
734 1012 784 1053 c.
815 995 1117 1063 Exorcista,
1151 1000 1350 1055 ibidem
1379 1019 1394 1067 ;
1428 1000 1686 1057 Salomon
1717 1004 2010 1072 quemdam

437 1088 660 1143 modum
711 1088 1059 1144 exorcizandi
1092 1087 1393 1155 adinvenit,
1425 1092 1860 1162 eonjurabatqne
1898 1093 2010 1146 da:—

439 1195 632 1235 monas
664 1180 757 1235 illo
793 1190 989 1246 utens;
1027 1178 1224 1240 Zonar.
1264 1189 1396 1236 tom.
1429 1180 1472 1246 l,
1514 1181 1609 1236 fol.
1640 1183 1732 1247 2Ι,
1763 1185 2012 1254 Χρονικ.,

441 1269 532 1324 ubi
583 1270 650 1325 de
680 1272 884 1325 annulo
919 1270 1158 1324 Eleazari
1199 1285 1231 1326 e
1277 1271 1535 1343 Joscpho,
1569 1275 1748 1345 Antiq.
1783 1273 2011 1329 Judaic.

441 1361 536 1413 lib.
601 1375 717 1425 vui,
769 1375 892 1432 cap.
925 1360 981 1426 2,
1032 1362 1127 1431 qui
1168 1362 1235 1416 de
1281 1362 1396 1428 ipso
1446 1364 1794 1420 exorcizante
1829 1381 2012 1420 coram

441 1449 824 1522 Vespasiano,
886 1451 1114 1522 ejusque
1163 1452 1310 1508 ﬁliis.
1371 1453 1442 1508 At
1504 1469 1625 1525 cap.
1688 1471 1781 1509 χιι
1826 1457 2013 1511 Actor.

446 1542 654 1597 mentio
685 1544 744 1596 llt
770 1544 1224 1598 circumeuntium
1256 1542 1566 1599 Jndazorum
1591 1546 2010 1612 exorcistarum,

445 1634 541 1703 qui
579 1642 734 1688 erant
771 1643 978 1704 septem
1033 1635 1127 1689 lilii
1161 1633 1343 1690 Sceva:
1371 1636 1629 1707 principis
1650 1636 2018 1703 sacerdotum,

2111 480 2199 520 ses
2231 465 2389 526 duas,
2419 459 2708 515 nominans
2738 473 2861 511 eum
2893 457 2949 508 in
3005 450 3248 522 Epistula
3290 451 3356 504 ad
3411 450 3692 505 Philemo-

2111 570 2282 618 nem;
2321 552 2425 608 fuit
2473 552 2562 606 hic
2615 548 2910 604 Onesimus
2957 544 3250 615 episcopus
3278 540 3499 611 Ephesi,
3541 554 3689 593 tuar-

2111 656 2302 717 tyrque
2337 643 2544 706 Roma,
2590 657 2622 697 e
2655 636 3038 706 Martyrologio
3075 635 3326 690 Romano
3359 633 3424 688 l5
3455 633 3694 687 Februa-

2113 738 2216 802 rii;
2257 752 2352 806 per
2379 733 2744 805 Epiphanium
2779 731 3036 786 lectorem
3065 727 3134 782 ad
3162 724 3566 806 Phillppenses,
3597 739 3692 778 eo-

2111 802 2342 896 rumque
2395 802 2456 879 fit
2483 802 2718 878 “mentio
2758 821 2812 875 in
2847 817 3204 890 argumentis.
3243 802 3386 871 Erat.
3404 816 3456 871 id
3491 831 3691 870 munus

2113 918 2320 972 litteras
2352 912 2658 984 perferendi
2693 911 3075 980 episcoporum
3110 907 3178 965 ad
3207 907 3482 962 Ecclesias
3506 907 3691 976 injun-

2113 1017 2262 1063 ctum
2335 1005 2652 1069 lectoribus,
2716 1002 3008 1072 acolytliis,
3066 1016 3132 1054 ac
3193 999 3568 1064 subdiaconis,
3631 1009 3690 1051 ut

2113 1099 2352 1156 ostendit
2403 1110 2623 1160 sanctus
2674 1094 2982 1166 Cyprianus
3043 1091 3205 1162 epist.
3260 1090 3350 1155 16,
3389 1091 3444 1146 in
3482 1105 3599 1160 qua-
3625 1089 3690 1145 de

2114 1191 2368 1248 Celerino
2397 1189 2654 1261 acolytho
2691 1187 2758 1242 ad
2791 1186 3136 1241 diacoimtum
3170 1195 3355 1252 postea
3397 1188 3689 1250 provecto:

2117 1284 2319 1352 dequo
2369 1280 2568 1336 Euseb.
2617 1291 2670 1334 et
2722 1275 3070 1348 Martyrolag.
3126 1274 3285 1329 Rom.
3328 1273 3362 1327 5
3393 1271 3690 1330 Februarii.

2120 1375 2210 1430 tibi
2255 1371 2551 1428 cardinalis
2603 1369 2890 1434 Baronius,
2939 1368 3034 1436 qui
3068 1366 3222 1423 etad
3274 1379 3479 1420 annum
3529 1364 3598 1417 49
3639 1363 3690 1416 in

2119 1468 2317 1524 Annal.
2375 1467 2467 1537 (an
2508 1465 2598 1520 ille
2629 1463 2722 1532 qui
2762 1461 3020 1532 superius
3058 1459 3168 1513 fos.
3199 1457 3511 1524 Celerinus)
3543 1455 3615 1510 24
3641 1470 3694 1507 et

2118 1562 2230 1618 25:
2293 1559 2544 1630 quamvis
2605 1555 2674 1612 de
2704 1569 2932 1611 cursore
2987 1552 3135 1609 illam
3183 1551 3251 1606 ad
3299 1565 3412 1606 rem
3447 1549 3693 1620 eligendo

2123 1653 2403 1725 scripserit
2435 1659 2660 1708 sanctus
2699 1649 2956 1719 lgnatius,
2981 1645 3221 1715 epistola
3247 1643 3314 1698 ad
3339 1641 3690 1714 Polyearpum

447 1735 502 1779 et
525 1725 1034 1796 invocaruntsuper
1051 1741 1147 1782 eos
1172 1725 1266 1796 qui
1285 1727 1554 1782 habebant
1581 1727 1805 1797 spiritus
1828 1729 2022 1793 malos,

2137 1748 2231 1813 2|;
2290 1743 2600 1800 tabellarios
2650 1741 3058 1811 episcoporum,
3103 1751 3201 1791 seu
3229 1736 3460 1805 legatos,
3491 1733 3691 1787 littera-

450 1831 647 1871 nomen
684 1815 901 1871 Domini
929 1815 1081 1884 Jesu,
1118 1824 1391 1872 tentantes
1422 1818 1698 1889 adjurare,
1736 1820 1829 1874 sed
1863 1821 2021 1874 irrito

446 1917 668 1972 conatu,
720 1924 774 1963 v.
823 1907 895 1964 2'5
933 1918 986 1964 et
1015 1910 1391 1985 sequentibus.
1430 1909 1485 1964 In
1528 1910 1803 1981 baptismo
1837 1919 2020 1966 autem

444 2001 787 2055 exerclsmus
839 2001 1019 2066 ﬁebat,
1058 2016 1182 2055 cum
1215 2016 1413 2070 magno
1439 2001 1828 2073 jurejurando,
1867 2001 2025 2072 jura-

449 2093 647 2146 bantin
668 2106 864 2146 nomen
901 2091 1108 2146 Christi
1129 2092 1606 2160 catechumeni,et
1635 2092 2026 2154 exsulﬂabatur

452 2185 688 2248 «kenton,
716 2183 1209 2255 imponebaturque
1230 2198 1428 2238 manus
1465 2199 1493 2237 a
1542 2183 1876 2256 presbytero,
1913 2185 2027 2240 utA

449 2274 577 2329 dist.
599 2275 762 2344 gloss.
794 2275 846 2328 in
865 2290 915 2330 c.
937 2273 1199 2344 Pervenit,
1222 2275 1311 2342 '50,
1332 2292 1387 2346 q.
1410 2277 1430 2330 1
1449 2273 1734 2347 .Polydor.
1775 2274 2026 2346 Virgilius

448 2381 498 2420 c.
525 2365 559 2424 4
587 2375 640 2420 et
689 2364 742 2430 5,
782 2364 876 2420 lib.
933 2380 986 2422 tv
1023 2365 1097 2418 De
1139 2367 1398 2427 inventor.
1467 2381 1677 2431 rerum;
1737 2363 1928 2436 Cujae.
1960 2363 2026 2417 ad

450 2475 500 2513 c.
532 2458 565 2511 5
591 2458 668 2512 De
692 2467 902 2529 cagnat.
930 2457 1202 2524 spiritual.
1238 2456 1407 2514 llndie
1443 2474 1570 2511 vero
1599 2456 1942 2518 catccliismi,
1977 2467 2028 2509 et

457 2551 751 2612 exorcismi
778 2552 1051 2607 solemnes
1078 2561 1207 2608 sunt
1233 2552 1502 2623 baptismo
1524 2552 1823 2622 conjuncti,
1844 2558 1898 2604 et
1915 2560 2028 2605 sta-

453 2645 547 2701 tim.
578 2659 643 2698 ac
669 2644 800 2697 editi
823 2659 1018 2700 sumus
1052 2644 1324 2705 inlucem.
1357 2653 1453 2698 aut
1483 2655 1606 2714 post
1634 2644 1880 2699 triduum
1918 2643 2030 2698 sal-

451 2746 586 2802 tem,
611 2735 899 2794 adhibetur
918 2746 1230 2807 utrumque,
1257 2737 1386 2791 dum
1410 2736 1582 2792 sacris
1609 2736 1870 2807 tingimur
1893 2736 2030 2808 lym-

452 2828 611 2902 phis;
635 2827 828 2883 Franc.
861 2827 1112 2889 Connan.
1146 2829 1243 2885 lib.
1282 2845 1378 2889 vnt
1401 2826 1898 2885 CommentarJur.
1923 2844 1974 2881 e.
2002 2811 2039 2880 δ’

456 2937 514 2974 ιι.
544 2922 596 2977 2,
632 2920 1011 2978 Atexoreismi
1062 2935 1559 2990 cnergumenorum
1605 2919 1834 2975 formula
1857 2925 2035 2973 exstat

455 3013 508 3066 in
568 3011 772 3068 Rituali
835 3013 1083 3069 Romano
1137 3014 1205 3069 ad
1258 3012 1487 3068 calcem.
1545 3010 2034 3067 Eminentissimus

455 3122 676 3175 quoque
720 3106 1018 3162 cardinalis
1053 3107 1224 3173 Bona,
1250 3105 1676 3176 sapientissime,
1708 3119 1774 3160 ac
1796 3103 2032 3174 pruden-
2059 3083 2119 3140 θ’

455 3199 666 3261 tissime
683 3200 922 3266 disserit,
953 3199 1019 3253 de
1051 3197 1271 3256 indiciis
1322 3209 1484 3266 atque
1511 3196 1684 3266 signis
1713 3207 2034 3264 energume-

456 3308 673 3356 norum,
702 3293 768 3348 de
799 3291 1130 3352 discretione
1147 3289 1439 3360 spirituum
1460 3287 1556 3343 lib.
1586 3287 1917 3353 Aureo,cap.
1946 3283 2034 3344 ll,

459 3401 611 3440 num.
651 3384 751 3450 M;
788 3381 1008 3451 Ulpian.
1041 3381 1095 3434 in
1138 3380 1174 3436 Ι.
1207 3395 1246 3443 ι,
1289 3378 1356 3432 D.
1385 3379 1449 3431 de
1476 3393 1592 3431 var.
1628 3385 1676 3430 et
1701 3374 2031 3430 extraordin.

459 3477 632 3547 cognit
658 3493 671 3529 :
711 3493 728 3524 ι
749 3475 806 3527 Si
832 3471 1150 3538 incantavit,
1179 3470 1224 3526 si
1252 3470 1583 3540 imprecatus
1611 3478 1714 3534 est,
1743 3467 1812 3532 si,
1845 3475 1906 3522 ut
1930 3465 2038 3519 vul-

464 3565 580 3637 gari
614 3563 780 3640 672
813 3560 1677 3632 impositorum(tlanuncupabat
1701 3556 2036 3626 Chistianos)

461 3655 627 3712 verbo
675 3663 800 3707 utar
857 3651 1223 3711 exorcizavit;
1263 3670 1281 3703 ι
1313 3660 1429 3704 rrat
1484 3647 1748 3720 Ulpianus
1793 3644 2040 3700 infensus

462 3743 811 3811 Christianis,
860 3742 1008 3802 unde
1061 3743 1275 3813 collegit
1319 3741 1550 3810 septimo
1581 3741 1718 3795 libro
1755 3737 1828 3793 De
1859 3737 2038 3806 ofﬁcio

433 3853 706 3917 'procons.
754 3836 1020 3905 rescripta
1055 3837 1362 3906 principum
1395 3836 1462 3888 de
1497 3832 1673 3902 peetus
1701 3830 2041 3885 Christiano-

466 3944 625 3993 rum;
667 3942 697 3981 e
734 3925 1038 3994 Lactantio,
1092 3925 1280 3996 Cujac.
1329 3940 1448 3994 cap.
1485 3923 1552 3980 54
1584 3923 1659 3976 lib
1698 3936 1731 3974 ι
1767 3918 2038 3975 Observat.

466 4027 528 4080 de
569 4019 879 4072 exorcismis
939 4027 990 4072 et
1015 4015 1634 4092 energnntenis:Alciat.
1666 4013 1761 4066 lib.
1798 4022 1892 4067 vlu
1937 4009 2040 4066 Pa-

467 4127 604 4182 rerg.
633 4127 752 4181 cap.
793 4111 880 4172 25.
921 4109 1072 4165 Adde
1120 4108 1500 4179 Hippocratem
1535 4106 1630 4167 lib,
1672 4103 1808 4174 Περὶ
1838 4100 2043 4171 παρθε-

467 4203 617 4260 γιῶν.
645 4202 896 4264 Romano
914 4201 1148 4256 concilio
1169 4199 1270 4260 sub
1303 4199 1563 4253 Silvestro
1592 4210 1727 4268 papa
1751 4193 2046 4247 interfuere

470 4297 704 4368 acolythi
737 4296 827 4360 44,
851 4295 1137 4357 exorcistaa
1164 4292 1256 4355 22,
1288 4291 1521 4348 lectores
1554 4287 1716 4343 Urbis
1737 4286 1824 4352 90,
1846 4282 2044 4346 notarii

2124 1854 2356 1910 rumque
2395 1838 2597 1892 latores
2640 1832 2917 1902 comperio
2940 1828 3222 1900 acolythos
3272 1826 3418 1896 apud
3447 1833 3692 1881 sanetum

2123 1931 2510 2001 Augustinum,
2564 1927 2791 1996 epistola
2847 1923 2950 1978 101
3005 1923 3076 1977 ad
3107 1920 3344 1982 Sixtum,
3376 1919 3466 1975 cui
3499 1917 3690 1973 reseri-

2125 2032 2277 2092 ptum
2303 2035 2464 2075 suum
2498 2015 2648 2072 misit
2678 2029 2775 2085 per
2807 2012 3064 2068 Albinum
3091 2010 3430 2080 acolythum.
3449 2008 3696 2063 Clemens

2127 2111 2324 2168 tertius
2372 2124 2512 2180 papa
2560 2107 2613 2163 in
2668 2105 2839 2174 antiq.
2875 2101 3212 2159 Collectione
3261 2100 3319 2166 2,
3379 2099 3521 2169 apud
3569 2098 3692 2151 Ant.

2126 2207 2356 2275 August.
2382 2202 2478 2256 lib.
2507 2215 2581 2254 vn
2616 2195 2990 2258 Decretalium,
3021 2195 3107 2250 tit.
3134 2193 3167 2248 7
3203 2192 3275 2246 De
3295 2207 3524 2246 concess.
3553 2188 3698 2243 Ρνωο

2129 2295 2244 2350 ben.
2285 2293 2354 2347 ad
2381 2291 2681 2347 Remensem
2713 2286 3184 2354 archiepiscopum,
3207 2297 3257 2337 c.
3283 2283 3354 2336 ιτ
3398 2299 3417 2332 ι
3456 2279 3699 2335 Insinua-

2129 2388 2207 2441 vit
2233 2385 2393 2440 nobis
2421 2381 2657 2452 (scribit)
2697 2379 2930 2434 dilectus
2958 2376 3100 2438 (ilius
3135 2382 3322 2430 noster
3354 2372 3419 2428 C.
3457 2385 3624 2440 nepos
3648 2380 3701 2424 et

2130 2477 2414 2549 acolythus
2454 2480 2659 2530 noster.
2707 2490 2724 2523 ι

2202 2569 2475 2624 Minorum
2537 2566 2764 2621 istorum
2823 2562 3081 2616 ordinum
3141 2557 3440 2613 meminere
3485 2563 3699 2609 sanctus

2132 2661 2350 2716 Marcus
2375 2661 2429 2714 in
2465 2657 2728 2726 Liturgia,
2757 2654 3012 2709 Clemens
3039 2650 3322 2706 Romanus
3359 2648 3413 2702 in
3441 2646 3701 2702 constitu-

2134 2753 2397 2815 tionibus,
2419 2749 2770 2820 στηκέτωσαν
2797 2746 2856 2799 δὲ
2886 2747 2936 2798 et
2966 2744 3066 2815 μὲν
3090 2741 3334 2812 πυ).ωροὶ
3359 2741 3440 2802 εἰς
3468 2740 3570 2800 τὰς
3599 2738 3704 2788 εἱσ-

2133 2847 2287 2909 όδους
2312 2844 2419 2898 τῶν
2467 2840 2696 2910 ἀνδρῶν.
2749 2839 3015 2892 Assislant
3065 2843 3245 2889 autem
3293 2831 3504 2885 ostiarii
3529 2829 3597 2882 ad
3623 2829 3706 2881 in-

2135 2951 2343 3009 gressus
2375 2933 2637 2994 virorum,
2666 2937 2722 2984 et
2751 2927 3006 2982 Canones
3037 2923 3414 2994 apostolorum
3438 2921 3550 2990 jam
3588 2919 3700 2972 latt-

2137 3007 2249 3082 dati
2273 3043 2288 3093 ;
2325 3025 2442 3080 fuse
2468 3022 2535 3077 de
2569 3021 2650 3076 his
2683 3016 3039 3074 doctissimus
3064 3014 3268 3070 Hallier
3297 3013 3589 3082 episcopus
3607 3007 3705 3062 Cs-

2137 3119 2472 3182 ballicensis,
2525 3130 2580 3184 p.
2635 3111 2762 3176 564,
2813 3111 2868 3166 in
2907 3109 3077 3164 altera
3107 3115 3260 3175 parte
3295 3105 3369 3160 De
3401 3103 3572 3160 sacris
3601 3100 3707 3156 ele-

2137 3209 2432 3270 ctionibus,
2481 3217 2535 3259 et
2584 3199 2978 3260 ordinationib.
3031 3206 3166 3254 sect.
3212 3197 3264 3262 1,
3301 3211 3351 3250 c.
3391 3196 3440 3258 1,
3468 3193 3622 3248 artic.
3655 3192 3701 3244 l.

2137 3301 2372 3358 Sanctus
2419 3295 2722 3368 Gregorius
2775 3291 3155 3347 Nazianzenus
3210 3299 3353 3343 orat.
3405 3285 3493 3352 18,
3526 3291 3708 3338 narrat

2139 3401 2388 3452 sanctum
2450 3388 2782 3460 Cyprianum
2837 3383 3116 3454 Magnum,
3179 3389 3469 3447 antequam
3528 3382 3708 3444 pastor

2141 3487 2311 3546 fieret,
2363 3479 2632 3548 νεωκόρον
2662 3476 2830 3531 fuisse
2877 3474 3172 3537 delectum,
3213 3469 3265 3525 id
3305 3477 3410 3533 est,
3433 3466 3703 3526 aedituum,

2143 3579 2216 3633 uti
2275 3574 2460 3629 Dillius
2511 3572 2567 3625 in
2606 3568 2760 3624 Notis
2789 3566 3033 3635 exponit.
3066 3563 3395 3628 Ministrum,
3435 3559 3706 3616 nimiunn.

2140 3669 2229 3724 cui
2251 3667 2432 3736 templi
2465 3661 2802 3734 expurgandi
2820 3669 2880 3722 et
2909 3657 3157 3713 verrendi
3207 3669 3409 3710 munus
3438 3649 3709 3706 incumbe-

2141 3761 2253 3825 bat,
2276 3773 2386 3812 uno
2416 3755 2582 3810 verbo
2609 3751 2867 3808 ostiarius
2888 3766 2904 3812 :
2931 3747 3094 3819 673
3108 3743 3566 3807 huicAdbelmus,
3586 3757 3633 3794 c.
3649 3738 3710 3792 l5

2148 3850 2222 3904 De
2250 3847 2454 3903 laudib.
2484 3844 2828 3915 virginitatis,
2856 3850 2912 3897 et
2943 3839 3148 3895 Hallier
3193 3853 3246 3908 p.
3275 3835 3382 3890 566
3405 3832 3710 3888 assentiun-

2144 3950 2255 4006 tur,
2309 3938 2405 3995 sed
2428 3946 2545 3992 acta
2574 3948 2878 4004 praeconem
2911 3941 2964 3986 et
3014 3930 3381 4009 expositorem
3415 3936 3710 3981 sacrorum,

2145 4033 2198 4088 id
2240 4042 2324 4088 est
2368 4030 2626 4085 lectorem
2673 4024 2984 4096 perhibent.
3015 4020 3222 4077 Deinde
3248 4033 3381 4074 vero
3407 4017 3710 4074 diaconum,

2147 4122 2463 4188 neutiquam
2519 4125 2826 4186 pastorem,
2870 4127 2964 4167 seu
2997 4111 3331 4180 pontificem,
3367 4103 3714 4176 Martyrolog.

2147 4212 2307 4266 llum.
2363 4210 2452 4266 die
2487 4208 2560 4262 26
2603 4204 2962 4276 Septembris,
2999 4201 3090 4256 ubi
3120 4198 3416 4255 cardinalis
3458 4195 3716 4250 Baronius

2147 4305 2374 4360 adnotat
2428 4300 2649 4355 Grarces
2709 4295 2900 4351 Patres
2954 4291 3354 4352 Antiochenum
3393 4288 3718 4359 Cyprianum

474 4389 586 4453 Hi
628 4387 729 4442 θυι)
767 4385 1024 4448 Cornelio
1065 4399 1200 4455 Papa
1241 4383 1296 4436 ίη
1333 4380 1574 4477 βεειοδίίδ
1610 4380 1857 4442 “0mm”
1891 4393 1951 4430 ετ
1954 4382 2046 4477 31“
2084 4423 2126 4477 ι)
2152 4395 2364 4465 Magum
2413 4391 2638 4452 Iustina:
2693 4402 2918 4458 procum
2981 4382 3315 4440 confundere
3372 4381 3564 4436 solitos
3602 4392 3719 4432 cum

475 4479 712 4551 acolythi
766 4479 858 4543 22,
911 4477 1196 4537 exere-istae
1251 4485 1306 4531 et
1361 4473 1592 4531 lectores
1644 4487 1767 4524 cum
1805 4468 2047 4524 ostiariis

471 4569 578 4636 5.2;
617 4569 734 4623 fuse
785 4583 904 4636 cap.
937 4567 1023 4632 lO,
1069 4566 1162 4620 lib.
1203 4581 1238 4620 Il
1300 4564 1554 4627 Prtettest.
1589 4563 1782 4633 antiq.;
1817 4561 2051 4618 concilio

475 4663 750 4716 Arelaten.
812 4660 915 4714 sub
975 4658 1165 4712 eodem
1221 4658 1489 4712 Silvestro
1539 4671 1675 4725 papa
1727 4652 2054 4721 subscripsit

474 4768 600 4808 cum
664 4750 970 4816 Dammatc,
1028 4766 1125 4806 seu
1157 4749 1331 4805 Dafno
1365 4750 1621 4820 episcopo
1661 4764 1725 4807 ex
1774 4746 2050 4815 provincia

483 4841 786 4897 Vicnnense
815 4841 1035 4902 civitate
1063 4840 1320 4906 Vasione,
1352 4838 1538 4894 Victor
1563 4836 1856 4896 exorcista,
1885 4845 1937 4890 et
1960 4833 2051 4888 alii

480 4938 545 4994 ad
602 4947 804 4986 annum
838 4929 987 4986 C.N.
1033 4929 1160 4986 526.
1191 4915 1585 5000 ⁴Λροιςιιιειιιιτδ,
1627 4925 1710 4979 vel
1741 4923 2052 4986 ceroferarii

485 5040 706 5091 munus,
737 5023 825 5086 cui
857 5024 926 5078 ab
958 5022 1214 5092 episcopo
1265 5020 1563 5090 porrigitur
1590 5027 1638 5071 et
1677 5016 1909 5071 traditur
1934 5031 2058 5070 can-

483 5117 766 5171 delabrum
814 5130 942 5179 cum
985 5112 1210 5174 candela
1256 5110 1548 5172 exstincta,
1585 5117 1639 5171 et
1682 5106 1936 5168 urceolus
1966 5121 2057 5164 va-

484 5223 623 5264 cuus
661 5207 728 5261 ad
765 5204 1164 5277 suggerendum
1197 5202 1386 5262 vinum
1419 5211 1473 5256 et
1504 5215 1701 5270 aquam
1757 5199 1809 5252 in
1849 5195 2058 5257 Eucha—

486 5301 696 5358 ristiam
743 5297 1026 5368 sanguinis
1073 5295 1298 5362 Christi,
1340 5297 1406 5351 de
1435 5311 1544 5366 quo
1583 5294 1718 5349 satis
1759 5293 1843 5366 egi
1874 5306 2062 5361 super—

489 5408 593 5460 que
631 5407 684 5448 c.
715 5391 749 5448 5
772 5390 1058 5451 Corollarii
1092 5389 1315 5443 secundi
1357 5387 1428 5442 De
1458 5388 1623 5458 Agnis
1656 5386 1771 5452 Dei,
1803 5395 1856 5438 et
1883 5384 2058 5439 cardi-

493 5484 631 5546 ualis
689 5482 953 5537 Baronius
1003 5481 1069 5534 ad
1131 5497 1336 5534 annum
1387 5479 1495 5544 58;
1535 5495 1658 5532 cunt
1699 5477 1975 5547 deputato,
2010 5485 2063 5528 et

499 5573 864 5644 ιανδηλὰπτῃ,
897 5590 960 5626 ac
990 5573 1330 5642 λαοσυνάκτῃ
1361 5581 1416 5626 et
1436 5571 1803 5641 ἐκκλεσιάρχῃ
1835 5569 2065 5621 miscent

497 5659 690 5724 Graeci,
751 5663 853 5724 Per
910 5663 1227 5728 Onesimum
1262 5651 1613 5736 ‘acolythum,
1679 5661 1877 5715 Paulus
1918 5658 2066 5713 misit

2153 4482 2571 4555 Carthaginiensi
2601 4479 2860 4550 prtesule,
2889 4479 3032 4533 sicut
3060 4476 3201 4530 idem
3236 4469 3451 4534 Billius,
3481 4469 3572 4538 qui
3602 4483 3723 4522 san-

2154 4584 2302 4634 ctutn
2361 4537 2686 4642 Eregorium
2729 4568 3156 4630 Nazianzenunt,
3195 4560 3375 4632 quoad
3408 4537 3606 4628 potuit,
3632 4537 3736 4622 ex-z

2156 4683 2348 4723 cusare
2375 4665 2528 4719 nisus
2559 4669 2664 4716 est.
2704 4661 2777 4714 De
2811 4659 2979 4728 gradu
3007 4655 3192 4711 aeditui
3224 4661 3449 4710 sanctus
3473 4650 3728 4706 Paulinus

2155 4758 2422 4822 Nolanus,
2483 4754 2640 4823 epist.
2685 4752 2718 4806 6
2754 4751 2822 4805 ad
2868 4749 3138 4807 Severum.
3171 4745 3344 4801 Graeci
3378 4741 3727 4798 recentiores.

2158 4851 2390 4903 lectores
2415 4857 2624 4904 tantum
2649 4850 2974 4913 agnoscunt,
2992 4849 3049 4891 at
3071 4846 3280 4891 veteres
3296 4832 3585 4890 ostiarium
3608 4844 3733 4898 pra:-

2159 4952 2327 5006 tcrea,
2370 4923 2442 4992 et
2493 4936 2843 5000 exorcistam,
2895 4939 3057 4999 atque
3081 4927 3414 4997 acolythum,
3445 4932 3582 4978 teste
3609 4918 3734 4973 Hal—

2159 5035 2279 5096 lier,
2322 5047 2442 5101 pag.
2464 5029 2568 5088 585
2611 5027 2682 5080 De
2704 5024 2955 5097 gradibus
2993 5020 3444 5090 presbyterorum,
3481 5015 3732 5069 diacono-

2165 5140 2308 5186 rnnt,
2359 5121 2801 5180 subdiaconorum
2849 5127 2898 5170 et
2959 5115 3235 5171 (calorum.
3274 5109 3424 5166 Elias
3460 5103 3734 5163 Cretensis

2163 5218 2216 5270 in
2247 5215 2516 5270 decimam
2550 5213 2850 5266 orationem
2889 5207 3064 5266 salteti
3106 5202 3355 5272 Gregorii
3386 5194 3732 5257 Nazianzeni,
3796 5202 3807 5212 ‘

2165 5322 2287 5377 pag.
2335 5305 2461 5358 375.
2523 5304 2761 5356 Sanctus
2820 5295 3114 5368 Dionysius
3172 5289 3523 5361 Areopagita,
3557 5281 3737 5354 eap.3

2166 5399 2368 5454 Ecclcs.
2401 5395 2662 5455 ltiet'arclt.
2703 5402 2856 5463 parte
2885 5408 2947 5455 ll,
2980 5398 3137 5442 vorat
3164 5385 3455 5456 ἐκκρίτους
3507 5380 3738 5444 λειτουρ-

2166 5493 2316 5560 γούς,
2372 5491 2422 5544 id
2452 5499 2556 5554 csl,
2587 5487 2804 5542 selectos
2838 5485 3129 5546 ministros,
3163 5479 3216 5534 id
3242 5487 3344 5539 est,
3375 5474 3735 5543 presbyteros,

2167 5582 2251 5634 vel
2305 5580 2588 5642 diaconos,
2643 5575 2892 5642 aliosque
2932 5572 3200 5642 adjungit,
3244 5567 3486 5621 minores
3517 5561 3736 5621 scilicet,

2168 5673 2261 5746 qui
2317 5670 2616 5734 sanctuarii
2669 5668 2878 5724 foribus
2931 5671 3229 5729 astant,et
3250 5659 3374 5714 aliis
3405 5655 3733 5713 ministrant.
