3998 6116
320 308 445 375 1401

1626 316 1726 376 DE
1770 317 1945 378 VlTA
1983 319 2044 403 s.
2082 318 2243 379 NILI

3428 311 3565 377 1409..

315 421 615 481 secundum
654 422 861 479 οἰκείαν
884 425 1077 494 τάξιν,
1116 426 1298 496 idest,
1322 432 1598 501 proprium
1622 433 1887 498 ordinent,
1920 441 1961 497 Α
1993 434 2121 504 logi.
2178 435 2523 505 l‘ra‘posltus,
2589 435 2643 491 in
2699 451 2750 492 c.
2786 436 2873 492 15.
2924 435 3052 492 dist.
3092 435 3179 499 15,
3230 432 3396 488 tradit
3444 444 3568 485 octo

311 513 470 568 siculi
529 514 895 573 subdiaconus
942 519 1037 587 qui
1082 518 1324 576 minores
1358 522 1603 591 reliquos
1634 537 1886 591 compre-

310 603 682 671 hendebant,e
702 604 1053 676 Pacbymere,
1071 615 1235 675 atque
1264 604 1502 663 Maximo
1537 598 1591 663 in
1622 610 1878 664 scholiis.

380 691 652 760 Quorsum
688 696 790 751 iste
814 696 1039 763 "eittnus,
1070 707 1232 768 atque
1266 699 1481 772 farrago
1516 700 1587 755 de
1605 700 1884 765 ostiariis,

311 783 629 853 lectoribus,
665 788 955 845 osor-cistis
977 828 993 851 ,
1021 799 1085 845 et.
1103 791 1267 845 aliis?
1298 791 1401 848 nisi
1434 801 1494 846 ut
1521 792 1883 848 (economiam

314 874 679 947 Romanaeque
744 880 1020 947 providam
1090 881 1551 949 dispensationem
1628 882 1886 939 Ecclesiae

310 966 485 1035 magis
512 981 575 1021 ac
605 968 776 1037 magis
802 968 1058 1035 admirer,
1082 979 1246 1040 atque
1274 973 1590 1043 suspiciam,
1612 990 1734 1045 quin
1761 972 1885 1044 Spi<

309 1057 446 1110 ritus
478 1058 653 1114 sancti
693 1056 873 1115 amato
929 1062 1186 1118 instincta
1223 1064 1509 1121 inferiores
1537 1068 1738 1137 gradus
1768 1067 1883 1123 fos-

307 1147 603 1211 soriornm.
632 1165 727 1205 seu
774 1151 1068 1215 fossorum,
1103 1163 1156 1208 et
1192 1155 1594 1224 psalmistarnm
1629 1158 1718 1226 (de
1746 1174 1884 1226 quo-

308 1253 428 1291 rum
452 1239 654 1293 muniis
676 1240 799 1293 vide
825 1255 878 1294 e.
903 1242 1079 1297 ultim.
1098 1226 1433 1302 Pontiﬁcalis
1453 1242 1705 1313 Romani,
1724 1246 1880 1318 etc.,)

305 1330 502 1387 officiis
522 1332 801 1403 deputavit
825 1376 841 1398 ,
881 1344 938 1389 at
970 1336 1284 1406 superiores
1310 1339 1589 1394 acccnsuit
1620 1340 1762 1393 inter
1793 1354 1883 1394 or~

304 1421 483 1487 dines,
526 1421 631 1477 fise
658 1424 961 1492 stabiliens,
992 1426 1339 1496 minoresque
1362 1429 1718 1499 nuncupavit,
1761 1429 1883 1486 aliis

306 1515 481 1572 tribus
529 1517 703 1574 sacris
772 1519 1041 1588 majorum
1095 1536 1290 1575 nomen
1352 1521 1655 1592 imponens.
1716 1521 1883 1577 Caius

302 1608 501 1663 etenim
521 1609 757 1679 pontifex
775 1610 1063 1675 Maximus;
1082 1613 1347 1676 Dalmata,
1363 1630 1426 1669 ex
1455 1629 1652 1685 genere
1681 1613 1883 1669 Diocle-

306 1700 436 1755 tiani
460 1701 710 1770 Augusti,
731 1703 799 1756 ad
820 1719 1021 1757 annum
1040 1703 1103 1759 0.
1120 1704 1246 1770 9.83,
1262 1707 1313 1758 in
1339 1708 1544 1777 cryptis
1561 1707 1877 1773 habitando,

1988 526 2157 583 fuisse
2181 527 2402 597 gradus,
2435 529 2635 599 quibus
2664 529 3057 585 ascendebatur
3084 529 3150 583 ad
3195 534 3407 597 portam
3434 532 3569 578 tem—

1988 620 2061 691 pli
2112 636 2175 674 ex
2239 620 2525 675 Ezechiele
2561 637 2611 677 c.
2647 637 2733 687 χι..
2770 630 2825 677 et
2860 623 3080 678 totidem
3114 620 3229 675 fore
3256 617 3566 688 dignitates,

1986 713 2186 782 quibus
2218 712 2529 780 proceditur
2558 714 2623 767 ad
2658 724 2937 784 papatum,
2967 714 3082 769 sive
3114 724 3388 767 summum
3430 718 3569 777 pon-

1987 804 2272 867 titieatum,
2307 818 2501 872 nempe
2541 806 2882 873 parochiam,
2914 804 3260 865 deranatum,
3293 796 3568 854 archidia-

1984 903 2262 957 conatum,
2288 908 2384 949 seu
2406 895 2839 963 pr‘aeposituram,
2856 894 3148 956 abhatiam,
3169 892 3564 960 episcopatum.

1984 985 2536 1055 archiepiscopatum,
2559 987 2849 1056 primatum
2887 1000 2940 1041 et
2962 985 3406 1056 patriarchatum.
3456 980 3564 1035 Leo

1987 1074 2218 1131 Allatius
2241 1078 2547 1140 contendit,
2566 1088 2621 1132 et
2640 1079 2836 1148 probat
2866 1079 2961 1133 lib.
2992 1077 3068 1132 De
3108 1086 3254 1131 wtat.
3284 1085 3330 1130 et
3358 1076 3560 1127 interst.

1986 1167 2310 1233 (ἐνέποι-κω,
2338 1169 2596 1223 lectorem
2640 1186 2746 1224 non
2783 1170 3144 1226 ordinandum
3179 1184 3272 1224 seu
3302 1164 3551 1233 ’Λναγνώ

1986 1279 2119 1332 στην
2140 1277 2286 1327 eum,
2305 1262 2398 1331 qui
2423 1261 2487 1316 18
2510 1277 2684 1317 annos
2700 1264 2894 1325 aetatis,
2909 1264 2990 1319 vel
3015 1261 3086 1318 20
3109 1278 3210 1325 non
3229 1261 3563 1330 cxplesset,e

1984 1351 2374 1409 Nomocanone
2408 1353 2614 1420 Photii,
2650 1353 2914 1425 Notisque
2945 1350 3351 1418 Balsamonis,e
3373 1350 3561 1406 Basili-

1982 1444 2083 1507 cis,
2117 1458 2257 1514 eque
2270 1442 2492 1500 Novella
2514 1446 2809 1515 praesertim
2824 1445 2927 1499 257
2945 1443 3234 1501 Justiniani
3252 1443 3390 1512 apud
3408 1440 3558 1495 Grie-

1981 1550 2098 1601 008,
2137 1551 2187 1605 p.
2211 1534 2280 1589 '56
2302 1544 2354 1590 et
2370 1536 2458 1595 59.
2494 1537 2669 1603 Umle,
2693 1536 2848 1592 sicuti
2867 1536 2977 1605 jam
2998 1534 3226 1601 asserui,
3248 1532 3560 1588 'l’heodnlus

1979 1626 2085 1681 Nili
2118 1628 2259 1682 filius
2291 1629 2358 1683 ad
2399 1630 2686 1701 νεωκόρων
2715 1639 3023 1697 provectus,
3067 1629 3120 1681 in
3161 1626 3348 1682 ordine
3377 1638 3557 1684 sacro,

1984 1732 2204 1784 munus,
2236 1720 2548 1790 impositum
2589 1719 2692 1775 sibi
2720 1735 2750 1774 a
2782 1720 3065 1775 sacerdote
3097 1716 3403 1771 divinorum
3447 1731 3559 1783 my-

303 1804 396 1843 se"
439 1790 794 1855 calacummsr
847 1800 909 1845 υι
951 1802 1170 1857 “Nam,
1203 1795 1319 1858 sed,
1371 1805 1429 1850 ιη
1469 1811 1571 1866 (³80
1619 1796 1875 1864 arbitror.
1911 1786 1953 1841 Β
1982 1810 2278 1865 steriorum
2317 1786 2558 1874 vChristi,
2611 1825 2736 1864 cum
2802 1810 3030 1879 impigre
3076 1808 3207 1861 illud
3258 1806 3455 1870 obiret,
3507 1815 3557 1857 et

304 1880 671 1950 catatumbis;
703 1882 752 1937 id
782 1890 888 1948 est,
918 1884 987 1938 ad
1026 1886 1262 1947 tumbas,
1291 1900 1385 1939 seu
1419 1886 1659 1942 tumulos
1708 1888 1878 1958 (tum-

304 1971 369 2026 ba
421 1973 565 2027 enim
618 1984 721 2028 vox
776 1985 860 2031 est
906 1977 1079 2031 sancti
1106 1975 1387 2047 Gregorii,
1441 1993 1564 2048 qua:
1609 1981 1878 2035 tumulum

302 2064 571 2134 significat
604 2081 620 2121 :
661 2077 715 2122 ct
745 2067 819 2122 ita
842 2068 1011 2124 sensit
1030 2069 1324 2125 cardinalis
1349 2070 1613 2125 Baronius
1642 2073 1696 2125 in
1725 2070 1880 2127 Notis

302 2158 368 2211 ad
385 2158 418 2213 '5
434 2157 676 2213 Januarii
692 2157 966 2230 Martyrol.
983 2159 1236 2228 Romam,
1253 2162 1503 2229 quamvis
1520 2161 1766 2217 Latinius
1783 2179 1883 2216 κα-

301 2246 585 2317 τα.κύμῦον
644 2249 846 2303 dictum
907 2250 1055 2314 velit,
1118 2252 1280 2305 veluti
1338 2266 1678 2318 concavum,
1736 2253 1880 2323 apud

305 2338 474 2407 Magri
511 2339 564 2392 in
598 2337 846 2410 Notitia)’,
876 2355 1002 2395 cum
1036 2340 1242 2412 fugeret
1270 2344 1722 2413 persecutionem,
1755 2360 1882 2400 con-

304 2430 486 2484 stituit
510 2438 570 2485 ut
596 2431 814 2487 ordines
843 2446 1032 2488 omnes
1054 2433 1108 2487 in
1133 2434 1373 2490 Ecclesia
1399 2435 1478 2490 sic
1503 2437 1875 2491 ascenderem.

308 2521 366 2575 Si
428 2521 556 2590 quis
591 2522 878 2592 episcopus
905 2539 1029 2580 esse
1062 2535 1387 2593 mereretur,
1416 2535 1563 2582 esset
1597 2528 1878 2594 ostiarius,

304 2614 496 2679 lector,
516 2615 812 2682 exorcista;
836 2630 1089 2685 sequens,
1122 2616 1172 2671 id
1204 2627 1307 2683 est,
1323 2618 1626 2689 acolythus,
1656 2619 1880 2674 subdia-

303 2721 511 2773 conus;
563 2706 850 2771 diaconus,
898 2708 1201 2778 presbyter,
1249 2719 1304 2763 et
1348 2711 1636 2780 episcopus
1684 2711 1883 2766 exinde

303 2797 664 2852 ordinaretur.
704 2798 778 2853 Ex
808 2797 1099 2853 Anastasio
1123 2838 1140 2862 ,
1172 2798 1286 2853 sive
1313 2810 1538 2856 auctore
1568 2800 1701 2856 Vitae
1726 2811 1878 2872 post.

305 2884 465 2938 Rom.
508 2899 631 2954 pag.
661 2884 749 2939 15.
775 2884 1035 2943 Silvestcr
1073 2896 1257 2956 postea
1286 2890 1341 2942 in
1375 2890 1607 2946 concilio
1635 2891 1889 2947 Romano.

303 2990 354 3028 c.
397 2975 452 3038 7,
484 2982 537 3029 et
572 2973 761 3031 Patres
793 2975 1240 3047 Carthagineusis
1290 2981 1481 3049 synodi
1518 2989 1731 3051 quarta:
1757 2983 1884 3036 toti-

1982 1901 2294 1973 ὑπηρεσίας
2324 1900 2575 1972 .πρώτας,
2631 1894 2936 1957 iniuisteria
2968 1902 3143 1971 prima
3174 1899 3286 1955 sive
3324 1897 3557 1962 OSIllll'il,

1980 2001 2035 2048 et
2084 1993 2289 2059 aeditui,
2325 2002 2487 2063 atque
2526 1993 2764 2056 lectoris,
2797 2009 2920 2063 quzc
2950 2001 3140 2048 mutuo
3169 2006 3290 2048 sese
3318 1989 3556 2058 complc-

1979 2088 2285 2152 ctebantur,
2336 2094 2611 2141 cxcrccrct
2666 2082 2929 2154 studiose,
2977 2099 3335 2159 magnamque
3372 2083 3556 2137 conci-

1982 2184 2120 2231 taret
2149 2191 2299 2245 spcm
2334 2175 2629 2246 profectus,
2660 2193 2783 2233 cum
2817 2178 2965 2233 brevi
2997 2186 3235 2249 tempore
3261 2177 3427 2232 multa
3458 2174 3561 2227 vir-

1981 2273 2157 2318 tutum
2176 2264 2498 2334 praabuisset
2519 2266 2838 2335 spccimina,
2860 2275 2912 2321 et
2935 2265 2984 2320 id
3012 2265 3263 2319 omnibus
3286 2263 3562 2333 foret'pro-

1976 2363 2097 2424 pter
2127 2354 2318 2421 bonos,
2358 2356 2665 2426 probosquc
2702 2371 2881 2411 mores
2909 2374 2923 2422 ;
2956 2356 3317 2425 consequitur
3348 2354 3556 2409 certius

1979 2463 2105 2503 eum
2154 2449 2400 2520 exegisse
2449 2451 2633 2504 decem
2675 2458 2728 2504 et
2758 2458 2881 2505 octo
2908 2464 3101 2515 annos,
3132 2449 3241 2502 imo
3271 2455 3325 2501 ct
3348 2444 3555 2515 viginti.

2053 2537 2328 2594 Hactenus
2348 2539 2575 2608 primam
2598 2540 2848 2610 paginam
2873 2539 3005 2594 Vita:
3025 2539 3196 2594 sancti
3219 2536 3320 2591 Nili
3351 2535 3559 2591 abbatis

1982 2628 2245 2698 pervolvi,
2281 2644 2428 2684 nunc
2458 2630 2523 2685 ad
2555 2630 2779 2684 alteram
2812 2626 2997 2700 pergo.
3032 2628 3085 2682 Si
3120 2628 3269 2698 prius
3301 2628 3561 2685 observa-

1978 2720 2150 2773 verim
2205 2721 2537 2775 recentiores
2593 2719 2833 2787 Graecos,
2895 2721 2986 2789 qui
3039 2719 3297 2773 Romam]:
3352 2718 3562 2771 malunt

1981 2811 2237 2868 Ecclesiae
2262 2813 2597 2882 reliquarum
2635 2814 2792 2868 matri
2823 2813 3116 2875 adhmrcre,
3151 2827 3249 2865 nec
3288 2810 3358 2865 ab
3384 2824 3446 2864 ea
3475 2824 3558 2863 re-

1981 2902 2102 2957 velli
2173 2902 2515 2974 discindique
2566 2905 2822 2974 gaudent,
2874 2904 3188 2958 lectoratum
3229 2916 3350 2957 cum
3387 2901 3560 2970 prima

1982 3005 2205 3049 tonsura
2248 2990 2518 3059 conferre,
2566 3004 2626 3049 ut
2671 2995 2723 3047 in
2758 2993 3109 3063 Euchelogio,
3143 2994 3232 3046 ubi
3266 2990 3417 3056 τάξις
3445 3009 3587 3061 χει-ο-

303 3065 426 3121 dem
471 3077 917 3123 uumeraverunt.
948 3068 1256 3129 Cardiaalis
1296 3069 1567 3129 Baronius
1605 3073 1772 3128 refert
1812 3074 1877 3128 ad

1988 3084 2230 3156 ροτονὶας
2270 3083 2366 3137 τοῦ
2405 3084 2757 3154 ἀναγνώστου
2802 3086 2853 3138 in
2890 3085 3081 3155 primis
3117 3084 3358 3154 κείρεται
3383 3084 3411 3135 ὁ
3441 3080 3563 3134 δοῦ-

302 3172 505 3212 annum
539 3157 601 3214 C.
654 3157 717 3213 Ν.
756 3159 848 3225 44,
884 3175 940 3214 n.
971 3161 1059 3215 54.
1090 3158 1187 3215 Pie
1217 3176 1283 3216 ac
1328 3164 1608 3228 ingeniose
1641 3162 1883 3220 Landul-

303 3249 445 3316 phus
472 3248 874 3306 Cartbusianus
921 3260 1072 3321 parte
1116 3268 1136 3307 ι
1186 3252 1317 3309 Vita:
1357 3253 1578 3321 Christi,
1622 3272 1674 3311 c.
1719 3256 1812 3323 65,
1852 3272 1887 3313 e

305 3349 495 3394 sancto
531 3342 842 3406 Ambrosio,
876 3343 1092 3399 lectoris
1121 3360 1324 3400 munus
1353 3347 1669 3415 praestitisse
1713 3357 1886 3405 testa-

306 3442 395 3483 tur
429 3429 705 3485 Christum
743 3432 1054 3499 Dominum,
1099 3437 1318 3504 quando
1346 3438 1475 3507 legit
1510 3439 1566 3493 in
1610 3455 1887 3511 synagoga

305 3522 423 3591 ipse
467 3521 795 3577 versiculum
842 3524 1078 3592 primum
1121 3528 1316 3593 capitis
1363 3531 1686 3596 scxagesimi
1724 3533 1884 3601 primi

305 3613 476 3677 Isaiae,
518 3622 579 3668 ut
616 3622 800 3667 narrat
822 3623 1045 3669 sanctus
1090 3613 1289 3681 Lucas,
1326 3633 1404 3678 Ix,
1468 3618 1532 3672 18
1565 3619 1883 3691 Evangelii;

304 3701 592 3757 ostiarium
639 3702 827 3768 etiam,
853 3704 1072 3773 quando
1095 3704 1251 3773 ejecit
1280 3704 1595 3772 vendentes,
1617 3716 1673 3761 et
1698 3723 1889 3762 emen-

305 3805 387 3850 tcs
430 3794 498 3849 de
540 3794 777 3866 templo;
826 3795 1184 3862 exorcistam,
1239 3797 1561 3866 expellendo
1608 3799 1889 3857 daemonas

305 3900 336 3939 e
363 3886 683 3954 corporibus
700 3885 868 3959 674
888 3887 1166 3942 hominum
1186 3904 1202 3953 ;
1222 3888 1531 3959 acolythum
1553 3927 1569 3952 ,
1603 3904 1698 3945 seu
1728 3905 1887 3945 cero-

307 3976 666 4041 fcrarium,se
695 3977 869 4032 lucem
895 3993 1076 4033 veram
1101 3979 1461 4047 ostentando;
1484 3989 1536 4035 et
1560 3981 1633 4035 ita
1652 3989 1889 4051 quatuor

307 4067 494 4120 nmnia
537 4068 810 4123 minorum
848 4071 1103 4125 ordinum
1150 4071 1481 4127 exercuisse.
1538 4071 1670 4126 Erat
1717 4072 1770 4125 in
1822 4087 1888 4126 eo

307 4158 509 4227 quippe
536 4168 776 4228 potestas
814 4161 1179 4231 excellentia,
1212 4163 1263 4216 id
1284 4171 1387 4227 est,
1419 4162 1706 4218 ministerii
1742 4164 1891 4233 prin-

309 4252 500 4321 cipalis
526 4253 824 4311 secundum
851 4254 994 4324 quod
1024 4263 1142 4308 erat
1166 4253 1348 4318 homo;
1382 4271 1505 4309 nam
1537 4256 1589 4310 in
1623 4266 1887 4325 quantum

314 4344 456 4397 Deus
500 4343 734 4399 habebat
755 4355 1071 4415 potestatem
1093 4345 1434 4401 auctoritatis
1453 4362 1470 4411 ;
1488 4347 1567 4402 sic
1595 4346 1889 4416 loquuntur

1984 3178 2074 3239 λος
2105 3177 2198 3230 τοῦ
2230 3176 2366 3231 Θεοῦ
2399 3169 2501 3232 0.0.
2536 3178 2616 3240 ei;
2648 3177 2711 3230 τὸ
2761 3176 2933 3247 ὄνομα
2959 3175 3053 3229 τοῦ
3086 3175 3319 3246 Πατρδς,
3353 3170 3449 3228 καὶ
3468 3172 3562 3226 τοῦ

1982 3268 2161 3336 Υῐοῦ,’
2190 3270 2285 3324 καὶ
2328 3268 2420 3323 τοῦ
2458 3269 2613 3338 ἁγίου
2652 3262 2970 3340 Πνεῦματος
2996 3308 3011 3333 ,
3048 3268 3101 3322 id
3137 3279 3242 3329 est,
3297 3266 3565 3321 Tondetur

1982 3379 2158 3418 servus
2195 3360 2291 3417 Dei
2333 3359 2408 3417 Ν.
2431 3360 2507 3415 Ν.
2547 3362 2605 3415 in
2643 3363 2851 3433 nomine
2880 3359 3081 3422 Patris,
3107 3370 3154 3413 et
3178 3356 3330 3425 Filii,
3364 3367 3413 3411 et
3443 3354 3565 3426 Spi-

1985 3455 2121 3509 ritus
2170 3453 2387 3519 sancti;
2438 3452 2658 3508 lectoris
2710 3460 2764 3507 et
2807 3452 3048 3505 cantoris
3099 3457 3183 3504 cst
3230 3448 3419 3502 eadem
3453 3448 3566 3500 for-

1985 3548 2152 3609 mula,
2185 3547 2314 3600 huic
2336 3547 2498 3600 datur
2523 3546 2660 3600 liber
2692 3542 3055 3606 Psalmorum,
3089 3558 3184 3599 seu
3216 3538 3564 3603 Psalterium,

1987 3637 2063 3690 illi
2097 3635 2485 3703 Epistolarum,
2535 3650 2630 3689 seu
2670 3635 3063 3703 Epistolarium
3115 3648 3238 3688 cum
3278 3630 3562 3686 oratione:

1985 3724 2183 3794 Κύριε,
2213 3725 2302 3789 δὸς
2346 3725 2496 3792 αὐτῷ
2526 3725 2689 3793 -μετὰ
2720 3724 2901 3793 πάσης
2928 3723 3118 3792 σοφίας
3161 3723 3254 3776 καὶ
3300 3722 3568 3783 συνέσεως

1985 3815 2092 3868 τῶν
2108 3814 2265 3867 Οεέων
2286 3833 2379 3869 σου
2400 3816 2574 3882 λόγων
2596 3814 2696 3882 τὴν
2726 3813 2956 3885 μελέτην
2986 3815 3080 3865 καὶ
3113 3812 3211 3882 τὴν
3258 3811 3568 3880 ἀνάγνωσιν

1989 3902 2262 3958 ποιεῖσθαι
2291 3921 2306 3967 ;
2349 3902 2401 3956 id
2422 3909 2504 3957 est
2531 3920 2546 3955 :
2570 3900 2810 3965 Domine,
2846 3903 2916 3955 da
2942 3902 3033 3955 isti
3050 3916 3169 3954 cum
3188 3901 3330 3952 omni
3358 3901 3567 3968 sapien-

1990 3997 2088 4057 tia,
2110 4005 2158 4050 et
2175 3994 2337 4065 675
2362 3993 2644 4064 prudentia
2659 3991 2953 4045 divinorum
2969 4001 3181 4045 tuorum
3199 3992 3567 4061 mysteriorum

1988 4086 2404 4152 meditationem,
2437 4094 2487 4140 et
2519 4082 2785 4137 lectionem
2822 4084 3142 4137 exsecutioni
3170 4086 3442 4136 mandare.
3476 4082 3567 4136 ln-

1987 4179 2122 4234 clnsi
2180 4186 2309 4233 sunt
2360 4178 2413 4230 in
2462 4174 2854 4230 subdiaconatu
2935 4172 3426 4243 comprehensique
3474 4172 3566 4226 alii

1988 4270 2098 4323 duo
2154 4267 2397 4322 minores
2445 4266 2687 4327 ordines,
2739 4263 3053 4318 ostiariatus
3105 4276 3169 4316 ac
3203 4261 3560 4332 acolythatns,

1987 4370 2040 4415 et
2058 4360 2226 4414 utitur
2247 4359 2505 4413 ordinans
2532 4357 2681 4410 hisce
2701 4355 2879 4411 verbis
2904 4373 2919 4419 ;
2947 4353 3138 4423 Κύριε,
3159 4353 3246 4415 δὸς
3263 4352 3412 4421 αὑτῷ
3428 4352 3564 4419 ἁγά-

310 4437 648 4503 εθὶιοιθςιίεἱ,
689 4446 748 4492 ut
776 4437 1013 4507 explicat
1042 4439 1106 4493 Ρ.
1464 4454 1493 4492 3
1523 4439 1882 4494 δαιιαιίεείηια
1917 4450 1960 4505 D
1991 4468 2100 4522 πην
2132 4453 2227 4504 καὶ
2254 4450 2596 4520 εὐπρέπειαν
2625 4449 2775 4501 οἴκου
2805 4463 2925 4508 σου,
2954 4444 3292 4516 παριστάναι
3330 4444 3449 4504 ταῖς
3472 4441 3569 4494 οὐ..

311 4526 577 4583 Triuitate
609 4537 750 4596 part.
781 4544 850 4595 tu,
866 4527 942 4583 De
979 4530 1325 4582 sacramentis
1350 4531 1405 4582 in
1438 4546 1642 4599 genere,
1694 4540 1888 4600 quiest.

310 4618 400 4683 64,
435 4629 541 4674 art.
569 4620 625 4673 5.
653 4618 897 4690 Implevit
924 4622 1089 4676 etiam
1128 4636 1357 4676 munera
1380 4620 1635 4697 Christus
1665 4622 1892 4676 subdia-

310 4711 458 4776 coni,
494 4713 711 4781 quando
738 4713 1018 4781 praecinxit
1043 4728 1102 4767 se
1131 4714 1297 4767 linteo
1322 4754 1338 4779 ,
1369 4723 1423 4768 et
1455 4714 1620 4782 pedes
1650 4713 1893 4783 discipu-

312 4803 487 4858 lorum
537 4804 703 4869 lavit;
748 4804 987 4868 diaconi,
1016 4804 1237 4873 quando
1268 4804 1322 4857 in
1364 4818 1520 4858 Cinna
1571 4819 1775 4873 corpus
1825 4814 1883 4858 ct

313 4895 631 4966 sanguinem
675 4910 835 4950 suum
872 4896 1156 4965 discipulis
1202 4890 1893 4968 ministravit;presbyteri

312 4987 547 5057 denique
592 5004 715 5043 cum
739 5006 932 5060 panem
967 5001 1022 5045 et
1056 4993 1241 5047 vinum
1272 4993 1324 5046 in
1363 5007 1564 5062 corpus
1594 5004 1649 5048 et
1672 4994 1893 5064 sangui~

316 5092 439 5131 nem
475 5094 636 5133 suum
684 5082 932 5147 mutavit,
971 5092 1028 5135 et
1051 5084 1294 5153 episcopi
1339 5085 1645 5139 animarum
1677 5077 1894 5140 nostra-

316 5182 462 5235 rum,
501 5184 626 5223 cum
665 5169 743 5224 uti
780 5170 1022 5240 pontifex
1054 5172 1107 5225 in
1132 5188 1225 5227 ara
1255 5174 1434 5229 crucis
1464 5189 1524 5229 se
1557 5175 1755 5229 obtulit
1792 5174 1896 5228 Pa-

317 5259 386 5313 tri
410 5297 426 5322 ,
467 5260 773 5315 sacerdotio
814 5262 1014 5317 etenim
1046 5261 1373 5333 fungebatur
1396 5279 1562 5331 vero;
1599 5265 1894 5320 cardinalis

319 5349 585 5420 Oreggius
610 5359 826 5406 tractat.
863 5353 917 5418 5,
946 5363 1087 5423 part.
1121 5370 1205 5415 ut,
1234 5369 1356 5423 cap.
1400 5355 1489 5421 15,
1519 5364 1715 5424 qumst.
1752 5355 1804 5410 1.

390 5442 447 5496 In
476 5443 617 5497 caelo
644 5444 864 5513 quidem
897 5460 1090 5501 novem
1128 5456 1255 5501 sunt
1285 5446 1600 5515 angelorum
1636 5447 1811 5513 chori,
1841 5456 1898 5503 et

323 5535 578 5590 Ecclesiae
611 5537 1000 5607 triumphantis
1031 5545 1140 5593 tres
1172 5538 1512 5603 hierarcbiae,
1552 5541 1626 5594 ita
1663 5539 1715 5593 in
1752 5540 1896 5594 mili-

320 5634 471 5680 tante
510 5640 702 5681 novem
753 5642 876 5684 esse
910 5629 1131 5684 ordines
1164 5629 1432 5693 videmus,
1459 5630 1756 5685 secundum
1802 5646 1897 5685 ca-

323 5717 595 5783 nonistas,
632 5719 884 5787 quamvis
916 5719 985 5775 ad
1025 5729 1229 5792 septem
1263 5735 1356 5777 eos
1391 5722 1712 5776 eontrahant
1743 5722 1895 5777 theo-

1995 4560 2117 4613 ραις
2137 4541 2230 4595 τοῦ
2246 4540 2375 4594 ναοῦ
2392 4540 2487 4593 τοῦ
2511 4539 2668 4608 ἁγίου
2699 4556 2815 4604 σου,
2845 4537 3108 4592 ἀνάπτειν
3137 4535 3329 4606 λύχνον
3362 4531 3575 4602 σκηνώ-

1997 4650 2169 4704 pato;
2219 4631 2376 4701 δόξης
2434 4646 2528 4683 σου
2555 4647 2570 4695 ;
2604 4629 2656 4684 id
2685 4639 2768 4684 est
2802 4647 2816 4684 :
2851 4627 3092 4693 Domine,
3117 4628 3187 4680 da
3217 4627 3307 4679 isti
3337 4625 3573 4677 charito—

1996 4737 2120 4786 tem,
2148 4733 2196 4777 et
2236 4722 2472 4777 decorem
2498 4722 2685 4775 domus
2716 4729 2842 4785 tum,
2864 4730 2920 4775 ut
2950 4722 3167 4774 assistat
3191 4718 3374 4786 jannis
3393 4715 3574 4783 templi

1994 4816 2166 4872 sancti
2213 4816 2312 4878 tui,
2352 4823 2400 4868 et
2449 4806 2702 4868 accendat
2727 4813 2996 4866 lucernam
3031 4809 3353 4864 tabernaculi
3390 4807 3575 4879 gloria!

1998 4918 2122 4963 tam.
2160 4905 2566 4961 Exorcistarum
2599 4912 2780 4958 autem
2812 4900 3206 4974 presbyteralui
3239 4897 3575 4967 coniungunt

1998 5009 2111 5054 tam
2164 5014 2329 5067 super
2370 4998 2813 5059 catechumenos,
2849 5008 3014 5063 quam
3047 5001 3102 5047 et
3151 5006 3315 5060 super
3343 5002 3574 5057 cnergu-

1997 5105 2203 5144 menos.
2265 5089 2442 5158 Atque
2472 5089 2577 5143 hoc
2606 5087 2768 5141 modo
2803 5086 3007 5141 sensim
3036 5084 3489 5154 appropinquant,
3518 5089 3575 5135 et

1997 5177 2265 5233 accedunt
2310 5177 2377 5231 ad
2430 5177 2732 5230 Romanam
2770 5174 3069 5229 Ecclesiam
3109 5178 3386 5242 parentem
3417 5169 3573 5224 heni-

1997 5268 2339 5339 gm‘ssimam,
2369 5274 2427 5321 ut
2455 5265 2641 5335 accepi
2668 5266 2738 5319 ab
2767 5263 3142 5318 illustrissimo
3182 5262 3405 5316 domino
3434 5259 3577 5314 Onu-

1998 5360 2157 5428 phrio
2216 5357 2577 5414 Constantino
2632 5355 3043 5424 archiepiscopo
3102 5353 3464 5417 Deberitano;
3519 5358 3576 5404 ct

1998 5457 2277 5515 revocant,
2332 5457 2497 5519 atque
2543 5457 2827 5509 renovant,
2852 5447 3029 5517 quoad
3057 5452 3306 5516 possunt,
3341 5453 3572 5498 veterem

1999 5544 2143 5596 illam
2197 5541 2556 5597 hierarchiam
2613 5539 2843 5594 similem
2878 5538 3156 5601 Romanae,
3188 5551 3308 5604 quae
3338 5532 3573 5600 vigebat,

1998 5639 2053 5685 et
2105 5630 2475 5685 clliorescebat
2522 5629 2576 5681 in
2631 5628 2902 5698 prinucvis
2935 5628 3041 5681 illis
3083 5624 3337 5679 Ecclesia:
3375 5622 3578 5675 Graeca:

2003 5722 2273 5778 nascentis
2316 5721 2575 5781 exordiis,
2612 5721 2879 5791 cujusque
2912 5733 3075 5786 penes
3104 5716 3205 5770 SS.
3238 5713 3577 5780 Dionysium.
