3998 6116
463 263 598 334 1403

1151 272 1300 332 JOS.
1335 273 1598 331 MARLE
1640 273 1999 334 SUARESH
2039 277 2268 336 LIBER
2305 279 2937 341 CHRONOLOGICUS

3603 270 3732 335 1404

459 378 748 451 lgnatinm,
803 385 856 430 et
908 376 1263 442 Clementem,
1315 381 1560 450 aliosque
1589 380 1806 436 Graecos
1854 381 2039 437 Patres
2069 407 2110 458 Α
2145 387 2259 440 rius
2313 388 2538 454 prola'a,
2581 403 2675 442 seu
2709 389 2815 440 duo
2845 385 3170 442 candelabra
3207 384 3444 438 lucentia
3479 382 3646 436 etiam
3682 383 3735 436 in

457 481 676 527 exstant
721 469 943 538 vestigia
972 479 1026 524 et
1053 483 1393 541 argumenta,
1427 489 1549 526 cum
1590 474 1848 528 Ecclesiae
1886 473 2044 529 Occi-

457 562 688 615 dentalis
734 572 789 616 et
841 559 1132 615 Orientalis
1183 563 1468 618 unanimes
1526 574 1580 618 et
1635 575 2040 633 contesseratze,

460 665 624 724 atque
677 654 954 708 foederatae
989 655 1206 707 vinculo
1238 654 1542 720 charitatis,
1578 666 1630 710 et
1662 658 1870 726 glutine
1903 674 2042 713 verm

457 748 765 800 concordia:
799 730 1268 809 consociarentur,
1323 755 1574 814 tanquam
1605 750 1726 800 dum
1771 749 1944 814 olivae,
1978 751 2044 804 de

456 838 659 906 quibus
731 836 1048 903 Zacharias,
1082 845 1136 890 ct
1171 835 1324 890 Nilus
1362 837 1476 906 ipse
1514 838 1568 890 in
1611 836 1850 907 Episwla
1883 853 2047 909 supe-

2147 481 2306 532 terris
2336 491 2462 532 ante
2512 479 2800 532 Dominum
2837 479 3264 542 Dominatorem,
3305 476 3622 547 Apocalyps.
3656 492 3736 541 xl,

2147 572 2201 635 4,
2233 587 2354 640 qua:
2397 582 2454 624 ut
2514 572 2840 626 resarciatur
2871 571 3052 624 divina
3109 571 3464 623 miseratione
3518 565 3736 620 tandem

2149 662 2467 731 aliquando,
2503 661 2969 731 quemadmodum
3009 670 3122 715 toto
3174 659 3393 722 all‘ectu,
3431 659 3738 726 intimoque

2150 770 2342 823 precor
2369 772 2434 809 ex
2469 756 2672 816 animo,
2707 753 2788 808 sic
2814 763 2868 808 et
2893 754 3106 807 ominor
3141 753 3514 822 perlubenter.

811 1014 897 1073 De
932 1015 1273 1074 tentatione
1302 1014 1368 1074 S.
1405 1011 1540 1076 Nili
1570 1011 1840 1085 abbatis,
1877 1023 1932 1074 et
1963 1014 2207 1094 reliqua
2252 1015 2406 1086 vita,
2437 1024 2494 1076 et
2542 1023 2765 1088 morte,
2796 1023 2984 1094 atque
3013 1012 3327 1094 sepulci‘o.

531 1198 652 1256 Uno
697 1199 888 1270 spiritu
938 1215 1042 1253 non
1094 1199 1269 1268 potuit
1318 1198 1424 1252 vita
1468 1196 1572 1252 Nili
1625 1199 1926 1252 transcurri
1979 1215 2044 1254 ac

456 1277 1010 1360 exsuperarizclivus
1057 1302 1140 1343 est
1189 1291 1352 1343 altior
1400 1300 1453 1344 et
1502 1289 1793 1354 excelsior;
1841 1291 2044 1344 levavit

456 1383 657 1451 quippe
688 1383 767 1435 vir
792 1381 1024 1433 eximius
1056 1380 1242 1434 oculos
1281 1380 1347 1433 ad
1377 1389 1587 1433 montes
1620 1379 1856 1449 erigens,
1888 1394 2047 1434 suos-

457 1487 562 1540 que
602 1486 822 1539 gressus
864 1469 1064 1523 direxit
1110 1470 1178 1522 ad
1218 1483 1402 1538 rupes,
1448 1479 1500 1523 et
1542 1484 1676 1523 saxa
1712 1468 1952 1538 prmaha,
1992 1475 2048 1520 et

457 1564 709 1619 sublimia
741 1578 864 1618 cum
899 1560 1181 1615 Theodulo
1214 1561 1345 1625 filio,
1388 1577 1512 1614 vere
1561 1561 1654 1615 Dei
1688 1577 1868 1616 servo.
1901 1558 2046 1614 Tau-

456 1655 628 1724 tisper
666 1655 832 1725 igitur
860 1653 1358 1723 conquiescendum
1393 1652 1494 1705 fuit
1536 1667 1643 1705 una
1679 1668 1804 1707 eum
1842 1652 1948 1706 illis
1992 1651 2045 1704 in

2146 1200 2258 1256 lius
2304 1209 2507 1270 partes,
2557 1199 2865 1270 Europam,
2899 1200 3085 1256 Asiam
3133 1208 3186 1254 et
3225 1199 3464 1254 Africam
3503 1199 3738 1255 inunda-

2150 1303 2280 1348 runt
2309 1293 2609 1363 superfusis
2647 1293 2997 1348 examinibus
3026 1292 3355 1362 populorum
3387 1292 3585 1347 exinde
3609 1309 3736 1362 pro-

2154 1385 2457 1452 iectorum;
2491 1385 2762 1440 Cimbrica
2800 1399 2995 1453 nempe
3029 1385 3414 1440 Chersonesus
3453 1399 3481 1437 a
3524 1395 3736 1453 septen-

2154 1480 2328 1534 trione
2352 1495 2367 1544 ;
2393 1479 2462 1532 ab
2487 1487 2675 1532 austro
2697 1488 2876 1531 autem
2905 1477 3123 1541 Arabia,
3161 1492 3304 1546 quae,
3339 1479 3531 1532 saltem
3568 1476 3734 1543 Felix,

2153 1573 2448 1628 Peninsula
2499 1571 2729 1636 videtur,
2779 1571 2909 1625 hinc
2965 1571 3086 1625 sinu
3137 1570 3396 1636 Arabico,
3451 1571 3568 1625 sive
3601 1573 3736 1624 mari

2158 1667 2457 1736 Erythraeo,
2505 1664 2656 1718 illinc
2688 1665 2810 1719 sinu
2847 1663 3101 1728 Persico,
3137 1671 3251 1717 tum
3287 1663 3357 1717 ab
3402 1676 3610 1718 oceano
3641 1662 3697 1716 In
3726 1695 3731 1703 ι

461 1747 748 1802 Sin-aiticis
792 1746 963 1817 jugis,
1022 1747 1076 1799 in
1120 1746 1402 1801 montibus
1459 1745 1572 1809 Dei,
1636 1747 1686 1798 in
1736 1746 1938 1815 quibus
1969 1744 2045 1798 illi

2163 1759 2269 1814 lico
2294 1759 2475 1813 abluta
2505 1768 2560 1812 et
2584 1746 2984 1826 circumsepta;
3009 1772 3134 1810 eum
3172 1754 3383 1810 Petraea
3407 1767 3463 1809 et
3494 1755 3734 1822 Deserta;

461 1841 721 1894 solitariae
755 1840 878 1893 vita:
927 1839 1334 1909 prmgustabant
1379 1839 1762 1892 suavissimam
1802 1838 2048 1893 dulcedi-

462 1949 610 1987 nem.
648 1932 832 2001 Itaque
857 1928 963 1983 Nili
1018 1932 1212 1999 patria,
1241 1930 1480 1994 nomine,
1510 1930 1726 1994 studiis,
1767 1931 2046 2000 dignitate,

462 2022 714 2092 conjuge,
762 2021 932 2090 prole.
977 2020 1291 2082 virtutibus,
1335 2020 1714 2086 conversione,
1751 2022 2046 2091 rebusque,

462 2116 643 2184 quoad
693 2114 909 2184 assequi
957 2113 1130 2184 potui,
1175 2113 1363 2182 gestis,
1411 2114 1690 2184 hucusque
1734 2116 2046 2178 transactis,

464 2207 797 2277 colligendus
828 2215 909 2260 est
937 2205 1149 2258 fructus
1177 2206 1409 2259 tirocinii
1449 2206 1757 2273 monastici,
1795 2209 1850 2262 in
1877 2224 2052 2279 eoque

465 2300 832 2369 percipiendo,
891 2307 943 2352 et
978 2297 1343 2366 excerpendo,
1388 2307 1442 2352 et
1481 2300 1744 2368 quidquid
1789 2303 1913 2356 vitae
1957 2318 2052 2356 su-

464 2395 664 2464 perfuit
695 2392 1052 2460 recensendo,
1079 2393 1230 2462 juvat
1263 2409 1481 2459 cperam
1517 2409 1715 2448 navare
1745 2405 2046 2460 strenuam,

463 2489 638 2541 donec
680 2487 748 2540 ad
798 2495 996 2539 metam
1047 2485 1392 2560 perveniam,
1447 2485 1806 2554 ultimamque
1849 2487 2050 2542 lineam

464 2579 684 2642 ducam,
716 2585 766 2630 et
805 2577 1052 2645 sepulcra
1085 2591 1434 2645 componant.

537 2668 838 2721 lntentator
867 2676 950 2721 est
981 2666 1249 2720 malorum
1283 2665 1457 2742 Deus,
1490 2667 1567 2721 uti
1611 2667 1805 2722 scribit
1833 2678 2056 2722 sanctus

463 2756 702 2813 Jacobus
750 2759 1030 2826 apostolus
1069 2758 1120 2811 in
1157 2756 1318 2825 epist.
1356 2774 1409 2822 v,
1454 2757 1538 2812 l5.
1574 2758 1824 2813 Tentavit
1871 2767 2055 2813 tamen

465 2849 741 2904 Abraham
771 2847 906 2904 Gen.
945 2863 1078 2914 χχιι,
1114 2848 1137 2900 1
1170 2862 1322 2916 seqq.
1368 2861 1532 2915 super
1582 2846 1736 2902 lsaac
1791 2847 1904 2902 lilio
1953 2862 2057 2903 suo

467 2941 777 3013 unigenito,
811 2955 970 3011 quem
1012 2939 1272 3010 diligebat
1310 2939 1489 3006 unice,
1538 2947 1595 3014 ut
1636 2939 1724 3009 pia
1759 2939 1878 3010 ejus
1927 2941 2058 2996 obe-

2151 1865 2275 1904 nam
2308 1850 2360 1902 in
2393 1850 2494 1903 has
2529 1857 2638 1903 tres
2671 1857 2780 1902 tota
2821 1846 3083 1902 dividitur
3115 1845 3338 1911 Arabia,
3375 1861 3580 1916 perque
3611 1849 3740 1901 istas

2149 1943 2286 1998 duas
2312 1943 2553 1996 adhaeret
2581 1939 2914 2003 Palmstinm,
2948 1955 3013 1994 ac
3051 1938 3240 2010 Syrim,
3275 1955 3305 1993 a
3336 1955 3442 2009 qua
3470 1940 3732 1994 dirimitu.

2150 2033 2425 2103 Euphrate
2459 2032 2622 2088 ﬂuvio
2645 2031 3022 2096 interﬂuente;
3057 2031 3464 2086 Chersonesum
3495 2031 3736 2086 Cimbri-

2150 2143 2268 2181 cam
2301 2141 2332 2180 a
2366 2125 2600 2180 Cimbris
2643 2125 2844 2179 dictam
2895 2123 3114 2194 pupulis
3139 2163 3155 2187 ,
3202 2135 3315 2192 quo
3345 2123 3569 2176 nomine
3609 2123 3716 2177 Ger

2154 2221 2298 2274 mani
2338 2227 2536 2272 vocant
2580 2219 2707 2280 τοὺς
2733 2217 2935 2289 λῃστάς
2957 2259 2972 2283 ,
3013 2218 3064 2272 id
3096 2225 3210 2280 est,
3253 2218 3524 2280 latrones,
3557 2218 3604 2271 si
3635 2232 3739 2285 qua

2150 2310 2284 2364 ﬁdes
2313 2309 2604 2364 Plutarcho
2651 2309 2704 2362 in
2735 2307 2945 2374 Mario,
2989 2307 3233 2362 arbitror
3275 2323 3398 2362 esse
3426 2309 3592 2362 ollam
3626 2322 3742 2362 suc-

2143 2414 2372 2455 censam
2395 2439 2410 2464 ,
2443 2393 2606 2468 quam
2651 2395 2976 2466 praeviderat
3013 2393 3280 2451 Jeremias
3314 2411 3345 2450 a
3396 2396 3538 2450 faeie
3595 2399 3744 2465 aqui-

2152 2494 2296 2548 lonis
2320 2508 2372 2547 c.
2413 2507 2454 2556 1-,
2492 2507 2544 2543 v.
2582 2489 2670 2544 l3.
2702 2487 2862 2543 Certe
2907 2487 3176 2551 Scandia,
3229 2488 3346 2542 sive
3383 2487 3741 2541 Scandinavia

2156 2585 2266 2654 (ita
2309 2583 2457 2638 enim
2496 2588 2844 2648 nuncupatur
2901 2579 3020 2638 haec
3067 2578 3354 2648 peninsula
3410 2580 3554 2632 inter
3602 2586 3747 2632 mare

2153 2677 2457 2740 Baltieum,
2489 2690 2589 2730 seu
2630 2674 2911 2728 Codanum
2959 2671 3174 2735 sinum,
3204 2680 3268 2726 et
3308 2687 3583 2726 oceanum
3629 2689 3744 2741 sep-

2157 2767 2538 2826 tentrionalem
2572 2775 2799 2820 extensa
2839 2763 3015 2817 Plinio
3041 2770 3095 2816 et
3120 2761 3346 2830 Solino)
3391 2754 3747 2831 cognomina-

2158 2874 2246 2918 tur
2291 2861 2486 2929 vagina
2507 2859 2772 2930 gentium,
2797 2865 2850 2911 et
2874 2854 3580 2922 olIieina-nationum,-quia
3606 2855 3743 2908 sicut

2157 2955 2339 3010 innuit
2359 2951 2663 3008 Jornandes
2687 2950 2780 3019 (an
2810 2947 3119 3003 Gordianus
3153 2947 3443 3010 diaconus,
3474 2946 3569 3015 qui
3625 2946 3745 3000 scri-

466 3035 668 3090 dientia
698 3035 864 3105 676
896 3033 1216 3102 probaretur
1253 3031 1468 3085 saeculis
1499 3031 1556 3084 in
1586 3031 1839 3098 notitiam
1873 3031 2054 3102 prole—

2163 3047 2350 3132 psitld'e
2365 3045 2530 3099 rebus
2557 3041 2796 3097 Geticis?
2814 3043 2854 3105 ),
2874 3055 2943 3094 ex
2961 3053 3024 3094 ea
3051 3038 3312 3092 nimirum
3337 3037 3746 3092 innumerabilis

465 3127 656 3193 renda;
694 3125 854 3196 idque
881 3125 1174 3180 observant
1203 3132 1425 3183 sanctus
1455 3123 1816 3193 Augustinus,
1837 3123 1938 3185 lib,
1967 3138 2056 3177 xvr

468 3217 546 3273 De
594 3219 805 3272 civitate
833 3215 947 3279 Dei,
987 3231 1037 3270 c.
1071 3215 1162 3286 '52,
1195 3224 1248 3270 et
1287 3225 1512 3270 sanctus
1540 3214 1781 3270 Joannes
1816 3214 2060 3288 Chryso-

471 3319 704 3371 stomus,
741 3311 886 3363 hom.
915 3310 948 3363 4
974 3309 1028 3360 in
1065 3307 1275 3382 Cenes,
1305 3322 1412 3361 non
1445 3316 1624 3359 autem
1659 3306 1760 3374 ipsi
1811 3306 1938 3371 Deo,
1971 3306 2066 3360 cui

473 3411 601 3464 nota
653 3411 768 3455 erat
831 3401 950 3468 ejus
999 3399 1133 3454 fides
1187 3397 1509 3466 singularis.
1567 3395 1792 3451 Tentari
1842 3413 2062 3469 quoque

473 3495 721 3565 permisit
753 3493 894 3546 Deus
936 3506 1153 3545 servum
1203 3505 1363 3545 suum
1417 3490 1520 3546 Job
1558 3490 1700 3559 (toto
1728 3491 1868 3546 libro
1895 3491 1996 3546 Job
2019 3496 2060 3561 ),

474 3585 570 3640 sed
613 3584 783 3638 ﬁdelis
831 3583 1165 3647 Altissimus,
1230 3598 1409 3653 neque
1475 3584 1680 3653 patitur
1729 3600 2060 3655 quemquam

477 3676 672 3730 tentari
703 3690 869 3744 supra
899 3673 953 3728 id
985 3675 1130 3745 quod
1177 3683 1377 3744 potest,
1412 3675 1543 3732 facit
1582 3676 1746 3732 etiam
1783 3693 1908 3732 eum
1945 3688 2065 3732 ten-

477 3767 681 3822 tatioue
711 3775 1056 3837 proventum,
1091 3766 1169 3821 sic
1193 3767 1338 3820 enim
1373 3768 1566 3836 probat
1598 3769 1745 3823 velut
1770 3771 2066 3839 explorans

471 3861 749 3930 justorum
792 3858 986 3924 ﬁdem,
1027 3875 1057 3917 e
1095 3869 1287 3915 sancto
1327 3860 1500 3914 Paulo
1529 3861 1575 3914 ll
1599 3861 1724 3916 Cor.
1766 3879 1834 3926 x,
1871 3861 1976 3927 13;
2013 3869 2069 3915 et

476 3969 508 4007 e
537 3961 728 4007 sancto
777 3954 1117 4023 Augustino,
1148 3968 1313 4008 serm.
1343 3969 1382 4006 ιι
1430 3952 1509 4006 De
1558 3955 1724 4007 verbis
1771 3953 1982 4007 Domini
2014 3955 2068 4006 in

480 4043 791 4098 Matt/imum
817 4061 868 4109 Χ,
894 4054 953 4098 ιιι
981 4059 1076 4099 eos
1096 4052 1342 4099 coronet.
1369 4042 1573 4097 Sancto
1595 4043 1884 4100 Ambrosio
1910 4053 2064 4106 teste,

475 4136 573 4193 lib.
607 4152 658 4191 IV
715 4136 788 4191 De
829 4136 1056 4204 Abrah.,
1109 4151 1158 4192 c.
1192 4135 1224 4189 8
1247 4175 1262 4199 ,
1313 4151 1414 4190 nec
1448 4135 1702 4201 sustinet,
1746 4135 1984 4206 sinitque
2014 4137 2068 4190 in

473 4231 832 4285 tentationem
881 4246 977 4286 eos
1024 4229 1231 4293 induci,
1276 4229 1357 4282 vel
1397 4229 1708 4300 εἰσενέγκῃ.
1757 4238 1814 4282 ιιι
1847 4238 2071 4283 sanctus

471 4322 819 4394 Augustinus
847 4323 1070 4392 exponit
1103 4338 1150 4378 c.
1182 4323 1237 4387 9,
1268 4323 1361 4376 lib.
1395 4338 1431 4376 ιι
1469 4322 1540 4376 De
1567 4337 1728 4374 serm.
1769 4320 1985 4374 Domini
2014 4324 2071 4375 in

2163 3124 2446 3190 hominum
2493 3131 2784 3185 multitudo
2833 3126 3067 3182 diversis
3115 3124 3454 3194 temporibus
3496 3125 3744 3194 prosiliit,

2161 3236 2217 3284 et
2247 3241 2344 3296 per
2381 3233 2578 3286 totum,
2622 3235 2786 3291 quam
2840 3219 2946 3274 late
2986 3226 3154 3288 patet,
3199 3205 3412 3271 telluris
3437 3215 3748 3270 habitabilis

2163 3321 2399 3392 spatium
2445 3317 2572 3372 inde
2616 3313 3020 3384 commigravit,
3076 3325 3223 3364 neve
3261 3318 3506 3378 repetam
3553 3307 3748 3362 ell‘uses

2163 3413 2360 3470 exinde
2387 3409 2664 3472 Cimbros,
2701 3407 3034 3468 Anibronas,
3067 3413 3123 3458 et
3157 3401 3458 3463 Teutonas,
3497 3416 3526 3454 ει
3559 3399 3750 3454 Catulo

2165 3507 2331 3561 variis
2372 3503 2572 3574 praeliis
2603 3501 2840 3564 attritos,
2875 3506 2931 3554 et
2960 3514 2990 3552 a
3020 3496 3081 3551 Ο.
3130 3495 3303 3549 Mario
3330 3494 3398 3548 ad
3427 3494 3750 3572 internecio-

2169 3609 2290 3649 nem
2334 3607 2509 3662 usque
2568 3589 2776 3643 deletos
2805 3589 2857 3640 in
2896 3584 3178 3657 provincia
3209 3581 3592 3646 Narbonense,
3631 3581 3748 3634 dum

2167 3684 2370 3740 Gallias
2399 3681 2698 3753 pervagati,
2722 3689 2778 3734 et
2809 3678 3179 3741 Germaniam,
3206 3674 3532 3729 invaderent
3553 3673 3748 3726 Italiam

2167 3776 2272 3831 sub
2305 3788 2509 3828 annum
2546 3772 2615 3825 ab
2643 3770 2790 3825 Urbe
2817 3767 3039 3822 condita
3073 3766 3198 3830 650,
3233 3773 3288 3820 et
3314 3775 3444 3819 ante
3477 3763 3748 3817 Christum

2169 3875 2357 3922 natum
2390 3865 2523 3925 102,
2552 3861 2882 3917 testantibus
2923 3859 3087 3930 677
3139 3857 3420 3912 Plutarch.
3459 3858 3515 3909 in
3562 3854 3749 3916 Mario,

2169 3955 2369 4027 p.liO-;
2409 3954 2631 4018 Velleio,
2665 3953 2759 4008 lib.
2782 3967 2843 4018 ιι,
2875 3966 2999 4021 pag.
3035 3951 3168 4014 H9;
3191 3946 3430 4013 Justino,
3455 3948 3554 4002 lib.
3575 3961 3752 4009 ιινιιι,

2172 4062 2295 4116 pag.
2335 4044 2478 4110 22h
2528 4044 2734 4097 Annam
2775 4041 2973 4104 Floro,
3007 4039 3100 4094 lib.
3138 4054 3220 4092 ιιι.
3262 4053 3312 4092 c.
3350 4039 3405 4104 3;
3434 4037 3636 4102 Plinio,
3667 4037 3752 4092 lib.

2173 4153 2248 4202 tv,
2274 4153 2324 4194 e.
2356 4138 2455 4200 l4;
2498 4135 2670 4189 Paulo
2711 4133 2931 4197 Orosio,
2959 4131 3053 4186 lib.
3087 4147 3142 4196 v,
3179 4145 3230 4184 (ι.
3268 4129 3369 4194 l6;
3417 4127 3683 4196 Eutropio
3708 4128 3754 4178 in

2173 4231 2421 4300 Epitome
2447 4227 2702 4292 Liviana;
2749 4225 3060 4280 Berthaudo
3093 4223 3148 4276 in
3180 4221 3335 4275 Flor.
3380 4222 3528 4276 Gall.
3561 4224 3657 4275 lib.
3684 4237 3754 4283 ιιι,

2175 4339 2223 4378 c.
2256 4323 2308 4376 4.
2355 4322 2492 4377 Cum
2554 4319 2746 4375 Decius
2794 4317 3066 4386 Trajanus
3116 4315 3444 4384 imperaret,
3501 4313 3667 4367 Gothi
3700 4327 3759 4365 ex

440 4425 674 4494 ._monte,
709 4429 810 4470 nec
847 4416 1069 4469 omnino
1113 4415 1373 4478 immittit,
1417 4429 1512 4467 seu
1551 4412 1812 4482 relinquit
1857 4412 2063 4483 virgam
2097 4412 2144 4470 Ι)
2169 4414 2356 4469 eadem
2397 4411 2685 4481 peuinsula
2713 4409 2842 4473 orti,
2877 4406 3206 4475 deductique
3229 4406 3285 4459 in
3316 4404 3627 4474 Scythiam.
3656 4414 3756 4456 tum

477 4517 828 4577 peccatorum
864 4520 1029 4575 super
1068 4514 1271 4560 sortem
1300 4505 1573 4574 justorum
1601 4547 1616 4570 ,
1649 4520 1680 4560 e
1715 4505 1854 4574 psal.
1884 4521 2067 4574 cxmv,

475 4601 537 4665 5,
595 4608 655 4655 ut
703 4599 941 4668 explicat
994 4597 1444 4667 eloquentissime
1495 4605 1723 4654 sanctus
1777 4596 2072 4669 Gregorius

479 4692 880 4756 Nazianzenus,
907 4701 1048 4746 orat.
1081 4707 1119 4755 ι,
1159 4705 1211 4760 p.
1250 4689 1374 4746 588.

554 4785 805 4840 Tentavit
834 4785 996 4839 etiam
1025 4785 1210 4840 Nilum
1245 4783 1388 4840 Deus
1419 4798 1582 4853 super
1613 4783 1727 4838 [ilio
1764 4797 1866 4838 suo
1892 4779 2077 4837 Theo-

435 4878 656 4943 tlulo,
710 4886 771 4932 ut
834 4877 996 4932 ambo
1054 4876 1404 4946 pretiosiores
1459 4874 1835 4931 invenirentur
1891 4887 2071 4940 auro,

479 4972 627 5040 quod
671 4985 768 5040 per
797 4970 976 5040 ignem
1001 4971 1299 5040 probatur,
1333 4986 1365 5025 e
1394 4978 1588 5026 sancto
1632 4968 1794 5024 Petro
1842 4965 1898 5038 (1
1925 4965 2071 5021 Petr.

485 5077 534 5131 ι,
578 5061 973 5131 7).Ceeinerat
1015 5060 1313 5129 profanus,
1359 5069 1415 5115 et
1447 5059 1718 5129 relegatus
1764 5055 1852 5109 ille
1893 5063 2071 5124 poeta:

555 5163 771 5233 Scilicet
800 5173 854 5217 ut
887 5163 1088 5231 fulvum
1120 5174 1386 5233 spectatur
1408 5165 1463 5217 in
1495 5163 1712 5233 ignibus
1733 5175 1959 5225 aurum,

633 5232 884 5303 Tempore
908 5235 984 5288 sic
1012 5231 1154 5286 duro
1175 5244 1250 5288 est
1281 5231 1606 5303 inspicienda
1638 5231 1790 5301 ﬁdes.

485 5339 750 5408 l-laucque
805 5347 1183 5408 tempestatem
1231 5337 1594 5407 proccllosam
1645 5341 1938 5390 consecuta
1992 5340 2076 5387 est

486 5431 754 5486 mirabilis
797 5432 1193 5500 tranquillitas,
1237 5431 1500 5499 illaesique
1564 5427 1784 5482 fuerunt
1831 5426 1994 5479 ambo
2021 5425 2075 5478 in

492 5521 652 5586 aquis
697 5523 909 5580 validis.
937 5521 978 5576 ll
1010 5522 1166 5576 Esdr.
1200 5538 1276 5586 1x,
1305 5523 1393 5575 ll.
1417 5520 1545 5573 Duze
1575 5529 1704 5574 sunt
1732 5517 2076 5587 potissimum

498 5609 552 5662 in
590 5610 842 5666 universo
878 5603 1146 5668 terrartim
1179 5615 1312 5668 orbe
1353 5613 1636 5682 regiones,
1672 5625 1792 5680 qua:
1825 5609 1990 5662 variis
2023 5607 2075 5660 in

495 5700 707 5754 seculis
753 5712 862 5758 tres
900 5705 1230 5761 notissimas.
1268 5715 1319 5760 et
1361 5705 1692 5758 colmrcutes
1741 5702 1971 5758 invicem
2011 5699 2075 5752 il-

2175 4505 2324 4561 Getis
2368 4504 2619 4568 immisti,
2649 4501 2922 4572 Gothique
2958 4500 3234 4570 appellati,
3267 4498 3428 4568 quasi
3460 4497 3682 4566 γόητες,
3713 4496 3756 4547 id

2173 4600 2258 4649 est
2285 4592 2450 4662 magi,
2473 4592 2588 4646 sive
2620 4591 3012 4654 incantatores,
3035 4603 3161 4642 eum
3191 4586 3537 4641 devicerunt.
3581 4584 3702 4638 Mox
3733 4596 3758 4634 a

2175 4682 2423 4749 Claudio,
2464 4680 2755 4748 Proboque
2805 4678 3022 4744 domiti,
3055 4686 3110 4732 et
3135 4676 3328 4733 crediti
3379 4675 3498 4746 Gog
3549 4685 3608 4729 et
3657 4673 3762 4726 lla-

2174 4789 2299 4844 gog,
2364 4788 2504 4844 quos
2563 4771 2959 4843 prmnuutiarat
3027 4768 3278 4824 Ezechiel
3328 4783 3380 4823 c.
3442 4783 3656 4822 xxxvm
3715 4774 3763 4820 et

2176 4878 2367 4929 xxxix,
2391 4873 2446 4918 et
2475 4865 2542 4918 de
2564 4860 2766 4932 quibus
2789 4861 2901 4931 agit
2927 4868 3156 4915 sanctus
3173 4855 3436 4923 Joannes,
3460 4856 3757 4926 Apocalyp.

2175 4973 2268 5023 xx,
2308 4957 2372 5023 7;
2417 4965 2642 5013 sanctus
2670 4954 3016 5024 Augustinus
3065 4952 3166 5007 lib.
3220 4965 3288 5004 xx
3347 4949 3424 5006 De
3467 4950 3618 5004 civit.
3653 4949 3763 5009 Dei.

2177 5064 2229 5103 c.
2254 5048 2340 5112 ll;
2361 5047 2612 5110 Orosius,
2641 5045 2736 5100 lib.
2757 5059 2856 5109 vn,
2879 5059 2929 5099 e.
2949 5043 3040 5109 '59,
3065 5041 3399 5111 fortunaque
3422 5055 3549 5096 cum
3567 5039 3764 5093 Rea-

2177 5141 2265 5195 nis
2305 5139 2426 5195 orbi
2483 5138 2894 5195 dominantibus
2923 5149 3075 5191 nunc
3113 5143 3400 5204 prospera,
3441 5133 3767 5202 quandoque

2176 5233 2407 5288 adversa
2453 5238 2755 5302 pugnantes
2800 5228 3083 5284 Valentem
3127 5225 3410 5289 fuderunt,
3447 5225 3577 5280 dein
3627 5221 3763 5277 Cou-

2179 5323 2592 5393 stantiuopolim
2625 5321 2978 5383 obsederunt,
3031 5317 3158 5372 inde
3196 5315 3428 5370 Romam
3479 5322 3760 5385 ceperunt,

2177 5425 2231 5473 et
2251 5416 2611 5472 obtinuerunt
2629 5413 2732 5469 sub
2755 5411 2996 5484 regibus,
3021 5411 3195 5465 donec
3217 5424 3253 5463 a.
3274 5406 3508 5463 Narsete
3534 5406 3759 5468 subacti,

2177 5519 2232 5566 et
2265 5507 2608 5564 exterminati
2650 5506 2870 5560 fuerunt
2899 5520 2953 5558 in
2990 5502 3167 5557 Italia.
3197 5501 3330 5566 Quae
3359 5510 3546 5553 autem
3576 5511 3762 5552 eorum

2179 5601 2360 5671 portio
2407 5599 2460 5652 in
2510 5598 2864 5653 Narbonense
2910 5593 3189 5665 provincia
3243 5591 3592 5651 subsederat.
3647 5601 3761 5658 qua

2183 5693 2250 5748 ab
2298 5693 2383 5747 his
2431 5689 2744 5761 Langothim
2799 5700 2996 5744 nomen
3039 5685 3146 5742 fuit
3188 5684 3416 5749 sortita,
3467 5691 3662 5752 postea
3709 5678 3762 5732 in
