3998 6116
265 277 413 346 1405

1578 284 1678 344 DE
1715 284 1889 346 VITA
1923 287 1984 348 S.
2015 289 2179 350 NILI

3423 271 3557 363 ιιοθ

261 391 578 464 Hispaniam
638 401 980 466 trangressa
1032 408 1157 450 cum
1221 394 1408 452 Alanis
1470 407 1525 454 et
1576 398 1850 466 Vaudalis,
1883 405 2320 476 Acalipharum,
2375 423 2500 463 mox
2559 409 2920 466 Sullanorum
2963 411 3127 468 ductu
3175 413 3561 470 sibisubdide—

260 485 553 560 gentilibus
584 486 737 554 suis,
769 498 824 542 et
867 486 1226 554 Gothalanire,
1277 506 1374 545 seu
1415 490 1712 546 Catalonia:
1761 509 1857 549 no-

262 592 392 632 men
424 577 593 645 dedit,
625 586 680 633 et
725 578 1070 633 Vandalusim
1101 579 1390 651 imposuit,
1419 592 1473 637 et
1501 583 1555 638 in
1586 583 1857 640 Tarraco-

258 667 444 732 nensi,
494 683 558 723 ac
601 665 866 725 Toletana
921 684 1150 740 regnum
1201 672 1504 727 Gothorum
1547 677 1854 738 constituit,

257 762 402 830 quod
438 761 504 817 ad
541 763 854 828 Austriacos
907 765 1194 834 pervenit:
1244 764 1470 820 Vandali
1517 768 1678 822 etiam
1728 769 1856 823 inde

258 851 590 921 trajicieutes
620 853 671 906 iu
706 850 968 918 Africam,
1004 869 1068 908 ea
1106 855 1284 924 potiti,
1333 855 1568 912 Romam
1615 859 1854 926 diripue-

255 952 405 1007 runt,
435 952 487 996 et
511 942 751 998 Africam
794 955 1156 1015 occuparunt,
1183 962 1473 1016 quousque
1526 949 1848 1017 Belisarius,

249 1034 406 1103 jussu
430 1035 724 1091 Justiniani
748 1039 977 1108 Augusti
1006 1053 1102 1093 eos
1132 1039 1381 1094 abolet-it.
1423 1039 1503 1096 Ne
1541 1057 1850 1098 recenseam

255 1127 474 1193 Gallias,
519 1129 572 1182 in
617 1130 818 1200 quibus
846 1131 1025 1186 adhuc
1053 1147 1235 1188 rerum
1281 1134 1566 1196 potiuntur
1599 1134 1794 1189 Franci
1821 1151 1852 1191 e

257 1217 654 1286 Scandinavia,
710 1235 806 1278 seu
852 1221 1125 1277 Cimbrica
1169 1223 1516 1281 Chersoneso
1572 1231 1849 1297 progressi

253 1314 444 1377 etiam,
479 1316 888 1384 propagatiqne,
916 1315 996 1369 uti
1028 1315 1320 1373 Turnebus
1350 1318 1583 1374 aﬂirmat
1605 1336 1726 1389 cap.
1756 1322 1846 1388 '57,

255 1407 350 1461 lib.
383 1421 506 1460 xnv
535 1405 822 1461 Adversar.
852 1415 1138 1478 postquam
1172 1409 1224 1464 io
1253 1408 1604 1464 Germaniam
1635 1411 1842 1477 diﬂusi,

253 1499 859 1570 commorati-fuissent
907 1501 1128 1566 ibidem,
1175 1510 1230 1556 et
1276 1500 1599 1557 Franconize
1645 1519 1845 1560 nomen

254 1590 600 1656 indidissem,
656 1590 926 1662 Belgicam
979 1595 1260 1664 aggressi,
1299 1595 1558 1650 Celticam
1607 1612 1846 1666 quoque,

1959 506 2089 552 runt
2128 513 2276 553 anno
2323 499 2446 564 65L
2480 511 2533 554 et
2564 499 2838 557 Persidem
2889 518 3036 558 anno
3085 503 3212 570 659,
3245 497 3358 558 imo
3387 515 3555 560 totam

1956 589 2322 644 obtinuerunt
2369 590 2633 658 Africam,
2666 602 2721 646 et
2747 594 2990 662 depulsis
3027 593 3314 660 Romanis,
3350 596 3557 650 Maurt~

1957 681 2155 745 tanias,
2197 690 2250 736 et
2277 680 2593 737 Numidiam
2615 725 2628 747 ,
2661 685 2919 754 mistique
2950 683 3214 742 Vandalis
3259 689 3329 740 ibi
3363 704 3556 758 super-

1954 777 2204 841 stitibus,
2243 779 2668 832 communicatis
2709 781 3024 836 nominibus
3047 822 3061 846 ,
3093 783 3171 835 uti
3206 785 3555 852 superstitio—

1955 867 2137 933 nibus,
2191 869 2396 924 Christi
2451 869 2665 924 Domini
2715 871 3058 927 divinitatem
3107 875 3461 944 abnegantes,
3501 877 3554 930 in

1952 957 2244 1030 Hispanias
2267 962 2624 1031 trajecerant,
2652 974 2704 1016 ct
2733 963 2785 1017 in
2817 964 3042 1029 Gallias,
3077 966 3248 1023 donec
3271 984 3365 1022 eos
3388 970 3556 1022 Caro-

1952 1050 2039 1106 lus
2071 1050 2337 1121 Martialis
2370 1067 2436 1105 an
2470 1051 2699 1107 Tudes?
2745 1064 2852 1107 tam
2901 1056 3098 1110 celebri
3138 1060 3422 1124 contudit,
3456 1076 3555 1114 ex-

1951 1145 2254 1214 stinxitque
2289 1144 2496 1213 praelia.
2537 1144 2648 1199 lmo
2685 1143 2926 1200 Siciliam
2951 1188 2966 1212 ,
3013 1157 3067 1201 et
3109 1148 3338 1202 Romam
3377 1153 3551 1219 ipsam

1949 1235 2326 1306 diripuerunt,
2383 1251 2447 1290 ac
2498 1245 2811 1303 vastarunt,
2863 1254 3228 1309 magnamque
3276 1241 3542 1296 Graeciam

1949 1329 2320 1384 detinuerunt.
2349 1329 2477 1383 Ideo
2503 1328 2762 1398 Vaginam
2795 1330 3180 1397 Vandalorum,
3211 1335 3262 1400 id
3291 1342 3373 1388 est
3398 1375 3412 1400 ,
3447 1333 3551 1388 Sa-

1949 1435 2296 1482 racenorum,
2318 1434 2412 1474 seu
2435 1419 2748 1475 Maurorum
2772 1423 2876 1477 sub
2913 1422 3112 1478 Carolo
3146 1422 3340 1495 Magno
3383 1425 3550 1480 fuisse

1947 1510 2009 1564 P.
2045 1510 2284 1566 Guesnai
2317 1510 2370 1564 in
2399 1511 2565 1566 Maria
2603 1512 2920 1582 Magdalena
2950 1513 3288 1570 Massiliense
3318 1516 3546 1580 advena,

1947 1615 2000 1670 p.
2034 1601 2161 1666 562,
2199 1602 2401 1656 dictam
2431 1601 2600 1658 fuisse
2629 1603 2869 1658 Africam
2904 1603 3158 1670 aﬂirmat,
3191 1615 3245 1660 et
3294 1621 3396 1676 ego
3429 1607 3550 1662 fuse

253 1697 317 1737 ac
343 1683 748 1753 Aquitanicam,
789 1683 1315 1757 Narbonensemque
1344 1694 1628 1757 ceperunt,
1665 1698 1717 1744 e-t
1750 1689 1848 1745 ilo-
1881 1753 1920 1766 ἢ
1945 1695 2122 1765 probo
2154 1693 2206 1749 in
2238 1693 2623 1750 Dissertatione
2653 1697 2716 1748 de
2743 1696 3062 1765 patrimonio
3119 1706 3266 1766 pont.
3304 1697 3456 1752 Rom.
3488 1701 3545 1754 in

253 1779 626 1835 rentissimum
676 1796 902 1850 regnum
955 1779 1362 1850 fundaveruut;
1399 1799 1501 1840 nec
1550 1787 1698 1840 enim
1738 1790 1850 1842 An-

253 1869 393 1940 glos,
434 1871 526 1940 qui
571 1871 900 1938 Britannias,
955 1873 1512 1945 necLougobardos,
1547 1877 1641 1947 qui
1683 1893 1852 1935 occu-

253 1969 449 2030 parunt
480 1960 686 2016 Italiam
719 1963 1069 2030 postmodum
1100 1965 1545 2020 commemorabo
1571 2008 1585 2030 ,
1639 1969 1852 2038 regnis-

253 2065 358 2118 que
387 2050 460 2103 ibi
493 2051 727 2107 eonditis
748 2052 1000 2108 eamdem
1022 2053 1288 2124 originem
1318 2065 1656 2125 agnoscunt;
1687 2059 1852 2114 omit-

255 2151 366 2199 tam
417 2156 679 2214 przeterea
739 2146 1004 2214 llerulos,
1060 2147 1424 2219 Burgundos,
1481 2150 1846 2216 Normannos,

253 2233 506 2298 llunnos,
535 2236 820 2307 Bulgaros,
855 2249 908 2294 et
937 2241 1076 2296 alios
1110 2243 1359 2312 populos,
1393 2244 1577 2312 quiex
1605 2260 1671 2298 eo
1702 2243 1850 2298 fonte

255 2337 581 2392 manarunt,
621 2330 952 2399 nominaque
1001 2347 1104 2386 sua
1168 2343 1469 2402 posuerunt
1501 2333 1554 2388 in
1592 2334 1772 2390 terris.

325 2419 407 2472 Ad
453 2420 708 2474 Arabiam
745 2436 828 2476 me
858 2433 1139 2487 converto,
1189 2439 1314 2493 quae
1352 2425 1510 2494 quasi
1553 2425 1738 2495 Ereps,
1793 2426 1844 2480 id

253 2515 358 2569 est,
404 2505 630 2561 occidua
665 2517 719 2564 et
769 2509 1080 2573 tenebrosa,
1131 2520 1188 2565 ut
1225 2511 1467 2582 Scaliger
1503 2513 1619 2568 vult
1656 2515 1710 2568 in
1746 2513 1846 2570 Fe-

254 2607 422 2663 stum,
467 2599 521 2653 in
553 2615 718 2668 quam
765 2599 1058 2670 Pompeius
1107 2612 1420 2671 penetrans,
1457 2602 1736 2674 Agarenos
1765 2607 1834 2660 vi-

253 2699 422 2758 cerat,
474 2689 775 2758 Saracenos
803 2693 926 2748 dein
962 2696 1260 2764 appellatos
1301 2710 1413 2751 non.
1443 2698 1512 2750 ab
1559 2698 1706 2768 Agar
1747 2714 1844 2754 an-

1951 1788 2187 1858 provinc.
2226 1785 2591 1841 Narbonensc.
2632 1790 2806 1842 Antea
2838 1787 3199 1857 praeluserant
3246 1790 3416 1844 variis
3453 1805 3546 1844 ex-

1953 1876 2302 1933 cursionibus
2335 1887 2596 1933 vexantes
2630 1876 2869 1948 Syriam,
2896 1885 2951 1933 et
2977 1877 3349 1942 Palaestinam,
3387 1880 3546 1936 habi-

1953 1977 2127 2024 tantes
2153 1969 2207 2022 in
2237 1967 2510 2032 tentoriis,
2538 1967 2690 2024 Isaia:
2717 1985 2834 2035 xm,
2853 1970 2949 2025 20.
2983 1969 3250 2025 Latrones
3282 1970 3543 2034 Arabum,

1951 2060 2044 2130 qui
2096 2068 2276 2115 castra
2311 2061 2642 2128 invaserant,
2698 2076 2888 2120 omnes
2941 2060 3180 2130 majores
3230 2071 3358 2115 natu
3406 2061 3547 2115 ﬁlios

1947 2151 2134 2207 Joram
2192 2154 2337 2224 regis
2369 2151 2508 2208 Juda
2559 2152 2970 2219 interfecerunt,
3016 2153 3260 2209 Arabum
3316 2154 3546 2220 scilicet,

1947 2245 2040 2316 qui
2094 2245 2338 2300 contines
2391 2253 2518 2299 sunt
2575 2244 2967 2316 Ethiopibus;
3030 2262 3155 2299 nam
3207 2246 3409 2314 duplex
3461 2255 3548 2300 est

1946 2335 2265 2406 Ethiopia:
2300 2347 2423 2407 post
2455 2337 2746 2409 Egyptum
2795 2339 2983 2403 altera,
3021 2338 3074 2390 in
3129 2337 3329 2390 ﬁnibus
3375 2335 3545 2390 Palae-

1947 2430 2126 2497 stinae,
2175 2443 2273 2484 seu
2311 2429 2491 2483 Terra:
2525 2427 2738 2483 Sanctae
2770 2437 2824 2482 et
2861 2428 3052 2493 Si‘nai;
3112 2428 3240 2489 alia,
3279 2427 3393 2481 sive
3429 2428 3544 2481 illa-

1944 2521 2093 2586 dian,
2127 2536 2157 2574 a
2188 2534 2297 2590 qua
2325 2517 2569 2588 Sephora
2594 2534 2733 2573 uxor
2761 2518 2990 2588 Moysis,
3025 2515 3364 2585 Ethiopissa
3397 2517 3542 2571 dicta

1944 2628 1994 2668 c.
2035 2628 2072 2667 ll
2102 2610 2270 2666 Exod.
2298 2617 2350 2664 et
2378 2625 2428 2665 c.
2456 2626 2527 2664 xu
2551 2608 2836 2664 Numeror.
2867 2607 2938 2662 De
2963 2609 3064 2662 hac
3096 2609 3148 2661 in
3186 2607 3320 2676 psal.
3356 2621 3540 2661 vau:

1949 2701 2254 2770 «Ethiopia
2275 2699 2563 2770 praeveniet
2582 2714 2777 2753 manus
2797 2698 2917 2768 ejus
2939 2697 3067 2762 Deo,
3084 2716 3101 2748 ι
3125 2696 3212 2750 ubi
3234 2694 3544 2750 Genebrar-

252 2782 398 2848 Cilla.
435 2783 514 2838 Vel
541 2783 674 2838 Sara
704 2802 873 2840 ωιοιεθ
900 2787 1222 2851 Mll'ahami.
1253 2803 1284 2842 8
1313 2803 1419 2858 qua
1453 2805 1514 2843 se
1535 2789 1843 2859 gloriaban-
1941 2797 2062 2862 dus,
2114 2797 2237 2850 vide
2270 2796 2528 2849 Allatium
2585 2794 2636 2846 iu
2679 2793 3064 2846 Hexaemerum
3114 2789 3364 2845 Eustalh.
3421 2802 3541 2861 pag.

255 2885 344 2930 tur
362 2877 676 2946 progenitos
700 2877 751 2948 (e
783 2877 1140 2948 So—znmeuo),
1167 2895 1361 2934 verum
1391 2895 1424 2934 a
1452 2896 1584 2935 voce
1610 2882 1839 2936 Arabica

1941 2889 2078 2953 528;
2109 2897 2344 2958 quatuor
2359 2886 2595 2939 Arabum
2625 2899 2820 2955 genera
2839 2883 3102 2939 describit
3120 2883 3195 2935 La
3222 2882 3370 2936 Valle
3398 2887 3539 2950 part.

253 2968 449 3034 Sarak,
493 2971 647 3038 quasi
685 2969 917 3031 fu-races,
951 2984 1005 3026 et
1038 2972 1445 3042 λῃστρικοῦ-ται
1477 2972 1756 3043 Sealigero
1785 2976 1844 3028 in-
1941 2997 2024 3044 ιιι,
2055 2981 2211 3048 epist.
2245 2979 2333 3042 Η,
2371 2993 2423 3046 p.
2447 2976 2572 3039 482,
2607 2975 2701 3044 qui
2735 2973 3004 3054 hodieque
3033 2983 3374 3043 grassantur.
3425 2971 3532 3024 Sed

253 3057 445 3114 Euseb.
488 3060 896 3130 Xpov:x.,quin
940 3071 994 3116 et
1053 3062 1303 3118 Scenitas
1345 3080 1374 3119 a
1415 3067 1684 3130 tentoriis,
1736 3067 1840 3121 sub
1867 3087 1908 3143 ο
1943 3072 2008 3123 ad
2054 3083 2267 3124 coaevos
2313 3066 2417 3121 Nili
2466 3065 2860 3132 regrediamur,
2902 3079 3041 3134 quos
3078 3064 3220 3116 inter
3265 3060 3540 3130 Vopiscus

251 3149 450 3219 quibus
487 3151 709 3220 degunt,
765 3163 1109 3224 unncupatos
1144 3156 1252 3208 ἀπὸ
1298 3156 1409 3210 τῶν
1455 3155 1690 3226 σκηνῶν.
1731 3160 1844 3212 Au-

250 3246 444 3310 gustus
471 3256 564 3296 eos
597 3243 854 3309 tentavit,
885 3255 1114 3300 canente
1144 3244 1373 3316 Virgilio
1398 3266 1411 3301 :

325 3331 510 3388 Omnis
541 3333 707 3387 Arabs
727 3373 741 3398 ,
773 3352 950 3390 omnes
985 3348 1248 3395 verterunt
1279 3349 1428 3408 terga
1468 3339 1662 3394 Sabaei.

1307 3429 1524 3485 lEueid.
1567 3432 1663 3486 iih.
1698 3448 1773 3486 lx.

323 3512 655 3582 ...Inferre
702 3526 895 3585 parant
942 3517 1287 3585 lacrymabile
1340 3521 1564 3586 bellum,

461 3607 770 3667 Hircanist'e
814 3606 1088 3660 Arabisve.
1765 3667 1770 3672 .

1426 3699 1648 3754 ZEneid.
1679 3715 1771 3753 vn.

253 3791 324 3846 At
352 3788 662 3858 Propertius
697 3788 748 3842 in
776 3787 925 3857 Eleg.
961 3791 1030 3842 ad
1059 3785 1268 3841 Musam
1302 3788 1395 3842 lib.
1428 3805 1484 3852 Il,

467 3879 536 3934 Et
565 3880 752 3934 domus
787 3880 1002 3932 intacta:
1040 3887 1088 3930 le
1111 3875 1287 3931 tremit
1325 3879 1557 3934 Arabian

253 3972 524 4042 Trajanus
567 3973 822 4027 Arabiam
867 3970 1130 4024 domitam
1159 3967 1366 4040 redegit
1410 3970 1462 4023 in
1509 3969 1843 4038 provinciam

254 4064 470 4117 obtritis
518 4061 818 4131 Agarenis,
871 4060 1040 4130 673
1081 4067 1136 4113 et
1191 4073 1388 4127 magna
1439 4056 1559 4127 ejus
1609 4058 1845 4127 regionis

255 4161 408 4224 parte
436 4160 695 4220 occupata
723 4168 737 4214 ;
772 4161 1000 4206 testatur
1031 4151 1084 4204 id
1118 4149 1316 4205 Sextus
1351 4148 1544 4204 [ittﬂ‘us
1566 4191 1582 4214 ,
1614 4159 1668 4202 et
1699 4149 1843 4202 auti-

255 4260 422 4316 quum
461 4243 766 4306 numisma,
813 4243 864 4298 in
904 4258 1015 4313 quo
1047 4242 1273 4312 legitur,
1307 4241 1514 4296 Arabia
1548 4241 1840 4309 acquisita.

256 4339 460 4390 Novam
491 4327 704 4390 deinde'
723 4334 1064 4404 provinciam
1096 4332 1222 4386 fecit
1270 4331 1505 4387 Severus
1537 4332 1840 4400 Augustus,

1946 3161 2191 3216 nominat
2241 3159 2531 3214 Blemmies
2569 3165 2756 3228 gentes
2799 3155 3068 3209 Barbaras
3108 3155 3162 3209 in
3209 3153 3528 3214 Aureliano,

1945 3264 1998 3306 et
2032 3251 2274 3315 Plinius,
2333 3249 2430 3303 lib.
2469 3265 2525 3312 r,
2573 3263 2623 3303 c.
2685 3247 2742 3312 8,
2791 3245 3038 3316 Blemyes
3088 3254 3249 3300 vocat
3309 3243 3542 3313 populos

1945 3341 2237 3411 Ethiopian
2284 3355 2476 3395 versus
2521 3347 2769 3394 austrum
2801 3353 2832 3392 a
2873 3336 3058 3406 Blemy
3106 3350 3214 3390 uno
3242 3351 3272 3390 e
3305 3335 3541 3390 ducibus

1948 3436 2186 3507 Dionysii
2225 3448 2421 3488 nomen
2462 3439 2772 3496 mutuatos,
2805 3444 2835 3485 e
2886 3427 3194 3491 Strabone,
3230 3427 3268 3481 ι.
3305 3442 3415 3480 xxtt
3437 3466 3452 3491 ,
3486 3435 3542 3510 et.

1947 3525 2206 3592 Stephan.
2255 3523 2326 3575 De
2353 3521 2525 3575 urbib.
2561 3521 2831 3590 capitibus
2875 3524 3156 3572 carentes.
3208 3515 3543 3570 Claudianus

1873 3633 1876 3636 ·
1945 3613 2090 3667 feros
2114 3616 2336 3674 vocitat,
2355 3619 2408 3663 et
2429 3611 2571 3664 locat
2593 3611 2733 3663 inter
2753 3607 2969 3664 Meroen
2993 3622 3058 3662 ac
3080 3607 3315 3676 Syenen,
3331 3603 3384 3657 in
3406 3602 3543 3657 Car-

1947 3705 2084 3756 mine
2132 3702 2197 3754 de
2251 3700 2401 3754 Nilo.
2438 3703 2685 3769 Blemyas
2719 3699 2936 3768 subegit
2962 3697 3198 3763 Probus,
3243 3711 3546 3764 eorumque

1947 3794 2188 3859 captivos
2207 3789 2433 3844 Romam
2461 3790 2785 3854 transmisit,
2808 3790 2901 3858 qui
2926 3788 3233 3842 mirabilem
3255 3789 3340 3842 sui
3362 3788 3538 3841 visum

1946 3883 2184 3952 stupenti
2209 3883 2410 3952 populo
2439 3882 2687 3934 Romano
2706 3883 3077 3950 praebuerunt;
3103 3879 3170 3933 de
3194 3879 3280 3932 his
3307 3879 3411 3932 ista
3437 3877 3543 3930 Ma-

1948 3975 2232 4028 mertinius
2263 3973 2400 4027 dixit
2430 3973 2485 4026 in
2515 3971 2855 4026 Genet/tliaco
2889 3969 3268 4023 Maximiliani.
3290 3967 3405 4022 Non
3426 3969 3542 4022 ista:

1947 4066 2107 4119 modo
2129 4107 2144 4133 ,
2177 4066 2406 4134 aliaeque
2439 4074 2626 4134 gentes
2665 4063 2892 4127 viribus,
2928 4061 3208 4130 armisque
3244 4060 3539 4122 terribiles,

1942 4157 2110 4228 679
2147 4157 2340 4210 liducia
2393 4157 2672 4210 instructae
2704 4155 2772 4209 ad
2831 4155 3124 4225 perniciem
3180 4149 3536 4205 humanitatis

1945 4258 2191 4313 utuntur,
2212 4247 2303 4301 sed
2318 4248 2481 4302 etiam
2501 4245 2691 4301 Blemii
2717 4246 2797 4316 (ut
2817 4245 3003 4316 audio)
3032 4244 3240 4299 levibus
3274 4244 3436 4296 modo
3453 4257 3542 4296 as-

1945 4340 2082 4394 sueti
2109 4339 2318 4409 sagittis
2345 4339 2608 4394 adversus
2639 4338 2948 4408 Ethiopes,
2973 4344 3243 4407 quaerunt,
3280 4350 3402 4404 qua:
3431 4348 3539 4387 non

257 4429 351 4499 qui
393 4429 500 4483 sibi
533 4428 748 4484 titulum
777 4427 994 4481 Arabici
1028 4425 1346 4494 assumpsit,
1379 4435 1444 4479 ut
1480 4425 1534 4478 in
1567 4424 1843 4495 Apparatu
1879 4432 1924 4487 ι)
1953 4429 2152 4483 habent
2176 4443 2348 4494 arma,
2374 4437 2428 4483 et
2459 4443 2596 4497 pene
2627 4427 2790 4484 nudis
2816 4427 2957 4482 odiis
2977 4425 3161 4496 praelia
3201 4423 3540 4478 internecina

261 4521 520 4576 historico
543 4536 705 4574 arcus
728 4518 1076 4588 triumphalis
1106 4518 1272 4572 erecti
1295 4517 1361 4572 ad
1386 4517 1562 4588 ipsius
1586 4517 1848 4572 honorem

258 4613 536 4668 adnotavi.
571 4611 923 4683 Vagabantur
954 4612 1174 4681 quidem
1205 4610 1430 4674 Arabes,
1450 4626 1559 4666 seu
1590 4607 1852 4669 Saraceni

258 4722 492 4777 semper,
524 4713 578 4759 et
605 4705 656 4759 in
690 4705 868 4759 vicina
901 4703 1265 4758 excurrebant
1294 4701 1512 4769 oppida,
1549 4703 1850 4770 vicosque;

261 4808 414 4868 rapto
442 4799 718 4861 virentes,
753 4799 1074 4866 prmtlasquc
1114 4778 1500 4850 convgetantes
1527 4837 1540 4860 ,
1575 4794 1701 4864 quin
1742 4795 1855 4851 via-

261 4890 470 4945 toribus
517 4889 856 4944 insidiantes.
887 4885 1264 4956 Nomadesque
1309 4886 1454 4940 sicut
1503 4885 1722 4956 Scythae
1758 4885 1855 4939 de-

261 4981 524 5034 uominati
547 4989 696 5044 sunt,
727 4989 784 5034 ut
813 4980 994 5049 arguit
1023 4978 1084 5033 Ρ.
1113 4979 1392 5034 Combelis
1435 4979 1502 5033 ad
1531 4977 1774 5032 Nicetam
1799 4978 1854 5030 in

264 5071 383 5126 Vita
414 5073 586 5127 sancti
619 5071 903 5143 Hyacinthi
929 5071 1289 5134 Ama.strien.,
1311 5087 1364 5140 p.
1389 5071 1483 5136 l5;
1517 5069 1854 5124 Roman-um-

260 5179 368 5233 que
397 5163 746 5217 incesserunt
785 5146 1076 5231 imperium
1099 5203 1121 5226 ,.
1163 5177 1402 5216 excusso
1425 5163 1578 5230 jngo,
1613 5161 1856 5230 niagnis-

261 5272 373 5324 que
405 5269 530 5310 cum
570 5255 744 5324 copiis
773 5255 1065 5320 irruentes,
1115 5254 1511 5310 lsmaelitaeum
1551 5253 1725 5308 ascito
1757 5267 1857 5306 no-

265 5347 410 5400 mine
458 5347 526 5400 ab
566 5346 823 5412 Ismaele,
861 5357 983 5415 post
1010 5346 1371 5410 Mahometis,
1399 5345 1491 5416 qui
1537 5360 1633 5414 per
1665 5359 1858 5399 ascen-

263 5454 444 5492 sorem
484 5440 676 5493 cameli
715 5439 926 5493 videtur
973 5439 1250 5510 designari
1299 5437 1454 5492 Isaia;
1501 5453 1612 5504 xxi,
1647 5438 1700 5499 ὃ,
1748 5453 1866 5490 ιιοιι-

263 5532 440 5587 solum
475 5531 749 5601 llegiram,
798 5547 891 5585 seu
930 5530 1136 5597 fugam,
1188 5547 1376 5585 verum
1410 5532 1575 5584 etiam
1623 5537 1854 5583 mortem

261 5624 544 5693 Cynicam,
595 5635 646 5677 et
690 5623 888 5678 lahulis
935 5626 1324 5688 inumbratam,
1375 5638 1466 5677 an.
1510 5622 1572 5677 (Ζ.
1621 5622 1684 5676 Ν.
1735 5625 1860 5692 plus

263 5717 445 5772 minus
474 5716 571 5772 651
604 5735 616 5783 ;
655 5733 776 5771 nam
811 5715 1022 5787 Syriam
1047 5727 1098 5773 et
1126 5714 1421 5787 ngyptum
1448 5715 1850 5771 Saracenorum

1953 4520 2320 4574 committunt.
2352 4520 2424 4574 De
2453 4520 2536 4574 bis
2561 4517 2826 4589 Sulpitius
2874 4517 3107 4572 Severus
3129 4515 3257 4570 dial.
3286 4515 3337 4577 l,
3363 4527 3413 4566 c.
3448 4511 3538 4572 15.

1953 4607 2258 4663 Praemonui
2297 4608 2500 4663 dudum
2552 4624 2603 4677 p.
2637 4608 2760 4670 659,
2806 4607 2908 4661 sub
2937 4606 3164 4675 imperio
3203 4601 3547 4666 Diocletianiﬁ

1953 4711 2006 4755 et
2034 4700 2194 4756 Petro
2228 4701 2486 4770 episcopo
2523 4699 2948 4752 Alexandrinam
2991 4695 3288 4751 Ecclesiam
3323 4701 3551 4762 regente

1954 4801 2212 4862 martyre,
2263 4791 2356 4860 qui
2408 4790 2666 4845 occubuit
2721 4804 2864 4843 anno
2891 4789 2953 4843 C.
2982 4786 3048 4842 N.
3073 4787 3202 4852 ⁸510,
3240 4785 3552 4841 monachos

1956 4899 2187 4940 summm
2238 4885 2455 4938 virtutis
2486 4899 2550 4938 ac
2576 4882 2883 4938 sanctitatis
2913 4879 2968 4934 in
3000 4879 3292 4936 solitudine
3327 4878 3558 4936 Thecuo,

1957 4977 2312 5045 interemptos
2341 4991 2371 5030 a
2401 4975 2837 5032 discurrentibus
2889 4972 3289 5028 Saracenorum
3336 4971 3558 5023 latrun~

1957 5069 2098 5123 culis
2142 5082 2174 5122 e
2222 5068 2512 5123 collatione
2544 5067 2587 5121 6‘
2625 5066 2873 5122 Cassiani
2909 5081 2958 5121 c.
2994 5065 3017 5118 l
3063 5073 3112 5118 et
3151 5064 3203 5116 2.
3240 5061 3553 5118 Cardinalis

1958 5161 2232 5216 Batonius
2277 5161 2338 5216 in
2388 5161 2532 5216 notis
2578 5161 2643 5214 ad
2678 5159 3114 5232 Matyrologium,
3149 5157 3340 5212 diebus
3370 5154 3432 5208 Η,
3456 5152 3556 5207 Ja-.

1959 5254 2159 5319 nuarii,
2199 5253 2262 5307 [9
2307 5253 2612 5312 Februarii,
2649 5261 2704 5307 et
2757 5252 2823 5305 16
2855 5260 2908 5305 et
2936 5249 3015 5303 ‘28-
3052 5248 3197 5310 Mali,
3250 5246 3417 5300 refert
3457 5245 3544 5297 in;-

1959 5349 2244 5402 cursiones
2287 5347 2466 5401 varias
2499 5345 2920 5406 Saracenorum,
2954 5358 2985 5396 e
3011 5341 3210 5409 quibus
3249 5338 3422 5406 prima
3461 5341 3551 5388 est

1960 5439 2062 5493 ista
2111 5438 2214 5493 sub
2266 5438 2598 5492 Diocletiano
2642 5437 2708 5488 ad
2743 5450 2950 5489 annum
2991 5430 3136 5486 C.N.
3185 5429 3308 5491 565,
3341 5427 3407 5479 de
3437 5439 3549 5494 qua

1958 5531 2258 5586 Cassianus
2283 5531 2412 5598 agit,
2447 5528 2500 5581 in
2539 5526 2780 5588 Thecue,
2817 5525 3045 5594 ejusque
3075 5519 3246 5575 Graeci
3283 5516 3549 5571 momine-

1961 5630 2095 5674 runt.
2143 5621 2196 5673 in
2245 5617 2572 5684 Menologio,
2631 5615 2720 5668 die
2755 5615 2820 5667 l4
2853 5611 3098 5665 Januarii
3125 5609 3274 5662 hisce
3314 5606 3494 5660 verbis
3527 5619 3547 5658 ξ

1962 5713 2075 5783 Πρὸ
2107 5711 2161 5764 δὲ
2205 5710 2410 5780 χρόνων
2456 5705 2660 5761 πολλῶν
2707 5706 2798 5759 ἐπὶ
2833 5704 2935 5774 τῆς
2985 5699 3262 5772 βασιλείας
3315 5695 3543 5762 Διοκλη-
