3998 6116
427 255 560 321 M07

1177 256 1307 319 IOS
1367 254 1630 316 MARUE
1663 252 2021 314 SUARESII
2065 251 2292 312 LIBER
2333 250 2969 314 CHBONOLUGICUS

3579 245 3715 311 1408

424 361 612 418 τιανσῦ
665 361 760 416 τοῦ
815 361 1120 432 βασιλέως,
1174 363 1271 415 καὶ
1327 359 1536 431 Πέτρου
1585 359 2026 431 ἁρχιεπισκὸπου

2146 375 2248 415 :cm
2296 362 2730 430 persecutionem
2771 357 3090 415 Diocletiani
3142 356 3410 412 adversus
3440 356 3714 412 Christia-

439 453 847 525 Ἀλεξανδρείας
867 452 1234 524 ἀνῃρέθησαν,
1261 452 1356 505 καί
1384 453 1564 522 ἕτεροι
1605 450 2018 520 Ἥσυχάζοντες,

429 548 524 598 καὶ
555 545 706 598 αὐτοὶ
741 546 799 594 ὲν
828 543 904 612 τῷ
936 544 1065 614 Σινᾷ
1103 543 1239 612 ὄρει.
1273 541 1612 606 Ἐξελθόντες
1640 542 1749 612 γὰρ
1771 543 2023 593 οἱκατοι-

431 635 652 697 κοῢντες
693 637 785 687 καὶ
819 635 974 687 αὐτοὶ
1004 637 1061 687 ὲν
1110 633 1187 704 τῷ
1227 635 1358 704 Σινᾷ
1387 634 1503 705 ὄρει
1533 633 1861 704 Σαρακηνοὶ,
1891 633 2025 685 ἀπο-

433 724 680 786 θανόντος
731 723 824 777 τοῦ
887 723 1166 793 φυλάρχου
1210 723 1410 787 αὐτῶν,
1447 725 1676 785 πολλοὺς
1725 723 2025 791 ἐφόνευσαν

432 815 540 868 τῶν
569 815 824 884 ἀσκητῶν
844 831 856 843 ·
878 797 988 868 τῶν
1017 815 1074 867 δὲ
1107 814 1312 868 λοιπῶν
1343 815 1622 883 φυγόντων
1657 816 1737 876 el;
1784 814 1844 866 τὸ
1892 813 2023 882 ὀχύ-

435 925 618 976 ρωμα,
661 907 833 978 ἐφάνη
889 911 1004 969 τοῖς
1051 907 1388 975 Σαρακηνοῑς
1433 906 1522 958 διὰ
1551 907 1648 974 τῆς
1680 905 1872 967 νυκτὸς
1895 904 2024 972 φλὸξ

434 1000 603 1068 πυρὸς
632 999 1005 1051 κατακαίουσα
1029 998 1148 1051 ὃ).ον
1173 995 1235 1056 τὸ
1260 996 1385 1064 ὅρος
1405 1014 1419 1026 ·
1451 998 1482 1065 ἡ
1516 996 1572 1047 δὲ
1604 995 1735 1064 φλὸξ
1762 997 2026 1065 ἀνήρχετο

413 1087 536 1150 licito;
590 1091 684 1141 τοῦ
738 1088 1004 1158 οὐρανοῦ
1040 1089 1135 1141 καὶ
1170 1088 1370 1149 ἰδόντες
1407 1087 1456 1138 οἱ
1496 1087 1805 1156 Σαρακηνοὶ
1829 1087 2027 1157 ὲφοὸή-

434 1180 628 1247 Θησαν,
675 1182 769 1231 καὶ
819 1179 1074 1249 ῥίψαντες
1121 1178 1188 1229 τὰ
1220 1179 1360 1229 ὅπλα
1389 1176 1568 1229 αὐτῶν
1606 1176 1828 1244 ἔφυγον.
1871 1177 1934 1230 Oi
1969 1177 2026 1229 δὲ

437 1273 651 1340 πρῶτον
712 1271 1012 1338 σφαγέντες
1062 1265 1204 1341 ἦσαν
1244 1271 1542 1341 τριάκοντα
1602 1269 1749 1321 ὀκτὼ
1811 1269 2028 1340 ἔχοντες

440 1363 656 1430 πληγὰς
689 1361 978 1433 διᾶᾷόρους
1006 1365 1062 1414 ἐν
1086 1365 1197 1424 τοῖς
1226 1361 1474 1430 σώμασιν
1506 1361 1685 1414 αὐτῶν
1708 1375 1722 1388 '
1760 1360 1820 1426 ἐξ
1849 1361 2028 1412 αὐτῶν

438 1455 493 1506 δὲ
518 1454 790 1524 ᾑρέθησαν
824 1455 916 1507 δύο
946 1456 1145 1519 ζῶντες
1166 1493 1180 1516 ,
1207 1453 1422 1517 Σάϐϐας
1462 1455 1557 1506 καὶ
1596 1452 1823 1515 Ἡσαΐας
1842 1470 1854 1484 ’
1885 1453 1934 1505 οἱ
1972 1451 2028 1504 δὲ

441 1545 788 1612 φονευθέντες
829 1549 877 1598 ot
926 1546 1022 1614 μὲν
1065 1545 1166 1608 τὰς
1197 1544 1443 1614 κεφαλὰς
1477 1543 1879 1616 ἀπετμήθησαν
1936 1560 2028 1596 τε-

441 1636 620 1701 λείως,
650 1637 760 1689 τῶν
790 1638 846 1690 δὲ
880 1641 944 1690 ἐκ
986 1637 1083 1690 τοῦ
1127 1637 1245 1700 ἑνὸς
1277 1637 1475 1708 μέρους
1503 1636 1725 1707 ἐκράτει
1751 1636 1815 1688 τὸ
1832 1635 2026 1706 δέρμα,

2131 467 2266 515 nos,
2307 454 2440 507 adiit
2475 454 2526 506 in
2573 452 2916 506 Palaastinam
2947 451 3280 505 adoraturus
3314 465 3485 505 sacra-
3513 449 3714 504 Christi

2135 542 2350 596 Domini
2379 550 2768 608 monumenta;
2792 541 2920 596 hinc
2944 541 3269 611 perrexitad
3294 550 3535 594 montem
3562 538 3716 603 Sina,

2132 634 2186 687 in
2223 635 2381 702 cujus
2415 635 2732 697 solitudine,
2779 648 2843 686 ac
2875 634 3082 688 vertice
3129 633 3382 687 monachi
3428 632 3714 703 degebant,

2131 741 2365 794 quorum
2411 727 2576 780 vitam
2613 727 2913 797 angelicam
2945 726 3226 795 depingit;
3285 733 3398 778 tum
3434 734 3621 778 narrat
3662 735 3718 777 ut

2135 815 2416 878 Saraceni,
2448 833 2571 870 cum
2605 831 2795 869 eorum
2824 815 2933 869 dux
2966 831 2995 870 e
3026 817 3134 869 vita
3169 815 3480 886 migrasset,
3509 814 3561 867 in
3588 813 3716 867 soli-

2134 909 2418 962 tudinibus
2441 907 2661 972 Getrab,
2692 907 2935 971 Chobar,
2973 919 3026 961 et
3051 907 3244 972 Cedar,
3271 907 3505 974 aliisque
3529 913 3717 958 sancto

2135 1000 2306 1053 monti
2346 1000 2632 1068 p-oximis,
2667 1000 2857 1054 obvios
2895 1013 3146 1068 quosque
3185 998 3535 1066 peremerint,
3568 1012 3718 1051 cum-

2135 1105 2240 1158 qne
2295 1091 2349 1143 in
2405 1101 2657 1144 sanctum
2707 1098 2948 1143 montem
2985 1096 3309 1158 pergerent,
3359 1089 3445 1142 cui
3494 1097 3717 1154 praeerat

2137 1183 2322 1245 I)ulas,
2353 1181 2532 1236 dictus
2563 1181 2633 1235 ob
2666 1181 3141 1236 mansuetudinem
3180 1178 3391 1250 Moyses
3440 1180 3493 1231 in
3534 1177 3712 1241 Turri,

2136 1275 2325 1327 oborta
2363 1273 2544 1327 subito
2575 1271 2791 1327 ﬂamma
2837 1289 2960 1328 cum
2998 1271 3146 1326 fumo
3176 1272 3369 1325 terruit
3410 1268 3675 1323 Barbaros
3698 1309 3712 1331 ,

2136 1365 2229 1433 qnl
2270 1365 2338 1418 ab
2369 1365 2586 1434 incepto
2623 1364 2950 1418 destiterunt
2976 1364 3205 1427 itinere;
3262 1369 3383 1430 post
3412 1376 3599 1415 eorum
3623 1368 3716 1414 're—

2137 1471 2354 1512 cessum
2379 1456 2566 1510 exiens
2588 1470 2619 1510 e
2642 1455 2804 1508 Turri
2837 1453 3003 1509 Dulas
3031 1469 3156 1508 cum
3189 1452 3494 1516 monachis,
3523 1453 3719 1527 reperit

2137 1549 2359 1618 triginta
2381 1556 2508 1602 octo
2529 1548 2830 1602 monachos
2854 1547 3090 1610 occisos,
3120 1560 3152 1598 e
3176 1545 3380 1614 quibus
3432 1543 3714 1597 duodecim

2141 1639 2193 1692 in
2230 1637 2430 1693 Getrab
2479 1639 2812 1694 monasterio
2856 1638 3140 1708 jacebant,
3169 1646 3219 1690 et
3251 1635 3455 1706 passim
3487 1631 3716 1703 dispersi

445 1729 593 1781 ἄλλοι
638 1730 802 1798 μέσον
851 1729 1130 1799 ἐκόπησαν
1173 1750 1187 1765 ο
1215 1729 1306 1792 οὓς
1335 1727 1538 1796 ἔθαψαν
1562 1729 1612 1780 oi
1641 1727 1737 1780 δύο
1770 1727 2026 1797 μοναχοὶ,

2146 1729 2248 1794 alii,
2282 1728 2555 1798 spirantes
2592 1739 2856 1798 praeterea
2915 1727 3090 1792 duos,
3133 1726 3372 1780 Sabbam
3413 1726 3622 1780 scilicet
3657 1740 3719 1778 ac

446 1818 512 1870 τὰ
544 1819 672 1888 περὶ
695 1819 872 1874 αὐτῶν
898 1821 1144 1882 εἰπόντες
1167 1837 1179 1848 ·
1213 1819 1264 1873 id
1295 1829 1379 1873 est
1407 1860 1421 1873 .
1461 1817 1648 1872 Multis
1674 1829 1797 1871 ante
1839 1830 2037 1887 tempo-

449 1912 592 1962 ribus
652 1911 872 1980 (scilicet
920 1912 1227 1979 priusquam
1277 1909 1641 1963 occiderentur
1673 1925 1708 1962 a
1769 1908 2025 1962 Barbaris

449 2000 722 2054 Blemmiis
771 2001 1011 2054 vocitatis
1058 2000 1152 2053 sub
1193 1999 1480 2052 Theodosio
1520 1999 1586 2052 Α.
1628 1999 1890 2066 monachi,
1919 2015 2036 2052 cum

451 2090 639 2160 quibus
675 2100 787 2143 erat
824 2089 1030 2159 Nilus),
1059 2092 1154 2144 sub
1194 2091 1410 2158 imperio
1439 2089 1764 2144 Diocletiani
1790 2091 2036 2161 Augusti,

449 2193 496 2235 et
546 2183 698 2236 l’etro
742 2183 1081 2238 Alexandriae
1127 2185 1514 2252 archiepiscopo
1557 2191 1680 2238 caesi
1727 2185 1960 2252 fuerunt,
1989 2191 2041 2237 et

453 2276 550 2327 alii
601 2275 947 2345 tranquillam
991 2277 1154 2328 vitam
1216 2275 1476 2344 degentes,
1529 2283 1578 2328 et
1623 2276 1726 2343 ipsi
1760 2289 1960 2344 quoque
1988 2275 2066 2343 in,

455 2365 585 2419 Sina
646 2380 837 2420 monte.
896 2365 1109 2435 Egressi
1149 2348 1343 2420 etenini
1402 2367 1494 2437 qui
1543 2375 1592 2420 et
1613 2366 1852 2419 habitant
1887 2381 2044 2436 prope

456 2453 586 2510 Sina
621 2466 842 2509 montem
885 2455 1164 2523 Saraceni,
1197 2467 1403 2510 mortuo
1433 2459 1671 2528 ipsorum
1707 2459 1874 2513 tribus
1905 2475 2043 2526 prte-

459 2547 612 2612 [εί-ιο,
659 2545 914 2612 plurimos
956 2545 1291 2598 trucidarunt
1328 2546 1694 2600 exercitationi
1740 2547 2044 2599 monasticae

457 2635 705 2695 deditas;
748 2636 961 2701 reliquis
1015 2645 1190 2690 autem
1215 2638 1270 2688 in
1320 2639 1661 2690 munitionem
1695 2635 2043 2706 profugienti-

459 2727 576 2789 bus,
633 2727 745 2778 visa
798 2727 901 2796 fuit
943 2725 1224 2781 Saracenis
1262 2728 1484 2795 ﬂamma
1525 2730 1824 2781 universum
1856 2727 2047 2780 ambu-

460 2834 577 2870 rens
614 2809 864 2881 montem,
898 2835 1060 2888 eaque
1099 2819 1167 2871 ad
1209 2817 1395 2870 caelum
1430 2835 1592 2888 usque
1622 2819 1947 2888 assurgebat.
1984 2815 2048 2870 Id

461 2909 692 2962 videntes
723 2909 978 2964 Saraceni
1024 2910 1404 2971 extimuerttnt,
1454 2921 1502 2964 et
1565 2912 1676 2964 suis
1735 2912 1900 2964 armis
1949 2909 2048 2963 ab-

454 3001 606 3072 jectis
649 3003 986 3072 aufugerunt.
1035 3003 1138 3066 Qui
1186 3019 1302 3056 vero
1363 2983 1592 3072 primum
1647 3003 1804 3056 occisi
1835 3002 2047 3071 [uerunt

465 3094 682 3162 triginta
721 3104 836 3148 octo
885 3104 1053 3158 erant,
1080 3095 1236 3147 rariis
1289 3094 1586 3148 vulneribus
1635 3095 1828 3147 concisi
1852 3095 1962 3147 suis
1994 3095 2048 3146 in

465 3186 789 3253 corporibus.
877 3184 958 3239 Ea:
1010 3187 1091 3239 Itis
1135 3201 1293 3253 porro
1339 3186 1444 3238 duo
1507 3188 1607 3241 rivi
1658 3187 2047 3256 superfuerunt,

466 3275 670 3330 Sabbas
716 3288 764 3330 et
825 3275 1016 3330 Esaias
1042 3292 1060 3329 :
1092 3277 1379 3346 interfectis
1406 3286 1584 3331 autent
1611 3277 1926 3346 quibusdam
1954 3293 2049 3329 ra-

464 3377 556 3435 pat
613 3369 820 3435 penitus
873 3377 949 3422 est
980 3377 1334 3436 amputatum,
1367 3370 1666 3439 aliquorum
1696 3383 1814 3421 vero
1847 3381 1914 3422 ea:
1940 3383 2050 3422 una

463 3469 612 3526 parte
644 3445 779 3513 cutis
829 3460 1168 3527 retinebatur,
1224 3461 1350 3516 aliis
1401 3460 1686 3514 dimidium
1721 3460 2045 3516 exciderant.

464 3549 572 3603 Eos
607 3551 918 3618 sepelierunt
964 3553 1067 3606 duo
1099 3554 1362 3621 monachi,
1399 3554 1492 3624 qui
1528 3553 2049 3624 dixeruntqua’cun-

463 3656 564 3710 que
590 3641 696 3694 illis
739 3644 1084 3710 contigerunt.
1147 3645 1471 3700 Ammonius
1501 3646 1806 3717 presbyter,
1847 3659 1902 3702 et
1931 3661 2052 3703 m0-

466 3733 676 3787 nacbus
709 3733 1016 3805 ngyptius,
1050 3751 1116 3790 ac
1147 3747 1352 3809 martyr
1381 3753 1506 3792 cum
1535 3746 1726 3793 sancto
1752 3737 1918 3793 Petro
1935 3739 2053 3809 epi-

466 3841 653 3894 se0po,
689 3836 850 3898 atque
880 3839 1135 3901 martyre
1164 3829 1560 3895 Alexandrino,
1581 3845 1648 3886 ex
1683 3832 1923 3889 Eusebio
1949 3832 2048 3888 lib.

467 3932 587 3983 rm,
610 3934 661 3973 c.
684 3921 717 3974 9
746 3920 887 3975 Hist.
916 3923 1124 3986 eccles.,
1148 3922 1307 3991 cujus
1338 3922 1662 3993 martyrium
1694 3923 1884 3979 Latine
1911 3923 2049 3979 ΚΡ.

467 4009 788 4068 Franciscns
820 4013 1090 4069 Combetis
1120 4013 1553 4079 laudatissimus,
1585 4023 1641 4070 et
1677 4015 1886 4072 Gallice
1917 4015 2050 4070 R.P-

466 4100 722 4157 Nicolaus
781 4101 855 4157 Le
924 4103 1101 4158 Sueur
1170 4102 1622 4159 accuratissimus
1677 4105 2052 4169 reddiderunt,

467 4193 626 4246 ambo
679 4193 920 4262 ejusdem
979 4191 1190 4247 ordinis
1220 4210 1234 4246 :
1272 4193 1621 4259 Ammonius,
1654 4195 1902 4264 inquam,
1937 4194 2053 4248 for-

470 4278 631 4334 tassis
687 4280 795 4346 illc,
844 4280 1002 4349 cujus
1051 4282 1290 4335 animam
1339 4282 1392 4336 in
1447 4283 1643 4337 etelum
1695 4284 1894 4339 deferri
1923 4284 2056 4338 vidit

2137 1821 2355 1885 Isaiam,
2390 1837 2421 1876 e
2441 1822 2643 1891 quibus
2671 1821 2809 1876 obiit
2835 1819 3004 1876 Isaias
3034 1819 3355 1881 confestim,
3401 1827 3457 1872 at
3486 1818 3716 1881 Sahbas,

2138 1929 2262 1969 cum
2291 1914 2501 1969 cladem
2531 1913 2921 1980 recensuisset,
2959 1913 3039 1967 sic
3063 1928 3284 1982 quoque
3322 1911 3560 1965 decessit
3590 1926 3719 1979 qua-

2138 2005 2391 2075 draginta
2412 2013 2536 2074 post
2559 2005 2700 2070 dies,
2735 2004 2808 2058 ita
2838 1994 2898 2059 ut
2921 2003 3402 2075 quadragesimum
3434 2013 3718 2056 numerum

2141 2097 2535 2152 monachorum
2575 2111 2843 2152 caesorum
2890 2097 3257 2168 impleverint,
3292 2106 3344 2150 et
3392 2095 3506 2149 haec
3539 2095 3720 2148 omnia

2141 2189 2436 2260 contigisse
2502 2189 2738 2244 alIirmat
2817 2190 2906 2244 die
2972 2188 3211 2243 secunda
3275 2188 3484 2241 mensis
3562 2185 3718 2256 Tybi.

2142 2296 2265 2352 qua:
2295 2289 2646 2351 computatur
2668 2281 2738 2334 ab
2771 2279 3041 2350 Egyptiis
3074 2279 3140 2332 14
3167 2277 3432 2333 Januarii.
3463 2277 3724 2346 Adjungit

2145 2371 2234 2426 hic
2264 2371 2592 2426 Ammonius
2619 2379 2860 2440 stragem
2894 2369 3055 2422 aliam
3093 2368 3199 2422 sibi
3236 2367 3304 2420 ab
3327 2367 3502 2420 altero
3537 2381 3724 2419 narra-

2147 2473 2255 2519 tam
2289 2466 2582 2528 monacho,
2619 2463 2714 2533 qui
2743 2462 2975 2529 viderat,
3019 2471 3074 2515 et
3099 2458 3443 2529 confugerat.
3468 2459 3666 2512 editam
3693 2472 3723 2510 a

2145 2558 2440 2622 Barbaris,
2505 2556 2905 2611 monachorum
2963 2555 3016 2608 in
3073 2552 3366 2613 solitudine
3412 2550 3613 2605 Baithn
3671 2550 3722 2602 in

2145 2649 2344 2703 Arabia
2395 2648 2622 2711 Petraea,
2663 2646 2956 2700 Ptolemieo
2987 2643 3242 2706 Ratheni,
3293 2642 3408 2697 sive
3440 2652 3505 2696 ut
3536 2641 3594 2694 in.
3619 2639 3724 2692 Ba-

2148 2743 2254 2798 silii
2286 2741 2592 2807 Menologio
2626 2742 2847 2811 legitttr,
2882 2748 2938 2793 et
2960 2743 3012 2792 in
3043 2739 3318 2802 Romano,
3366 2739 3422 2790 in
3472 2733 3722 2806 Egypto,

2149 2837 2274 2904 quia
2308 2836 2412 2891 sila
2438 2843 2523 2889 est
2559 2834 2613 2894 in
2663 2833 2798 2886 mari
2855 2832 3061 2896 Rubro,
3117 2844 3214 2886 seu
3263 2831 3329 2884 ad
3374 2830 3529 2884 littus
3563 2828 3725 2881 maris

2149 2927 2346 2989 Rubri,
2379 2935 2441 2981 ut
2469 2926 2587 2980 vult
2627 2925 2684 2980 P.
2721 2924 3059 2994 Augustinus
3097 2923 3368 2986 Lubinus,
3405 2922 3721 2990 probatque,

2073 3041 2118 3099 α
2149 3019 2417 3076 referente
2438 3018 2668 3072 Domino
2705 3016 2966 3070 Michacle
2997 3016 3232 3070 Antonio
3258 3013 3565 3076 Bandrand,
3599 3025 3723 3081 geo-

2155 3113 2366 3183 grapho
2416 3108 2749 3180 peritissimo
2791 3108 2844 3161 in
2902 3105 3122 3162 Lexico.
3168 3105 3243 3160 Ea
3297 3105 3533 3160 solitudo
3568 3119 3616 3158 c.
3656 3117 3724 3156 xv

2156 3200 2330 3257 Exodi
2391 3210 2621 3255 vocatur
2671 3198 2836 3264 Elim,
2878 3196 3088 3266 fuitque
3117 3197 3354 3251 secunda
3393 3196 3593 3258 statin,
3631 3209 3725 3248 seu

2156 3294 2370 3346 mansio
2407 3289 2785 3350 Hebraeorum,
2816 3288 2908 3342 ubi
2937 3297 3093 3343 erant
3126 3286 3414 3341 duodecim
3446 3284 3640 3342 fontes.
3673 3293 3727 3338 et

2157 3381 2503 3450 septuaginta
2539 3381 2772 3449 palmae,
2822 3393 2946 3447 quin
2993 3385 3385 3433 succreverunt
3426 3377 3478 3428 in
3503 3376 3716 3438 silvam,

2157 3472 2251 3527 ubi
2300 3471 2515 3542 Moyses
2563 3469 2889 3535 monachus,
2923 3469 3152 3540 ejusque
3187 3468 3495 3538 discipulus
3524 3467 3690 3522 Psoes
3712 3508 3726 3532 ,

2155 3573 2212 3620 et
2255 3563 2456 3635 Ioseph
2510 3563 2774 3633 Ephesius
2822 3563 2960 3616 mira
3011 3571 3295 3632 patrarunt
3341 3575 3527 3630 Opera.
3573 3563 3632 3613 in
3669 3573 3729 3613 ea

2157 3663 2464 3725 tercentum
2521 3653 2816 3724 Blemmyas
2867 3653 3169 3709 transvecti
3219 3667 3353 3707 nave
3400 3653 3469 3706 ad
3511 3651 3726 3714 Clisma,

2156 3762 2282 3819 quas
2317 3762 2415 3800 arx
2453 3755 2539 3800 est
2574 3744 2837 3807 Arabum,
2878 3759 2944 3798 ex
2975 3742 3349 3812 Althiopibns,
3390 3753 3442 3796 et
3479 3742 3570 3795 Ela
3600 3741 3730 3796 urbe

2157 3835 2372 3891 Arabia:
2390 3832 2634 3897 Petram,
2655 3833 2749 3888 ubi
2781 3833 2909 3888 olim
2941 3833 3082 3903 legio
3121 3832 3367 3886 Romana
3399 3832 3726 3889 subsidebat,

2161 3925 2437 3996 Stephano
2497 3931 2633 3978 teste
2681 3923 2760 3977 De
2805 3922 3064 3989 urbibus,
3125 3924 3399 3982 irruentes
3478 3920 3729 3976 fuderunt

2159 4018 2508 4082 Pharaoitas,
2547 4016 2643 4085 qui
2684 4029 2804 4071 sese
2856 4016 3176 4081 tuebantur,
3223 4031 3347 4070 eum
3404 4014 3730 4084 refugissent

2159 4112 2300 4164 intra
2334 4121 2553 4172 murum
2601 4104 2773 4160 Paulo
2813 4104 3020 4160 Petrzco
3053 4106 3193 4160 duce
3220 4117 3384 4175 atque
3433 4109 3725 4168 hortatore,

2160 4208 2216 4255 et
2276 4199 2390 4253 illic
2455 4197 2714 4252 obsessos
2785 4197 3217 4263 interemerunt,
3307 4207 3360 4252 et
3421 4196 3728 4262 Jeremiam,

2161 4290 2287 4346 dein
2360 4289 2544 4358 ipsum
2614 4286 2864 4343 Paulum.
2920 4288 3016 4342 Ille
3068 4289 3408 4355 monachus,
3485 4289 3590 4358 “qui
3643 4303 3731 4342 ex-

469 4375 693 4422 ετιηοιυε
723 4366 1017 4433 Milonius.
1050 4383 1080 4424 ε
1110 4383 1303 4426 sanclo
1332 4371 1630 4430 Athanasio
1651 4373 1819 4443 680
1851 4373 1903 4427 in
1928 4375 2048 4444 ejus
2081 4388 2124 4443 ι)
2151 4382 2469 4453 ploraverat
2529 4379 2634 4434 ista
2660 4417 2675 4443 ,
2728 4393 2852 4433 sese
2903 4379 3190 4434 abscondit
3236 4380 3340 4435 sub
3387 4380 3578 4445 ramis?
3626 4379 3731 4448 pal-

470 4457 614 4523 γεω,
656 4468 710 4515 et
745 4460 965 4525 Suidas,
1004 4477 1161 4532 usque
1197 4461 1330 4518 Vitis
1358 4463 1580 4518 Patrum
1609 4507 1623 4532 ,
1665 4481 1718 4535 p.
1757 4466 1878 4530 150,
1921 4482 2044 4521 car-

470 4552 584 4605 din.
624 4552 894 4607 Baronius
934 4552 988 4606 in
1030 4553 1413 4626 Martyrologio
1463 4555 1622 4612 Rom.
1668 4558 1736 4612 ad
1778 4557 2048 4612 Kalendas

473 4641 828 4714 Septembris,
863 4643 1094 4699 istorum
1118 4647 1509 4703 monachorum
1557 4649 1768 4704 caedem.
1793 4649 2048 4721 Egyptia

473 4733 676 4806 lingua,
711 4744 1020 4791 cnarratam
1051 4737 1155 4794 sibi
1196 4739 1265 4796 ab
1298 4738 1477 4794 Sahba
1516 4750 1569 4796 et
1624 4741 1802 4808 Isaia,
1842 4741 2051 4796 descri-

475 4827 612 4896 psit;
651 4826 924 4882 inventam
959 4845 1086 4884 vero
1115 4829 1403 4887 Naucratae
1430 4833 1515 4904 (ea
1551 4833 1682 4887 urbs
1715 4840 1816 4898 est,
1851 4847 1972 4903 quae
1997 4843 2052 4888 et

475 4915 780 4981 Naucratis,
824 4918 878 4972 in
911 4917 1147 4990 Egypto
1182 4921 1424 4977 Pollucis
1469 4922 1843 4992 grammatici,
1892 4924 2052 4993 cujus

474 5020 558 5064 est
586 5012 958 5065 Onomasticon
985 5013 1223 5068 dicatum
1257 5014 1568 5085 imperatori
1603 5014 1925 5079 Commodo,
1950 5016 2054 5072 sub

474 5116 585 5169 quo
620 5101 706 5156 ille
738 5101 942 5171 ﬂoruit,
971 5113 1026 5160 et
1070 5121 1267 5162 nemus
1299 5107 1730 5163 mediterraneus
1763 5107 1905 5164 intra
1929 5107 2052 5165 Del-

479 5203 586 5247 tam
621 5193 690 5247 ab
741 5210 803 5250 ea
852 5208 1199 5268 nuncupatur
1244 5207 1299 5254 et
1343 5201 1546 5256 ostium
1609 5199 1756 5267 Nili,
1811 5201 1960 5272 quod
2000 5208 2055 5256 ct

479 5287 837 5357 Canopicum.
869 5288 1066 5356 Plinio,
1104 5292 1383 5359 Straboni,
1418 5304 1473 5349 et
1509 5294 1785 5368 Stephano
1819 5293 2054 5351 auctori-

482 5379 615 5450 bus)
656 5381 1075 5452 descriptionem
1107 5385 1248 5440 hanc
1276 5387 1417 5456 apud
1446 5388 1830 5443 anachoretam
1861 5402 2054 5459 quem-

486 5473 608 5527 dam
636 5471 874 5531 Joaoncs
898 5479 1181 5548 presbyter
1202 5479 1388 5536 Graece
1407 5483 1592 5536 vertit.
1612 5480 1704 5538 Ille
1733 5481 2056 5536 Ammonius

490 5559 739 5614 cellulam
796 5564 1029 5620 habebat
1077 5568 1130 5622 in
1180 5571 1434 5640 Canopo;
1491 5584 1574 5627 est
1628 5574 1730 5629 hoc
1795 5573 2056 5642 oppidum

497 5644 717 5715 Egypti
744 5651 882 5707 haud
910 5658 1096 5722 procul
1126 5659 1193 5711 ab
1220 5659 1572 5731 Alexandria,
1594 5673 1646 5718 et
1670 5663 1882 5735 fugiens
1909 5671 2055 5719 atro-

2147 4486 2402 4535 marum,
2475 4468 2723 4538 viditque
2797 4469 3021 4524 latitans
3093 4469 3446 4524 Salathielem
3517 4470 3726 4533 occidi;

2145 4561 2307 4632 681
2378 4571 2616 4629 eumque
2673 4559 2902 4614 Barbari
2961 4561 3207 4630 receptui
3272 4569 3532 4616 canentes
3591 4561 3731 4613 edita

2149 4657 2330 4719 strage
2379 4648 2775 4704 monachorum
2803 4690 2820 4715 ,
2879 4663 3068 4703 navem
3131 4664 3240 4703 non
3305 4649 3666 4712 invenissent,
3703 4664 3730 4701 a

2150 4740 2423 4798 sescentis
2473 4740 2788 4796 Pbaranitis
2823 4740 2890 4795 ad
2935 4757 3103 4796 unum
3157 4742 3334 4797 necati
3385 4751 3562 4798 sunt:
3607 4751 3734 4798 tunc

2150 4847 2444 4902 erumpens
2490 4832 2595 4888 iste
2637 4833 2963 4888 Ammonius
3019 4835 3320 4889 monachos
3367 4849 3541 4889 caesos
3586 4848 3737 4888 com-

2150 4925 2292 4994 perit
2341 4923 2410 4980 '59
2458 4931 2516 4979 et
2565 4923 3047 4994 quadragesimum
3105 4926 3406 4989 Domuum,
3465 4925 3558 4994 qui
3610 4938 3732 4979 mox

2152 5016 2393 5071 animam
2439 5015 2753 5083 exhalavit;
2797 5015 3031 5070 Andreas
3061 5017 3284 5094 quidem
3317 5016 3567 5079 vulnera,
3609 5014 3734 5082 quia

2153 5121 2266 5164 non
2295 5116 2454 5164 erant
2502 5107 2718 5171 letalia,
2752 5108 2977 5164 fuerunt
3003 5118 3218 5176 curata,
3245 5119 3299 5163 et
3335 5107 3502 5162 Orion
3537 5106 3735 5161 illaesos

2153 5201 2526 5272 deprehensus
2575 5202 2912 5272 supervixit,
2966 5217 3032 5258 ac
3083 5215 3192 5257 una
3245 5215 3370 5256 cum
3423 5197 3732 5262 Obediene,

2156 5304 2319 5364 atque
2356 5291 2692 5364 primoribus
2725 5295 3184 5353 Pharanitarum.
3233 5307 3464 5364 corpora
3501 5292 3733 5363 quadra-

2158 5388 2306 5457 ginta
2335 5387 2520 5443 itidem
2559 5389 2951 5446 monachorum
2989 5387 3306 5444 Cbristiano
3331 5388 3440 5442 ritu
3475 5382 3736 5456 gestando

2158 5479 2386 5549 palmas,
2425 5481 2768 5552 hymnosque
2799 5481 3160 5544 concinendo,
3198 5480 3576 5534 tumularunt:
3608 5475 3731 5529 inibi

2161 5583 2340 5626 autem
2396 5571 2756 5640 perstiterunt
2807 5572 3098 5641 religiosus
3145 5570 3408 5632 Oberlien,
3469 5581 3520 5623 et
3550 5567 3730 5628 Orion,

2163 5679 2228 5718 ac
2275 5664 2542 5720 Andreas.
2597 5664 2798 5721 Verum
2855 5680 2979 5719 cum
3031 5666 3129 5719 ista
3181 5662 3488 5718 rest‘ivisset
3535 5661 3602 5714 ab
3647 5659 3738 5710 illo
