3998 6116
378 188 517 256 MO!)

1693 180 1792 243 DE
1813 180 1992 245 VITA
2029 180 2088 240 S.
2128 181 2294 243 NII.I

3493 179 3635 247 1110

370 307 640 367 monacho
667 304 918 378 profugo,
956 312 1013 359 et
1047 301 1312 373 αὐτόπτῃ.
1344 300 1398 356 id
1444 306 1549 367 est,
1579 298 1672 370 qui
1700 297 1942 368 propriis
1972 306 2017 360 Α
2045 296 2333 378 clterrimos
2374 296 2790 353 Commentarios
2842 297 3156 368 composuit,
3207 298 3300 368 qui
3330 297 3400 352 ad
3429 301 3636 354 exerci-

367 402 543 459 oculis
589 399 819 464 viderat,
865 395 1192 453 Ammonius
1242 394 1298 449 in
1339 392 1633 464 Egyptum
1675 390 1745 445 ad
1790 399 1950 461 tugu-

368 496 511 549 rium
555 507 716 548 suum
762 504 1021 546 reversus
1061 495 1167 551 est,
1218 495 1274 542 et
1325 483 1581 556 .Egy‘ptio
1625 480 1952 551 conscripsit

371 586 661 646 idiomate,
722 582 951 652 ejusque
1023 576 1180 647 λόγος
1240 578 1308 632 de
1372 576 1477 633 ista
1537 575 1686 629 crede
1757 587 1950 628 versus

365 673 571 739 Graece,
602 682 662 729 ut
702 671 937 727 iudicavi
975 685 1009 724 a
1063 669 1122 723 P.
1172 666 1446 724 Cornibelis
1495 666 1682 723 Graece
1736 665 1953 720 Latine-

366 779 475 834 que
505 763 726 819 Parisiis
769 762 948 818 editus
998 759 1101 815 fuit
1142 775 1288 816 anno
1334 758 1469 813 1660
1497 761 1552 814 in
1584 770 1799 824 octavo,
1833 769 1886 814 et
1921 774 1951 814 a

366 855 428 912 Ρ.
471 855 545 912 Le
574 856 753 912 Sueur
781 853 988 911 Gallice
1019 852 1254 919 ibidem,
1299 852 1602 921 eodemque
1630 866 1777 906 anno
1805 865 1838 906 e
1860 865 1953 906 co-

366 949 584 1004 dicibus
609 946 1007 1016 manuscriptis
1033 944 1228 1015 Regio,
1274 943 1606 1009 Mazzariuo,
1637 954 1692 999 et
1730 943 1955 1015 Segnio-

368 1039 524 1093 riano
557 1049 677 1109 post
702 1039 837 1094 Acta
885 1044 1199 1092 sanctorum
1253 1033 1551 1099 Eustachii,
1582 1047 1677 1089 seu
1724 1034 1953 1099 Placidi,

367 1139 422 1184 et
448 1129 797 1197 Tbeopistes,
836 1129 964 1181 sive
1003 1125 1244 1180 Tatianse
1271 1124 1539 1194 conjugis,
1567 1133 1622 1178 et
1654 1121 1953 1179 Laudatis-

368 1237 492 1276 nem
552 1219 755 1275 Nicetes
802 1216 1172 1288 Paphlagonis
1221 1216 1506 1271 insertam.
1561 1212 1757 1284 Incipit
1797 1214 1955 1283 λόγος

366 1314 673 1378 Ammonii,
732 1311 980 1381 Ἐγὲνετό
1039 1328 1165 1382 μοι,
1221 1310 1557 1379 desinitque,
1635 1307 1716 1378 τῷ
1776 1309 1957 1379 ἁμαρ.

366 1401 543 1470 coxo.
640 1400 1085 1471 Martyrologium
1164 1398 1470 1453 Romanum
1547 1396 1638 1452 die
1722 1398 1786 1452 l4
1866 1397 1957 1452 Ja-

369 1494 547 1547 nuarii
613 1494 727 1547 haec
778 1493 976 1548 habet:
1042 1511 1061 1544 ι
1109 1490 1167 1544 Ιιι
1220 1499 1406 1545 monte
1461 1490 1591 1545 Sina
1640 1499 1955 1546 sanctorum

369 1586 601 1654 triginta
630 1594 754 1639 octo
797 1584 1189 1640 monachorum
1221 1600 1252 1638 a
1301 1583 1594 1639 Saracenis
1641 1583 1713 1637 ob
1749 1582 1952 1637 Christi

368 1675 527 1731 ﬁdem
567 1673 1003 1733 interfectorum.
1045 1674 1105 1729 In
1134 1672 1369 1746 Egypto
1394 1675 1448 1729 iu
1496 1670 1683 1729 Raithi
1734 1663 1954 1744 regione

367 1778 680 1823 salictorum
726 1783 860 1822 xuu
905 1768 1334 1834 monachorum,
1384 1768 1478 1838 qui
1512 1781 1612 1838 pro
1642 1766 1953 1822 Christiana

369 1859 629 1930 religione
674 1874 704 1914 a
760 1858 1042 1914 Blemmiis
1085 1858 1255 1915 occisi
1315 1868 1484 1924 sunt;
1523 1878 1545 1911 ι
1600 1860 1675 1913 ibi
1731 1867 1840 1913 tam
1900 1858 1953 1912 in

368 1960 550 2005 monte
578 1949 706 2005 Sina
726 1990 741 2014 ,
764 1966 925 2021 quam
955 1952 1009 2004 in
1039 1950 1222 2005 liaitbi
1268 1951 1618 2021 reponendus
1649 1960 1732 2006 est
1760 1966 1954 2005 nume-

369 2056 463 2096 rus
505 2042 862 2112 quadraginta
913 2043 1345 2105 monachorum,
1402 2051 1464 2098 ut
1491 2051 1711 2107 constat,
1754 2059 1786 2099 e
1823 2057 1984 2097 nar-'

366 2132 576 2188 ratione
615 2133 1007 2203 suprascripta,
1054 2143 1110 2188 et
1158 2134 1237 2189 sic
1280 2134 1345 2189 ad
1396 2135 1713 2205 octuaginta
1754 2150 1954 2189 nume-

365 2232 576 2278 rantur.
613 2223 858 2278 Meminit
896 2225 1084 2279 Petrus
1131 2222 1208 2278 La
1255 2222 1405 2279 Valle
1458 2225 1775 2280 monasterii
1825 2240 1952 2281 cum

366 2315 595 2368 ecclesia
625 2315 725 2368 sub
773 2314 928 2368 titulo
958 2314 1324 2385 Quadraginta
1373 2323 1670 2382 martyrum
1712 2314 1763 2368 in
1798 2313 1949 2382 Sina,

367 2413 499 2459 tom.
538 2404 576 2469 l,
617 2405 776 2475 epist.
809 2405 894 2469 ll,
929 2421 983 2475 p.
1022 2405 1146 2471 287,
1170 2406 1468 2474 primorum
1508 2407 1734 2472 scilicet,
1773 2409 1952 2477 quoad

367 2496 500 2551 mihi
550 2497 860 2566 conjectura
937 2497 1063 2551 licet
1130 2498 1371 2565 assequi.
1421 2497 1793 2551 Conlirmatur
1840 2497 1953 2553 haec

366 2587 619 2641 excursio
644 2587 745 2642 sub
792 2586 1124 2640 Diocletiano
1162 2588 1343 2642 verbis
1379 2587 1526 2642 hisce
1572 2587 1698 2651 Nili,
1738 2588 1949 2647 descri-

367 2678 543 2733 bentis
584 2692 724 2745 eam,
771 2692 892 2747 quae
937 2677 1038 2731 sub
1083 2676 1416 2755 Theodosio,
1468 2679 1517 2732 id
1568 2690 1651 2757 est
1682 2695 1799 2733 :evo
1849 2694 1951 2734 suo

366 2770 565 2832 evenit,
597 2768 944 2840 ἀνῃρέθησαν
973 2770 1029 2822 δὲ
1059 2769 1206 2823 ἄλλοι
1246 2771 1352 2840 πρὸ
1391 2770 1652 2824 πλειόνων
1692 2771 1850 2833 ἐτῶν.
1897 2770 1951 2824 id

366 2869 471 2924 est,
522 2860 781 2930 interfecti
836 2876 955 2914 vero
1006 2860 1102 2915 alii
1149 2860 1432 2928 (monachi
1486 2862 1778 2931 nimirum)
1826 2871 1951 2916 ante

2051 372 2303 445 tationem
2335 401 2637 462 preparant
2692 401 2744 447 et
2782 393 3260 456 conversationem;
3307 401 3358 446 et
3414 394 3639 462 captivi-

2044 488 2211 534 tatem
2255 490 2307 535 et
2367 484 2560 537 cladem
2592 492 2900 537 sanctorum
2942 481 3170 537 Patrum
3221 484 3519 553 descripsit.
3563 484 3637 539 lli

2049 574 2238 643 quippe
2271 576 2512 630 monachi
2542 578 2711 631 necati
2743 577 2958 647 fuerunt
2981 594 3013 631 a
3041 577 3316 639 Barbaris.
3360 596 3626 650 nuncupa-

2052 664 2119 718 tis
2148 664 2239 719 Ble
2260 667 2413 721 nntiis
2438 666 2502 720 ab
2533 667 2738 722 Arabia
2768 685 2932 739 usque
2956 669 3024 723 ad
3060 667 3349 739 «Egyptum
3404 682 3453 724 et
3488 689 3635 727 mare

2049 754 2308 820 Rubrum,
2365 756 2523 825 juxta
2548 757 2897 816 solitudinem
2940 760 3359 833 excurrentibus.
3414 764 3635 819 Etcum

2050 844 2203 903 Nilus
2238 847 2352 916 ipse
2380 848 2820 905 circumstantias
2853 864 3043 905 clunes
3073 852 3302 906 caedium
3325 892 3340 916 ,
3389 868 3509 923 qua:
3540 869 3634 909 ac-
3692 924 3695 925 ν

2054 940 2322 1004 ciderunt,
2354 941 2481 1009 quia
2523 950 2655 997 tunc
2685 943 2870 998 aderat
2899 943 2954 997 in
2992 941 3122 997 Sina
3153 953 3354 1012 monte,
3389 961 3453 1002 ac
3480 962 3636 1001 com-

2055 1032 2343 1098 miseraus,
2378 1049 2470 1088 cas
2512 1035 2810 1103 spectabat,
2861 1034 3291 1106 nominatimque
3336 1038 3636 1093 monachos

2054 1120 2368 1178 interiectos
2397 1124 2604 1194 aliquot
2628 1130 2979 1188 enumerans,
3013 1135 3228 1197 tempus
3256 1142 3475 1199 quoque
3502 1129 3638 1200 adji-

2054 1212 2162 1267 ciat
2208 1214 2475 1271 decimam
2527 1226 2779 1286 quartam
2823 1217 2967 1272 diem
3015 1217 3294 1285 Januarii,
3346 1231 3404 1275 ut
3451 1222 3636 1287 retuli,

2054 1303 2444 1375 adjung'atque,
2472 1306 2712 1373 πάντως
2740 1309 2850 1378 γὰρ
2866 1310 2993 1376 τοῖς
3018 1311 3345 1367 εὐλαϐέσιν
3380 1313 3420 1381 ἠ
3446 1312 3638 1383 μάθη-

2054 1398 2279 1473 σιςκκαὶ
2314 1398 2420 1452 τοῦ
2449 1401 2673 1468 χρόνου
2707 1398 2954 1455 καὶτῶν
2989 1401 3292 1471 ὀνομάτων
3310 1404 3638 1466 σπουδάζει.

2055 1503 2184 1553 ται,
2212 1490 2523 1544 κοινωνεῖν
2552 1491 2680 1556 ταῖς
2720 1490 2982 1559 μνήμαις
3017 1491 3139 1548 τῶν
3174 1494 3363 1566 ἁγίων.
3388 1496 3635 1552 ἐθέλου-

2055 1588 2200 1630 σινο
2249 1576 2303 1632 id
2356 1587 2478 1645 est,
2535 1583 2745 1635 omnino
2793 1598 3015 1654 namque
3064 1602 3100 1639 a
3151 1585 3346 1642 devotis
3397 1588 3633 1643 studiose

2054 1669 2312 1738 quatritur
2342 1671 2564 1725 scientia
2600 1674 2844 1744 temporis
2905 1679 3296 1748 nominumque,
3318 1679 3630 1735 uolentibus

2057 1760 2323 1831 (scilicet)
2378 1763 2753 1818 memoriarum
2809 1776 3112 1821 sanctorum
3160 1769 3279 1839 ﬁeri
3315 1772 3629 1841 participes;

2055 1866 2167 1909 tres
2221 1862 2431 1908 tantum
2472 1856 2717 1910 nominat
2757 1873 2950 1923 caesos,
2981 1858 3321 1916 Thcodulum
3353 1864 3633 1936 presbyte-

2056 1961 2200 2017 rum,
2234 1944 2487 2013 Paulum,
2517 1956 2572 2003 et
2598 1946 2886 2014 Joannem,
2927 1961 3113 2021 postea
3145 1954 3392 2009 nominat
3426 1968 3633 2026 septem

2056 2050 2109 2104 p.
2145 2036 2237 2105 87,
2281 2038 2482 2103 quibus
2511 2055 2541 2097 a
2597 2039 2657 2094 P.
2706 2038 2781 2096 Le
2834 2040 3011 2097 Sueur
3065 2054 3292 2101 octavus
3329 2046 3636 2105 adnectitur

2055 2124 2228 2181 Isaac.
2262 2126 2316 2180 ld
2348 2144 2476 2185 vero
2500 2129 2736 2184 arbitror
2764 2131 3034 2199 evenisse,
3064 2134 3190 2204 quia
3223 2136 3317 2205 qui
3349 2136 3629 2208 Martyrol.

2056 2216 2288 2274 Roman.
2342 2228 2740 2276 contexucruut
2781 2222 2925 2277 diem
2962 2225 3267 2295 sepulturae
3316 2228 3631 2284 adnotatum

2054 2310 2339 2379 diligenter
2372 2313 2748 2385 observarunt,
2784 2314 2940 2384 isque
2970 2316 3233 2373 confusus
3265 2318 3361 2373 fuit
3394 2334 3519 2375 cum
3540 2336 3631 2387 eo,

2053 2415 2164 2471 quo
2187 2402 2293 2457 sub
2337 2402 2685 2467 Diocletiano,
2712 2415 2771 2460 ut
2799 2420 2927 2460 mox
2962 2408 3410 2479 memorabimus,
3436 2425 3465 2464 a
3495 2408 3633 2466 Bar-

2052 2493 2200 2549 baris
2228 2495 2392 2551 occisi
2415 2494 2635 2561 luerunt
2658 2496 2749 2551 alii
2779 2499 3053 2565 monachi,
3079 2506 3135 2567 et
3165 2516 3294 2566 una,
3326 2503 3631 2572 eademque

2052 2586 2366 2641 celebritate
2396 2602 2701 2651 concursus
2733 2588 2891 2642 [iebat
2920 2588 2989 2644 ad
3021 2589 3136 2645 loca
3168 2603 3467 2663 martyrum
3501 2595 3631 2649 isto-

2053 2692 2170 2731 rum
2218 2679 2482 2748 sanguine
2522 2679 2762 2749 perfusa,
2807 2681 2890 2734 vel
2933 2682 3157 2736 tumulis
3199 2684 3514 2750 nobilitata;
3565 2702 3634 2741 ne

2051 2768 2123 2838 pii
2160 2769 2392 2825 viatores
2429 2780 2651 2839 propter
2686 2771 2979 2842 longinqua
3028 2773 3282 2829 itinerum
3316 2776 3488 2845 spatia
3531 2792 3632 2831 sa:-

2050 2860 2176 2930 pius
2214 2861 2578 2926 lassarentur,
2626 2863 2770 2917 sicut
2811 2878 2841 2917 e
2875 2862 2994 2917 Nilo
3039 2866 3226 2931 retuli,
3259 2877 3312 2921 ct
3348 2882 3378 2921 e
3415 2866 3632 2925 Menmis

366 2949 540 3020 plures
579 2957 763 3014 annos,
812 2967 1042 3020 quorum
1081 2953 1341 3006 memoria
1368 2953 1557 3006 eadem
1598 2954 1687 3010 die
1724 2954 1950 3024 (nempe
1978 2971 2021 3029 ο
2055 2953 2244 3022 liquet,
2278 2953 2609 3022 adnotatque
2647 2954 2937 3010 cardinalis
2992 2955 3274 3013 Barouius.
3302 2958 3425 3013 Dies
3446 2968 3629 3014 autem

367 3040 597 3109 septima
633 3049 753 3110 post
784 3041 1162 3111 Epiphaniam,
1190 3055 1289 3095 seu
1318 3043 1723 3111 decimaquarta
1746 3042 1771 3097 J
1795 3060 1950 3099 unua-

367 3132 464 3201 rii)
508 3133 831 3211 celebratur,
880 3149 947 3187 ne
974 3141 1123 3187 tanta
1163 3146 1230 3185 es
1264 3131 1944 3203 intercapediuecrcbrio-

368 3223 515 3277 ribus
542 3223 896 3278 conventibus
928 3224 1215 3279 multitudo
1243 3225 1459 3294 piorum
1507 3224 1789 3280 continens
1822 3225 1948 3280 lati-

367 3329 620 3388 garetur;
651 3319 747 3373 sed
787 3318 854 3373 de
885 3317 1169 3381 Cassiano.
1200 3329 1254 3375 et
1286 3321 1525 3385 Thecue,
1572 3336 1637 3377 ac
1674 3322 1946 3394 liaythuui

368 3402 618 3477 superius
654 3418 835 3465 actum
864 3418 946 3463 est
978 3411 1170 3464 iterum
1237 3412 1543 3479 iterumque
1602 3416 1849 3482 apposite
1878 3414 1945 3469 ad

367 3500 594 3567 primum
626 3499 783 3553 istam
810 3500 1211 3563 excursionem,
1245 3501 1348 3554 sub
1387 3516 1532 3554 anno
1563 3514 1744 3556 autem
1778 3505 1841 3558 (Ξ.
1872 3504 1942 3557 Ν.

367 3589 489 3644 505.
515 3588 796 3644 Miraberis
819 3598 1020 3653 autem,
1045 3589 1187 3658 quod
1215 3588 1266 3642 in
1293 3587 1676 3660 Martyrologio
1695 3591 1944 3646 Romano

368 3683 434 3735 ad
468 3678 537 3734 9.8
565 3679 687 3734 Maii
726 3676 901 3733 locata
939 3679 1012 3737 sit
1061 3666 1319 3732 secunda
1344 3678 1588 3733 incursio
1633 3678 1739 3733 ista
1780 3679 1945 3734 Sara-

367 3786 624 3826 cenorum
658 3772 728 3826 ita
772 3780 1031 3840 concepta
1064 3786 1079 3822 :
1126 3786 1145 3820 ι
1173 3765 1392 3823 Thecue
1417 3768 1470 3820 in
1494 3766 1778 3824 Palaestina
1814 3784 1945 3824 san-

369 3870 575 3916 ctorum
602 3860 989 3914 monachorum
1020 3867 1341 3927 martyrum,
1378 3859 1473 3927 qui
1503 3867 1745 3927 tempore
1775 3857 1946 3913 Theo-

366 3952 502 4004 tlnsii
531 3949 774 4003 Juniuris
819 3963 849 4001 a
878 3948 1162 4005 Saracenis
1203 3948 1369 4004 occisi
1394 3954 1543 4009 sunt,
1581 3961 1813 4017 quorum
1851 3963 1944 4003 sa-

367 4061 489 4099 cras
514 4045 770 4113 reliquias
792 4045 988 4100 accolae
1003 4043 1339 4114 colligentes,
1364 4057 1577 4098 summa
1594 4044 1943 4099 veneratione

369 4138 489 4192 illas
507 4136 833 4200 habuerunt,
857 4154 876 4188 ι
899 4151 1025 4191 cum
1057 4137 1109 4190 in
1141 4135 1444 4205 Menologio
1473 4133 1662 4189 Graeco
1700 4133 1943 4190 referan-

370 4239 455 4281 tur
508 4227 610 4282 ista
662 4227 748 4281 die
803 4228 1010 4282 decima
1045 4237 1239 4296 quarta
1290 4225 1536 4281 Januarii
1582 4221 1801 4285 :Obwt
1832 4227 1941 4281 τὸν

365 4319 701 4387 ἀσκητικὸν
717 4318 861 4382 ,βίον
889 4318 1235 4384 ποθοῦντες,
1256 4316 1405 4374 πᾶσι
1428 4316 1555 4384 τοῖς
1578 4317 1684 4372 τοῦ
1710 4319 1942 4387 κόσμου

366 4409 596 4475 oga/petr-
630 4408 920 4472 εἰπόντες,
952 4405 1259 4471 κατῴκουν
1283 4406 1396 4475 τὴν
1421 4405 1662 4476 ἔρημον.
1696 4407 1834 4463 Μεθ’
1856 4402 1944 4462 ὧν

366 4497 444 4569 ἦν
472 4501 503 4550 ό
525 4496 815 4566 μακάριος
832 4496 1042 4562 Νεῖλος
1062 4497 1324 4565 ἔπαρχος
1348 4497 1604 4566 γεγονὼς
1628 4502 1942 4552 Κωνσταν-

364 4591 789 4656 τινουπόλεως,
812 4593 845 4643 ό
867 4589 964 4642 καὶ
987 4588 1232 4658 δυνάμει
1261 4590 1467 4658 λόγου,
1493 4590 1594 4645 καὶ
1621 4591 1727 4663 τοῦ
1768 4590 1942 4661 ἁγίου

366 4683 708 4750 Πνεύματος
720 4680 934 4748 χάριτι,
957 4679 1258 4734 κάλλιστα
1290 4682 1723 4750 συγγράμματα
1746 4682 1943 4748 ἐκθεὶς

364 4776 515 4843 πρὸς
544 4776 710 4845 682
735 4773 1005 4841 ἄσκησιν
1032 4774 1442 4842 ἐπαλείφοντα
1463 4776 1561 4828 καὶ
1593 4774 1707 4841 τὴν
1734 4776 1913 4844 διαγω
1936 4806 1939 4809 -

363 4868 498 4938 τὴν,
530 4868 627 4922 καὶ
655 4867 1088 4935 αἰχμαλωσίαν,
1126 4866 1224 4919 καὶ
1250 4867 1564 4933 ἀναίρεσιν
1591 4867 1710 4921 τῶν
1756 4869 1944 4922 όσίων

360 4959 638 5026 Πατέρων
661 4958 886 5013 τούτων
908 4956 1261 5026 διιηφάψας.
1290 4952 1466 5012 Οὗτοι
1505 4957 1617 5026 γὰρ
1654 4957 1945 5026 ἀνῃρέθη-

361 5064 485 5104 σαν
521 5048 640 5102 ὑπὸ
670 5047 788 5102 τῶν
809 5046 1131 5115 βαρϐάρων
1159 5046 1349 5100 ὄντων
1389 5047 1733 5116 λεγομένων
1753 5051 1942 5117 Blep-

357 5141 551 5210 μύων,
578 5139 699 5194 ἀπὸ
737 5139 1004 5208 Ἀραϐίας
1045 5137 1157 5204 ἕως
1182 5138 1483 5209 Αἰγύπτου
1504 5138 1602 5191 καὶ
1624 5137 1942 5208 θαλάσσης

375 5227 659 5298 Ἐρυθρᾶς
687 5227 837 5282 κατὰ
865 5228 982 5297 τὴν
1015 5229 1239 5296 ἔρημον
1273 5230 1785 5298 παρατετιλμένων-ο
1839 5227 1942 5284 Isti

361 5321 715 5375 desiderantes
776 5321 934 5374 vitam
989 5321 1379 5375 exercitationis
1432 5322 1756 5387 monasticae,
1814 5339 1942 5376 cun-

360 5413 458 5466 ctis
495 5412 678 5466 mundi
717 5411 869 5466 rebus
909 5412 1273 5477 valedicentes,
1314 5411 1620 5465 habitarunt
1661 5414 1716 5466 in
1749 5413 1938 5467 solitu-

359 5504 501 5569 dine,
540 5519 656 5557 cum
687 5504 874 5575 quibus
900 5513 1013 5558 erat
1044 5504 1225 5557 beatus
1262 5500 1442 5563 Nilus,
1468 5502 1557 5569 qui
1582 5511 1629 5554 et
1683 5503 1731 5555 vi
1763 5504 1940 5571 copia-

359 5609 457 5664 que
489 5593 717 5663 dicendi,
746 5606 795 5651 et
824 5596 996 5651 sancti
1029 5594 1259 5665 Spiritus
1302 5593 1476 5665 gratia
1504 5594 1670 5662 pra'di
1699 5610 1782 5660 us,
1817 5594 1940 5663 pul-

2052 3046 2342 3114 sepulturze
2363 3044 2738 3099 universorum
2760 3062 2866 3100 nou
2903 3049 3097 3105 statim.
3118 3056 3239 3118 post
3267 3050 3469 3105 caedem
3503 3051 3628 3120 fuit;

2050 3145 2206 3192 erant
2247 3136 2448 3207 quippe
2499 3137 2674 3205 sparsi
2724 3138 2872 3193 varia
2916 3153 3009 3208 per
3057 3141 3273 3208 tuguria
3325 3142 3633 3213 singu‘i,et

2054 3239 2163 3283 tres
2195 3237 2403 3284 tantum
2443 3227 2510 3282 ad
2550 3227 2680 3285 Sina
2724 3228 2875 3284 fuere
2917 3232 3194 3298 trucidati,
3232 3234 3323 3287 alii
3358 3236 3545 3305 procul
3573 3237 3628 3292 in

2046 3321 2160 3377 suis
2199 3323 2449 3391 tuguriis,
2478 3339 2583 3385 nec
2627 3323 2979 3378 inverisimile
3010 3324 3224 3380 videtur
3249 3340 3278 3380 a
3313 3327 3404 3382 die
3444 3328 3507 3382 l4
3540 3325 3631 3382 Ja-

2047 3412 2247 3479 nuarii,
2274 3412 2342 3468 ad
2384 3413 2528 3468 diem
2554 3413 2624 3468 28
2655 3412 2802 3476 Maii,
2844 3414 3200 3470 remotiorum
3235 3414 3424 3470 funera
3457 3417 3630 3473 fuisse

2047 3509 2341 3567 protracta,
2376 3501 2427 3554 in
2458 3501 2838 3572 perquirendis
2867 3504 3012 3558 enim
3039 3504 3383 3574 corporibus,
3405 3514 3461 3560 et
3478 3521 3629 3561 cem-

2046 3588 2357 3655 portandis,
2413 3590 2733 3646 diuturnutn
2797 3604 3180 3661 consumptum
3244 3603 3328 3650 cst
3374 3604 3627 3666 tempus,

2046 3690 2145 3732 nec
2178 3685 2354 3753 tutum
2393 3688 2511 3734 erat
2537 3695 2603 3733 eo
2651 3696 2878 3735 munere
2920 3682 3208 3738 defunctos
3255 3687 3532 3752 prosequi,
3574 3693 3631 3740 et

2045 3765 2446 3821 multitudinem
2520 3769 2663 3822 ciere
2735 3768 2972 3824 ﬁdelium
3048 3773 3154 3829 ad.
3188 3773 3628 3833 cohonestandas

2043 3853 2354 3923 exsequias,
2398 3855 2570 3911 donec
2597 3857 2755 3926 quics
2784 3867 2928 3913 esset
2952 3873 2983 3913 a
3013 3858 3269 3916 Barbaris
3310 3862 3615 3930 impetrata,

2044 3960 2397 4015 ipsorumque
2436 3947 2881 4013 duxiadeundus,
2923 3956 2975 4002 et
3005 3949 3241 4005 orandus
3286 3960 3422 4017 erat,
3476 3962 3621 4009 ut'cs

2041 4036 2323 4108 Epitome,
2356 4054 2517 4107 quam
2550 4053 2672 4093 mox
2724 4037 3036 4108 subjiciam,
3075 4041 3402 4096 narrationis
3432 4044 3626 4098 a~Nilo

2043 4127 2164 4197 ipso
2202 4128 2545 4184 concinnatae
2580 4128 2803 4199 patebit.
2849 4128 2974 4185 Dies
3005 4138 3187 4184 autem
3220 4134 3355 4187 istos
3393 4132 3624 4190 Romani

2039 4218 2405 4292 Martyrologii
2471 4222 2791 4277 collectores
2841 4237 2967 4277 cum
3017 4223 3398 4290 rescivissent,
3464 4229 3626 4283 anxie

1973 4302 2019 4361 D
2045 4310 2405 4382 religioseque
2445 4302 2860 4377 censen-urunt,
2904 4320 3012 4367 tam
3042 4328 3164 4368 cum
3206 4312 3273 4369 de
3314 4314 3417 4371 hac
3444 4315 3627 4371 incur-

2042 4405 2199 4463 sione
2235 4407 2339 4463 sub
2381 4404 2691 4462 Thcodosio
2724 4416 2910 4478 agunt,
2945 4408 3012 4463 de
3037 4423 3146 4478 qua
3187 4417 3410 4467 sanctus
3434 4410 3622 4481 Augu-

2042 4501 2241 4565 stinus,
2258 4500 2418 4569 epist.
2436 4499 2536 4553 122
2554 4501 2622 4554 ad
2647 4500 3011 4556 Victorianum
3031 4520 3051 4567 ;
3072 4502 3365 4571 Nicephor.
3389 4502 3621 4568 Callisti,

2042 4586 2138 4645 lib.
2169 4605 2279 4652 Xiv,
2311 4605 2431 4659 cap.
2472 4589 2574 4657 54;
2611 4598 2665 4645 et
2695 4593 2990 4649 cardinalis
3030 4592 3322 4659 Baronius,
3349 4595 3402 4648 in
3424 4595 3620 4650 Annal.

2040 4681 2106 4735 ad
2142 4695 2233 4735 an.
2265 4680 2400 4747 “0;
2433 4696 2497 4735 ac
2528 4689 2752 4737 sanctus
2788 4682 3101 4752 llicronym.
3137 4683 3191 4737 in
3226 4682 3331 4738 Vit.
3363 4682 3618 4740 Patrum.

2039 4785 2203 4842 quam
2246 4789 2370 4829 cum
2402 4774 2468 4828 de
2492 4775 2614 4830 aliis
2642 4776 3040 4831 Saracenorum
3073 4775 3406 4843 incursibus,
3446 4778 3622 4847 deque

2040 4854 2769 4919 subsecutismouachorum
2811 4865 3049 4919 caedibus
3083 4874 3336 4933 tractant;
3375 4882 3501 4921 nam
3531 4867 3621 4922 die

2039 4954 2249 5008 decima
2316 4969 2459 5009 noua
2541 4954 2822 5010 Februarii
2882 4957 3079 5025 legitur
3129 4958 3184 5012 in
3234 4957 3619 5030 Martyrologio

2037 5045 2200 5116 683
2235 5047 2423 5101 eodem
2448 5086 2462 5108 ,
2498 5048 2944 5102 commemoratio
2975 5059 3288 5104 sanctorum
3323 5052 3618 5106 monacho-

2041 5150 2183 5199 rum,
2216 5144 2269 5189 et
2319 5135 2551 5190 aliorum
2589 5144 2908 5206 martyrum,
2964 5138 3057 5206 qui
3113 5154 3142 5192 a
3192 5139 3480 5195 Saracenis
3513 5141 3618 5196 sub

2038 5227 2177 5281 duce
2222 5227 2593 5281 Alemundaro
2640 5228 2937 5282 stevissime
2982 5230 3104 5283 caesi
3158 5239 3288 5286 sunt
3333 5231 3404 5286 ob
3455 5231 3615 5287 ﬁdem

2038 5317 2264 5372 Christi.
2317 5318 2445 5387 Ejus
2495 5318 2857 5373 meminerunt
2888 5318 3222 5389 Nicephorus
3251 5322 3479 5388 Callisti,
3515 5323 3612 5379 lib.

2038 5427 2150 5476 xw,
2178 5429 2228 5463 (τ.
2259 5410 2363 5475 53;
2393 5421 2583 5463 auctor
2603 5412 2859 5464 Historia:
2887 5412 3138 5468 Miscellw
3165 5416 3260 5469 lib.
3290 5431 3379 5480 xv,
3408 5430 3459 5484 p.
3487 5414 3611 5482 92],

2037 5519 2066 5556 e
2101 5501 2453 5571 TheOphaue.
2492 5512 2544 5554 et
2567 5511 2812 5557 statuunt
2856 5521 3059 5559 annum
3089 5507 3361 5561 decimum
3410 5522 3612 5561 nonum

2038 5594 2344 5661 Anastasii,
2379 5593 2440 5649 C.
2483 5592 2552 5649 Ν.
2596 5594 2733 5663 508;
2780 5596 3058 5653 Cedrenus
3088 5614 3291 5656 annum
3336 5599 3607 5657 deciiuutu
