3998 6116
439 209 568 276 14.11

1165 209 1315 272 JOS.
1355 207 1617 269 MARI/E
1656 207 2016 269 SUARESII
2057 209 2282 269 LIBER
2323 208 2953 272 CHRONOLOGICUS

3581 209 3719 278 1412

433 322 732 387 Anastasii,
763 319 860 376 501
901 319 966 376 C.
999 317 1064 373 N.
1106 332 1170 373 ac
1201 318 1553 372 indictionem
1577 319 1879 373 secundam
1899 317 2032 383 :alii
2065 325 2107 381 Α
2137 319 2324 387 passio
2355 319 2409 375 in
2438 316 2749 384 Palaestina,
2778 320 2845 375 de
2870 335 2979 389 qua
3011 321 3217 376 mentio
3237 320 3373 376 litin
3399 320 3717 380 Grecorum

435 416 706 470 Anastasii
731 412 1101 476 undecimum,
1123 410 1185 464 C.
1219 408 1280 462 N.
1309 410 1433 463 502.
1465 410 1753 479 Utcunque
1783 410 1873 472 sit,
1897 424 2020 461 car-

429 509 630 564 dinalis
685 505 981 568 Batonius,
1034 500 1090 558 et
1143 503 1345 557 Sethus
1405 500 1707 565 Calvisius,
1771 501 2030 571 quamvis

437 599 761 662 haereticus,
816 607 994 651 tamen
1053 605 1282 648 exactus
1337 602 1645 663 temporum
1679 599 2018 661 supputatnr,

436 706 638 744 annum
668 689 730 744 C.
764 687 830 742 N.
881 688 984 742 508
1022 687 1277 750 firmant,
1308 700 1419 754 quo
1445 684 1875 748 Alemundarus,
1909 685 2023 739 sive

432 783 840 837 Alamundarus
872 781 973 835 iSIc
1013 779 1244 840 Zeticcs,
1282 794 1349 831 an
1398 777 1742 831 Scenitarum
1777 777 2020 847 regulus,

434 893 529 932 seu
559 873 888 944 phylarchus
917 887 1040 926 cum
1069 870 1263 924 Zareta
1287 884 1412 938 rege
1437 868 1724 922 Persarum
1762 868 1816 921 in
1858 869 2022 923 Phae-

435 970 610 1022 nicem
675 975 729 1020 et
780 964 994 1036 Syriam
1045 962 1314 1025 excurrit,
1359 960 1594 1028 fecitque
1639 960 1905 1030 impetum
1966 962 2018 1013 in

437 1056 748 1112 Palaestinae
781 1055 940 1119 lines,
973 1064 1025 1108 et
1053 1063 1264 1123 strages
1295 1052 1398 1106 ista
1431 1051 1586 1106 tertia
1624 1052 2019 1106 monachorum

435 1150 536 1204 fuit
567 1159 696 1202 tunc
725 1147 890 1212 edita,
927 1145 1071 1215 quod
1107 1144 1321 1199 facinus
1346 1158 1536 1198 rursus
1567 1141 1884 1198 Vadicarius
1908 1142 2022 1198 fra-

437 1253 520 1296 ter
553 1240 716 1310 Agari
752 1239 1024 1292 demortui
1059 1237 1233 1290 fertur
1265 1250 1580 1289 renovasse.
1615 1234 2022 1291 Alcmundarus

437 1342 618 1389 autem
646 1331 846 1386 Christi
879 1331 1035 1384 ﬁdem
1061 1328 1345 1398 amplexus
1374 1336 1479 1389 est,
1504 1326 1571 1379 ad
1594 1341 1683 1380 an.
1709 1325 1772 1381 C.
1796 1325 1860 1381 N.
1889 1328 2016 1390 5l5,

437 1431 497 1475 ut
525 1418 818 1475 cardinalis
851 1416 1117 1470 Baronius
1162 1431 1191 1469 e
1221 1414 1550 1483 Nicephoro,
1586 1413 1658 1466 lib
1690 1430 1822 1478 xvu,
1855 1429 1904 1468 c.
1929 1415 2018 1479 35,

436 1522 491 1566 et
521 1519 744 1566 auctore
777 1509 1027 1563 Historia?
1073 1507 1351 1573 Miscellae,
1395 1511 1489 1564 lib.
1515 1507 1887 1577 suprascripto
1929 1523 2017 1572 xv,

438 1605 632 1674 probat
703 1602 771 1656 de
825 1602 1181 1656 conversione
1236 1602 1521 1664 Saraceni,
1565 1601 1656 1670 qui
1696 1614 1866 1668 nepos
1905 1606 2021 1653 erat

2128 409 2454 481 Menologio.
2491 428 2509 461 ι
2554 407 2740 466 'l‘oties
2762 409 2982 466 Barbari
3020 413 3264 484 aggressi
3298 422 3429 470 sunt
3474 415 3598 471 loca
3627 417 3718 474 illa

2128 507 2342 563 sancta,
2382 507 2437 552 et
2463 500 2809 554 cacodzemon
2841 501 3066 557 invidus
3099 503 3274 558 hostis
3303 505 3563 575 angelicas
3602 523 3717 562 mo—

2129 591 2429 646 nachorum
2453 592 2974 655 vitaz,Barbarorum
2998 607 3162 664 Opera
3179 597 3416 666 quietem
3431 614 3712 654 servorum

2130 680 2222 736 Dei
2262 683 2582 752 perturbare
2612 695 2844 741 conatus
2875 695 2981 753 est,
3010 696 3065 742 et
3103 703 3288 743 aream
3321 690 3484 746 istam
3533 707 3714 762 perse-

2127 774 2364 830 cutionis
2417 777 2732 832 turbinibus
2781 779 3079 846 ventilare;
3141 783 3287 837 unde
3341 797 3570 841 coactus
3615 785 3714 842 fuit

2126 865 2468 924 Justinianus
2498 870 2775 938 Augustus
2797 873 2850 925 in
2885 871 3015 926 Sina
3036 874 3320 930 castellum
3357 879 3711 946 exediticare‘,

2128 968 2188 1013 ut
2239 960 2363 1015 illos
2406 960 2641 1017 validius
2684 972 3007 1033 protegeret.
3056 964 3249 1020 'lurris
3305 968 3506 1020 etenim
3553 978 3708 1024 antea

2127 1059 2337 1107 tantum
2361 1061 2500 1119 erat,
2536 1055 2632 1109 sed
2667 1056 2714 1109 is
2748 1071 2945 1109 novam
2987 1057 3349 1112 munitionem
3381 1061 3707 1124 construxit,

2129 1155 2265 1202 tcste
2292 1149 2579 1218 Procopio,
2606 1149 2700 1204 lib.
2729 1167 2761 1203 v
2814 1150 2887 1204 De
2914 1151 3105 1218 cedi/ie.
3144 1150 3470 1218 Iustiniani,
3500 1170 3555 1224 p.
3580 1155 3705 1216 ηπ

2127 1239 2258 1307 quin
2306 1249 2359 1293 et
2397 1241 2536 1310 apud
2579 1239 2927 1310 Theopolim,
2967 1242 3083 1297 sive
3111 1245 3458 1300 Antiochiam
3499 1263 3707 1302 murum

2126 1324 2314 1379 Sancti
2349 1326 2586 1383 Maronis
2618 1343 2788 1398 prope
2835 1329 3097 1400 Daphnen
3137 1335 3453 1402 renovavit,
3497 1349 3552 1404 p.
3588 1335 3706 1390 129.

2131 1416 2225 1471 Est
2256 1427 2436 1472 autem
2468 1421 2868 1475 monasterium
2915 1421 3102 1476 Sancti
3134 1421 3380 1479 Maronis
3413 1426 3708 1495 principale

2130 1512 2586 1565 monasteriorum
2627 1513 2880 1567 secunda:
2915 1512 3105 1584 Syriae,
3138 1516 3300 1584 cujus
3348 1518 3709 1573 ambasciator

2127 1599 2390 1655 diaconus
2423 1600 2625 1656 Paulus
2658 1603 2710 1656 in
2759 1602 3364 1674 Constantinopolitano
3405 1622 3438 1659 v
3466 1622 3706 1662 acume-

437 1694 788 1749 Amerumnis
841 1693 894 1746 in
945 1702 1128 1746 castro
1162 1693 1368 1761 Anipcli
1405 1692 1599 1762 Syriae,
1635 1707 1758 1744 cum
1797 1690 2026 1744 vidisset
2056 1671 2099 1733 Β
2130 1691 2255 1746 nico
2310 1693 2575 1761 concilio,
2636 1695 2851 1750 actione
2897 1695 3093 1764 prima,
3152 1697 3480 1767 subscripsit
3529 1699 3708 1753 libello

439 1787 672 1856 speciem
726 1783 951 1838 infantis
992 1784 1045 1836 in
1085 1784 1448 1839 Eucharislia.
1497 1783 1716 1837 Helatio
1775 1782 2024 1852 Gregorii

441 1878 766 1947 Dccapolitaa
814 1876 1016 1943 prodiit
1062 1876 1204 1944 typis
1239 1875 1429 1932 Romae
1465 1892 1495 1930 a
1551 1876 1711 1929 Patre
1752 1873 1962 1930 Isidoro
1992 1887 2025 1927 a

445 1967 915 2037 Sanetu-Josepho
937 1967 1227 2021 Carmelita
1257 1967 1578 2022 Excalceato
1597 1967 1786 2021 Graece
1807 1965 2027 2021 Latine—

438 2077 548 2131 que
565 2061 859 2131 publicata.
888 2058 1294 2130 Paterquoque
1328 2059 1660 2130 TheOphilus
1691 2058 2022 2130 Raynaldus,

439 2153 601 2208 aliam
655 2152 1064 2208 conversionem
1111 2153 1374 2222 principis
1426 2151 1608 2207 Persa:
1642 2161 1694 2206 ‘a
1748 2150 1909 2204 Petro
1960 2150 2027 2205 de

439 2245 620 2300 Monte
655 2253 782 2299 tunc
809 2244 1064 2314 episeopo
1098 2243 1366 2298 Brixicnsi
1427 2259 1639 2299 versam
1683 2242 1934 2298 Latinum
1972 2241 2023 2294 in

439 2357 748 2397 sermonem
813 2356 878 2396 ex
938 2338 1128 2395 Graeco
1174 2337 1483 2408 Epiphanii,
1535 2334 1834 2404 Romaque
1881 2347 2028 2388 anno

439 2433 502 2486 C.
534 2433 603 2486 N.
631 2432 770 2487 i523
823 2445 1106 2494 excusam,
1141 2439 1198 2484 ut
1225 2429 1406 2498 arguit
1428 2444 1492 2482 ex
1523 2426 1928 2498 Epigrammate
1959 2424 2027 2479 ad

441 2525 752 2579 Matthaeum
814 2523 1097 2578 Gibertum
1162 2520 1464 2586 Datarium,
1526 2535 1654 2575 mox
1711 2519 2027 2589 episcopum

441 2613 715 2667 Veronen.
771 2611 1174 2679 dignissimum,
1212 2625 1321 2664 non
1367 2619 1572 2672 tamen,
1625 2617 1683 2662 ut
1725 2610 1930 2663 vocitat
1964 2607 2025 2660 P.

443 2690 582 2761 idem
628 2703 998 2772 TheOphilus,
1062 2703 1418 2768 cardinalem,
1472 2702 1659 2756 recudi
1708 2702 1924 2756 curavit
1972 2700 2028 2754 in

442 2797 639 2855 Gallia.
668 2797 740 2852 De
768 2795 956 2850 Iudaeo
984 2811 1079 2866 per
1101 2796 1420 2852 miraculum
1445 2807 1644 2852 sancta:
1677 2796 2030 2851 Eucharistiat

443 2893 510 2946 ad
546 2889 706 2944 ﬁdem
755 2888 1122 2944 Christianam
1173 2903 1444 2945 converso
1506 2887 1856 2943 Innocentius
1890 2887 2027 2942 Ter-

2130 1789 2548 1841 monachorum.
2615 1787 2738 1841 Fuit
2802 1800 2856 1841 et
2910 1788 3218 1843 Alexander
3282 1790 3707 1844 archimandrita

2127 1877 2292 1932 etiam
2340 1894 2408 1932 ex
2443 1878 2603 1947 epist.
2649 1877 2721 1930 2‘2
2763 1878 3067 1932 liormisdaa
3101 1879 3170 1932 de
3203 1878 3489 1934 Maronitis
3517 1883 3585 1933 ad
3615 1896 3704 1933 an.

2127 1966 2189 2021 C.
2217 1965 2284 2021 N.
2309 1967 2480 2033 1099;
2511 1966 2836 2022 Ptolemaaus
2863 1968 3064 2023 Lucen.
3098 1969 3150 2022 in
3175 1970 3368 2023 Annal.
3389 1986 3455 2024 ex
3487 1969 3709 2026 Richar-

2126 2060 2228 2125 do;
2259 2062 2348 2114 sed
2383 2072 2435 2114 et
2461 2061 2759 2116 cardinalis
2792 2060 3060 2116 Baronius
3081 2061 3132 2116 in
3161 2057 3315 2116 Notis
3350 2063 3416 2117 ad
3453 2065 3710 2134 Martyro-

2126 2153 2328 2223 logium
2388 2153 2696 2209 Romanum
2740 2155 2830 2209 die
2863 2154 2927 2207 21
2981 2153 3273 2219 Octobris,
3313 2166 3370 2211 et
3404 2159 3461 2212 in
3512 2159 3709 2212 Annal.

2126 2244 2418 2298 erctesiast.
2467 2244 2532 2299 ad
2563 2260 2763 2299 annum
2794 2245 2950 2299 “82.
2984 2244 3102 2299 Tibi
3132 2246 3376 2315 profecto
3405 2248 3709 2303 satisfaciet

2127 2347 2460 2407 purpuratus
2510 2337 2602 2391 ille
2657 2337 2803 2407 pugil
2865 2336 3150 2399 Ecclesiae,
3208 2354 3308 2394 nec
3370 2339 3710 2394 insimulabis

2127 2427 2458 2501 ἀπροσεξίας
2487 2431 2666 2484 virum
2707 2429 2851 2483 hunc
2895 2444 3196 2493 sumntum,
3233 2430 3277 2484 si
3329 2429 3551 2499 legeris,
3594 2446 3710 2499 quae

2127 2521 2322 2576 scribit
2345 2521 2410 2575 ad
2435 2521 2500 2575 Η
2525 2518 2792 2585 Januarii,
2816 2528 2871 2573 et
2897 2520 2964 2573 19
2994 2517 3275 2573 Februarii
3309 2518 3412 2585 (uti
3440 2534 3564 2588 pag.
3594 2519 3707 2581 16⁵1,

2130 2611 2181 2665 in
2206 2610 2359 2666 Notis
2383 2612 2450 2666 ad
2477 2610 2576 2666 Nili
2599 2611 2866 2679 διήγημα,
2892 2608 2952 2663 P.
2983 2607 3272 2678 Pessinus)
3304 2617 3360 2662 et
3387 2609 3709 2678 expenderis

2130 2705 2243 2760 haec
2270 2703 2432 2758 verba
2470 2720 2505 2770 :_
2531 2721 2550 2753 ι
2595 2701 2836 2771 Contigit
2865 2701 3133 2770 ejusmodi
3167 2701 3493 2772 gravissima
3527 2715 3704 2770 perse-

2127 2800 2295 2860 cutio,
2317 2805 2446 2860 etc.,
2485 2813 2504 2846 ι
2541 2803 2596 2849 et
2627 2793 2894 2863 ejusmodi
2925 2809 3021 2862 pro
3049 2793 3212 2847 simili
3241 2793 3484 2848 volueris
3516 2793 3709 2847 intelli-

2128 2895 2344 2960 gere,ct
2375 2886 2549 2941 amice
2569 2897 2787 2955 quoque
2806 2885 2929 2938 ista.
2967 2902 2985 2934 ε
3013 2881 3131 2938 Una
3159 2884 3383 2954 (inquit)
3407 2884 3706 2951 eademque

444 2983 550 3038 tius
602 2983 699 3037 lib.
733 2998 807 3048 tv,
850 2981 1012 3050 epist.
1041 2981 1130 3036 84.
1173 2981 1332 3035 Anno
1379 2981 1556 3050 primo
1587 2969 1874 3036 Iustiniani
1917 2981 2029 3034 Au-
2054 3004 2097 3063 ρ
2129 2979 2436 3051 persecutio
2458 2977 2884 3038 Saracenorum,
2908 2975 3021 3030 sive
3042 2990 3074 3028 a
3098 2974 3394 3030 Saracenis
3411 2983 3703 3038 commota,

444 3075 608 3144 gusti,
632 3073 696 3129 C.
729 3072 789 3127 Ν.
823 3072 950 3138 527,
984 3073 1146 3128 iidem
1205 3070 1546 3142 Nicephorus
1588 3081 1642 3128 et
1699 3081 1892 3128 auctor
1925 3071 2024 3127 Mi-

443 3166 621 3220 scellae
671 3165 893 3219 tradunt
944 3165 1048 3219 sub
1111 3164 1483 3219 Alemundaro
1516 3179 1643 3233 rege
1697 3164 1894 3220 Zeticae
1933 3163 2022 3235 (an

443 3257 629 3327 regulo
679 3255 1104 3327 Scenitarum?)
1137 3255 1188 3310 in
1225 3256 1588 3321 Palaestinam,
1655 3272 1750 3312 seu
1809 3255 2022 3326 Syriam

443 3345 698 3415 primam,
731 3345 1040 3399 excurrisse
1074 3343 1396 3409 Saracenos,
1445 3359 1650 3413 easque
1682 3343 2024 3413 deprtedatos

442 3434 637 3500 fuisse,
671 3450 846 3505 usque
893 3435 960 3489 ad
985 3434 1121 3491 ﬁnes
1164 3434 1487 3498 Antiochiae,
1542 3433 1678 3488 nihil
1727 3442 1906 3488 tamen
1955 3434 2024 3488 de

447 3527 756 3581 monachis.
1516 3539 1518 3542 '

519 3617 645 3671 Fuit
673 3627 727 3672 et
760 3619 1156 3672 monachorum
1189 3617 1552 3687 quadraginta
1587 3628 1826 3686 quatuor
1850 3615 2024 3671 cades

446 3707 505 3764 in
542 3708 695 3761 laura
757 3709 929 3763 sancti
983 3709 1140 3763 Saba:
1190 3710 1246 3762 in
1294 3706 1580 3762 Palaestina
1637 3705 1951 3760 occisorum
1992 3719 2023 3760 a

447 3799 760 3865 Saracenis,
794 3815 824 3856 e
851 3799 1088 3855 Baronio
1117 3799 1394 3855 cardinale
1433 3799 1499 3854 ad
1529 3798 1672 3853 diem
1716 3799 1782 3852 16
1813 3796 1935 3852 Maii
1969 3797 2020 3850 in

449 3888 602 3945 Notis
639 3889 705 3944 ad
739 3887 973 3942 Roman.
1029 3888 1374 3958 Martyrolog.
1401 3901 1458 3943 et
1485 3889 1538 3942 in
1571 3887 1770 3942 Annal.
1813 3888 1876 3942 ad
1923 3903 2022 3941 an-

448 3997 580 4036 num
617 3980 676 4036 C.
725 3979 794 4034 N.
820 3979 945 4045 6l9,
979 3995 1075 4034 seu
1124 3981 1250 4042 650,
1282 3979 1534 4034 Heraclio
1583 3980 1929 4048 imperatore,
1959 3980 2025 4033 de

449 4088 556 4144 qua
576 4071 830 4128 Moschus
871 4073 924 4127 in
961 4071 1135 4126 Prata
1162 4071 1454 4142 spirituali,
1487 4085 1537 4126 c.
1565 4071 1618 4135 4,
1651 4087 1707 4123 ιι.
1736 4070 1801 4123 ‘21
1857 4079 1911 4124 et
1931 4069 2021 4134 99,

448 4163 542 4219 ubi
593 4163 933 4236 Rosweydus
989 4164 1217 4218 laudans
1260 4164 1438 4233 ipsum
1487 4161 1816 4217 cardinalem
1857 4160 2025 4214 Barea

449 4255 632 4324 nium;
669 4255 764 4311 sed
807 4271 930 4313 cum
966 4255 1282 4327 μνημονικῷ
1319 4257 1678 4326 ἀμαρτηματι
1728 4254 1794 4307 ad
1829 4253 1896 4308 l9
1924 4251 2024 4306 Fe-

2129 3085 2184 3132 et
2213 3072 2416 3128 inﬂicta
2445 3069 2848 3141 suprascriptos
2881 3079 3104 3124 sanctos
3143 3068 3448 3124 monachos
3479 3068 3704 3123 diversis

2123 3168 2178 3221 in
2211 3165 2346 3220 locis
2379 3163 2589 3233 positos
2623 3162 2862 3225 vexavit,
2886 3160 3228 3230 diversisque
3263 3159 3461 3215 diebus
3487 3158 3702 3223 occidit,

2125 3257 2245 3328 (seu
2287 3254 2519 3310 diversis
2565 3250 2950 3321 temporibus),
2993 3261 3184 3305 utnon
3221 3251 3438 3306 mireris
3489 3252 3534 3305 si
3567 3264 3706 3319 sape

2123 3357 2316 3414 agatur
2347 3347 2401 3400 in
2437 3344 2690 3400 Romano
2719 3343 3101 3414 Martyrologio
3146 3343 3378 3398 inferius
3410 3343 3478 3398 de
3511 3357 3702 3398 mona-

2123 3441 2242 3494 chis
2269 3439 2427 3494 caesis
2475 3453 2506 3491 a
2549 3437 2862 3494 Saracenis.
2892 3437 2969 3494 lta
3018 3439 3327 3510 persecutio
3363 3437 3701 3502 Diocletiani.

2123 3537 2208 3590 vel
2246 3537 2478 3590 aliorum
2512 3544 2871 3608 tyrannorum
2895 3537 2952 3590 in
2981 3535 3330 3591 Christianos
3361 3535 3703 3590 debacchano

2125 3628 2256 3681 tium
2293 3627 2494 3682 dicitur
2521 3642 2651 3693 una,
2685 3630 2941 3698 quamvis
2969 3627 3202 3682 diversis
3243 3614 3461 3704 diebus,
3497 3635 3702 3695 tempo-

2123 3719 2384 3789 ribusque
2427 3718 2594 3774 fuerit
2625 3720 2861 3774 excitata
2913 3729 2968 3774 et
3007 3730 3407 3774 consummata.
3446 3737 3465 3770 ι
3500 3718 3541 3773 Ε
3589 3720 3706 3788 qui-

2125 3811 2226 3866 bus
2284 3811 2581 3867 cardinalis
2631 3810 2854 3865 Baronii
2910 3811 3129 3880 verbis,
3190 3826 3354 3880 quam
3403 3811 3566 3865 fuerit
3619 3811 3706 3864 ille

2124 3908 2359 3955 attentus
2384 3899 2437 3953 in
2464 3899 2736 3969 Operibus
2762 3900 2878 3956 suis
2908 3886 3109 3957 clarius
3140 3901 3375 3957 elucebit
3399 3901 3704 3972 aequissimo

2125 4002 2305 4045 rerum
2331 3991 2670 4046 aestimatori.

2194 4079 2331 4133 Dum
2359 4080 2510 4135 Nilus
2535 4096 2634 4150 pro
2663 4097 2816 4136 more
2841 4097 2944 4138 suo
2970 4082 3036 4136 ad
3073 4092 3317 4145 sanctos,
3352 4085 3444 4152 qui
3469 4093 3626 4138 crant
3654 4084 3705 4136 in

2126 4168 2301 4233 Rubo,
2329 4179 2381 4223 et
2402 4169 2586 4225 Graece
2601 4171 2778 4242 Βάτῳ,
2807 4187 2968 4241 quem
2996 4172 3209 4243 Moyses
3233 4173 3370 4226 vidit
3399 4173 3705 4232 ardentem.

2125 4270 2179 4315 at
2240 4260 2668 4328 incombustum,
2721 4263 2888 4317 Exodi
2940 4280 3018 4329 ut,
3075 4265 3145 4331 2,
3210 4265 3302 4318 ubi
3363 4265 3623 4319 sacellum
3676 4279 3708 4316 a

451 4347 678 4412 ὒτυπὶίο
737 4348 804 4402 de
851 4362 956 4417 ψη
1015 4356 1069 4401 ει
1125 4347 1428 4401 Αιιῑίοοιιυε
1483 4346 1538 4399 ίη
1594 4344 1854 4414 ΕΡῘεῑοιθ,
1925 4361 2018 4400 seu
2053 4349 2311 4408 Dsancta
2375 4353 2572 4409 Helena
2621 4355 2864 4426 Augusta
2913 4353 3016 4409 fuit
3067 4365 3445 4421 exstructum,
3501 4366 3559 4411 ct
3610 4355 3708 4411 sub

453 4442 752 4510 fragmento
775 4438 840 4492 ad
867 4437 1245 4502 Eusmchinm,
1276 4437 1420 4507 quod
1453 4438 1731 4507 praefixum
1763 4449 1848 4493 est
1879 4437 2021 4491 Pen-

448 4534 621 4585 decta:
657 4530 877 4583 intexta:
896 4538 1028 4583 tom.
1053 4527 1118 4581 1X
1149 4528 1489 4582 Bibliotheca:
1523 4527 2021 4587 Patrum.Sedcbat

455 4631 584 4675 tunc
606 4613 994 4689 Hierosolymis
1012 4620 1331 4688 patriarcha:
1356 4620 1408 4673 in
1434 4619 1756 4675 Persidem‘a
1780 4620 2021 4675 Chosroo

448 4711 665 4766 abducti
685 4713 1083 4782 τοποτηρητής,
1114 4711 1162 4764 id
1186 4724 1266 4765 est
1288 4711 1461 4765 locum
1480 4721 1652 4766 tenens
1669 4752 1684 4777 ,
1711 4712 1981 4767 Modestus
2005 4730 2020 4777 ;

455 4802 757 4871 imperabat
779 4798 1081 4865 lleraclius,
1118 4800 1212 4869 qui
1241 4799 1552 4856 Chrosroen
1578 4801 1728 4856 vicit.
1758 4800 1831 4855 De
1852 4801 2020 4854 mira-

446 4891 626 4954 culis,
685 4903 805 4958 qua:
851 4889 1204 4959 contigerunt
1253 4905 1377 4944 cum
1432 4890 1564 4944 illud
1625 4892 2022 4945 monasterium

452 4982 771 5035 invaserunt
804 4977 1059 5035 Saraceni
1086 4991 1279 5051 praeter
1316 4980 1617 5047 Moschum,
1647 4981 1882 5051 Cyrillus
1903 4995 2023 5034 mo-

452 5073 664 5127 nachus
693 5072 744 5125 in
774 5071 924 5126 Actis
947 5072 1120 5126 sancti
1154 5072 1330 5137 Saba},
1365 5073 1452 5127 die
1476 5073 1509 5127 5
1542 5075 1893 5140 Decembris;
1918 5073 2025 5126 Eu-

453 5165 694 5234 thymius
724 5167 892 5220 abbas
951 5166 1040 5219 die
1077 5166 1147 5219 20
1191 5164 1434 5219 Januarii
1486 5181 1776 5221 recensens
1812 5179 2026 5231 grassa-

452 5255 660 5309 tionem
677 5256 841 5326 685.
854 5255 1231 5310 Saracenicam
1249 5257 1353 5310 sub
1371 5256 1682 5321 Anastasio,
1700 5257 1766 5309 de
1779 5271 1883 5323 qua
1903 5265 1954 5309 et
1971 5255 2024 5308 in

454 5350 619 5403 rebus
657 5350 819 5416 gestis
863 5351 1035 5404 sancti
1054 5347 1280 5404 Joannis
1315 5349 1610 5403 Silentiarii
1662 5347 1804 5416 apud
1858 5344 2028 5400 Meta-

453 5441 734 5506 phrastem
783 5440 870 5494 die
946 5441 1013 5494 13
1064 5439 1210 5494 Maii.
1267 5442 1326 5492 in
1384 5439 1762 5508 Martyrologio
1809 5437 2026 5505 quidem

456 5529 706 5581 ﬂomano
734 5530 848 5582 haec
876 5529 1161 5597 habentur,
1201 5531 1286 5585 die
1310 5529 1374 5584 16
1398 5529 1519 5582 Maii
1554 5547 1568 5582 :
1597 5549 1614 5580 ι
1640 5527 2027 5582 Monachorutn

460 5615 516 5668 in
574 5615 722 5669 laura
789 5621 964 5675 sancti
1015 5621 1172 5675 Saba:
1222 5636 1252 5675 a
1285 5619 1573 5676 Saracenis
1625 5618 2028 5675 interfectorum

2121 4445 2276 4499 altari
2301 4446 2641 4516 compositus
2671 4446 2862 4516 ingens
2896 4447 3055 4516 lapis,
3083 4457 3137 4502 et
3165 4463 3328 4516 prope
3353 4463 3515 4517 quem
3542 4445 3709 4502 Justi-

2121 4537 2319 4592 nianus
2381 4537 2678 4606 imperator
2751 4555 3002 4608 magnam
3065 4540 3354 4594 ardilicavit
3421 4541 3706 4594 ecclesiam

2121 4627 2293 4683 instar
2322 4629 2484 4695 arcis,
2516 4639 2574 4683 ut
2596 4628 2899 4698 Procopius
2928 4631 3162 4686 laudatis
3190 4631 3328 4686 locis
3355 4631 3639 4696 describit,
3659 4639 3710 4683 et

2122 4729 2410 4775 attestatur
2457 4721 2650 4776 Petrus
2696 4739 2723 4775 a
2773 4722 2926 4777 Valle
2988 4732 3123 4777 tom.
3169 4721 3436 4793 IPeregr.
3476 4741 3526 4794 p.
3563 4724 3710 4779 286:

2123 4810 2188 4864 ad
2227 4822 2450 4867 sanctos
2477 4814 2765 4884 (inquam),
2815 4814 2866 4868 id
2903 4823 2984 4869 est
3016 4815 3372 4885 perfectiores
3394 4817 3712 4877 monachos.

2123 4902 2288 4969 paulo
2320 4913 2447 4957 ante
2477 4905 2544 4958 de
2577 4914 2764 4959 monte
2793 4903 2923 4958 Sina
2953 4905 3346 4968 descendisset,
3387 4915 3448 4960 ut
3493 4906 3716 4958 haberet

2124 5007 2246 5046 cum
2291 4994 2426 5062 ipsis
2472 5011 2738 5066 synaxes,
2792 5007 2843 5050 et
2890 4996 3247 5060 collationes,
3309 4997 3525 5066 aliaque
3552 4995 3713 5066 spiri—

2124 5082 2289 5136 tualia
2307 5085 2749 5149 exercitamenta,
2779 5086 3034 5139 monachi
3061 5086 3226 5140 etiam
3244 5086 3716 5156 distinguebantur

2123 5170 2180 5224 in
2230 5173 2563 5243 ἀρχαρίους,
2607 5174 2722 5229 sive
2787 5177 3082 5246 ἀρχαίους,
3123 5176 3174 5229 id
3219 5185 3334 5237 est,
3389 5176 3714 5243 incipientes,

2132 5266 2398 5334 μικροσχή
2408 5282 2558 5334 μους,
2585 5268 2678 5320 καὶ
2707 5267 3014 5338 μεγαλοσχή
3024 5285 3179 5338 μους,
3206 5269 3255 5322 id
3275 5276 3378 5330 est,
3402 5284 3566 5335 parva
3586 5277 3717 5321 ueste

2131 5356 2350 5408 amictos
2370 5395 2384 5419 ,
2416 5357 2729 5428 indutosque
2755 5357 2919 5430 685
2955 5375 3172 5428 magna,
3206 5359 3298 5429 qui
3327 5360 3524 5412 τέλειοι
3559 5359 3716 5413 καλό-

2131 5460 2291 5516 γηροι
2369 5447 2738 5513 dicebantur,
2820 5459 2880 5504 ut
2959 5453 3103 5520 apud
3186 5451 3716 5524 Hierosolymitanos

2130 5534 2343 5600 equites
2389 5535 2610 5602 novitii,
2651 5545 2702 5590 et
2748 5536 3140 5604 Grand-Croix,
3175 5539 3341 5604 Goar,
3394 5541 3582 5610 p.472,
3616 5539 3716 5594 488

2133 5633 2186 5706 et
2207 5624 2375 5682 5l7in
2399 5625 2650 5698 Eucltol.;
2677 5631 2767 5685 sed
2794 5646 2984 5688 vereor
3008 5649 3078 5690 ne
3095 5634 3167 5689 sit
3193 5634 3295 5689 hoc
3319 5634 3711 5689 monachorum
