3998 6116
288 271 442 359 tua

1644 273 1934 337 DE‘VIT'A
1976 272 2037 334 S.
2070 271 2152 331 Nl
2165 268 2237 330 L1

3420 246 3566 322 HM

282 399 579 459 discrimen
620 393 918 452 recentius.
976 365 1190 453 Evenit,
1245 386 1325 441 uti
1392 384 1505 456 jam
1554 381 1875 454 praenotavi,
1907 396 1954 451 Α
1983 382 2074 436 alii
2125 378 2349 435 nomine
2379 376 2608 433 Paulus
2662 384 2741 442 'et,
2794 371 3033 430 Joannes
3080 372 3195 445 jam
3247 369 3569 427 exhalarant

282 496 540 553 excursio
584 493 680 548 illa
719 486 1092 546 memorabilis
1140 483 1541 539 Saracenorum
1574 478 1641 533 ad
1671 490 1877 531 annum

280 589 345 647 C.
387 589 454 643 N.
489 587 617 653 M0,
683 583 777 655 qui
814 594 1012 637 canum
1062 579 1243 647 instar
1279 575 1677 645 exagitatarum
1726 567 1880 624 rabie

285 682 622 738 inconditum
654 680 876 734 edentes
904 674 1200 729 clamorem
1235 671 1288 725 in
1326 669 1420 724 Dei
1451 668 1601 721 viros
1648 665 1879 720 insilue-

285 785 418 829 runt
451 790 466 829 :
504 774 749 843 ipsorum
801 766 1093 829 helluinos,
1160 762 1475 830 ferinosque
1525 771 1708 813 mores
1763 756 1878 827 jam

286 848 541 938 graphice
567 859 859 927 delineavit
886 856 1042 913 Nilus
1069 856 1123 910 in
1147 869 1246 910 sua
1274 850 1713 923 Complotatione
1731 846 1881 919 (sic),

286 955 746 1030 quemadmodum
792 960 849 1008 et
894 947 1243 1014 Ammonius,
1291 960 1399 1000 non
1442 942 1730 999 violentius
1772 938 1882 1009 lupi

289 1049 446 1120 agnis
490 1046 773 1111 insultant,
806 1042 1103 1106 ululantes,
1123 1040 1179 1093 in
1212 1038 1405 1108 primis
1429 1030 1802 1097 cor-raserunt,
1831 1038 1886 1083 et

289 1142 654 1211 compilarunt
696 1149 1055 1208 quascunque
1094 1130 1486 1202 congesserant
1539 1124 1647 1180 illae
1683 1131 1886 1179 sanctae

293 1234 535 1290 formicae
565 1237 935 1302 praeparantes
973 1226 1041 1281 ad
1081 1222 1372 1279 hibernum
1414 1220 1619 1274 vietum
1656 1215 1887 1272 summi-

292 1338 431 1384 tates
468 1326 748 1387 arborum,
781 1323 1090 1389 baccasque
1123 1316 1424 1380 silvestres,
1466 1325 1591 1382 quae
1635 1308 1705 1363 ad
1741 1308 1889 1387 hunc

296 1436 458 1475 usum
509 1417 701 1474 scdulo
756 1415 1021 1476 collectae,
1070 1420 1123 1465 et
1173 1406 1461 1463 custoditze
1502 1401 1720 1467 siccari,
1774 1398 1891 1454 sive

296 1512 505 1578 durari,
541 1509 857 1578 servarique
894 1512 1163 1576 poterant,
1200 1516 1324 1556 mox
1355 1496 1668 1567 compulere
1700 1508 1891 1547 mona-

299 1610 434 1664 chos
469 1616 528 1661 ιιι
559 1621 652 1662 eas
704 1605 769 1658 ad
804 1618 926 1659 sese
995 1602 1381 1671 deportarent;
1418 1595 1559 1648 alios
1598 1602 1740 1644 vero
1774 1602 1894 1642 mo-

299 1702 545 1765 nachos,
601 1699 694 1769 qui
749 1703 906 1752 erant
964 1695 1111 1749 intra
1179 1689 1471 1746 ecclesiam
1532 1676 1891 1743 abstrahunt,

300 1795 619 1863 mutantque
660 1792 775 1845 suis
803 1786 1153 1848 centonibus,
1196 1788 1485 1853 provectos
1522 1784 1681 1832 aetate
1705 1773 1895 1842 dispoé

301 1899 439 1943 nunt
460 1886 652 1940 ordine
674 1883 741 1937 ad
772 1881 996 1947 caedem,
1026 1888 1140 1933 tum
1164 1875 1585 1930 circumstantes
1610 1867 1898 1923 truculenti

302 1976 589 2033 carnifices
642 1974 881 2029 eduxere
912 1968 1124 2038 gladios
1165 1967 1327 2030 irati,
1373 1972 1427 2018 et
1472 1968 1623 2016 torve
1653 1960 1897 2029 igneum,

303 2068 729 2135 rutilantcmque
758 2062 1153 2118 'subvolventes
1176 2058 1438 2111 obtutum
1494 2067 1622 2123 erga
1652 2050 1898 2127 strictam

304 2162 450 2215 illam
513 2152 720 2217 aciem,
781 2163 1139 2224 paratamque
1197 2147 1317 2204 neci
1366 2161 1465 2217 pro
1517 2142 1761 2205 Christo,
1810 2137 1900 2195 cui

308 2252 720 2307 faniulabaulur
747 2245 1045 2302 subeunda:
1092 2240 1307 2297 fortiter
1337 2255 1400 2295 ac
1439 2226 1731 2311 generose.
1753 2232 1900 2303 Lego

308 2358 502 2412 nempe
526 2339 807 2411 πυρωπόν,
833 2345 886 2391 et
912 2354 986 2389 πυ
997 2335 1216 2408 ρῤωπὸν
1241 2335 1324 2401 (ιιι
1346 2335 1398 2386 in
1422 2337 1594 2393 textu,
1623 2325 1900 2395 notisque,

308 2451 365 2505 p.
419 2434 540 2499 160,
568 2431 792 2487 doctiss.
836 2427 1143 2497 Pessinus).
1179 2424 1438 2479 Mandant
1475 2417 1746 2476 sacerdoti
1795 2415 1903 2472 loci

310 2526 474 2591 sacri,
508 2535 566 2580 ut
590 2522 876 2597 protendat
902 2520 1193 2579 cervicem.
1230 2515 1580 2583 inferuntquc
1606 2526 1713 2566 non
1738 2506 1905 2564 simul

312 2621 474 2675 ambo
505 2619 635 2687 (duo
664 2615 864 2672 etenim
900 2614 1078 2682 ipsum
1125 2605 1605 2677 circumstabant),
1632 2602 1726 2660 sed
1759 2617 1903 2657 unus

312 2718 438 2779 post
476 2707 642 2762 alium
685 2719 846 2760 enses
877 2705 1136 2772 utrinque
1188 2697 1501 2769 infligendo,
1534 2706 1597 2751 ut
1625 2694 1905 2751 crudelius

315 2803 600 2874 degustata
631 2806 805 2853 morte
838 2795 1203 2859 occideretur,
1245 2792 1430 2863 plagas
1474 2789 1542 2845 ad
1584 2789 1907 2859 interseapi-

314 2893 452 2947 lium
498 2902 552 2946 et
581 2890 911 2954 mamillam,
943 2902 974 2941 e
1019 2887 1220 2956 quibus
1270 2883 1360 2938 ille
1397 2881 1652 2938 sacerdos
1682 2880 1905 2936 victima

320 2979 433 3035 Deo
484 2994 641 3034 saera
692 2976 966 3041 concidit,
1028 2974 1172 3030 sicut
1224 2981 1280 3029 et
1318 2972 1439 3043 ejus
1497 2971 1907 3028 e‘oncellulanus

320 3071 680 3142 grandaevus,
729 3076 784 3123 et
824 3066 1036 3121 fractus
1083 3078 1195 3119 non
1237 3062 1398 3117 annis
1443 3070 1674 3125 tantum,
1721 3060 1815 3116 sed
1855 3066 1908 3113 et

321 3162 641 3219 monasticis
655 3160 977 3224 .iaboribus,
1013 3156 1249 3227 denique
1281 3170 1417 3226 puer
1444 3155 1551 3210 illis
1585 3152 1907 3209 ministratus

320 3257 505 3325 iussus
547 3255 785 3324 relegere
829 3251 1047 3311 baccas,
1123 3247 1204 3303 uti
1252 3247 1364 3318 jam
1419 3245 1661 3301 narravi.
1714 3242 1907 3298 Satiati

326 3348 578 3403 mactatis
635 3346 785 3401 hisce
838 3328 1017 3399 tribus
1066 3339 1293 3397 Barbari
1349 3338 1574 3408 reliquis
1624 3335 1909 3391 monachis

325 3441 639 3494 indicarunt
683 3445 742 3490 ut
789 3434 969 3504 fugam
1018 3441 1386 3503 capesserent,
1429 3442 1483 3485 et
1529 3430 1764 3495 abirent,
1810 3426 1910 3480 οὐκ

327 3528 444 3585 οἶδα
472 3527 525 3581 τί
573 3526 867 3588 παθόντες,
897 3538 1092 3578 manus
1156 3523 1360 3577 indicio
1409 3521 1729 3584 suadentes,
1782 3536 1908 3576 cum

330 3622 511 3677 adhuc
536 3625 782 3672 tenerent
808 3615 1073 3684 sanguine
1107 3611 1336 3666 infectos
1374 3625 1556 3677 enses,
1588 3613 1756 3664 nescio
1778 3628 1910 3680 quo—

330 3711 486 3764 modo
519 3708 717 3778 placati
748 3704 923 3775 (Nilus
960 3703 1159 3773 inquit,
1191 3717 1245 3772 p.
1275 3699 1366 3770 50)
1418 3715 1516 3772 per
1545 3709 1735 3770 tesqua
1775 3712 1912 3767 prae-

332 3799 515 3870 cipitia
578 3798 887 3868 gradientes
953 3793 1110 3848 ocius
1178 3789 1433 3845 monachi
1494 3782 1601 3844 nisi
1658 3796 1788 3843 sunt
1845 3786 1913 3842 ad

335 3901 576 3946 montem
602 3891 855 3954 evadere,
889 3901 993 3941 nec
1018 3884 1163 3940 enim
1206 3883 1292 3937 via
1321 3881 1446 3936 trita
1487 3889 1626 3945 erat,
1658 3878 1915 3934 haesitan-

338 3984 490 4046 tiam,
521 3981 946 4048 tarditatemque
974 3991 1129 4032 suam
1161 3972 1320 4030 Nilus
1351 3972 1438 4027 hic
1462 3973 1656 4043 pingit,
1701 3979 1815 4026 tum
1844 3970 1914 4026 ob

339 4080 576 4133 :rtatem,
609 4070 684 4123 uti
707 4070 818 4139 jam
857 4067 1150 4130 insin‘uavi,
1176 4074 1289 4120 tum
1313 4063 1461 4135 quod
1490 4061 1683 4118 abduci
1710 4060 1916 4117 videret

338 4160 680 4215 Theodulnm
728 4158 952 4213 unicum
1001 4172 1164 4213 suum
1220 4155 1414 4220 filium,
1466 4165 1523 4210 et
1558 4151 1915 4223 professionis

340 4254 551 4310 socium
587 4267 616 4306 a
656 4250 929 4317 Barbaris,
964 4250 1163 4319 illeque
1216 4256 1422 4319 patrem
1456 4246 1698 4301 vicissim
1730 4259 1916 4316 respe—

341 4351 541 4410 ctaret,
592 4341 1035 4412 pertrahentihus
1082 4339 1416 4394 immanibus
1436 4352 1574 4392 eum
1621 4334 1916 4392 tortoribus

1980 475 2243 536 animam,
2288 471 2724 543 prteiverantque
2787 474 3082 521 metatores
3137 460 3457 534 presbytero
3499 462 3568 516 ad

1982 566 2261 621 caelestem
2289 562 2516 629 gloriam
2550 561 2693 616 velut
2723 556 3197 615 anteambulones.
3224 555 3572 625 Sepelierunt

1978 658 2162 728 itaque
2201 654 2489 711 defunctos
2517 653 2606 708 die
2637 652 2868 723 septima
2899 660 3020 721 post
3057 648 3442 719 Epiphaniam,
3473 663 3570 703 seu

1983 750 2190 805 decima
2209 757 2403 818 quarta
2421 746 2691 812 Januarii,
2717 745 2792 800 uti
2821 744 2934 814 jam
2964 743 3126 799 toties
3146 743 3402 812 praefatus
3424 756 3571 807 sum,

1984 841 2239 898 monachi
2278 840 2603 911 superstites
2646 853 2773 894 eum
2798 837 2942 892 Nilo.

2059 934 2252 990 Omnis
2298 933 2354 987 in
2387 929 2667 987 Theodulo
2700 930 2882 987 stabat
2934 925 3090 983 ehari
3135 924 3377 997 parentis
3420 938 3573 979 cura.

1984 1024 2143 1080 Nilus
2179 1023 2347 1092 igitur
2393 1022 2513 1078 vale
2551 1021 2698 1077 dicto
2759 1019 2934 1075 sacris
2989 1008 3477 1077 commilitonibus,
3524 1022 3579 1068 et

1986 1116 2255 1172 missione
2294 1113 2461 1184 petita
2508 1110 2843 1183 temporaria
2865 1151 2879 1175 ,
2912 1125 2972 1166 se
3000 1104 3181 1165 itineri
3230 1104 3486 1178 accingit,
3519 1112 3581 1161 ut

1990 1218 2115 1263 eum
2141 1206 2483 1276 perquireret
2505 1244 2520 1269 ,
2554 1201 2958 1259 commendans
2993 1213 3053 1255 se
3088 1198 3432 1256 orationibus
3452 1212 3582 1253 san-

1992 1300 2064 1355 cti
2094 1307 2302 1362 ctetus,
2325 1308 2381 1353 et
2426 1298 2481 1352 in
2522 1295 2634 1353 Deo
2669 1295 2912 1365 deﬁgens
2946 1308 3166 1356 omnem
3202 1306 3353 1364 spem
3397 1305 3579 1357 suam,

1992 1395 2163 1457 utque
2204 1395 2390 1452 pastor
2426 1384 2784 1455 deperditam.
2834 1392 3155 1453 raptamque
3193 1382 3464 1435 oviculam
3494 1395 3583 1435 rc-

1994 1487 2378 1546 cuperaturus,
2435 1476 2710 1530 animatus
2759 1473 2979 1543 quidem
3032 1474 3133 1528 hac
3159 1472 3374 1538 fiducia,
3427 1485 3582 1527 erra-

1993 1570 2212 1624 bundus
2234 1577 2442 1630 tamen,
2473 1581 2538 1621 ac
2569 1565 2760 1635 lugens
2788 1558 3005 1618 l’haran
3040 1564 3189 1618 venit
3213 1563 3318 1634 (est
3345 1577 3410 1616 ca
3443 1561 3582 1615 urbs

1996 1658 2211 1714 Arabiae
2242 1657 2483 1722 Pirtrmre,
2529 1664 2584 1710 et
2635 1668 2797 1709 mons
2845 1654 2910 1709 ad
2948 1655 3133 1709 sinum
3173 1652 3467 1706 Arabicum
3526 1650 3583 1703 in

1927 1742 1969 1799 Β
1998 1750 2215 1821 Αὲεγβιὶ
2266 1749 2525 1803 conﬁnio.
2563 1747 2890 1802 Ptolemaeus
2956 1745 3210 1799 meminit
3259 1743 3583 1813 populorum

1998 1843 2441 1898 Pharanitarum.
2469 1839 2548 1896 ibi
2577 1840 2845 1895 habitavit
2868 1837 3063 1894 ismaei
3102 1837 3244 1892 lilius
3260 1834 3584 1896 Abrahami,

1999 1939 2056 1985 et
2080 1930 2243 1999 Agar,
2262 1928 2398 1982 Gen.
2423 1943 2473 1983 c.
2504 1942 2616 1991 im,
2638 1942 2689 1981 v.
2712 1926 2802 1990 22,
2840 1925 3050 1994 fuitque
3070 1924 3136 1979 15
3164 1925 3380 1979 mansio
3401 1920 3589 1993 populi

2000 2016 2170 2074 Israel
2189 2032 2254 2073 ex
2277 2026 2502 2072 auctore
2522 2015 2666 2071 Mar.
2696 2016 2886 2069 histor.
2910 2023 3101 2085 estque
3123 2014 3381 2084 solitudo)
3404 2014 3593 2083 ibique

2002 2109 2222 2167 habitos
2291 2126 2322 2165 ιι
2373 2126 2431 2166 se
2498 2118 2745 2165 recenset
2823 2107 2969 2163 ultro
3013 2109 3264 2178 citroque
3309 2120 3593 2162 sermones

1996 2216 2127 2261 eum
2192 2205 2515 2274 quibusdam
2544 2202 2996 2266 'accedeutibns,
3047 2201 3218 2255 vitam
3263 2199 3588 2263 solitariam,

2003 2299 2118 2352 sive
2140 2296 2474 2351 eremiticam
2524 2295 2959 2358 dilaudantibus,‘
2990 2302 3151 2363 atque
3184 2293 3592 2349 circumseden-

2000 2389 2152 2444 tibus
2189 2398 2244 2444 et
2275 2402 2495 2444 causam
2537 2388 2773 2459 gemitus
2827 2402 2892 2441 ac
2939 2385 3104 2441 fletus
3137 2385 3614 2457 exquirentibus;_

2006 2482 2063 2537 in
2084 2481 2353 2553 iaerymas
2380 2480 2527 2536 enim
2552 2495 2777 2551 gemens
2819 2478 3263 2549 eoliiqucscebat,
3298 2484 3364 2531 ac
3393 2476 3592 2531 sedens

2002 2572 2249 2642 eiulabat
2300 2571 2727 2633 miserabiliter,
2782 2570 3078 2641 respondet
3138 2578 3268 2626 suas
3320 2582 3594 2624 aerumnas

2000 2669 2228 2733 paratus
2270 2676 2572 2732 exponere,
2602 2662 2966 2733 deploratque
3003 2662 3370 2718 calamitatem
3409 2676 3593 2725 suam,

2006 2754 2214 2827 ﬁliique
2245 2754 2635 2826 captivitatem,
2669 2755 2753 2809 vel
2786 2755 2988 2811 eaedem
3018 2769 3183 2825 quam
3211 2755 3594 2823 praesumebat,

2006 2848 2280 2905 interdum
2305 2847 2642 2912 meticulose,
2665 2848 2944 2916 totiusque
2958 2847 3083 2901 vita:
3125 2861 3239 2902 suae
3262 2847 3596 2902 curriculum

2006 2955 2146 3009 pene
2201 2954 2363 2996 orsus
2402 2939 2638 2995 breviter
2668 2939 2945 3001 contexit,
2982 2938 3463 3008 interrogatusque
3523 2940 3594 2995 de

2011 3041 2192 3101 strage
2228 3038 2569 3092 sanctorum,
2621 3029 2820 3085 divinae
2866 3029 3224 3098 providentiae
3270 3029 3595 3099 specimina,

1935 3098 1980 3161 ο
2008 3129 2065 3177 et
2096 3098 2421 3177 documenta
2445 3120 2771 3191 quampiam
2792 3119 3119 3190 depromens
3140 3098 3313 3176 sacris
3340 3136 3369 3175 e
3391 3119 3592 3186 Libris,

2010 3224 2124 3271 tum
2158 3214 2521 3270 Barbarorum
2559 3213 2784 3280 rictum,
2832 3212 3153 3276 latrocinia,
3208 3212 3493 3278 saevitiam,
3545 3222 3602 3268 et

2010 3308 2343 3363 camelorum
2393 3305 2674 3368 carnibus,
2733 3319 2874 3373 quos
2928 3303 3231 3374 prmsertim
3281 3313 3598 3374 nuncupant

2009 3388 2335 3462 dromadas,
2379 3413 2473 3453 seu
2509 3395 2886 3451 dromedarios
2936 3409 2968 3450 a
3014 3410 3205 3459 cursu,
3243 3396 3596 3460 alimentum;

2010 3492 2202 3557 Stellae,
2227 3493 2341 3546 sive
2361 3490 2492 3546 astri
2524 3484 2759 3544 Luciferi
2791 3488 3021 3554 cultum,
3047 3488 3372 3544 sacrificium
3401 3504 3600 3559 puero-

2008 3598 2132 3637 rum
2180 3583 2356 3636 aetatis
2412 3581 2545 3636 ﬂore
2587 3596 2651 3636 ac
2698 3580 2913 3650 egregia
2959 3578 3130 3635 forma
3182 3579 3592 3643 excellentium,

2012 3674 2098 3727 vel
2141 3673 2277 3728 albae
2323 3682 2377 3728 et
2426 3674 2643 3727 macula
2701 3673 2943 3727 carentis
2995 3675 3217 3728 camelae
3263 3673 3540 3738 diluculo;
3571 3661 3603 3727 ε

2013 3778 2280 3820 converso
2308 3766 2705 3819 monachorum
2755 3766 2917 3817 vitam
2959 3765 3287 3835 angelicam,
3320 3764 3600 3834 pietatem,

2015 3863 2182 3923 atque
2208 3854 2680 3909 conversationem
2712 3862 2987 3909 austeram
3021 3854 3092 3909 ob
3120 3856 3312 3910 oculos
3338 3858 3513 3925 ponit,
3541 3864 3604 3910 ut

2017 3943 2344 4000 conveniant
2380 3944 2447 3997 ad
2482 3954 2634 3998 saera
2677 3943 2935 4013 mysteria
2975 3945 3445 4000 communicantes
3481 3963 3495 4011 ;
3534 3947 3603 4001 de

2016 4037 2190 4105 inani,
2240 4052 2404 4108 quam
2453 4035 2689 4108 fugiunt,
2728 4035 2921 4106 gloria,
2962 4045 3129 4107 utque
3179 4052 3304 4093 vere
3355 4038 3601 4109 philoso-

2016 4131 2260 4202 phantur
2296 4128 2501 4201 (Persa:
2532 4125 2777 4198 profecto
2809 4126 2987 4183 adhuc
3018 4126 3308 4183 immolant
3342 4129 3603 4184 feminam

2017 4220 2309 4287 camelum,
2356 4227 2496 4275 teste
2524 4216 2602 4273 La
2636 4213 2806 4284 Valle,
2835 4227 2990 4287 parte
3026 4234 3063 4284 ι,
3110 4233 3165 4289 p.
3197 4219 3304 4274 155
3330 4229 3390 4275 et
3433 4220 3523 4288 48,
3551 4228 3606 4275 et

2016 4309 2203 4367 Niceta
2231 4311 2283 4365 in
2321 4308 2440 4364 Vita
2469 4306 2526 4364 S.
2555 4306 2693 4363 Elite
2735 4307 2854 4362 noui
2880 4310 3152 4378 martyris,
3193 4324 3249 4379 p.
3278 4307 3415 4376 202,
3439 4325 3604 4380 quem

340 4434 588 4498 subinde,
615 4434 790 4487 donec
829 4431 1008 4486 innuit
1037 4430 1202 4495 filius,
1238 4438 1295 4484 ut
1323 4430 1427 4500 ipsi
1465 4428 1568 4484 sibi
1604 4427 1907 4483 consuleret

2021 4402 2253 4476 protulit
2298 4400 2593 4458 Combetis.
2642 4397 3070 4455 FlorebatElias
3121 4400 3223 4455 istc
3249 4413 3395 4454 anno
3439 4398 3500 4454 C.
3533 4397 3600 4453 N.

344 4537 526 4595 pater,
568 4523 806 4594 fugaque
846 4523 1078 4578 salutem
1129 4531 1431 4592 quaereret;
1472 4519 1714 4575 haerebat
1736 4527 1920 4574 tamen

343 4612 516 4680 Nilus,
540 4614 713 4668 donec
736 4613 963 4668 nimium
983 4613 1328 4668 intervallum
1347 4612 1466 4683 ejus
1487 4611 1676 4668 oculos
1696 4610 1924 4667 frustra-

347 4716 459 4760 tum
487 4718 590 4770 est,
624 4705 907 4761 deﬁciente
934 4705 1294 4762 nihilominus
1326 4721 1489 4762 sensu
1522 4705 1694 4773 visus,
1737 4712 1925 4761 secuta

345 4808 428 4854 est
488 4798 742 4854 voluntas
790 4806 844 4853 et
896 4812 1052 4852 amor
1093 4797 1266 4852 filium
1323 4798 1721 4863 comitabatur,
1770 4796 1926 4853 Nilus

351 4894 566 4947 tandem
627 4890 818 4946 dolore
868 4891 1150 4946 confectus
1199 4890 1475 4946 discessit.
1529 4878 1717 4945 Simul
1761 4899 1928 4960 atque

348 4986 604 5041 Saraceni
631 4984 822 5055 procul
848 4992 1213 5049 recesserunt,
1246 4984 1432 5040 multis
1456 4984 1580 5039 aliis
1607 4997 1707 5055 per
1736 4983 1929 5039 solitu-

350 5077 530 5131 dinem
580 5075 898 5141 trucidatis,
968 5081 1024 5131 et
1076 5074 1327 5130 discusso
1384 5071 1605 5137 nimbo,
1664 5071 1930 5127 serenitas

350 5166 558 5222 effulsit
587 5167 792 5236 aliqua,
826 5182 1022 5221 rursus
1044 5181 1170 5221 eum
1193 5163 1622 5220 a‘liis'monaehis
1650 5162 1930 5219 descendit

352 5275 383 5314 e
408 5268 589 5314 monte
619 5258 793 5323 Nilus,
824 5266 884 5313 ut
915 5257 1092 5313 tribus
1136 5256 1244 5312 illis
1275 5256 1449 5312 ofﬁcia
1488 5254 1669 5310 debita
1703 5253 1929 5309 exhibe—

354 5361 564 5419 rentur,
595 5353 1060 5422 humarenturque
1081 5352 1241 5415 beata
1260 5364 1509 5420 corpora.
1535 5348 1729 5404 Senem
1757 5347 1933 5403 adhuc

356 5446 459 5515 ipsi
496 5447 794 5516 spirantem
846 5454 1247 5515 compererunt,
1289 5443 1383 5514 qui
1435 5441 1721 5496 collectum
1774 5439 1933 5510 spiri-

360 5549 497 5602 tum,
522 5547 581 5593 ut
610 5552 709 5593 eos
733 5538 1113 5593 adhortaretur
1145 5536 1211 5592 ad
1245 5535 1591 5592 serviendum
1622 5532 1789 5604 683
1822 5531 1935 5586 Deo

360 5638 696 5694 constanter,
717 5629 935 5684 demum
967 5629 1185 5684 emisit:
1213 5627 1511 5681 vocabatur
1539 5625 1625 5679 hic
1654 5624 1937 5695 presbyter

360 5721 698 5792 'l‘heodulus,
724 5729 778 5778 et
797 5734 1059 5778 coronam
1083 5721 1324 5792 migrans
1344 5718 1411 5776 ad
1438 5717 1639 5775 caelum
1665 5716 1932 5783 obtinuit;

2023 4495 2148 4560 768,
2198 4493 2388 4551 mundi
2439 4490 2630 4562 6268);
2666 4492 2734 4547 de
2787 4490 3059 4546 Arabibus
3107 4491 3467 4559 nomadibns,
3510 4491 3605 4561 qui

2025 4589 2194 4645 stella;
2240 4585 2469 4642 Veneris
2514 4586 2789 4640 matutino
2819 4599 2882 4641 ac
2911 4582 3169 4640 Lucifero
3198 4594 3350 4640 astro
3379 4583 3603 4655 (gemini

2024 4681 2286 4753 praevium
2312 4677 2570 4748 temporis
2593 4678 2809 4732 vocavit
2829 4675 3033 4731 Seneca
3058 4673 3327 4743 tragicus;
3354 4682 3436 4728 est
3458 4673 3604 4727 enim

2025 4787 2221 4842 vesper
2275 4768 2475 4835 etiam,
2538 4783 2660 4838 quae
2718 4767 2948 4823 lucescit
2996 4767 3102 4834 bis,
3160 4766 3318 4836 quasi
3367 4765 3608 4820 educens

2026 4877 2337 4935 cogensque
2410 4861 2691 4943 stellarum
2733 4860 2965 4915 aliarum
3005 4859 3246 4929 gregem)
3276 4870 3331 4927 p.
3365 4857 3492 4912 2H.
3531 4855 3606 4910 lbi

2026 4953 2303 5009 Combefis
2328 4950 2509 5007 Nilum
2540 4950 2790 5007 dilaudat
2813 4951 2880 5005 de
2917 4950 3023 5005 isto
3051 4948 3384 5004 Saracenico
3421 4961 3609 5003 errore

2033 5047 2085 5100 in
2117 5045 2257 5100 libro
2294 5044 2368 5099 De
2397 5044 2542 5099 czede
2570 5050 2887 5098 sanctorum
2909 5039 3131 5095 Patrum
3163 5041 3217 5094 in
3247 5047 3433 5095 monte
3454 5038 3615 5105 Sina,

2031 5147 2085 5191 et
2114 5133 2291 5190 fusius
2320 5135 2454 5202 agit.
2624 5149 2632 5157 ’
3594 5140 3601 5145 ‘

2101 5246 2289 5302 Astitit
2350 5244 2472 5299 Nilo
2537 5257 2662 5298 cum
2740 5242 3018 5296 retulisset
3091 5241 3374 5296 incursum
3447 5238 3617 5294 Sara-

2032 5355 2329 5405 cenorum,
2390 5347 2443 5392 et
2490 5339 2688 5391 caedem
2747 5335 3179 5401 monachorum,
3222 5333 3381 5403 cujus
3438 5332 3617 5403 bypo~

2034 5433 2265 5505 typosim
2311 5431 2423 5501 jam
2481 5427 2736 5497 reposui,
2794 5424 3056 5495 profugus
3109 5424 3416 5495 ecaptivis,
3474 5437 3619 5493 quos

2034 5525 2255 5580 Barbari
2318 5520 2844 5590 comprehenderant
2895 5517 3115 5588 elapsus
3159 5531 3226 5573 ex
3279 5531 3466 5571 eorum
3517 5531 3618 5571 ca-

2035 5619 2184 5679 stris,
2238 5631 2430 5671 servus
2469 5628 2664 5682 nempe
2707 5610 3023 5682 Magadonis
3046 5611 3343 5677 senatoris,
3388 5620 3441 5665 et
3472 5626 3614 5665 nun~

2039 5714 2135 5769 tiat
2159 5709 2324 5781 687
2359 5708 2538 5763 adhuc
2571 5705 2835 5761 anhelans
2870 5719 2927 5761 se
2953 5704 3052 5759 abs
3083 5703 3190 5759 illis
3218 5702 3494 5775 aufugisse
3517 5701 3617 5755 de~
