3998 6116
465 222 601 287 14ῐὸ

1211 222 1360 283 JOS.
1401 221 1667 282 MARI/E
1706 222 2067 282 SUARESII
2109 221 2344 283 LIBER
2379 220 3019 284 CHRONOLOGICUS

3611 228 3730 293 1416

455 337 753 408 signatum,
792 347 850 390 ut
883 334 1259 389 immolaretur
1305 349 1430 389 cum
1474 332 1758 403 Theodqu
1805 333 1906 387 Nili
1939 333 2051 387 lilio
2081 342 2126 398 Α
2153 335 2432 396 ernittunt,
2482 335 2626 387 unde
2673 333 2924 387 scintilla:
2973 332 3241 398 decussae,
3290 335 3460 408 688
3487 346 3542 392 et
3570 339 3623 392 in
3661 341 3732 395 fn-

456 427 796 482 illncescmti
845 424 1097 480 Lucifero
1126 443 1141 478 :
1170 435 1456 494 percenset
1503 436 1825 496 apparatum
1874 427 2049 480 sacri-

457 519 588 581 ficii,
631 529 683 573 et
717 516 1005 580 Tlieoduli,
1052 516 1146 586 qui
1187 526 1431 586 perstare
1479 518 1744 579 voluerat,
1791 528 2047 570 constan-

455 609 611 671 tiam,
666 608 860 663 confisi
914 608 1113 662 divina:
1165 608 1588 670 misericordiae,
1647 609 2044 662 innnanitatem

456 703 751 757 nomadum
814 703 1055 756 Arabum
1113 710 1320 756 tantam
1382 701 1634 768 allii-mat,
1674 710 1731 754 ut
1784 709 2048 755 exuerent

454 810 672 849 omnem
734 795 1162 856 humanitatem,
1218 803 1272 848 ct
1322 793 1576 849 saevirent
1622 793 1807 862 impie,
1853 791 2048 845 innua-

456 885 708 956 niterque
760 885 812 938 in
871 885 1192 947 monachos,
1247 900 1481 954 cmnque
1538 884 1756 936 illorum
1807 897 2044 952 corpora

455 977 746 1031 illudentes
795 977 1297 1036 cxcarnilicassent,
1355 975 1620 1044 insepulta
1672 975 1763 1028 illa
1807 974 2044 1028 derelin-

451 1077 705 1140 querent,
736 1086 834 1123 nec
865 1071 1030 1122 humo
1061 1078 1260 1138 tegere,
1289 1068 1372 1120 vel
1397 1067 1629 1121 obruere
1659 1067 2042 1136 dignarentur,

453 1162 546 1216 sed
583 1161 690 1215 Deo
722 1162 1045 1214 devotorum
1095 1161 1293 1216 anima:
1319 1158 1377 1212 in
1412 1159 1612 1216 caelum
1658 1165 1890 1227 receptae
1922 1159 2042 1211 rin-

452 1255 656 1308 dictam
700 1272 728 1304 a
778 1252 887 1305 Deo
929 1251 1273 1322 flagitabant,
1317 1261 1370 1305 et
1413 1249 1641 1320 sanguis
1674 1250 1742 1304 ad
1773 1265 1896 1304 eum
1932 1249 2043 1302 cl.r-

452 1346 655 1400 mabat.
704 1346 832 1399 Erat
878 1347 1102 1400 nuntius
1147 1346 1249 1398 iste
1282 1358 1476 1400 servus
1520 1341 1836 1411 Magadonis
1880 1357 2042 1396 sena-

451 1439 606 1500 toris,
643 1437 736 1506 qui
778 1437 1006 1500 addidit,
1048 1446 1106 1490 ut
1136 1436 1347 1489 Arabes
1398 1435 1472 1488 illi
1521 1434 1800 1488 tribunum
1837 1433 2041 1486 milita-

453 1531 584 1585 riter
638 1540 1029 1599 repugnantem
1090 1526 1509 1596 interceperint,
1578 1537 1631 1580 et
1689 1527 2037 1580 membratim

449 1622 744 1678 ceciderint
784 1621 1112 1692 (στρατηγὸν
1139 1622 1236 1690 τῆς
1281 1620 1557 1682 matteis:
1608 1619 1792 1672 ducem
1854 1619 2035 1688 reipu-

449 1720 598 1772 blicae
629 1716 960 1784 vertissent),
992 1715 1276 1769 dominum
1314 1729 1440 1766 vero
1482 1728 1642 1766 suum
1676 1710 2031 1782 Magadonem

449 1811 666 1878 publico
698 1806 1038 1877 perfunctum
1092 1819 1317 1858 niunere
1347 1819 1473 1858 cum
1523 1805 1636 1857 filio
1705 1803 2033 1870 duobusque

451 1899 667 1953 famulis
731 1907 922 1952 contra
975 1893 1134 1947 Iidem
1193 1888 1380 1946 datam
1437 1890 1852 1952 interfecerint,
1914 1897 2030 1942 tum

449 1990 778 2044 muriaelium
837 1985 1201 2040 venerabilem
1272 1985 1603 2052 praecipitem
1666 1981 1922 2036 dederint
1978 1980 2033 2034 in

451 2091 678 2147 petram,
706 2075 1061 2146 scopulumve
1083 2073 1426 2141 subjectum;
1456 2089 1581 2126 mox
1627 2071 2032 2126 adolescentem

451 2171 776 2225 monachum
824 2167 1226 2226 obtruncarint,
1279 2174 1393 2219 tum
1440 2163 1606 2216 alium
1653 2163 2035 2217 adolescentu-

450 2263 560 2316 lum
611 2262 921 2323 anituosum
974 2257 1293 2311 vulneribus
1340 2255 1700 2319 confecerint,
1737 2268 2031 2310 occurren-

447 2365 635 2423 tesque
670 2361 780 2407 tres
819 2351 1020 2416 adhuc,
1052 2357 1105 2404 et
1146 2351 1196 2402 in
1231 2347 1464 2418 tuguriis
1494 2346 1729 2408 duobus,
1768 2357 2030 2414 repertos,

447 2445 516 2499 ad
563 2452 809 2498 austrum
854 2441 1074 2510 quidem
1114 2453 1306 2502 unum,
1351 2448 1404 2492 et
1437 2439 1668 2490 alterum
1704 2438 1771 2490 ad
1815 2446 2032 2506 septen-

448 2535 712 2599 trionem;
736 2562 803 2573 -
817 2532 1118 2586 universim
1138 2541 1261 2586 octo
1280 2531 1598 2592 monachos,
1621 2530 1820 2597 quibus
1835 2530 1880 2584 si
1904 2529 2033 2599 jun-

447 2633 648 2694 gantur
700 2633 811 2678 tres
843 2624 1142 2686 nominati,
1188 2622 1496 2691 sepultique
1525 2622 1776 2690 superius
1800 2662 1832 2686 ,_
1861 2623 2030 2677 unde-

447 2718 557 2772 cim
595 2714 1086 2786 computabuntur;
1117 2742 1187 2756 ——
1214 2727 1275 2770 se
1304 2714 1394 2767 ille
1422 2729 1614 2768 servus
1661 2722 1739 2768 tot
1790 2714 2030 2770 caedibus

451 2805 804 2877 perterritum
864 2804 1165 2874 arripuisse
1218 2802 1399 2874 fugam
1455 2806 1689 2870 asserit;
1746 2806 1840 2860 sed
1897 2806 2028 2876 quid

449 2906 629 2952 actum
673 2894 973 2960 Theodulo,
1023 2909 1182 2964 quem
1230 2895 1616 2950 immolandum
1662 2896 1762 2966 ipsi
1805 2895 2028 2952 Barbari

2152 424 2283 479 mite
2334 425 2608 479 siccorum
2654 425 3050 494 aridorumqne
3099 425 3461 495 virgultorum
3507 442 3735 501 exceptat

2149 513 2425 570 flammam
2474 515 2778 571 excitarent
2825 516 2895 570 ad
2947 531 3145 572 carnes
3197 522 3626 590 concoquendas
3683 524 3733 578 in

2149 605 2364 661 itinere.
3635 678 3642 685 .

2222 696 2428 750 interea
2477 697 2667 764 Nilus,
2724 698 2928 770 aliique
2973 699 3115 755 versi
3155 700 3222 753 ad
3275 699 3445 756 cilicia
3495 702 3730 762 funebria

2148 789 2292 842 circa
2327 805 2596 844 czesorum
2649 803 2906 859 corpora,
2954 794 3208 861 quintum
3237 794 3350 864 jam
3391 796 3561 858 diem,
3599 816 3733 851 tuor-

2151 891 2272 935 tuos
2313 896 2407 936 eos
2449 881 2808 947 invenerunt,
2852 893 2906 936 et
2941 883 3046 938 huc
3088 885 3326 954 illucque
3361 887 3602 956 jacentia
3655 908 3738 946 ca-

2145 973 2342 1027 davera
2369 973 2519 1032 nullo
2575 983 2712 1028 tetro
2775 973 2975 1029 infecta
3035 976 3245 1040 odore,
3306 993 3410 1032 non
3462 984 3729 1049 putredine

2146 1065 2360 1130 vitiata,
2411 1080 2511 1120 nec
2558 1066 2753 1120 violata
2806 1081 2991 1122 morsu
3030 1068 3328 1144 bestiarum
3361 1071 3646 1136 feracium,
3683 1086 3729 1129 et

2145 1160 2581 1220 earnirorarum,
2620 1160 2713 1213 sed
2752 1160 3085 1230 incorrupta,
3127 1172 3180 1216 et
3212 1162 3444 1233 integra,
3479 1181 3577 1219 nec
3612 1168 3722 1221 dis-

2144 1250 2323 1306 soluta
2359 1251 2439 1303 vel
2471 1249 2638 1317 litua,
2674 1262 2730 1304 ut
2766 1252 2989 1317 assolet,
3020 1269 3254 1322 quorum
3283 1257 3505 1309 nomina
3535 1258 3727 1313 di.lice-

2144 1351 2270 1396 runt
2313 1343 2381 1396 ab
2415 1343 2506 1397 illo
2546 1341 2859 1410 Magadonis
2900 1360 3059 1398 servo
3091 1363 3104 1399 :
3150 1346 3203 1399 in
3241 1345 3562 1404 Betlmmbre
3599 1351 3726 1408 Pro-

2142 1434 2346 1496 culum,
2399 1434 2688 1504 Hypatium
2740 1436 2791 1488 in
2851 1436 3013 1498 Geth,
3070 1436 3218 1492 Isaac
3270 1439 3327 1494 in
3379 1446 3721 1510 monasterio,

2144 1524 2196 1578 in
2251 1526 2532 1580 mansione
2577 1527 2856 1584 eremitica
2917 1529 3136 1594 Salael,
3193 1529 3492 1587 Macarium
3553 1545 3722 1591 autent

2141 1626 2196 1669 et
2243 1615 2480 1670 Marcum
2543 1634 2638 1688 per
2693 1616 3044 1675 solitudinem
3090 1633 3244 1678 extra
3293 1627 3628 1694 mansiones,
3677 1641 3726 1684 et

2075 1677 2113 1730 Β
2144 1705 2425 1777 llenjamin
2460 1708 2515 1761 in
2567 1711 2839 1765 exteriore
2873 1727 3057 1768 eremo
3098 1713 3288 1782 IElim,
3342 1718 3634 1774 Eusebium
3675 1721 3724 1776 in

2142 1795 2273 1852 Tola
2309 1799 2500 1868 (locus
2533 1809 2616 1855 est
2668 1802 2769 1856 hoc
2800 1803 3020 1858 nomine
3069 1804 3138 1859 ad
3169 1817 3476 1863 extremum
3525 1813 3719 1868 mentis

2143 1890 2330 1956 pedem
2380 1891 2572 1962 quinto
2617 1893 2792 1962 lapide
2841 1894 2911 1948 ab
2964 1896 3078 1950 aede
3127 1912 3305 1959 sacra.
3355 1901 3445 1955 ubi
3495 1901 3724 1959 Joannes

2139 1981 2412 2038 Climarus
2467 1998 2641 2038 annos
2705 1987 3063 2057 quadraginta
3111 1992 3321 2060 pert-git
3368 2008 3492 2046 cum
3546 1993 3724 2064 Diosc)

2137 2083 2192 2128 et
2224 2073 2394 2128 Eliam
2429 2076 2481 2129 in
2513 2075 2660 2143 Aze;
2691 2077 2745 2131 in
2774 2076 2954 2135 Patris
2994 2078 3068 2142 Le
3102 2065 3282 2136 Stieur
3322 2085 3574 2141 versione
3603 2087 3723 2143 Gal-

2139 2165 2242 2220 lica
2283 2166 2373 2220 hic
2417 2167 2568 2222 Isaac
2596 2169 2931 2240 adjungitur,
2974 2187 3038 2227 ex
3081 2173 3316 2230 Eusebio
3343 2187 3396 2232 et
3417 2176 3554 2237 Elia.
3590 2179 3724 2235 Cum

2138 2258 2274 2313 alter
2304 2258 2591 2317 confossus
2623 2263 2794 2331 plagis
2819 2265 3000 2318 adhuc
3028 2260 3268 2323 animam
3302 2269 3566 2337 traheret,
3598 2288 3718 2327 eum

2137 2349 2494 2418 deportarunt
2540 2353 2593 2408 in
2629 2355 2922 2422 cellulam,
2965 2368 3018 2412 et
3057 2360 3335 2427 persoluto
3381 2363 3610 2432 reliquis
3643 2364 3724 2418 of-

2135 2443 2282 2508 ficio,
2333 2443 2563 2500 reduces
2595 2448 2965 2503 exanimatum
3011 2465 3176 2519 prope
3227 2451 3503 2522 bydriam,
3551 2455 3606 2508 in
3640 2473 3723 2527 ge-

2138 2549 2243 2588 nua
2280 2551 2534 2606 pronum,
2569 2546 2623 2591 et
2653 2557 2681 2592 a
2708 2551 2836 2609 potu
2873 2553 3091 2612 prepter
3117 2543 3399 2598 vulnerum
3425 2545 3722 2602 inflamma-

2139 2629 2366 2696 tionem,
2399 2632 2528 2687 dum
2554 2634 2688 2698 sitit,
2718 2633 2984 2691 defecisse
3015 2651 3373 2708 agnoverunt,
3407 2650 3462 2696 et
3487 2643 3535 2696 ei
3559 2645 3718 2699 etiam

2132 2725 2281 2794 justa
2316 2725 2592 2795 fecerunt;
2621 2737 2673 2795 et
2717 2730 2985 2799 siquidem
3035 2731 3123 2786 isti
3177 2745 3301 2789 octo
3351 2748 3481 2791 sunt
3523 2739 3615 2793 alii
3648 2741 3714 2793 ab

2137 2818 2244 2873 illis
2286 2829 2428 2885 octo,
2474 2837 2706 2890 quorum
2753 2822 2954 2877 caedem
2989 2837 3344 2882 enarraverat
3383 2845 3576 2884 Servus
3610 2831 3719 2884 Ma-

2137 2911 2382 2981 gadonis,
2426 2915 2628 2983 quique
2666 2930 2790 2994 curn
2836 2915 3031 2983 tribus,
3076 2935 3215 2988 quos
3263 2921 3536 2990 primitias
3577 2941 3718 2985 Inar-

449 2989 828 3052 susurrabant.
859 2988 1114 3056 igtlorafe
1145 3001 1204 3042 Sc
1238 2986 1454 3041 ῖιιῐθῑιιτι
1489 2985 1691 3056 Inserit
1723 2987 1879 3042 Nilus
1908 3005 2024 3058 8"3'
2057 3025 2098 3080 ο
2134 3013 2310 3073 tyrum
2363 3005 2579 3058 illorum
2633 2988 2758 3074 jure
2815 2985 3295 3078 nuticupabimus,
3347 3014 3711 3068 noremdeciin

448 3083 598 3136 viore
625 3080 994 3136 sollicitudine
1026 3093 1323 3149 oppressus
1373 3084 1648 3134 somnium
1679 3097 1862 3145 suum,
1903 3097 2026 3136 cum

451 3189 563 3243 prae
613 3173 800 3228 dolore
841 3171 1242 3236 obdormisset,
1276 3180 1336 3224 ut
1374 3171 1567 3240 opinor
1591 3211 1607 3236 ,
1644 3173 1792 3228 visus
1822 3174 1926 3228 sibi
1963 3175 2030 3227 ab

449 3267 631 3335 ignoto
691 3263 959 3318 redditam
1023 3263 1308 3331 epistolam
1361 3263 1478 3326 lilii,
1521 3262 1576 3315 in
1621 3264 1780 3332 cujus
1833 3264 2031 3319 inscri-

447 3356 632 3423 ptione
655 3369 714 3408 se
751 3352 1020 3422 μακάριον
1061 3350 1381 3406 Tlteodulus
1418 3353 1799 3418 attestabatur,
1830 3353 1880 3406 id
1924 3364 2027 3416 est,

447 3447 692 3514 felicem;
727 3444 876 3498 addit
919 3442 1288 3496 fortitudinem
1323 3440 1606 3507 cujusdam
1653 3442 1844 3496 matris
1886 3441 2030 3496 Pha-

450 3553 545 3590 ran
580 3533 862 3589 incolentis
885 3574 900 3597 ,
937 3548 1059 3601 quae
1091 3531 1288 3585 mulier
1319 3545 1446 3585 vere
1478 3529 1638 3587 fortis
1668 3532 1890 3602 inventa
1921 3540 2024 3587 est.

447 3627 582 3681 Nam
613 3626 784 3680 ﬁlium
828 3625 1228 3680 adolescentem
1265 3639 1294 3677 a
1330 3623 1586 3678 Barbaris
1619 3625 2027 3693 grassatoribus

449 3719 871 3786 interemptum,
917 3726 974 3769 ut.
1020 3713 1335 3785 praefertur,
1387 3730 1511 3770 cum
1565 3717 1887 3786 accepisset,
1919 3733 2025 3772 non

448 3810 782 3866 muliebriter
810 3808 1023 3878 ejulans
1072 3823 1196 3862 eum
1248 3806 1487 3872 deﬂevit,
1521 3808 1614 3863 sed
1665 3807 1775 3865 Deo
1823 3810 2026 3880 gratiis

445 3917 635 3975 agens,
675 3903 851 3972 deque
881 3901 1054 3972 ipsius
1100 3901 1278 3956 salute
1308 3915 1522 3967 secura,
1552 3915 1738 3956 necem
1765 3902 1910 3957 illius
1937 3917 2028 3972 ge-

445 4009 638 4050 nerose
668 3994 939 4060 tolerarit,
985 4001 1041 4047 et
1089 3993 1192 4048 sibi
1225 3994 1403 4062 potius
1431 3992 1699 4063 gratulata
1732 4003 1836 4055 est,
1868 4001 2027 4047 tune-

441 4104 550 4158 que
595 4088 743 4141 illius
772 4087 1022 4156 exemplo
1047 4101 1105 4140 se
1156 4096 1513 4147 commotum,
1545 4086 1860 4155 pudoreque
1893 4100 2025 4140 con-

442 4179 626 4232 fusum
691 4179 930 4232 erexisse
1012 4177 1256 4230 animum
1343 4178 1635 4230 confitetur
1708 4174 1905 4241 Nilus,
1970 4185 2024 4230 et

442 4271 738 4323 maximum
778 4269 1022 4323 levamen
1077 4278 1241 4338 atque
1269 4267 1522 4322 solatium
1548 4267 1673 4322 inde
1695 4268 2019 4336 percepisse.

2131 3099 2609 3165 computabuntur,
2635 3108 2687 3155 et
2717 3101 3051 3171 reliquorum
3078 3107 3456 3160 novemdecim
3494 3111 3710 3162 nomina

2131 3187 2308 3244 Fastis
2357 3189 2615 3260 inscripta
2663 3194 2984 3251 cmlestibus
3045 3197 3195 3252 velut
3245 3179 3598 3255 adauctorum
3658 3217 3711 3258 et

2129 3292 2513 3336 coronatorum
2546 3285 2950 3342 venerabimur.
3021 3297 3031 3306 '

2198 3373 2554 3429 Commodum
2590 3389 2716 3430 ccee
2753 3374 2873 3431 Nilo
2929 3379 3142 3434 Pharan
3200 3382 3557 3451 regrediente,
3589 3385 3711 3438 red-

2129 3471 2261 3515 eunt
2317 3477 2442 3517 cum
2487 3464 2691 3521 litterisf
2730 3467 2898 3536 reguli
2931 3465 3320 3536 Barbarorum,
3355 3471 3710 3528 llemerodro—

2129 3555 2199 3606 mi
2247 3569 2277 3608 a
2306 3554 2620 3610 Pbaranitis
2649 3557 2714 3612 ad
2758 3558 2910 3613 illum
2942 3561 3118 3625 missi,
3159 3573 3213 3618 et
3251 3565 3317 3619 ad
3348 3581 3534 3636 pacem
3578 3584 3709 3622 con-

2131 3645 2490 3715 firmandam,
2557 3666 2788 3720 quaeque
2839 3665 2995 3724 eapta
3044 3654 3274 3719 fuerant
3339 3661 3705 3726 restituenda,

2127 3737 2464 3806 mediumque
2509 3740 2806 3808 ultionem,
2863 3759 2931 3798 ne
2978 3748 3307 3801 commercia
3365 3751 3708 3805 solverentur

2127 3843 2188 3882 se
2239 3830 2460 3898 regulus
2514 3830 2773 3887 offerebat
2833 3834 2943 3890 illis
3006 3848 3343 3908 promptum.
3408 3840 3708 3898 Remitturt

2126 3930 2373 3975 oratores
2399 3936 2524 3976 cum
2559 3923 2716 3978 donis
2751 3924 3058 3983 Pbaramtae
3086 3930 3152 3984 ad
3181 3931 3431 3986 eumdem
3465 3934 3705 4002 regulum

2126 4011 2513 4078 Barbarorum,
2555 4016 2647 4084 qui
2679 4016 2913 4072 libenter
2963 4031 3274 4091 argentatas
3308 4025 3537 4080 audiunt
3575 4043 3708 4095 que—

2125 4103 2406 4169 rimonias,
2435 4114 2490 4159 et
2529 4115 2653 4161 ante
2681 4123 2916 4177 quorum
2950 4112 3213 4180 principis
3244 4113 3437 4168 faciem
3481 4131 3706 4168 munera

2125 4195 2357 4263 spatium
2418 4195 2644 4262 faciunt,
2705 4198 3126 4256 Proverbiorum
3177 4220 3329 4272 xrtn,
3395 4206 3480 4270 l6,
3521 4216 3581 4261 ut
3624 4215 3710 4262 est

2123 4300 2284 4340 omne
2332 4286 2694 4344 Barbarorum
2736 4307 2908 4363 genus
2949 4288 3270 4366 φιλόδωρονζ
3304 4298 3401 4350 καὶ
3453 4299 3709 4369 φιλοχρή-

439 4358 596 4414 Certe
621 4359 668 4414 si
696 4359 885 4413 eodem
937 4367 1183 4428 tempore
1235 4356 1595 4428 superfuisset
1638 4357 1879 4426 ejusdem
1913 4357 2017 4412 Nili

2132 4393 2312 4448 ματον,
2343 4395 2409 4434 ex
2443 4378 2806 4436 llerodian.in
2850 4382 3061 4450 Sever.,
3092 4386 3142 4439 id
3169 4397 3274 4452 est,
3309 4403 3500 4444 amans
3533 4392 3707 4446 donn-

437 4450 660 4517 conjux,
697 4459 751 4504 et
779 4449 909 4512 lilia,
942 4448 1209 4518 potuisset
1235 4447 1300 4500 ad
1348 4447 1470 4500 illas
1514 4447 1901 4517 apostrophen,
1934 4447 2020 4503 vel

437 4538 657 4609 aliquod
725 4539 1084 4608 epiphonema
1155 4529 1390 4610 dirigere
1433 4553 1447 4588 :
1491 4550 1559 4588 an
1613 4536 1742 4604 quia
1792 4547 2020 4593 mortuae

439 4630 642 4684 mundo
669 4639 848 4694 erant,
885 4629 1076 4693 tacuit,
1105 4643 1174 4682 an
1209 4637 1429 4697 pro;.ter
1458 4628 1634 4683 illatas
1661 4629 1772 4699 jam
1801 4645 2015 4696 causas,

433 4723 724 4792 aequanimi
771 4722 988 4776 lectoris
1019 4720 1124 4776 erit
1157 4723 1468 4777 arbitrium.

503 4833 769 4888 Memorat
799 4849 962 4904 porro
994 4832 1170 4901 Nilus,
1213 4835 1362 4891 hisce
1401 4839 1606 4895 nuntiis
1653 4840 1890 4896 cladium
1920 4855 2018 4894 au-

431 4927 560 4982 ditis
614 4926 938 4981 convenisse
1012 4926 1378 4993 Pbaranitas,
1431 4931 1722 5002 visumque
1778 4933 2014 4986 consilio

433 5036 542 5074 non
595 5020 1056 5076 dissimulandum
1123 5021 1269 5077 istud
1324 5023 1626 5095 ﬂagitium,
1685 5025 2015 5094 silentioque

431 5110 743 5179 tegendum,
783 5111 893 5166 imo
921 5114 1030 5182 regi
1054 5113 1418 5170 Barbarorum
1480 5127 1669 5173 contra
1712 5118 1890 5172 foedus
1932 5128 2015 5171 at-

431 5210 697 5254 tentatum
741 5203 923 5256 scelus
953 5205 1396 5275 signiﬁcandum,
1427 5210 2010 5279 conquerendumque,

431 5304 490 5348 ut
529 5293 718 5348 saltem
759 5295 1136 5352 inbiberentur
1184 5298 1322 5356 foeda
1366 5301 1470 5356 iSIa
1516 5303 1802 5357 latrocinia
1848 5303 2006 5358 dein-

427 5399 587 5454 ceps;
622 5386 886 5441 miserunt
908 5388 1068 5455 igitur
1093 5389 1335 5447 civesilli
1363 5393 1502 5448 duos
1533 5394 2003 5462 hemerodromos,

429 5473 483 5526 id
521 5481 623 5538 est,
654 5491 907 5532 cursores
938 5477 1166 5533 diurnos
1212 5481 1508 5549 puberibus
1553 5483 1870 5547 adultiores,
1915 5485 2008 5554 qui

429 5560 613 5616 ferunt
662 5567 766 5619 tela
811 5578 866 5622 et
888 5569 1128 5631 hastilia,
1177 5579 1235 5624 ut
1271 5571 1430 5640 ligant
1480 5573 1642 5638 feras,
1687 5584 1740 5629 et
1776 5577 2004 5641 silicem,

431 5648 513 5705 vel
537 5649 877 5718 igniariume
912 5657 1084 5727 silice,
1136 5657 1408 5731 ferroque,
1443 5679 1564 5734 quae
1603 5664 1791 5721 collisa
1827 5668 2004 5739 ignem

2120 4485 2240 4523 rum
2297 4479 2353 4525 et
2383 4473 2761 4540 pecuniarum.
2793 4475 3178 4546 Percgrinatur
3223 4495 3346 4535 cum
3395 4487 3710 4540 oratoribus

2122 4560 2227 4616 illis
2267 4563 2333 4616 ad
2383 4575 2635 4620 octavum
2684 4582 2856 4636 usque
2901 4568 3043 4622 diem
3089 4568 3288 4636 Nilus;
3329 4588 3453 4627 nam
3498 4577 3564 4629 ad
3608 4576 3712 4630 hoc

2118 4655 2223 4708 iter
2253 4657 2654 4713 conﬁciendum
2689 4660 2976 4727 duodecim
3020 4673 3140 4718 erat
3169 4666 3362 4722 diebus
3409 4683 3586 4736 opus;
3625 4669 3708 4722 la-

2118 4748 2411 4804 borabatur
2458 4751 2512 4803 in
2543 4751 2730 4806 eodem
2773 4768 2930 4820 aqua:
2968 4757 3216 4823 penuria,
3247 4759 3340 4812 sed
3377 4759 3500 4816 fons
3527 4762 3710 4830 proxi-

2117 4855 2240 4893 tntis
2270 4843 2594 4909 sperabatur
2636 4858 2666 4896 a
2699 4844 3031 4912 sitientibus,
3066 4855 3123 4902 et
3157 4849 3540 4919 indicabatur;
3575 4865 3707 4908 tunc

2115 4929 2296 4997 Nilus,
2358 4941 2469 4988 tam
2534 4935 2811 4992 debilitate
2890 4941 3301 5011 senectutisque
3364 4943 3703 5010 infirmitate,

2115 5038 2278 5093 quam
2324 5026 2478 5095 gravi
2521 5028 2786 5083 modestia
2824 5032 3154 5101 retardante,
3191 5035 3267 5088 uti
3295 5034 3410 5103 jam
3452 5037 3704 5090 animad-

2066 5184 2069 5188 ι
2114 5117 2272 5184 verti,
2329 5119 2590 5189 nequibat
2647 5124 2869 5193 assequi
2923 5127 3152 5182 comites
3205 5143 3272 5182 eo
3323 5129 3698 5192 convolantes,

2113 5225 2426 5281 quanquam
2459 5213 2658 5268 virium
2689 5217 2825 5272 satis
2849 5218 3149 5275 etiamnum
3175 5219 3346 5289 jactat
3372 5221 3475 5276 sibi
3510 5237 3703 5291 super-

2114 5300 2283 5358 fuisse
2315 5305 2560 5373 lingenti,
2593 5323 2658 5362 ac
2684 5291 3038 5378 presumenti
3071 5321 3413 5381 reperturum
3439 5328 3502 5368 se
3523 5312 3700 5366 Theo-

2111 5392 2299 5449 dulum
2333 5397 2506 5454 lilium
2559 5415 2742 5466 suum,
2767 5413 2821 5456 et
2851 5403 2904 5457 id
2935 5404 3062 5473 quia
3097 5405 3306 5460 circum
3350 5403 3554 5460 fontem
3589 5404 3696 5459 dif-

2110 5484 2218 5552 fusi
2242 5487 2466 5544 Barbari
2490 5503 2668 5561 erant,
2692 5504 2747 5548 et
2777 5510 2907 5550 vero
2930 5497 3111 5552 Nilum
3143 5497 3289 5553 illico
3313 5498 3367 5552 hi
3392 5508 3694 5568 raptarum,

2111 5593 2239 5633 mox
2288 5581 2614 5640 dimiserunt
2673 5587 2938 5646 militibus
2993 5592 3149 5656 visis,
3209 5600 3264 5646 et
3318 5592 3465 5647 sein
3513 5592 3693 5662 fugam

2109 5669 2394 5731 dederunt.
2457 5674 2705 5736 Perrexit
2760 5681 2926 5752 igitur
3003 5699 3131 5740 eum
3206 5684 3515 5752 militibus,
3561 5695 3696 5753 qna-
