3998 6116
376 209 507 279 1417

1676 198 1774 261 DE
1815 197 1989 257 VITA
2029 196 2088 253 S.
2131 191 2314 251 NlLl.

3482 171 3619 239 liis

368 325 660 391 triduoque
728 319 973 389 pervenit
1027 308 1184 373 Nilus
1244 314 1295 367 in
1365 319 1543 367 castra
1606 309 1774 380 reguli
1830 310 1952 360 bar-
1985 311 2024 364 Α
2060 298 2398 368 tempestive,
2424 294 2494 348 ita
2526 301 2583 347 ut
2609 307 2730 346 eum
2763 288 3009 360 persequi
3040 287 3254 391 barbari
3282 286 3621 391 nequiverint

370 415 625 468 barorum
714 409 1033 472 Ammanis,
1118 406 1212 476 qui
1299 404 1527 459 comiter
1617 416 1681 455 ac
1758 399 1956 467 perhu-

371 505 603 558 maniter
656 517 751 557 eos
812 500 1042 569 excepit.
1118 497 1411 566 Diligenter
1478 495 1550 548 ibi
1617 491 1772 545 Nilus
1830 505 1956 560 per-

372 602 649 648 scrutatur
705 591 771 645 de
823 589 956 652 filio,
1000 585 1349 640 rumusculos
1402 596 1592 636 omnes
1639 590 1952 646 aucupans,

378 684 540 755 389
579 681 904 749 tandemque
947 695 978 733 a
1031 677 1321 748 pluribus,
1376 673 1542 728 etiam
1595 667 1954 738 jurejurando

378 772 622 840 praestita
661 767 1076 832 afﬁrmantibus,
1109 763 1357 835 agnoscit
1378 777 1500 815 eum
1534 760 1737 823 vivere,
1765 755 1955 810 diven-

373 863 656 930 ditumque
682 859 900 914 cuidam
936 856 1077 925 apud
1110 853 1329 908 Elusam
1356 851 1580 915 urbem;
1615 861 1850 916 cumque
1875 843 1950 897 illi

377 955 748 1014 hortarentur,
781 957 839 1003 ut
868 962 934 1002 eo
960 962 1018 1000 se
1043 943 1340 1006 conferret,
1366 942 1509 994 baud
1549 939 1711 993 dubie
1752 937 1954 1007 quippe

378 1038 451 1098 ibi
479 1058 603 1097 eum
641 1042 920 1095 inventum
953 1036 1019 1089 iri
1042 1051 1057 1100 ;
1080 1049 1205 1089 cum
1232 1032 1447 1087 duobus
1474 1030 1576 1083 via-
1606 1028 1798 1096 peritis
1824 1025 1951 1078 Elu-

378 1147 497 1186 sam
530 1129 936 1200 proﬁciscitur;
977 1124 1030 1177 in
1055 1125 1141 1177 via
1167 1119 1393 1174 offendit
1420 1116 1572 1171 Nilus
1605 1130 1765 1184 quem
1796 1113 1950 1165 vide-

378 1230 460 1275 rat
483 1222 659 1273 virum
687 1218 822 1271 alias
849 1214 1014 1268 Elusa
1045 1224 1346 1272 reversum,
1373 1219 1659 1276 agaSunem
1692 1203 1949 1255 nimirum

375 1318 695 1379 sequentem
717 1309 965 1377 jumenta
989 1310 1208 1365 onusta,
1235 1298 1327 1364 qui
1350 1297 1588 1368 agnitum
1611 1292 1953 1348 familiariter

376 1400 556 1455 Nilum
608 1399 901 1469 appellans,
936 1396 1159 1449 eductas
1193 1408 1223 1446 e
1245 1392 1498 1461 pharetra
1529 1388 1736 1441 litteras
1766 1383 1950 1437 reddi-

377 1494 476 1556 dit,
513 1491 767 1561 bonoque
801 1490 985 1542 animo
1017 1500 1138 1541 esse
1192 1486 1369 1552 ipsum
1413 1480 1599 1550 jussit,
1645 1478 1728 1530 ὅτι
1767 1475 1874 1545 γὰρ
1921 1474 1949 1524 ὁ

378 1584 677 1654 πριάμενος
744 1581 859 1633 υἱόν
926 1595 1018 1630 σου
1072 1575 1289 1643 (aiens)
1344 1572 1459 1625 ἐστὶ
1516 1568 1656 1623 κατὰ
1717 1562 1948 1637 Χριστὸν

2058 401 2277 461 propter
2306 389 2537 458 spatium
2567 386 2846 455 temporis.
2873 400 2936 438 ex
2970 397 3078 450 quo
3105 382 3328 446 abierat,
3359 391 3409 433 et
3442 380 3620 453 incer-

2057 491 2172 536 tum
2204 483 2322 547 viae,
2347 496 2508 550 quam
2551 478 2840 546 delegerat.
2872 474 2985 544 Ego
3024 489 3151 527 vero
3186 472 3466 541 (ait),cum
3504 469 3620 541 plu-

2058 576 2195 629 rima
2230 572 2421 625 mortis
2455 571 2632 638 imago
2661 567 2822 620 menti
2849 580 2982 619 mea:
3013 564 3412 626 obversaretur,
3455 562 3621 642 gemi-

2057 667 2248 719 nabam
2290 663 2354 716 ad
2401 660 2733 714 Altissimum
2768 672 2954 727 preces
2981 655 3146 725 690
3174 668 3341 715 meas,
3377 662 3428 704 et
3466 667 3619 720 Opem

2055 755 2174 823 ejus
2206 754 2562 822 implorabant
2593 749 2704 818 spei
2731 756 2942 816 plenus,
2971 762 3037 800 ne
3083 760 3243 821 cruor
3282 760 3435 797 meus
3465 744 3622 797 inno-

2056 860 2193 901 cuus
2249 855 2301 898 et
2330 842 2583 897 innoxius
2607 839 2941 893 daemonibus
2985 836 3213 906 impuris
3251 835 3531 894 libaretur.
3571 842 3624 886 et

2056 946 2225 1001 astro,
2257 950 2352 989 seu
2402 933 2641 1002 maligno
2683 930 2894 1000 spiritui
2945 926 3297 983 obscenitatis
3343 941 3405 980 ac
3442 924 3623 977 libidi-

2056 1028 2142 1081 nis
2181 1026 2508 1081 administro
2534 1062 2548 1087 ,
2597 1022 2852 1093 virginem
2894 1036 3027 1076 mea:
3063 1020 3245 1075 carnis
3279 1017 3433 1072 nidor
3481 1026 3625 1071 esset

2054 1118 2400 1174 oblectationi
2431 1116 2781 1169 vehementer
2801 1112 3120 1184 efﬂagitans.
3143 1110 3282 1165 Ecce
3313 1106 3619 1173 proditLu-

2052 1210 2188 1266 cifer
2214 1224 2380 1278 super
2413 1207 2696 1262 ltorizonta
2727 1205 2899 1259 fausta
2943 1207 3080 1266 luce,
3113 1218 3195 1256 me
3231 1201 3620 1271 supplieiotam

2053 1300 2398 1357 exsecrando
2428 1301 2695 1362 eximens,
2746 1297 2902 1369 quasi
2952 1295 3059 1349 Deo
3096 1294 3460 1364 praecipiente,
3496 1306 3622 1361 pro-

2051 1406 2250 1461 perans
2279 1390 2367 1443 illa
2405 1389 2578 1452 stella,
2624 1397 2683 1441 ut
2729 1403 2827 1457 ego
2873 1387 3138 1440 nescirem
3175 1398 3452 1447 occasum,
3500 1397 3621 1436 sur—

2050 1492 2181 1552 gunt
2208 1488 2259 1537 et
2305 1491 2428 1535 orto
2463 1481 2574 1550 jam
2631 1479 2743 1534 sole
2796 1476 3038 1542 barbari,
3082 1475 3196 1546 ejus
3242 1474 3527 1546 Splendore
3564 1488 3625 1527 ac

2048 1570 2244 1641 jnbare
2284 1571 2609 1642 perturbati,
2642 1571 2767 1641 quia
2800 1570 3094 1641 legitimum
3141 1567 3626 1638 prtescriptumque

377 1674 537 1727 θείων
602 1670 913 1743 μυστηρίων
947 1669 1156 1738 ἱερεύς,
1187 1665 1434 1736 quoniam
1461 1662 1550 1729 qui
1587 1659 1759 1727 ﬁlium
1808 1666 1953 1709 tuum

2059 1663 2309 1716 sacrificii
2343 1672 2556 1730 tempus
2581 1660 2879 1725 efﬂuxerat,
2918 1675 3109 1728 meque
3146 1657 3474 1713 assidentem
3529 1672 3623 1726 pe—

378 1763 541 1823 emit,
577 1772 655 1816 est
705 1760 992 1815 secundum
1042 1757 1308 1813 Christum
1347 1755 1643 1806 divinorum
1711 1746 1953 1801 sacerdos

386 1855 788 1926 mysteriorum;
823 1859 877 1904 et
921 1848 1064 1903 filius
1091 1848 1288 1901 dicitur
1316 1845 1468 1898 obire
1508 1841 1693 1894 munia
1718 1838 1775 1891 in
1809 1835 1957 1890 ordi-

379 1965 446 2003 ne
479 1955 692 2002 saerato
728 1957 902 2013 usque
934 1941 999 1994 ad
1032 1938 1205 2008 prima
1246 1934 1596 1991 estiariorum
1652 1927 1955 1984 ministeria

382 2039 605 2094 fidenter
657 2042 941 2106 provectus
967 2071 982 2096 ,
1028 2040 1281 2098 magnam
1327 2041 1457 2080 vero
1499 2022 1740 2077 studiose
1779 2035 1953 2090 spem,

382 2144 541 2183 nemo
592 2137 649 2181 ut
697 2125 953 2195 majorem
1003 2120 1287 2177 ostentat-it
1323 2157 1339 2182 ,
1387 2116 1640 2171 exhibere
1704 2126 1956 2183 progres-

381 2237 496 2285 sas,
539 2236 603 2275 ac
651 2218 800 2274 brevi
848 2228 1091 2285 tempore
1136 2212 1355 2266 multam
1407 2208 1629 2262 virtutis
1671 2204 1955 2273 experien—

383 2314 511 2366 tiam
557 2314 825 2379 prazbere,
867 2316 919 2361 et
966 2306 1034 2358 ab
1065 2302 1316 2357 omnibus
1364 2300 1631 2353 faventem
1678 2293 1821 2350 ferre
1847 2294 1957 2347 cal-

381 2405 584 2465 culum,
623 2398 765 2470 quod
818 2397 923 2452 illis
970 2395 1039 2449 sit
1088 2407 1411 2462 persuasum
1457 2391 1526 2443 ob
1567 2400 1781 2441 morum
1826 2380 1954 2454 pro-

385 2493 609 2547 bitate‘m
639 2490 916 2550 idoneum,
942 2491 1002 2539 ut
1034 2485 1098 2537 ad
1132 2483 1276 2537 buuc
1310 2480 1536 2551 gradum
1580 2476 1951 2530 extoll’eretur.

388 2578 558 2649 (Urbs
588 2592 671 2633 est
697 2578 856 2632 Elusa
884 2578 1013 2631 olim
1041 2575 1254 2629 Arabiae
1280 2591 1296 2638 ;
1324 2571 1416 2625 sed
1448 2578 1634 2639 postea
1659 2567 1959 2635 imperante

384 2672 695 2726 .lustiniano
743 2668 1047 2724 Palaastinae
1096 2666 1266 2720 tertiae
1307 2662 1409 2717 fuit
1447 2661 1701 2727 ascripta,
1731 2657 1958 2726 ejusque

383 2773 610 2821 sanctus
638 2761 999 2832 Hieronymus
1040 2760 1093 2813 in
1129 2757 1250 2811 Vita
1287 2754 1462 2811 sancti
1506 2751 1801 2806 Hilarionis
1838 2765 1953 2804 me-

384 2854 591 2924 minit.)
625 2854 748 2906 lniit
779 2868 906 2921 ergo
926 2850 1139 2905 tandem
1161 2844 1378 2901 Elusam
1410 2844 1564 2899 Nilus
1594 2842 1951 2907 exhilaratus,

384 2954 548 3016 atque
576 2945 761 2999 la-titia
806 2942 1074 3006 difﬂuens,
1112 2940 1242 2995 adiit
1274 2938 1597 3002 Ecclesium,
1633 2936 1701 2990 τὰ
1752 2933 1955 3004 τέμενα

385 3034 481 3092 τοῦ
505 3036 661 3098 Θεοῦ.
692 3036 890 3107 gratias
921 3034 1157 3088 referens
1179 3030 1326 3088 0.M.
1358 3030 1468 3085 Deo
1495 3045 1604 3084 non
1635 3029 1751 3083 sine
1783 3027 1958 3096 lacry-

389 3129 515 3191 mis,
554 3143 691 3198 quas
731 3126 985 3196 gaudium
1016 3122 1213 3187 ciebat,
1248 3122 1533 3176 deducitur
1562 3121 1819 3180 domum,
1865 3117 1957 3171 ubi

388 3219 531 3271 lilius
557 3225 693 3281 erat,
721 3231 750 3269 a
788 3216 973 3269 multis
1014 3212 1444 3277 collmtantibus;
1485 3218 1541 3264 at
1573 3208 1717 3262 tilius
1763 3204 1956 3260 obvius

387 3310 525 3377 patri
555 3309 817 3378 procedit,
856 3317 1063 3377 patrem
1097 3307 1185 3359 vix
1203 3304 1447 3376 agnoscit
1467 3311 1686 3373 propter
1718 3313 1952 3362 comam,

390 3416 489 3467 qua
503 3415 552 3451 ιιι
589 3399 724 3452 forte
754 3400 1094 3467 promiserat,
1124 3407 1176 3452 et
1200 3406 1374 3452 vestes
1407 3394 1671 3461 sordidas,
1696 3393 1959 3461 collacry-

388 3498 610 3543 mantur
629 3488 808 3548 ambo,
834 3497 1122 3555 postquam
1145 3495 1297 3554 pater
1335 3486 1527 3539 deﬁxis
1557 3486 1608 3538 in
1632 3485 1798 3537 lilium
1828 3498 1958 3536 oeu-

392 3583 478 3645 lis,
514 3594 688 3649 eoque
720 3578 1005 3632 confestim
1044 3579 1251 3644 agnito,
1300 3582 1507 3628 tantum
1543 3576 1798 3642 gaudium
1825 3589 1957 3626 con-

388 3673 567 3739 cipere
590 3668 774 3722 animo
797 3680 902 3719 non
937 3664 1139 3729 valens,
1170 3663 1406 3717 concidit.
1431 3661 1679 3716 resoiutis
1708 3662 1954 3723 artubus,

389 3771 444 3814 et
493 3757 765 3813 exanimis
805 3755 1062 3819 creditus,
1093 3768 1122 3807 a
1152 3752 1263 3806 filio
1291 3752 1630 3820 amplexante
1661 3756 1955 3813 recreatus,

390 3863 444 3906 et
482 3861 712 3913 erectus,
745 3850 833 3902 diu
859 3861 1041 3902 vocem
1073 3862 1177 3899 non
1207 3845 1428 3910 invenit,
1462 3852 1515 3897 et
1541 3857 1638 3913 pro
1665 3841 1844 3896 verbis
1876 3841 1957 3894 la-

390 3958 604 4013 crymas
622 3943 970 4011 loquebatur,
1002 3940 1215 3993 tandem
1237 3938 1408 3991 filium
1434 3936 1671 3990 vicissim
1704 3934 1955 4004 amplexu

391 4034 697 4087 arctissimo
725 4033 1123 4100 constringens,
1151 4030 1387 4097 exquirit
1428 4028 1791 4081 narrationem
1824 4026 1957 4079 libe-

393 4124 618 4176 ratiouis
644 4138 776 4187 sure,
826 4129 1087 4192 rogatque
1133 4122 1333 4189 ipsum,
1369 4128 1424 4173 ut
1459 4135 1577 4173 eam
1618 4125 1952 4187 percenseat.

461 4216 647 4270 Paruit
673 4216 792 4271 Nilo
823 4217 1156 4282 Tbrodnlus,
1199 4229 1534 4284 casuumque
1576 4213 1771 4268 seriem
1812 4212 1956 4265 ordi-

2059 1754 2305 1806 ctinatim
2336 1762 2603 1808 consertis
2643 1752 2848 1822 digitis,
2884 1762 3014 1815 etc.,
3051 1764 3277 1819 meaque
3315 1749 3624 1818 amplexum

2059 1855 2327 1910 genua,et
2361 1844 2706 1897 manantibus
2748 1842 2976 1895 ubertim
3022 1840 3278 1911 lacrytnis
3321 1841 3477 1894 sinus
3524 1838 3625 1891 im-

2059 1934 2315 2005 plentem,
2366 1935 2770 2005 interrogarunt
2801 1934 2867 1988 de
2909 1948 3066 1989 servo
3098 1933 3208 1995 illo,
3240 1947 3397 2002 quem
3428 1932 3626 1984 frustra

2059 2025 2457 2093 requisierant;
2496 2023 2587 2079 sed
2622 2041 2744 2079 cum
2783 2038 2868 2079 me
2906 2024 3038 2094 ipsis
3070 2024 3365 2079 adhmsisse
3397 2038 3627 2092 respon-

2059 2117 2281 2182 dissem,
2317 2135 2415 2172 nec
2441 2134 2548 2188 quo
2580 2118 2906 2187 perrexisset
2941 2119 3080 2171 scire
3117 2116 3227 2169 ullo
3256 2117 3417 2169 modo
3463 2131 3628 2170 nove-

2060 2215 2204 2273 runt,
2240 2217 2517 2277 parcentes
2545 2209 2780 2276 corpori,
2817 2209 3090 2277 vitamque
3115 2207 3453 2275 indulgentes
3489 2207 3628 2261 hanc

2059 2297 2259 2351 fluxam
2314 2308 2368 2353 et
2402 2299 2683 2364 caducam,
2719 2301 2954 2353 animam
2984 2299 3164 2353 conati
3195 2304 3323 2351 sunt
3357 2296 3623 2361 occidere,

2064 2404 2126 2443 ac
2161 2399 2417 2444 aeternam
2446 2406 2635 2459 rapere
2667 2390 3146 2444 immortalitatem.
3193 2386 3484 2444 Jusserunt
3519 2388 3625 2443 ita-

2062 2495 2169 2548 que
2194 2497 2277 2535 me
2311 2485 2688 2553 μιαροφαγεῖν,
2733 2483 2783 2535 id
2817 2494 2920 2549 est,
2951 2481 3336 2537 contaminatis
3367 2481 3504 2536 cibis
3532 2497 3629 2535 ve-

2060 2575 2158 2637 sci,
2194 2584 2248 2627 et
2281 2575 2599 2629 mulieribus
2629 2576 2933 2640 colludere;
2968 2576 3062 2631 sed
3097 2574 3190 2629 Dei
3221 2577 3389 2629 fultus
3422 2575 3626 2627 auxilio

2057 2665 2380 2731 contradixi,
2414 2681 2515 2720 nec
2542 2666 2779 2721 obedivi.
2808 2665 3133 2722 Perventum
3164 2667 3398 2737 denique
3425 2666 3489 2721 ad
3510 2668 3627 2720 cul-

2059 2768 2169 2811 tam
2201 2758 2498 2827 regionem,
2534 2774 2602 2813 ex
2649 2757 2737 2811 illa
2773 2758 3064 2812 solitudine
3095 2768 3201 2813 tam
3238 2758 3428 2822 sterili,
3474 2767 3525 2812 et
3558 2760 3623 2811 ad

2055 2845 2256 2904 Sucam
2291 2851 2468 2904 vicum
2501 2859 2809 2905 statuerunt
2836 2866 2921 2905 me
2950 2850 3153 2905 nudum
3191 2866 3356 2920 prope
3389 2860 3620 2920 portam,

2061 2940 2307 2992 venalem
2358 2939 2549 2994 incolis
2588 2951 3019 3009 proposuerunt,
3052 2957 3081 2995 a
3117 2942 3316 3011 quibus
3359 2957 3482 2996 cum
3518 2943 3626 2996 duo

2064 3038 2270 3084 tantum
2302 3026 2451 3085 aurei
2474 3030 2818 3087 offerrentur
2862 3049 2960 3103 pro
2990 3034 3183 3103 pretio,
3209 3034 3621 3105 indignabundi,

2061 3120 2308 3175 strictum
2339 3122 2573 3191 gladium
2625 3123 2914 3179 identidem
2948 3125 3136 3196 jugulo
3170 3140 3291 3180 meo
3331 3127 3623 3181 admoven-

2061 3219 2162 3277 tes,
2192 3225 2461 3282 caputque
2488 3217 2839 3283 amputaturi,
2872 3217 2976 3271 nisi
3008 3217 3131 3285 quis
3165 3232 3250 3271 me
3279 3214 3447 3286 pluris
3482 3235 3623 3272 mer-

2059 3309 2310 3367 caretur;
2347 3301 2460 3370 ipse
2504 3300 2637 3358 ﬂens
2687 3304 2906 3357 orabam
2959 3315 3319 3370 mercatores,
3357 3323 3387 3362 e
3424 3308 3624 3376 quibus

2058 3389 2255 3458 aliquis
2296 3391 2572 3457 misertus,
2628 3390 2713 3446 vix
2744 3408 2830 3447 me
2857 3391 3120 3449 addicens
3157 3395 3403 3461 redemit,
3435 3396 3501 3451 ab
3531 3413 3625 3453 eo-

2058 3498 2163 3551 que
2194 3496 2318 3537 mox
2349 3483 2530 3546 isthic,
2558 3483 2737 3539 Elusas
2770 3501 2984 3556 nempe,
3005 3487 3057 3540 in
3092 3488 3195 3541 alia
3231 3490 3416 3543 mundi
3449 3491 3622 3543 natio-

2060 3586 2127 3622 ne
2157 3571 2453 3625 distractus
2484 3572 2582 3625 fui.
2627 3573 2751 3628 Haec
2781 3576 3007 3630 audiens
3040 3586 3194 3646 pater
3223 3577 3412 3631 dolore
3445 3579 3621 3633 disse-

2059 3661 2313 3727 cabatur;
2349 3663 2553 3717 idcirco
2581 3680 2648 3718 ne
2673 3667 2930 3734 gaudium
2958 3668 3078 3738 ejus
3108 3680 3500 3740 corrumperet,
3523 3671 3623 3726 ob-

2062 3752 2411 3821 turbaretque
2438 3768 2627 3809 rursus
2673 3764 2957 3823 paternum
2991 3761 3256 3824 animum,
3311 3761 3626 3819 Tbeodulus

2062 3843 2221 3896 ﬁnem
2255 3843 2467 3897 dicendi
2499 3843 2643 3909 fecit,
2688 3855 3003 3916 patremque
3039 3854 3376 3906 commonuit
3422 3864 3480 3908 ut
3511 3857 3625 3924 glo-

2059 3932 2193 3985 riam
2232 3932 2340 3986 Deo
2396 3934 2706 4003 gratiasque
2736 3935 2952 3992 offerret.
2984 3954 3080 4008 pro
3104 3950 3210 3994 tam
3238 3943 3433 4011 insigni
3462 3946 3624 4000 bene-

2062 4023 2203 4077 ficio.

2128 4114 2375 4185 Regessit
2420 4116 2572 4172 Nilus
2604 4118 2816 4173 vovisse
2862 4118 3228 4192 Omnipotenti
3263 4143 3319 4181 se
3369 4128 3458 4182 illo
3486 4145 3620 4198 Ipso,

2059 4223 2166 4274 quo
2211 4207 2524 4263 Tltcodulus
2583 4211 2987 4279 periclitabatur
3029 4200 3303 4285 tempore,
3355 4221 3625 4291 tantisque

389 4321 478 4364 tur
508 4310 576 4363 ab
600 4310 705 4374 bis,
738 4310 791 4363 in
825 4310 1023 4378 quibus
1059 4309 1372 4378 lllagadonis
1408 4322 1598 4362 servus
1618 4305 1740 4375 fuga
1771 4305 1955 4373 lapsus
1990 4331 2032 4385 ο
2061 4298 2470 4354 conﬂictabatur
2502 4303 2778 4369 :erunmis,
2818 4305 2861 4358 si
2912 4305 3176 4362 viventem
3203 4304 3376 4378 ipsum
3403 4326 3624 4382 compe-

391 4403 643 4464 desierat,
658 4416 884 4471 quisque
904 4402 1151 4455 retulisse
1170 4400 1467 4470 prmsumit,
1488 4400 1679 4454 nolens
1715 4406 1956 4469 repetere

390 4505 469 4547 tot
496 4493 832 4558 discrimina,
868 4507 988 4563 qua:
1032 4493 1336 4546 molestiam
1392 4490 1743 4553 facesserent,
1783 4503 1957 4558 neque

388 4585 629 4638 dolorem
655 4599 937 4649 renovare,
962 4584 1291 4652 tazdiumquc
1318 4582 1509 4636 aﬂ‘errc
1531 4583 1728 4637 denuo.
1763 4580 1954 4633 Parata

390 4673 606 4742 (inquit)
637 4682 793 4727 erant
829 4674 1031 4739 omnia,
1057 4682 1116 4727 ut
1137 4672 1375 4726 diluculo
1400 4683 1749 4741 perageretur
1784 4670 1954 4725 sacri-

393 4765 570 4818 ficium
610 4774 758 4818 astro
805 4764 1094 4829 matutino,
1135 4774 1188 4816 et
1235 4772 1360 4817 tuus
1391 4762 1704 4816 Tlteodulus
1752 4762 1951 4815 immo-

391 4856 581 4909 landus
614 4857 665 4909 in
692 4865 941 4925 promptu
981 4855 1147 4909 Deum
1188 4854 1472 4917 invocans,
1502 4866 1561 4907 ut
1608 4870 1731 4907 eum
1765 4853 1956 4906 redde-

392 4956 471 4999 ret
503 4948 708 5014 parcnti
746 4946 882 5008 seni,
916 4945 1087 5016 πατρὶ
1115 4944 1393 5017 πρεσϐύτῃ
1422 4943 1571 5016 (hinc
1602 4952 1818 4999 senecta
1846 4939 1951 4994 Nili

392 5038 562 5106 magis
589 5053 651 5090 ac
684 5038 856 5104 magis
887 5039 1296 5106 comprobatur,
1321 5050 1374 5105 p.
1409 5037 1552 5103 “3),
1584 5046 1636 5089 et
1674 5035 1954 5090 confidens

383 5129 598 5195 jacebat
636 5141 839 5197 pronus
885 5130 1056 5193 humi,
1099 5129 1415 5198 abjectaque
1448 5127 1606 5192 facie,
1648 5130 1740 5182 sed
1772 5129 1954 5181 animo

387 5230 602 5270 sursum
635 5218 793 5269 elato.
826 5216 1149 5271 Constructa
1174 5216 1349 5270 fuerat
1376 5217 1445 5270 ab
1488 5216 1594 5271 illis
1633 5217 1785 5286 pupis
1816 5216 1955 5269 fera-

392 5305 530 5357 libus
553 5319 668 5367 ara,
712 5305 922 5375 gladius
965 5308 1214 5365 nudatus.
1267 5307 1521 5371 libamen,
1558 5306 1761 5374 phiala,
1807 5305 1951 5364 thus,

387 5396 692 5450 adhibenda
730 5397 1087 5452 instrumenta
1142 5413 1248 5451 non
1296 5398 1521 5451 deerant
1576 5399 1640 5451 ad
1692 5412 1953 5452 creremo-

387 5488 529 5539 niam
559 5497 664 5541 tam
701 5488 991 5555 funestam,
1026 5506 1147 5543 cum
1187 5505 1373 5543 servus
1396 5490 1481 5544 ille
1530 5491 1954 5545 communicavit

387 5579 515 5631 nnlti
540 5596 697 5633 suum
727 5581 792 5635 de
825 5580 944 5651 fuga
977 5580 1288 5644 consilium,
1322 5591 1374 5633 et
1398 5583 1544 5635 solus
1573 5598 1688 5636 eam
1720 5583 1953 5654 arripuit

700 5674 970 5734 PATROL.
1017 5675 1130 5734 Gs.
1181 5674 1436 5736 LXXIX.

2064 4393 2223 4446 risset
2253 4407 2512 4463 unquam,
2544 4394 2785 4447 δουλείαν
2817 4399 3162 4468 ἐγκρατείας,
3200 4405 3292 4457 καὶ
3330 4405 3428 4475 τῆς
3462 4405 3625 4478 ἄλλης

2060 4483 2426 4544 κακοπαθείας
2457 4483 2718 4557 σκληρὰν,
2771 4489 2821 4542 id
2845 4501 2945 4555 est,
2974 4494 3286 4550 servitutem
3321 4503 3628 4566 temperan-

2059 4575 2185 4635 tiae,
2235 4590 2330 4628 seu
2373 4575 2730 4646 jejuniorum,
2783 4596 2847 4635 ac
2888 4583 3259 4651 abstinentiae,
3302 4599 3355 4643 et
3399 4591 3625 4647 alterius

2059 4665 2367 4721 alilictionis
2408 4670 2799 4736 austeriorem;
2838 4672 2977 4728 inter
3025 4676 3401 4733 dormiendum
3446 4691 3625 4735 autem

2058 4756 2347 4811 exaudisse
2371 4774 2580 4825 vocem,
2611 4778 2715 4830 qua
2750 4766 3120 4831 spondebatur
3145 4779 3424 4839 acceptum
3458 4771 3627 4828 fuisse

2059 4856 2240 4900 votum
2298 4850 2449 4914 illud,
2491 4853 2854 4925 desideriique
2887 4869 3192 4927 compotem
3235 4877 3354 4917 sese
3394 4863 3546 4928 fore;
3576 4865 3628 4918 id

2057 4939 2277 5008 exsequi
2302 4956 2360 4995 se
2392 4943 2550 5007 velle,
2580 4959 2643 4998 ac
2668 4948 2974 5015 expeditum
2997 4966 3138 5005 esse.

2128 5028 2443 5087 Theodulus
2472 5036 2537 5089 ad
2568 5037 2673 5090 voti
2715 5048 2922 5107 partem
2955 5043 3270 5111 explendam
3296 5045 3513 5100 exhibet
3549 5062 3625 5110 sc,

2062 5130 2120 5174 ut
2144 5134 2350 5190 patrem
2376 5127 2654 5194 sublevet;
2692 5132 2973 5186 concludit
3009 5148 3182 5202 pater,
3211 5146 3269 5190 ut
3297 5139 3457 5192 ambo
3498 5133 3624 5208 pro;

2058 5214 2246 5268 missis
2277 5225 2505 5281 starent,
2535 5227 2589 5272 et
2633 5234 2755 5288 qua:
2804 5222 3027 5291 polliciti
3060 5236 3339 5292 voverant,
3380 5228 3626 5283 exsolve-

2060 5315 2201 5359 rent.

2134 5397 2297 5452 Deum
2329 5413 2579 5469 precatus
2602 5402 2775 5467 Nilus.
2821 5415 2871 5461 et
2908 5407 3130 5463 adorata
3164 5410 3412 5467 Numinis
3454 5414 3627 5482 provi-

2056 5489 2236 5543 dentia
2270 5493 2571 5561 subjunxit,
2599 5500 2908 5568 episcopum
2942 5501 3135 5565 Elusze,
3164 5520 3286 5557 cum
3321 5506 3410 5559 diu
3451 5505 3616 5559 fovis-

2059 5590 2139 5634 sct
2166 5591 2218 5636 et
2257 5584 2573 5641 detinuisset
2602 5589 2747 5661 ipsos
2774 5594 2913 5660 apud
2939 5609 2995 5649 se
3028 5596 3171 5665 (nam
3205 5596 3455 5669 Οεηφιὶὴς
3482 5609 3619 5660 erat,

3188 5690 3259 5747 45
