3998 6116
454 158 588 226 1419

1239 161 1382 221 JOS.
1428 161 1692 220 MARIE
1735 161 2094 223 SUARESII
2129 165 2361 224 LIBER
2400 165 3031 227 CHRONOLOGICUS

3582 166 3717 235 1120

449 279 503 331 td
528 283 631 334 est.
663 289 853 327 amans
885 272 978 327 Dei
1020 287 1071 326 et
1106 272 1362 342 proximi,
1388 282 1567 341 hatque
1614 274 2028 343 hospitalis)in-
2060 289 2103 344 Α
2134 274 2250 329 Jam
2287 276 2371 346 egi
2412 276 2543 331 satis
2581 278 2646 331 de
2685 276 2932 346 jejunio;
2975 277 3071 332 sed
3119 276 3209 330 hic
3262 277 3576 352 perstringo
3614 282 3714 337 ista

448 368 654 423 vitasse
683 379 741 420 ιιι
772 379 955 420 secum
996 367 1657 433 permanerentolliciose,
1708 368 2032 435 promitten-

450 462 521 516 do
568 457 1015 528 tranquillitatem
1072 470 1291 511 omnem
1321 497 1334 520 ,
1392 458 1697 528 blandaque
1747 462 2033 529 tyrannide

450 552 585 622 ipsis
612 552 954 619 impetrasse,
984 548 1077 601 τὸν
1109 548 1274 617 ζυγὸν
1309 550 1576 603 ἐπιθεῖναι
1616 550 1707 604 τὸν
1759 553 2032 622 ἱερατικὸν

453 645 528 715 μὴ
564 641 934 712 βουλομένοις,
986 651 1046 695 ιιι
1080 658 1297 697 sacrum
1329 643 1545 714 jugum,
1579 660 1897 715 quanquam
1928 648 2023 701 de-

449 732 807 788 trectantibus
860 732 1199 801 imponeret;
1241 734 1471 801 denique
1512 735 1742 800 ‘ambos,
1799 738 2032 792 remisso

448 827 598 898 prius
621 826 887 881 Theoduli
914 827 1106 896 pretio,
1132 839 1185 882 et
1202 828 1404 882 donato
1437 829 1753 893 liberaliter,
1775 832 2033 901 omnique

445 918 605 993 εει
623 921 821 975 viatico
855 921 1051 975 idoneo
1076 922 1375 975 instructos
1399 922 1692 977 dimisisse.
1727 924 1834 978 [Sta
1867 923 1931 977 Β.
1969 924 2028 978 Ρ.

446 1014 731 1077 Pessinus,
751 1029 781 1069 e
800 1029 898 1069 ms.
917 1013 1276 1069 illustrissimi
1301 1013 1611 1068 Monrhallii
1637 1017 1804 1070 ιιιϊιιίι
1827 1018 2030 1086 piseOpi

448 1105 730 1173 Tolosani,
762 1105 948 1161 Grmce
996 1105 1300 1176 Latineque
1336 1105 1568 1162 Parisiis
1599 1108 1803 1174 edidit;
1842 1125 2030 1163 verum

447 1214 477 1252 c
520 1198 710 1269 Regio,
758 1206 813 1253 et
848 1197 1165 1252 Mazzarino
1202 1213 1335 1253 mss.
1375 1196 1567 1253 Latine
1598 1197 1818 1269 quoque
1851 1200 2033 1254 reddi-

448 1291 603 1344 derat
645 1291 976 1346 reverendus
1010 1291 1170 1346 Pater
1202 1287 1537 1345 Franciscus
1572 1290 1895 1353 Combclis.,
1938 1291 2031 1345 sed

448 1393 502 1436 et
525 1382 794 1438 Gallicum
821 1383 876 1438 in
908 1398 1219 1438 sermonem
1254 1387 1533 1441 transtulit
1556 1385 1621 1442 R.
1644 1386 1701 1439 P.
1733 1384 1806 1438 Le
1829 1384 2027 1450 Sueur,

448 1476 702 1545 quamvis
743 1475 805 1528 D.
872 1474 1108 1530 Erouval
1158 1476 1233 1530 illi
1265 1479 1575 1533 versionem
1624 1477 1848 1531 alteram
1891 1478 2033 1547 typis

453 1570 765 1623 mandatam
789 1583 934 1622 anno
961 1567 1120 1633 1649,
1146 1568 1303 1638 cujus
1338 1579 1527 1622 auctor
1548 1568 1613 1620 ll.
1650 1570 1711 1623 P.
1743 1566 2027 1622 Possinnm

449 1657 800 1728 sequebatur,
820 1666 1169 1712 ostentasset.
1197 1658 1526 1727 Lipnniauus
1544 1656 1793 1712 Latinam
1817 1660 2024 1713 versio-

450 1764 573 1802 nem
623 1748 1018 1818 publicaverat,
1054 1766 1218 1818 quam
1275 1765 1306 1804 a
1368 1749 1533 1803 Surio
1591 1751 1850 1805 insertam
1910 1753 2025 1803 suis

451 1850 750 1911 martyrum
798 1838 1055 1894 Historiis
1097 1840 1368 1907 arbitror;
1417 1839 1775 1896 nihilominus
1825 1841 2027 1895 Nan-ae

453 1931 651 1985 tionem
708 1930 869 1984 istam
922 1928 1028 1982 Nili
1087 1931 1332 2000 redigere
1383 1932 1542 1985 libuit
1588 1933 1677 1986 hic
1728 1933 1782 1985 in
1835 1934 2025 2002 Epito-

452 2036 594 2083 men,
636 2028 691 2073 et
725 2019 827 2073 tria
861 2018 1213 2073 considerare
1241 2021 1503 2075 attentius
1531 2022 1793 2076 vocabula
1833 2040 2026 2092 nempe

448 2114 567 2176 ταῖς
584 2112 781 2179 κόμαις
806 2113 903 2182 τῆς
941 2110 1203 2181 κεφαλῆς,
1231 2121 1303 2176 et,
1339 2117 1719 2185 μιαροςραγεῖν,
1740 2116 1973 2184 denique
2007 2135 2020 2170 :

450 2204 547 2257 καὶ
577 2202 788 2270 γυναιξὶ
831 2202 1213 2274 προσπαίζειν,
1256 2204 1309 2258 id
1341 2215 1445 2268 est,
1483 2209 1723 2272 cwsarie,
1763 2209 2026 2278 comisque

449 2298 677 2363 capitis;
709 2297 996 2360 comedere,
1028 2313 1143 2364 quae
1169 2308 1291 2349 sunt
1327 2297 1543 2359 illicita,
1564 2309 1628 2370 get
1658 2305 1981 2353 exsecranda
2002 2319 2022 2367 ;

449 2406 566 2443 cum
598 2387 907 2441 mulieribus
938 2388 1137 2441 ludere.
1180 2386 1222 2440 E
1268 2389 1447 2458 primo
1478 2404 1649 2459 arguo
1684 2391 1876 2445 solitos
1906 2406 2026 2443 mo-

450 2483 655 2534 nachos
689 2477 980 2542 attonderi,
1019 2478 1096 2533 uti
1122 2478 1235 2547 jam
1272 2479 1447 2532 innui.
1487 2478 1780 2534 Salvianus
1808 2480 1901 2534 lib.
1930 2495 2022 2535 vm

452 2574 524 2626 De
550 2572 925 2643 gubernatione
948 2570 1044 2625 Dei
1076 2571 1338 2626 describit
1366 2574 1693 2626 monachum
1718 2574 2021 2642 palliatum,

449 2675 502 2719 et
539 2665 821 2734 pallidum,
868 2676 921 2718 et
969 2665 1162 2718 recisis
1206 2679 1490 2717 comarum
1540 2663 1822 2719 ﬂuentium
1874 2667 2023 2734 jubis

404 2764 409 2767 '
452 2772 625 2826 usque
654 2756 720 2809 ad
757 2765 935 2810 cutem
981 2766 1220 2820 tonsum,
1259 2771 1381 2825 pag.
1418 2756 1557 2820 190;
1593 2754 1938 2822 Sirmondus,
1968 2756 2024 2810 in

449 2847 606 2915 epist.
642 2844 732 2910 25,
764 2847 860 2901 lib.
900 2861 955 2900 ιιι
989 2844 1224 2910 Sidonii,
1271 2844 1467 2916 chez,
1523 2846 1574 2900 in
1621 2846 1818 2900 Chron.
1855 2849 2024 2901 sancti

456 2936 742 3004 Benedicti,
778 2952 898 3007 cap.
932 2937 988 2990 4.
1025 2937 1207 2991 Nilum
1239 2947 1422 2991 autem
1468 2938 1672 2992 aluisse
1705 2953 1916 2993 comam
1967 2940 2021 2992 in

450 3031 619 3094 luctu,
653 3042 707 3085 et
737 3030 1058 3100 promisisse
1089 3029 1211 3084 ideo
1250 3031 1496 3099 capillos,
1532 3040 1593 3083 ut
1640 3028 1831 3084 faciem
1866 3032 2023 3085 obte-

448 3132 658 3192 gerent,
684 3122 947 3176 necalilio
963 3123 1146 3175 statim
1171 3120 2022 3191 agnosceretur.Lugentesenim

446 3225 502 3268 et
533 3215 608 3269 rei
661 3213 911 3269 solebant
940 3213 1073 3267 olim
1108 3199 1331 3267 barbam
1386 3213 1760 3281 capillumque
1790 3214 2026 3266 submit-

449 3319 590 3374 tere;
648 3313 882 3362 testatur
912 3307 962 3359 id
996 3307 1063 3359 de
1102 3307 1345 3359 Eumene
1374 3304 1646 3368 Justinus,
1677 3305 1790 3359 'lib.
1827 3322 2020 3368 xxxvi,

446 3400 620 3467 deque
655 3399 899 3467 Augusto
948 3400 1177 3450 Sueton.
1219 3411 1269 3449 c.
1321 3396 1427 3458 ‘23;
1462 3394 1651 3463 Cujae.
1694 3396 1791 3449 lib.
1825 3412 1874 3449 vi
1917 3397 2020 3451 0b-

447 3488 872 3544 servat.lur.‘c.
918 3491 966 3550 1,
1009 3487 1077 3540 ad
1115 3487 1212 3539 lib.
1248 3502 1316 3539 xv
1353 3486 1422 3540 Ι).
1461 3485 1531 3539 De
1561 3487 1747 3555 injur.;
1789 3487 1815 3559 §
1854 3488 2021 3542 Gene-

446 3580 631 3633 raliter
656 3579 713 3631 in
749 3576 889 3633 verb.
920 3564 1006 3632 vel
1043 3576 1263 3645 capillos
1296 3576 1594 3632 submittat.
1631 3577 1856 3634 Ovidius
1895 3581 2022 3650 qui-

444 3674 567 3725 dem
616 3670 888 3741 relegatus
935 3671 1003 3726 ad
1050 3670 1325 3726 Euxinum
1361 3669 1594 3725 Pontum
1639 3685 1895 3742 egressus
1937 3683 2021 3729 est

448 3762 591 3821 Urbe
608 3805 625 3831 ,
1220 3772 1223 3775 ⁷
1787 3756 1791 3760 ’

584 3852 869 3922 Squalidus
907 3853 1161 3909 immissis
1198 3853 1341 3907 hirta
1368 3869 1460 3923 per
1492 3870 1586 3907 ora
1618 3854 1807 3909 comis:-

443 3945 825 4001 tlonsulendus
860 3946 1156 4003 cardinalis
1190 3944 1454 4003 Baronius
1491 3947 1546 4001 in
1578 3947 1870 4000 Annalibus
1910 3946 2017 4002 Ec-

442 4036 565 4091 cles.
606 4037 674 4090 ad
710 4052 916 4091 annuat
964 4037 1071 4104 58,
1123 4052 1277 4092 num.
1318 4038 1409 4105 55,
1443 4042 1587 4109 apud
1637 4038 2013 4109 Spondanum.

512 4131 667 4197 Quod
694 4132 889 4187 attinet
919 4133 984 4187 ad
1017 4136 1403 4204 μιαροφαγεῖν,
1447 4150 1557 4188 non
1584 4143 1793 4188 tantum
1819 4136 2017 4206 opinor

443 4220 783 4277 Theodulum
820 4223 1126 4294 intelligere
1169 4225 1471 4296 idolothyta
1505 4240 1878 4296 paganorum,
1930 4226 2015 4280 vel

2134 366 2373 421 breviter
2409 368 2476 422 de
2510 367 2836 422 abstinentia
2870 370 3073 432 carnis,
3111 384 3220 439 qua
3256 372 3572 439 reprimitur
3602 391 3714 427 κοι-

2132 457 2424 527 λιοδαίμων
2444 498 2461 523 ,
2506 459 2601 528 qui
2639 459 3017 531 παραπλήσιος
3045 471 3130 515 est
3158 462 3590 535 ἐγγαστριμύοῳ
3609 505 3623 527 ,
3664 467 3713 520 id

2131 558 2237 614 est,-
2276 550 2479 605 datmon
2511 552 2741 617 ventris,
2777 553 2869 620 qui
2894 552 3106 606 vicinus
3135 562 3217 607 est
3239 554 3616 625 ventriloquo;
3653 560 3715 612 de

2129 639 2510 697 Carthusianis
2558 645 2738 698 saneti
2786 641 3094 709 Brunonis,
3128 646 3220 713 qui
3273 646 3713 703 anachoreticam

2131 733 2297 786 vitam
2326 734 2379 787 in
2408 735 2702 790 Occidente
2738 737 3041 803 renovavit,
3074 736 3335 803 alumnis,
3370 740 3574 808 quique
3597 756 3712 810 per-

2132 832 2295 892 petuo
2347 826 2628 881 abstinent
2677 827 2745 882 ab
2793 843 2889 882 esu
2923 829 3195 892 cai'nium,
3242 829 3517 886 Ostiensis
3566 834 3707 888 card.

2131 915 2400 971 Henricus
2448 918 2517 972 de
2569 916 2870 988 Segusione
2900 919 3077 975 obiter
3106 920 3161 974 in
3194 935 3245 975 c.
3280 920 3577 976 Consilium
3606 935 3707 979 ext.

2130 1005 2193 1058 de
2229 1006 2429 1060 observ.
2457 1007 2719 1076 Jejunior.
2747 1018 2801 1063 et
2827 1006 3070 1064 Joannes
3112 1009 3346 1064 Andreae
3367 1051 3382 1076 ,
3430 1013 3524 1082 qui
3555 1023 3707 1069 stata

2131 1095 2511 1154 Carthusianis
2556 1116 2621 1154 ex
2671 1101 2810 1154 libro
2860 1101 3084 1154 Arnahli
3127 1100 3291 1171 692
3325 1103 3393 1157 de
3433 1103 3707 1159 Villanova

2132 1206 2229 1258 pro
2255 1186 2385 1259 ipsis
2417 1191 2755 1260 conscripto,
2810 1191 2885 1244 uti
2920 1192 3193 1245 Antonius
3226 1191 3444 1246 Butrius
3476 1195 3531 1247 in
3567 1211 3707 1249 mar-

2131 1283 2257 1354 gine
2302 1282 2704 1346 Panormitani,
2750 1293 2799 1338 et
2843 1281 3085 1337 Joannes
3128 1284 3448 1340 Charlerius
3476 1288 3541 1341 de
3581 1287 3707 1342 Ger-

2132 1390 2265 1429 Sotlc
2294 1375 2495 1444 oppido
2525 1374 2810 1429 Rcmensis
2846 1375 3123 1438 dioecesis,
3175 1385 3340 1446 atque
3376 1376 3704 1449 Fogerolius.

2134 1468 2186 1520 in
2241 1467 2380 1520 libro
2434 1465 2717 1535 Porphyrii
2760 1464 2834 1518 De
2890 1465 3230 1519 abstinentia.
3295 1465 3483 1532 Quoad
3536 1472 3705 1522 lusum

2133 1574 2257 1612 cum
2312 1557 2681 1619 mulieribus,
2734 1556 2968 1626 pudicos
3006 1556 3094 1611 ille
3127 1557 3472 1614 castimoniae
3528 1569 3708 1614 custos

2131 1660 2185 1705 et
2235 1650 2569 1721 purissimus
2601 1650 2918 1705 adolescens
2951 1650 3091 1704 velat
3129 1651 3233 1705 hoc
3274 1652 3445 1706 verbo
3476 1655 3704 1722 turpi|u~

2132 1742 2423 1808 dinem,ad
2451 1757 2614 1810 quam
2648 1742 2846 1811 impuri
2898 1749 2954 1796 et
2984 1742 3137 1812 impii
3173 1744 3458 1812 praedones
3491 1745 3705 1800 obsceni

2131 1834 2460 1888 Mahumctis
2511 1847 2879 1902 prrecursores
2940 1849 3064 1891 eum
3119 1831 3445 1903 adigebant;
3499 1852 3621 1890 nam
3661 1840 3706 1893 si

2134 1927 2291 1980 l'mdis
2318 1926 2497 1995 ipsum
2526 1925 2668 1980 escis
2693 1927 3023 1994 explessent,
3055 1935 3108 1979 et
3133 1927 3535 1994 inquinassent,
3566 1929 3702 1984 haud

2130 2018 2296 2072 dubie
2332 2020 2399 2071 ad
2441 2019 2894 2073 incontinentiam
2939 2019 3360 2087 protraxissent.
3430 2020 3705 2074 Ἐκάθισεν

2129 2111 2158 2161 ὁ
2201 2108 2329 2171 λαὸς
2377 2111 2589 2177 φαγεῖν,
2625 2111 2721 2163 καὶ
2769 2112 2931 2175 πιεῖν,
2981 2110 3076 2161 καὶ
3119 2110 3424 2180 ἀνέστησαν
3474 2110 3704 2177 παίζειν.

2130 2202 2300 2256 Exodi
2334 2217 2384 2257 c.
2427 2218 2600 2269 XXXII,
2636 2218 2691 2255 v.
2722 2201 2788 2267 6;
2833 2202 2884 2255 id
2917 2213 3029 2265 est,
3062 2203 3194 2254 sedit
3224 2203 3451 2270 populus
3485 2206 3708 2258 manda-

2131 2311 2253 2347 care
2304 2306 2351 2346 et
2387 2293 2596 2359 bibere;
2645 2309 2768 2364 qua:
2810 2293 2974 2347 verba
3033 2294 3229 2348 inserit
3260 2294 3558 2364 Apostolus
3595 2296 3614 2348 l
3645 2318 3707 2349 ai

2131 2384 2380 2439 Corinth.
2417 2400 2465 2439 c.
2516 2401 2574 2450 ιι,
2617 2400 2669 2438 v.
2711 2384 2767 2449 7,
2820 2384 2916 2437 καὶ
2962 2383 3178 2454 γυναιξὶ
3229 2386 3593 2456 προσπαίζειν
3638 2389 3709 2441 ait

2131 2475 2468 2539 Theodulus,
2519 2473 2569 2528 id
2607 2486 2725 2539 est,
2768 2474 3092 2529 mulieribus
3144 2475 3407 2530 alludere.
3461 2476 3707 2531 Monachi

2127 2568 2374 2637 profecto
2404 2567 2621 2621 caelibes
2651 2577 2830 2631 erant,
2890 2578 2945 2620 et
2991 2567 3264 2621 vovebant
3311 2570 3708 2638 servabantque

2131 2661 2462 2725 castitatem,
2519 2659 2661 2712 unde
2694 2658 3032 2713 vocabantur
3068 2659 3280 2730 Azyges
3314 2679 3328 2714 :
3364 2663 3557 2731 synod.
3592 2680 3704 2729 vin,

2129 2765 2237 2807 act.
2273 2752 2341 2817 5,
2369 2769 2421 2822 p.
2457 2751 2582 2805 266.
2622 2751 2695 2804 Τὸ
2723 2751 2882 2821 σῶμα
2920 2753 3000 2814 εἰς
3034 2753 3132 2822 τὴν
3160 2755 3399 2824 σήμερον
3435 2756 3616 2823 ἁγνόν,
3640 2759 3706 2811 ad

2131 2845 2456 2898 hodiernum
2490 2860 2664 2913 usque
2689 2843 2832 2898 diem
2862 2852 3073 2898 castum
3110 2845 3396 2914 professus
3424 2856 3504 2902 est
3532 2846 3709 2903 Theo-

2130 2934 2311 2999 dulus,
2340 2951 2462 3005 pag.
2497 2934 2621 3000 117,
2654 2934 2708 2988 in
2733 2933 3082 2998 Narratione,
3113 2951 3273 2989 suum
3300 2951 3499 3005 corpus
3525 2937 3706 2993 hacte-

2127 3042 2232 3081 nus
2255 3026 2596 3096 virgineum;
2629 3034 2683 3080 et
2703 3027 2769 3079 de
2795 3023 3011 3079 Malebo
3044 3028 3316 3081 monacho
3340 3028 3461 3083 fuse
3485 3039 3704 3084 sanctus

2126 3116 2493 3188 Hieronymus
2528 3117 2579 3170 iu
2613 3118 2732 3185 θ]οε
2757 3115 2904 3181 Vita,
2942 3126 2996 3170 et
3020 3114 3471 3188 Martyrologium
3505 3120 3705 3175 Roma-

2125 3223 2255 3260 num
2320 3207 2409 3263 die
2473 3210 2535 3262 Ἥ
2596 3205 2871 3271 Octobris,
2934 3224 3097 3277 quem
3159 3209 3377 3262 barbari
3433 3212 3703 3280 captivum

2124 3312 2418 3369 coegerunt
2450 3303 2706 3356 feminam
2725 3304 2993 3371 captivam
3017 3319 3203 3358 secum
3232 3306 3487 3369 retinere,
3510 3322 3703 3375 quama

2127 3394 2208 3447 vis
2239 3410 2364 3448 cum
2400 3395 2493 3447 illa
2524 3404 2676 3449 casta
2702 3395 2921 3449 vivebat
2961 3396 3165 3450 castior
3200 3397 3315 3466 ipse
3344 3416 3357 3450 :
3388 3398 3564 3466 deque
3596 3401 3705 3454 alio

2124 3486 2398 3540 monacho
2439 3486 2788 3541 adolescente
2815 3487 3021 3552 vincto,
3050 3498 3104 3543 et
3133 3504 3161 3541 a
3200 3490 3509 3552 meretrice,
3542 3506 3705 3562 paga-

2122 3593 2318 3631 norum
2372 3577 2751 3632 insidiantium
2802 3578 2923 3647 ejus
2973 3582 3214 3635 castitati
3252 3593 3408 3650 arte,
3462 3585 3704 3641 immissa

2122 3669 2382 3737 pellecto,
2427 3681 2822 3740 exsectamque
2864 3672 3122 3727 dentibus
3165 3674 3280 3728 suis
3310 3675 3549 3744 linguam
3576 3692 3695 3745 pro-

2119 3760 2292 3829 priam
2343 3759 2609 3815 adversus
2659 3776 2778 3815 eam
2834 3773 3193 3833 conspuente.
3229 3762 3362 3820 Vide
3404 3766 3555 3821 Vitas
3598 3766 3699 3820 Pa-

2119 3861 2286 3906 trum.
2323 3852 2395 3906 Ex
2430 3853 2536 3909 ista
2568 3869 2734 3924 porro
2765 3854 3017 3924 Epitome
3048 3858 3217 3927 liquet
3245 3875 3413 3929 quam
3463 3859 3700 3929 agitatus

2116 3954 2172 3999 et
2194 3938 2497 4001 concussus
2520 3944 2687 4000 fuerit
2713 3948 2932 4002 animus
2953 3946 3082 4014 Nili,
3106 3957 3262 4003 aetate
3279 3949 3393 4018 jam
3444 3960 3700 4021 vergente

2118 4052 2182 4092 ac
2221 4037 2653 4106 ingravescente,
2691 4047 2853 4108 atque
2884 4039 3163 4095 devoratis
3205 4048 3285 4095 tot
3324 4041 3591 4096 molestiis
3644 4052 3700 4096 et

2115 4128 2402 4195 airumnis,
2440 4129 2691 4185 turbatus
2724 4140 2780 4185 et
2808 4130 3042 4186 alllictus
3088 4130 3385 4201 (occupant
3416 4132 3562 4187 enim
3592 4135 3701 4187 cla-

2115 4219 2289 4274 riores
2314 4221 2533 4276 animos
2567 4221 2842 4276 interdum
2876 4222 3242 4277 humanarum
3283 4224 3548 4294 caligines
3572 4238 3688 4293 pas-

443 4331 632 4384 azyma
655 4312 992 4380 Judzeorum,
1014 4331 1138 4385 qua:
1159 4331 1368 4371 canone
1387 4317 1453 4371 ’ῑο
1475 4316 1718 4385 Apostol.
1742 4333 1779 4371 ιι
1812 4316 2013 4387 Synodi
2047 4313 2091 4367 D
2120 4315 2389 4386 sionum),
2419 4316 2580 4385 quasi
2601 4317 2744 4372 mole
2776 4318 3151 4373 calamitatum
3195 4334 3303 4372 non
3347 4319 3527 4373 solum
3571 4334 3697 4372 rur-

440 4406 738 4475 Gaugren.,
773 4422 979 4460 xxxvm
1008 4405 1329 4472 Laodiccn.,
1362 4423 1399 4462 ιι
1419 4408 1711 4473 Τιίιιιιιιιςε,
1743 4410 2009 4478 prohibita

440 4512 658 4565 quoque
688 4504 847 4561 sunt;
884 4498 977 4551 sed
1005 4506 1059 4551 et
1090 4497 1244 4551 cibos
1276 4499 1494 4561 vetitos,
1519 4499 1721 4568 quibus
1743 4500 2015 4555 abstinent

440 4587 727 4642 orthodoxi
761 4587 898 4643 feria
933 4600 1085 4642 sexta
1111 4588 1374 4657 qualibet,
1404 4599 1458 4645 et
1481 4591 1710 4659 singulis
1738 4590 2010 4658 Sabbatis,

439 4696 504 4736 ac
543 4679 596 4734 in
631 4678 1082 4751 Quadragesima,
1116 4680 1360 4751 plerique
1396 4698 1525 4737 vero
1575 4685 1826 4740 monachi
1872 4701 2012 4755 praev-

439 4771 645 4827 stitutis
676 4771 873 4828 diebus
902 4786 970 4826 ex
1011 4773 1262 4828 instituto
1292 4775 1790 4842 monasteriorum;
1823 4787 2011 4830 notum

439 4865 568 4919 illud
603 4863 948 4934 proverbium
986 4883 999 4918 :
1035 4864 1208 4937 Τυρὸς
1250 4867 1344 4919 καὶ
1387 4867 1549 4936 ἄρτος
1587 4867 1681 4919 καὶ
1706 4863 1868 4931 οἶνος,
1896 4868 2009 4937 βίος

439 4956 675 5027 μοναχοῢ
722 4954 1106 5028 καθημερινὸς.
1149 4956 1214 5013 Ut
1251 4956 1434 5013 nullus
1466 4958 1846 5028 episcoporum
1897 4975 2014 5013 mo-

437 5049 629 5105 nachis
664 5047 908 5107 volatilia
938 5048 1226 5105 coruedere
1277 5051 1556 5117 concedat,
1606 5050 1852 5105 sancitur
1901 5067 1948 5104 c.
1979 5050 2012 5104 9

436 5140 788 5195 Additionum
825 5141 892 5199 ad
927 5140 1177 5211 Capitula
1215 5143 1399 5197 Caroli
1447 5140 1518 5196 M.
1571 5142 1624 5196 in
1674 5142 2009 5197 Bibliotheca

437 5232 807 5298 Cluniacensi,
835 5233 927 5287 ubi
967 5230 1298 5299 Quercetan.
1329 5236 1497 5288 multa
1532 5243 1706 5295 notat,
1733 5250 1786 5304 p.
1815 5234 1906 5288 27.
1941 5234 2012 5288 De

436 5323 802 5393 xcrOphagiis,
831 5323 882 5377 id
906 5333 1008 5388 est,
1063 5323 1339 5377 aridorum
1375 5332 1430 5376 et
1455 5324 1730 5391 siccorum
1764 5324 2009 5376 ciborum

436 5430 552 5476 esu,
580 5426 685 5469 etc.
716 5414 1112 5480 Tcrtulliauus,
1137 5415 1231 5471 lib.
1257 5432 1309 5482 v,
1343 5431 1462 5485 cap.
1491 5417 1547 5475 4,
1570 5416 1830 5467 Adversus
1862 5414 2011 5467 Mur-

438 5502 600 5567 ciam;
641 5503 798 5557 Philo
826 5546 840 5569 ,
883 5507 977 5559 lib.
1028 5522 1074 5568 ι,
1114 5506 1183 5559 De
1223 5508 1310 5559 vit.
1352 5506 1715 5575 conlentplnl.;
1758 5505 1905 5562 Fest.
1957 5509 2008 5559 in

442 5592 588 5643 verb.
628 5591 858 5657 Panem;
909 5596 1217 5651 Cardinalis
1250 5597 1518 5654 Batonius
1566 5598 1630 5653 ad
1662 5614 1865 5654 annum
1917 5601 2005 5654 54.

2116 4417 2277 4462 vatus
2323 4415 2379 4462 et
2429 4408 2745 4471 inclinatus,
2784 4425 2974 4464 verum
3023 4413 3188 4464 etiam
3220 4410 3484 4476 obrutus,
3537 4419 3699 4479 atque

2115 4514 2412 4569 oppressus
2443 4501 2545 4554 sub
2573 4516 2740 4556 onere
2765 4510 2916 4556 tanto
2941 4501 3202 4556 fatiscens
3228 4502 3402 4572 magis
3435 4516 3500 4554 ac
3526 4502 3697 4570 magis

2117 4592 2438 4645 insenuerit.
2470 4589 2683 4646 Etenim
2717 4594 2763 4647 si
2795 4593 2905 4661 (uti
2931 4592 3349 4662 computabam)
3375 4590 3531 4646 Nilus
3553 4606 3696 4645 anno

2117 4674 2178 4729 C.
2211 4675 2277 4730 N.
2307 4676 2434 4740 560,
2469 4676 2944 4749 Constantinopoli
2972 4681 3125 4749 (quas
3149 4679 3283 4732 δέκα
3312 4679 3479 4742 ἔτεσι,
3514 4680 3566 4733 id
3595 4689 3695 4739 est,

2116 4766 2303 4819 decem
2345 4768 2503 4821 annis
2532 4769 2775 4836 condita,
2825 4771 3073 4825 dedicata
3125 4770 3301 4825 luerat
3345 4786 3492 4825 anno
3522 4770 3583 4826 C.
3627 4768 3693 4825 N.

2115 4858 2250 4921 550,
2302 4874 2332 4913 e
2380 4857 2602 4915 Juliano
2634 4860 2891 4931 Apostata
2922 4861 3159 4926 Caesare,
3206 4872 3350 4918 orat.
3389 4863 3439 4927 l,
3466 4878 3519 4931 p.
3567 4862 3692 4924 250)

2116 4959 2277 5006 natus
2314 4962 2460 5020 erat;
2493 4968 2639 5007 anno
2667 4951 2730 5007 C.
2763 4951 2828 5007 N.
2863 4953 2988 5016 405,
3025 4953 3311 5022 ριέινῑεοιιιε
3343 4954 3527 5007 itidem
3564 4954 3693 5007 Urbi

2117 5043 2362 5099 delectus
2396 5045 2577 5100 aetatis
2605 5044 2698 5110 42,
2742 5061 2840 5100 seu
2869 5045 2960 5110 45,
3008 5045 3296 5100 studuerat
3335 5046 3535 5115 quippe
3567 5046 3699 5098 libe-

2117 5136 2326 5193 ralibus
2354 5137 2677 5206 disciplinis,
2707 5138 2761 5192 in
2782 5138 2918 5192 urbe
2939 5136 3048 5192 (ΣΡ.
3068 5140 3134 5192 ad
3158 5154 3361 5192 annum
3387 5138 3448 5191 C.
3478 5136 3543 5192 N.
3568 5138 3690 5201 585,

2114 5229 2292 5284 aetatis
2320 5229 2429 5297 25;
2476 5231 2710 5285 duxerat
2755 5245 2982 5285 uxorem
3023 5246 3168 5285 anno
3206 5229 3346 5296 590,
3381 5231 3561 5285 aetatis
3590 5230 3690 5291 30;

2114 5322 2406 5390 reliquerat
2448 5323 2678 5391 patriam
2706 5334 2758 5379 et
2793 5324 2996 5390 aulam,
3026 5323 3382 5392 proﬁciscens
3422 5324 3490 5377 ad
3539 5338 3682 5374 mou-

2117 5422 2221 5467 tem
2251 5414 2381 5467 Sina
2410 5429 2555 5469 anno
2589 5415 2713 5470 405.
2751 5415 3017 5471 Praeterea
3057 5415 3283 5471 incursu
3313 5415 3460 5471 laeto
3492 5415 3689 5469 Arabec

2117 5506 2284 5559 lilium
2330 5521 2489 5560 suum
2546 5506 2886 5563 Theodulum
2939 5509 3317 5571 abduxerunt,
3381 5507 3688 5577 quem.diu

2117 5595 2477 5666 perquisitum
2523 5614 2666 5656 anno
2708 5599 2833 5668 410,
2881 5614 2978 5657 seu
3008 5600 3141 5667 411,
3174 5592 3314 5655 ilum
3363 5599 3543 5655 aetatis
3583 5613 3685 5654 sua
