3998 6116
431 173 573 238 1423

1179 178 1326 238 JOS.
1363 179 1624 238 MARIE
1664 180 2022 240 SUARESII
2064 182 2297 243 LIBER
2332 181 2960 243 CHRONOLOGICUS

3552 176 3694 241 πω

430 287 545 342 tnla
583 284 927 356 disciplinam
991 286 1419 341 cerlesiasticam
1467 290 1731 345 continet.
1793 290 2078 353 FloruitA
2105 294 2373 354 cionibus.
2423 302 2477 347 et
2523 292 2981 354 accusationibus,
3023 288 3379 343 invehebatur
3417 290 3695 349 exsultare

433 380 525 433 ille
555 394 703 435 anno
733 377 938 433 Christi
983 377 1047 431 N.
1095 378 1220 433 835.
1255 377 1330 432 ita
1363 379 1674 449 Capitulare
1712 381 1892 437 Caroli
1936 383 2007 436 M.

431 472 722 527 collectum
783 470 852 524 ab
890 471 1157 538 Ansegiso
1203 471 1399 525 abbate
1440 470 1770 529 Laubicnsis
1812 491 2009 531 mona-

431 561 586 616 Sterii
606 562 1060 616 Cameracensem
1096 562 1237 616 intra
1261 563 1565 627 diwccsim,
1597 566 1648 617 in
1676 581 1786 634 quo
1805 576 2007 621 statuta

429 653 708 707 variarum
738 653 1074 722 synodorum
1116 662 1183 708 et
1224 663 1590 710 conventuum
1612 696 1626 721 ,
1656 666 1709 712 et
1739 660 2009 713 constitu—

429 743 605 797 tiones
637 750 746 796 tam
787 741 966 797 Caroli
1020 741 1195 813 Magni
1229 759 1394 814 quam
1424 743 1680 800 Ludovici
1711 746 2008 813 Pii,etLo-

425 831 586 885 tbarii
608 830 844 892 concise,
866 832 1162 901 paucisque
1179 833 1357 887 verbis
1380 834 1780 901 exprimuntur,
1802 851 2005 903 congr-
2023 864 2059 875 ο-

426 934 571 977 stum
621 932 704 977 est
752 923 804 976 itt
836 933 1075 993 quatuor
1116 923 1318 990 libros;
1344 924 1409 978 ad
1433 940 1637 978 annum
1666 926 1800 993 .775,
1834 926 2004 980 collo-

425 1023 584 1068 catur
613 1014 702 1069 hic
728 1015 1049 1084 Anscgisos.
1077 1013 1233 1085 Apud
1248 1014 1466 1070 Graecos
1497 1015 1783 1085 Κεφάλαια
1816 1030 2002 1072 vocata

425 1105 646 1160 fuerunt
682 1105 985 1160 hortatoria
1025 1105 1324 1174 Carpathii,
1379 1121 1487 1161 non
1530 1107 1669 1176 ejus,
1722 1109 1810 1163 cui
1861 1125 2000 1178 prte-

428 1206 625 1246 nomen
661 1190 765 1246 fuit
794 1189 977 1258 Philo,
1013 1194 1066 1246 in
1105 1194 1281 1250 insula
1304 1197 1475 1249 maris
1504 1195 1780 1265 Carpathii
1811 1213 2001 1253 versus

425 1285 745 1354 AEgyptum,
781 1284 923 1339 inter
952 1283 1196 1352 Cretam,
1226 1286 1586 1358 Rhodumque
1623 1288 1857 1344 ordinati
1883 1291 2000 1361 epi-

424 1380 576 1448 scopi
608 1394 643 1434 a
681 1389 871 1435 sancto
901 1379 1101 1436 Basilio
1128 1382 1195 1438 ad
1229 1398 1360 1436 ann.
1387 1382 1450 1439 C.
1484 1384 1622 1452 57‘;
1653 1385 1748 1439 sed
1774 1384 2000 1443 Joannis

423 1470 701 1540 Carpathii
714 1473 872 1541 cujus
887 1473 1092 1542 legerat
1111 1472 1266 1529 Nilus
1287 1476 1353 1529 ad
1368 1477 1667 1532 monachos
1683 1476 1846 1533 India:
1863 1495 2001 1548 prte-

424 1571 603 1630 cepta,
620 1577 649 1616 c
666 1562 881 1629 Photio,
900 1578 930 1618 e
948 1562 1114 1619 Sexto
1132 1563 1391 1633 Senensi;
1417 1566 1473 1620 S.
1488 1566 1706 1622 Maximi
1725 1568 2001 1624 confesso-

2114 382 2481 451 potissimutu.
2535 381 2603 434 At
2645 379 2797 434 Nilus
2839 381 2977 450 stylo
3016 377 3272 431 utebatur
3314 378 3515 442 aulico,
3546 380 3692 434 ideo-

2112 488 2217 542 que
2252 473 2417 527 dictio
2445 471 2551 526 Nili
2575 474 2884 541 castigatior
2907 481 3008 535 est.
3049 469 3410 525 Nihilominus
3444 481 3690 527 sanctum

2108 563 2371 618 Joannem
2407 563 2650 617 imitatur
2676 564 2727 616 in
2754 561 3038 617 Peristcria
3069 568 3123 613 et
3176 561 3229 613 in
3258 560 3516 615 vitiorum
3548 562 3690 616 inse-

2109 658 2371 721 ctatione,
2397 656 2648 709 eruditus
2681 654 2852 722 ipsius
2874 652 3069 720 λόγοις,
3104 652 3155 704 id
3182 661 3284 716 est,
3323 655 3686 717 sermonibus,

2108 763 2249 817 quos
2298 761 2464 816 penes
2489 760 2549 800 se
2582 746 2933 815 praescriptos
2981 743 3249 808 habebat,
3302 752 3361 795 ut
3419 744 3589 813 liquet
3622 760 3685 798 cx

2106 840 2265 909 epist.
2311 838 2438 901 293,
2480 838 2575 892 lib.
2628 853 2690 895 ll.
2751 835 2833 888 Ad
2857 834 3186 887 Zenodorum
3228 835 3506 900 decanum,
3541 844 3593 889 et
3623 851 3684 889 cx

2104 931 2262 998 epist.
2296 930 2383 995 l5,
2412 930 2507 983 lib.
2536 944 2620 992 ιιι,
2651 928 2720 979 ad
2746 926 2984 979 Hierium
3017 927 3405 993 presbyterum;
3432 927 3484 979 in
3519 928 3682 995 prima

2102 1022 2169 1075 de
2202 1023 2405 1075 Christi
2430 1020 2646 1073 Domini
2682 1018 2973 1087 baptismo,
3006 1018 3181 1085 deque
3209 1015 3414 1085 Spiritu
3458 1028 3678 1079 sancto;

2104 1112 2157 1165 in
2203 1110 2439 1166 secunda
2456 1111 2523 1163 de
2550 1107 2708 1174 Jobo,
2731 1123 2796 1161 ex
2826 1107 2932 1160 illis
2963 1120 3239 1175 promens,
3266 1106 3398 1175 agit.
3434 1105 3683 1159 Arctissi—

2105 1216 2191 1254 ma
2241 1198 2665 1262 consuetudine,
2705 1195 2970 1249 charitate
3017 1194 3399 1248 ardentissima
3455 1194 3679 1248 devincti

2101 1300 2258 1344 erant
2288 1288 2464 1343 sancti
2514 1285 2751 1340 Joannes
2790 1292 2845 1338 et
2880 1282 3069 1348 Nilus;
3110 1284 3254 1337 unde
3290 1281 3445 1337 Nilus
3475 1284 3679 1352 egregie

2104 1390 2284 1435 tuetur
2306 1379 2561 1447 ipsum,ct
2584 1375 2848 1429 Joannem
2864 1376 3176 1444 episcopum
3193 1374 3680 1443 Constantinopoli-

2101 1485 2285 1532 tanum
2333 1468 2588 1539 Θεοφόρον
2630 1467 2818 1536 ἄνδρα,
2875 1481 3039 1535 quem
3075 1465 3376 1519 Sosthenes
3403 1464 3682 1525 Commen-

2097 1559 2353 1615 tariensis
2385 1557 2745 1627 culpabattb;
2780 1555 3014 1627 ὀργίλον,
3075 1564 3206 1621 etc.,
3248 1565 3308 1609 ut
3342 1555 3677 1617 iracundum,

425 1650 503 1705 ris
532 1650 598 1703 ad
621 1666 713 1705 an.
735 1650 868 1717 65d;
890 1651 1307 1709 Marcieremitaa
1323 1631 1468 1709 anno
1489 1656 1613 1720 906,
1641 1665 1695 1711 et
1718 1659 1997 1726 monachi,
2029 1631 2073 1685 Β
2100 1652 2260 1721 epist.
2280 1650 2402 1715 509,
2431 1650 2522 1703 lib.
2556 1665 2591 1713 ι,
2624 1649 2690 1703 ad
2729 1647 2981 1703 eumdetn
3036 1646 3379 1710 Sosthenem,
3413 1656 3682 1714 comparat

374 1744 379 1749 '
425 1740 584 1808 cujus
616 1756 720 1797 ms.
748 1741 884 1796 liber
920 1744 1237 1799 inscribitur
1274 1744 1506 1799 Multum
1552 1746 1849 1801 desiderato
1886 1749 1999 1818 [ilio

430 1830 587 1897 Nico,
619 1843 858 1903 suntque
887 1834 1077 1904 viginti
1108 1837 1284 1907 capita
1315 1838 1502 1892 eodem
1536 1839 1587 1891 in
1618 1852 1942 1908 argumento
1970 1857 2001 1896 e

424 1923 590 1994 695
627 1925 857 1990 Photio;
887 1925 1142 1982 Diadoohi
1178 1928 1421 1999 episcopi
1466 1927 1716 1984 Pbotices
1750 1930 1803 1984 in
1835 1930 2001 2001 Epiro

427 2027 611 2072 vetere
644 2018 783 2073 intra
806 2016 1079 2089 Illyricum
1106 2021 1392 2088 Κεφάλαια
1427 2031 1668 2087 centum,
1695 2038 1814 2091 qum
1835 2023 1888 2077 in
1911 2024 2001 2078 Bi-

428 2107 696 2164 bliotheca
714 2111 937 2166 Patrum
965 2123 1203 2179 exstant,
1234 2114 1433 2184 illeque
1478 2113 1663 2169 ﬂoruit
1694 2115 1758 2169 ad
1793 2131 1998 2171 annum

427 2199 563 2267 590;
593 2200 775 2257 Basilii
798 2202 976 2275 Magni
1007 2205 1279 2271 Ascetica,
1312 2222 1436 2276 quae
1478 2216 1660 2261 tamen
1695 2208 2002 2263 tribuuntur

425 2291 725 2348 Eustacliie
746 2293 1048 2351 Sebasteno
1068 2295 1427 2363 Qumstiones,
1461 2314 1655 2368 nempe
1678 2300 2002 2368 compendio

426 2382 707 2452 explicatae
735 2403 748 2439 :
782 2394 911 2440 sunt
943 2387 1087 2440 enim
1117 2387 1170 2441 in
1220 2388 1306 2443 his
1332 2390 1680 2459 expurganda
1718 2392 2000 2457 nonnulla,

428 2491 552 2543 quae
594 2485 746 2531 notat
776 2478 1069 2534 cardinalis
1118 2478 1487 2536 Bellarminus
1531 2481 1623 2536 lib.
1678 2481 1755 2536 De
1801 2482 1999 2545 Script.

423 2567 714 2637 ἀπιστίαι.
747 2568 814 2623 ad
847 2582 1051 2623 annum
1084 2569 1218 2634 370;
1259 2569 1593 2626 Paraznetiea
1629 2571 1879 2628 Dorothei
1913 2590 2004 2627 ar-

427 2657 821 2723 chimandritze,
865 2659 957 2727 qui
992 2659 1257 2715 circa560
1287 2676 1492 2715 annum
1525 2662 1694 2726 vixit;
1734 2662 2002 2717 Theodori

424 2748 665 2817 episcopi
705 2746 941 2803 Sabaitae
964 2750 1030 2804 ad
1059 2764 1262 2805 annum
1293 2750 1435 2818 552;
1462 2750 1734 2807 Theodori
1762 2755 2003 2823 episcopi

426 2836 645 2892 Edessa:
669 2837 958 2905 Praetica;
997 2839 1152 2895 Isaia:
1188 2840 1423 2906 abbatis,
1447 2841 1675 2912 Agapeti
1722 2844 1788 2897 ad
1830 2842 2003 2899 Justi-

426 2928 650 2982 nianutn
692 2929 1100 2999 imperatorem,
1144 2930 1321 2988 Patris
1370 2933 1688 2997 Ammona,
1727 2935 1856 3004 Cap.
1904 2936 1996 3002 l7;

425 3018 669 3084 Macarii,
697 3035 791 3076 seu
827 3021 1012 3091 magni
1038 3022 1380 3092 seniorisque
1417 3022 1485 3079 ad
1516 3038 1719 3077 annum
1751 3024 1888 3090 340;
1921 3024 1997 3078 in-

425 3126 593 3181 super
633 3111 921 3182 Κεφάλαια
971 3115 1254 3185 πρακτικὰ
1282 3112 1538 3185 Hesychii
1577 3115 1898 3186 presbyteri,
1934 3130 1999 3170 ac

425 3213 611 3272 postea
659 3205 900 3275 episcopi
936 3204 1453 3278 Hierosolymitani,
1497 3209 1564 3263 ad
1607 3224 1810 3264 annum
1852 3209 1997 3276 θοις

424 3296 694 3353 l’hiloLhei
757 3298 1011 3353 monachi
1055 3300 1371 3355 monasterii
1416 3301 1717 3370 ὑπεραγίας
1737 3302 1998 3355 Θεοτόκου

422 3388 480 3440 ὲν
504 3387 635 3457 Σινᾷ
664 3386 761 3439 τοῦ
814 3387 978 3455 βάτου
1012 3389 1297 3457 Κεφάλαια
1328 3390 1430 3458 58;
1469 3389 1639 3446 lsaaci
1686 3392 1829 3463 Syri.
1865 3392 1996 3448 Item

421 3494 452 3529 e
490 3477 757 3546 Capitulis
784 3477 1010 3533 Joannis
1039 3492 1235 3534 ascette
1266 3481 1494 3547 fruetus,
1531 3482 1625 3550 qui
1650 3493 1906 3537 auctores
1940 3484 1993 3537 in

421 3568 706 3622 codicibus
744 3566 846 3621 liB.
883 3567 985 3621 BB.
1013 3578 1067 3624 et
1090 3569 1216 3635 250,
1251 3573 1684 3641 comperiuntur,
1715 3574 1799 3627 vel
1825 3574 1878 3627 in
1905 3574 1996 3627 Bi-

422 3659 690 3713 bliotheca
721 3659 941 3714 Patrum
971 3660 1175 3727 Graece,
1206 3662 1524 3733 Latineque,
1547 3680 1653 3734 qua
1676 3668 1881 3720 exarati
1904 3681 1996 3725 ca-

422 3751 587 3813 lamo,
608 3766 714 3820 qua
741 3751 887 3821 typis
901 3751 1057 3820 editi,
1086 3763 1138 3809 et
1168 3754 1413 3824 Capitula
1445 3756 1546 3810 ista
1570 3754 1751 3811 forsan
1782 3758 1851 3810 ab
1874 3758 1995 3811 aliis

421 3849 675 3910 excerpta
708 3842 928 3898 fuerunt
945 3860 1012 3899 ex
1052 3846 1410 3915 amplioribus
1433 3849 1778 3914 tractatibus,
1814 3848 1994 3902 homi-

422 3932 529 3997 liis,
545 3943 598 3987 et
613 3936 914 4000 sententiis,
940 3938 1329 4007 responsisque
1360 3938 1426 3992 ad
1452 3940 1749 4009 ἐρωτήσεις
1771 3939 1991 3995 Patrum

421 4027 663 4091 illorum,
728 4029 805 4083 uti
843 4029 1090 4098 Capitula
1127 4030 1342 4091 diversa
1385 4031 1723 4086 diversorum
1770 4030 1990 4085 Patrum

420 4119 584 4174 simul
628 4121 1010 4175 consarcinata
1050 4130 1104 4176 et
1152 4129 1509 4186 coacervata,.
1561 4137 1793 4191 quorum
1836 4117 2074 4197 exora"

418 4210 568 4265 dium
597 4219 681 4266 est
705 4231 717 4265 :
742 4210 936 4267 Beatus
965 4212 1300 4282 Epiphanius
1342 4213 1512 4278 dixit;
1537 4223 1589 4267 et
1633 4214 1687 4267 in
1722 4214 1860 4269 Vitis
1890 4215 1993 4268 Pa-

2099 1740 2293 1798 Joanni
2322 1740 2577 1809 Baptistae
2598 1749 2761 1806 atque
2775 1737 3021 1804 Christo;
3048 1746 3107 1790 ut
3140 1737 3233 1790 lib.
3271 1751 3331 1797 tt,
3373 1737 3531 1804 epist.
3562 1735 3679 1799 185,

2099 1849 2223 1889 eum
2243 1834 2504 1897 dilaudat,
2541 1842 2594 1886 et
2621 1829 3014 1885 carbunculum
3054 1827 3310 1883 Ecclesiae
3344 1828 3414 1881 ob
3433 1828 3681 1896 splendo-

2100 1940 2213 1980 rem
2240 1924 2454 1994 pietatis
2478 1924 2544 1977 ad
2572 1921 2842 1976 Valerium
2879 1920 3306 1984 Cubicularium,
3326 1917 3514 1988 .696
3553 1926 3677 1981 etc.,

2100 2016 2317 2081 recitat;
2341 2024 2395 2068 et
2413 2015 2505 2068 lib.
2526 2030 2607 2079 ut,
2624 2012 2782 2082 epist.
2805 2013 2925 2078 l99,
2950 2013 3197 2065 eumdem
3222 2018 3378 2064 vocat
3395 2008 3678 2073 Entheum,

2099 2115 2155 2161 et
2196 2121 2292 2160 eos
2335 2105 2429 2174 qui
2464 2106 2770 2173 Augustum
2819 2102 3214 2156 εὐλαϐέστατον
3259 2102 3354 2154 καὶ
3373 2100 3679 2153 ἁπλούστα-

2099 2214 2210 2260 τον,
2249 2196 2730 2267 benignissimum,
2756 2203 2809 2249 et
2830 2194 3321 2263 simplicissimum,
3340 2202 3400 2247 ut
3414 2200 3680 2246 extorrem

2101 2288 2305 2344 faceret
2343 2289 2699 2359 impulerunt,
2735 2303 2765 2342 a
2801 2288 2912 2343 Deo
2953 2288 3172 2357 punitos
3199 2301 3266 2341 ex
3308 2302 3500 2339 eorum
3546 2300 3681 2339 cou-

2103 2379 2339 2436 fessione
2374 2380 2678 2434 invidentes
2708 2382 2994 2449 episcopos
3021 2389 3210 2433 narrat
3237 2378 3442 2433 Severo
3478 2393 3679 2432 excon-

2102 2471 2229 2527 suli.
2264 2470 2425 2526 Certe
2448 2480 2699 2525 sanctum
2718 2469 2993 2525 Joannem
3020 2469 3142 2524 Nilo
3166 2485 3297 2525 suas
3325 2470 3489 2524 etiam
3520 2470 3680 2523 visio-

2103 2579 2200 2618 nes
2259 2572 2421 2632 atque
2463 2563 2818 2617 revelationes
2908 2562 3349 2617 communicasse
3397 2562 3567 2631 liquet
3612 2576 3676 2615 ex

2104 2652 2266 2721 epist.
2300 2653 2521 2720 subseq.
2573 2652 2699 2705 294.
2732 2652 2826 2706 lib.
2867 2668 2941 2714 ιι,
2993 2653 3045 2704 in
3093 2667 3201 2721 qua
3251 2652 3427 2721 ipsum
3473 2665 3680 2720 magna:

2106 2743 2420 2815 Byzantina:
2462 2744 2884 2798 illuminatorem
2944 2742 3204 2798 Ecclesia:
3260 2743 3675 2806 admirabilem,

2107 2836 2220 2890 imo
2255 2839 2424 2891 totius
2469 2836 2618 2892 orbis
2653 2835 2921 2899 nominat,
2951 2835 3198 2891 scribens
3228 2836 3292 2890 ad
3326 2836 3674 2890 Anastasium

2106 2927 2419 2997 episcopum
2446 2967 2462 2991 ,
2500 2928 2710 2981 scilicet
2753 2937 2996 2996 tempore
3038 2928 3374 2982 sacrosancti
3424 2926 3675 2981 sacriﬁcii

2103 3019 2172 3073 ab
2205 3021 2395 3074 eodem
2431 3028 2622 3074 sancto
2664 3018 2876 3073 Joanne
2906 3019 3052 3073 visos
3082 3019 3306 3088 angelos
3339 3019 3511 3073 altare
3548 3033 3672 3071 cum

2103 3111 2455 3165 veneratione
2507 3111 2911 3164 circumeuntes
2960 3110 3013 3164 in
3044 3110 3211 3164 domo
3262 3109 3496 3174 Domini,
3551 3124 3673 3163 cum

2101 3201 2361 3271 inciperet
2383 3202 2737 3263 oblationem.
2762 3217 2934 3271 usque
2955 3202 3023 3256 ad
3053 3202 3294 3272 mysterii
3322 3215 3674 3255 consumma-

2099 3294 2324 3359 tionem,
2358 3294 2423 3348 de
2454 3310 2563 3362 qua
2595 3294 2821 3363 epistola
2841 3308 3004 3362 supra
3039 3294 3369 3347 mihisertno
3405 3292 3523 3356 fuit,
3550 3306 3670 3359 pag.

2072 3383 2225 3445 035,
2258 3393 2312 3438 et
2345 3385 2435 3438 ubi
2481 3400 2767 3453 operarum
2816 3386 3015 3440 mendo
3046 3386 3170 3448 591,
3217 3392 3572 3447 numeratur;
3599 3383 3675 3436 ibi

2097 3475 2402 3545 διορατικὸς
2431 3476 2713 3546 ὑπάρχων,
2743 3491 2849 3529 non
2872 3477 3223 3545 exponendas
3246 3487 3385 3541 erat,
3415 3491 3533 3528 cum
3562 3477 3673 3528 acie

2098 3568 2370 3621 oculorum
2428 3569 2656 3633 valeret;
2709 3568 2802 3622 sed
2868 3568 3048 3636 potius
3093 3583 3211 3620 cum
3266 3567 3319 3620 iu
3360 3568 3473 3621 visu
3519 3567 3674 3635 foret,

2098 3661 2211 3715 sive
2233 3661 2532 3724 horamate,
2556 3660 2623 3713 de
2649 3674 2757 3728 quo
2782 3661 2966 3713 Actor.
2990 3673 3110 3727 cap.
3140 3674 3249 3722 ιιν,
3270 3674 3321 3711 v.
3343 3658 3397 3722 4,
3425 3669 3539 3711 etc.
3562 3674 3671 3717 xvi,

2097 3770 2147 3809 v.
2185 3754 2239 3818 9,
2271 3755 2675 3809 eruditissimus
2727 3753 3040 3807 Holstenius
3086 3753 3139 3805 in
3166 3749 3319 3806 Notis
3356 3751 3422 3805 ad
3462 3751 3674 3820 passin—

2094 3862 2217 3901 nem
2256 3846 2356 3900 SS.
2391 3847 2668 3915 Perpetua:
2703 3856 2758 3900 et
2793 3845 3087 3899 Felicitatis
3111 3860 3177 3898 ex
3206 3843 3439 3897 Alcuino
3478 3854 3532 3897 et
3572 3844 3676 3895 Ad-

2097 3939 2317 4004 belmo,
2357 3952 2409 4008 p.
2461 3938 2582 4003 152,
2630 3939 2836 4009 ὅραμα,
2897 3938 3110 4006 Οέαμα,
3161 3936 3670 4011 ὅπτασιςηὸρασις,

2096 4029 2232 4096 εἶδος
2269 4034 2592 4100 φαντασίας,
2639 4033 2783 4087 θέα..
2804 4033 3035 4103 Hcsych.
3082 4031 3424 4102 διορατικός,
3471 4030 3674 4098 perspi-

2098 4141 2216 4196 cax,
2247 4123 2599 4189 Damasceno,
2630 4133 2685 4178 et
2722 4125 3030 4178 Alexandro
3068 4122 3445 4191 Aphrodiszeo,
3476 4121 3674 4175 inscri-

2100 4217 2311 4284 ptiones
2346 4218 2623 4282 Romanae,
2647 4231 2711 4269 ex
2754 4215 2871 4269 viso
2904 4226 2957 4269 et
2999 4214 3138 4269 visu.
3175 4214 3327 4268 Nilus
3366 4212 3582 4281 quidem
3620 4212 3674 4264 in

420 4310 562 4356 trum
598 4304 799 4365 similia
830 4306 1204 4368 inveniuntur,
1236 4314 1289 4359 et
1306 4306 1669 4374 plurimorum’
1697 4306 1985 4377 Synopsim
2023 4309 2063 4362 D
2093 4308 2377 4377 prmccptis
2406 4308 2771 4362 exundantem
2817 4308 3101 4363 coercebat
3148 4308 3540 4374 eloquentiam.
3581 4319 3677 4356 ea-

418 4393 580 4447 vertit
606 4410 637 4448 e
665 4392 854 4447 Graeco
889 4395 943 4447 in
990 4392 1243 4449 Latinum
1270 4395 1323 4448 in
1360 4392 1482 4449 Vita
1510 4394 1689 4450 Basilii
1720 4398 1990 4465 monachi,

416 4490 471 4535 et
500 4481 739 4551 praefecti
776 4483 946 4536 lauro:
982 4481 1220 4546 Malcini,
1259 4483 1603 4549 asceticaque
1624 4484 1994 4556 Dcscriptione

415 4570 654 4628 Jacobus
682 4570 963 4627 Pontanus
987 4570 1280 4629 Soeietatis
1306 4572 1456 4629 Jesu.
1482 4573 1609 4630 Vide
1636 4575 1990 4632 Sirmundutn

418 4661 472 4713 in
494 4655 648 4715 Notis
668 4660 735 4714 ad
766 4658 1203 4726 Tlicodulphum.
1239 4677 1360 4732 pag.
1402 4662 1528 4720 274.
1558 4662 1815 4720 Versarat
1842 4667 1992 4720 diur-

420 4760 487 4800 na
514 4755 892 4816 nocturnaque
935 4762 1099 4803 manu
1151 4750 1328 4817 Nilus,
1371 4760 1425 4806 et
1464 4753 1718 4808 diuturna
1763 4755 1992 4811 lectione

420 4838 646 4891 triverat
685 4836 859 4892 libros
881 4853 1089 4906 sacros,
1134 4840 1269 4897 adeo
1300 4850 1359 4895 ut
1385 4842 1507 4898 illos
1539 4843 1819 4899 itnbibisse
1843 4845 1990 4898 vidc-

416 4926 750 4994 retur,loros
775 4944 967 4984 eorum
989 4932 1121 4987 scite
1146 4944 1308 5003 atque
1329 4936 1574 5003 apposite
1588 4936 1911 5005 applicabat,
1940 4945 1993 4990 et

413 5019 722 5088 exponebat
749 5023 1034 5087 concinne,
1054 5038 1220 5092 seque
1254 5025 1305 5078 in
1341 5025 1424 5079 his
1459 5024 1990 5091 exercitatissimum,

413 5119 469 5164 ct
506 5125 823 5181 germanum
871 5115 1045 5168 sancti
1074 5112 1303 5172 Joannis
1344 5117 1717 5189 Chrysostomi
1748 5122 1991 5192 discipu-

417 5201 528 5255 lum
563 5204 891 5268 exhibebat;
926 5208 1018 5262 sed
1070 5213 1323 5277 quamvis
1372 5224 1555 5267 sumat
1597 5229 1696 5282 pro
1749 5224 1992 5283 tempore

417 5294 499 5347 vcl
529 5297 751 5349 materia
772 5296 925 5353 Nilus
955 5299 1200 5355 diversos
1221 5302 1543 5371 eloquentia:
1576 5306 1777 5367 vultus,
1811 5315 1989 5361 tamen

418 5386 595 5455 ipsius
620 5389 859 5454 pressior
892 5399 974 5444 est
1002 5406 1164 5457 quam
1196 5393 1367 5446 sancti
1399 5391 1626 5448 Joannis
1659 5396 1849 5465 stylus.
1883 5396 1990 5449 Do-

418 5485 537 5529 ctor
585 5480 784 5534 etenim
826 5482 916 5536 ille
955 5492 1178 5538 sanctus
1220 5485 1520 5540 Antiochia:
1550 5495 1709 5541 natus
1753 5488 1991 5543 Asiatica

419 5574 632 5623 tumens
659 5570 931 5641 facundia,
966 5585 1017 5629 ct
1057 5587 1308 5634 assuetus
1338 5578 1536 5636 forensi
1574 5581 1742 5650 cepize
1774 5582 1826 5635 in
1859 5596 1991 5636 con-

2096 4415 2203 4468 que
2251 4399 2608 4452 contrahebat
2648 4398 2701 4451 in
2741 4397 3014 4468 Capitula,
3048 4397 3190 4452 unde
3221 4411 3419 4449 nomcn
3450 4394 3673 4448 sortitus

2094 4500 2197 4555 est,
2236 4489 2649 4558 Κεφαλαιώτου,
2688 4490 2884 4559 stylum
2906 4502 3179 4557 usurpans
3210 4487 3455 4548 brevem,
3484 4501 3547 4538 ac
3571 4486 3675 4537 im-

2092 4584 2433 4653 pcrativum,
2486 4582 2791 4651 Epictetum
2838 4582 3001 4636 etiam
3054 4579 3359 4639 adhibens,
3413 4592 3576 4646 quem
3621 4585 3676 4628 ct

2093 4675 2417 4729 Christiante
2457 4673 2663 4743 aptavit
2724 4672 3125 4742 philosophiae,
3188 4671 3675 4734 austeritatemque

2096 4759 2401 4815 Stoicorum
2427 4760 2704 4815 duriorem
2731 4759 3011 4815 etnollivit.
3050 4759 3107 4812 ln
3137 4758 3448 4825 Διηγήματι
3493 4764 3672 4809 autem

2097 4840 2300 4906 laxavit
2334 4849 2483 4906 frena
2523 4850 2842 4916 elocutioni,
2899 4848 3143 4903 serviens
3178 4846 3393 4900 κηριτιυί
3445 4861 3564 4909 suo,
3602 4845 3672 4896 ah

2094 4958 2268 5013 coque
2316 4951 2527 5011 raptus,
2565 4950 2729 5010 utque
2764 4940 2995 5008 legimus
3026 4940 3081 4991 in
3112 4936 3321 4991 Menam
3358 4937 3500 5005 prid.
3546 4935 3671 4988 ldus

2094 5032 2355 5087 Novemb.
2382 5052 2394 5086 :
2436 5032 2768 5103 Ἑθρήνησεν
2793 5031 2908 5084 υἱὸν
2938 5029 3104 5082 αὑτοῦ
3131 5028 3478 5098 αἰχμάλωτον
3515 5026 3674 5077 πλέον

2092 5128 2187 5179 τοῦ
2230 5125 2583 5195 καθήκοντος,
2613 5124 2795 5186 καθὼς
2826 5125 2883 5176 ὲν
2926 5123 3004 5192 τῷ
3042 5120 3173 5192 παρ’
3202 5119 3370 5173 αὐτοῦ
3399 5119 3674 5172 συντεθέν-

2094 5238 2145 5272 τι
2175 5218 2465 5288 γράμματι
2501 5218 2798 5285 ἐμφέρεται
2825 5230 2839 5244 ⁸
2874 5215 2923 5266 id
2969 5222 3071 5276 est,
3110 5210 3275 5264 Luait
3305 5211 3478 5278 ﬁlium
3520 5223 3669 5260 suum

2093 5311 2381 5379 captivum,
2405 5309 2685 5377 plusquam
2713 5309 2980 5369 decuerat,
3008 5304 3453 5375 qhenmdmodum
3470 5317 3497 5353 ε
3515 5300 3667 5359 libro,

2095 5420 2245 5471 quem
2284 5405 2347 5457 de
2374 5404 2467 5457 illo
2499 5402 2813 5471 composuit,
2844 5400 3079 5468 e/Tcrtur.
3116 5407 3164 5449 et
3194 5396 3421 5464 fioribus
3451 5390 3669 5446 rhetori-

2096 5497 2169 5547 cis
2196 5495 2508 5564 purpurarit
2547 5496 2762 5563 phrases
2793 5507 2937 5543 suas.
2971 5488 3043 5542 lta
3080 5489 3131 5541 in
3162 5484 3281 5539 Jobi
3304 5484 3443 5552 justi
3492 5482 3667 5535 verbis

2095 5584 2249 5638 multi
2278 5600 2339 5638 ca
2366 5601 2472 5638 non
2495 5584 2823 5651 intelligunt,
2846 5590 2897 5633 ct
2918 5577 3161 5647 quaedam
3192 5575 3260 5628 ibi
3284 5569 3665 5640 sicaccipiunt,
