3998 6116
311 328 450 396 1425

1614 333 1711 396 DE
1752 335 1920 397 VlTA
1975 337 2036 397 S.
2094 336 2283 400 NILI.

3420 321 3554 386 1126

303 444 460 512 quasi
495 443 699 514 aliquid
749 441 1194 502 durum-dixerit
1239 446 1349 502 Job
1391 448 1443 501 in
1489 447 1696 510 Deum,
1747 462 1886 517 quos
1915 451 1959 507 Α
1990 448 2149 503 mista
2182 463 2318 503 vero
2351 456 2499 514 sunt,
2554 456 2611 500 et
2650 438 3026 514 paraphrasim
3078 434 3250 491 solam
3305 432 3554 504 sapiunt;

305 536 509 592 refutat
541 547 765 592 sanctus
799 539 1139 608 Augustinus
1181 541 1235 593 in
1267 540 1622 594 Enarratione
1666 538 1876 593 Paalmi

305 643 423 690 cm,
479 645 531 698 p.
560 629 665 684 459
693 649 706 684 :
738 631 1060 699 eloquentiae
1095 646 1314 700 quoque
1358 632 1467 686 vim
1522 631 1779 701 expandit
1827 630 1882 683 in

308 718 645 791 Panegyrico
670 722 881 775 Albiani
911 722 1133 788 Galatae,
1168 723 1469 793 nutritique
1491 724 1743 793 Ancyrae,
1772 721 1885 776 for-

308 812 472 873 mosi,
508 820 562 865 et
588 813 723 866 casti
754 832 767 865 :
809 827 932 866 cum
974 814 1039 868 ad
1076 829 1230 867 sacra
1276 814 1577 867 ministeria
1601 822 1889 866 vocaretur

310 904 421 966 ille,
458 904 510 956 in
537 919 776 957 ercmum
815 904 879 957 ad
923 918 1159 960 montem
1196 906 1471 973 confugit;
1511 905 1613 958 sub
1661 903 1888 958 Leontio

311 994 646 1063 presbytero,
689 1003 803 1049 tum
842 996 1118 1064 episcopo,
1156 997 1412 1050 lustravit
1438 996 1729 1050 sacraloca
1760 995 1887 1049 Hie-

314 1087 627 1155 rosolymis,
673 1087 897 1155 jejunio.
927 1089 1159 1152 vacavit,
1209 1097 1261 1141 et
1299 1087 1694 1157 praedicationi,
1734 1102 1891 1140 num-

315 1188 463 1228 mum
516 1174 753 1231 Caesaris
803 1192 909 1229 non
958 1187 1115 1229 norat
1167 1186 1221 1231 et
1270 1177 1322 1230 in
1370 1177 1559 1230 Nitriae
1592 1176 1890 1231 solitudine

317 1268 648 1322 obdormivit
675 1270 727 1322 in
771 1269 1019 1323 Domino.
1053 1269 1202 1323 lianc
1233 1270 1286 1323 in
1326 1284 1523 1339 genere
1550 1270 1891 1324 demonstra-

318 1358 428 1410 tivo
468 1358 833 1413 laudationem
878 1360 1119 1413 numeris
1137 1358 1290 1413 Nilus
1341 1361 1596 1415 omnibus
1658 1359 1894 1414 absolvit

316 1447 741 1514 elegantissime,
774 1463 936 1516 quam
981 1448 1042 1501 ll.
1096 1449 1157 1503 P.
1199 1448 1459 1504 Possinus
1498 1449 1686 1503 Latine
1732 1450 1894 1502 vertit

316 1545 371 1588 et
400 1536 588 1590 edidit.
625 1538 858 1592 Sanctus
884 1538 1179 1599 Gregorius
1209 1537 1586 1594 Nazianzenus
1613 1540 1897 1593 characte~

321 1638 435 1675 rem
486 1623 796 1679 Polemonis
844 1627 1103 1695 sophistae
1150 1628 1301 1681 visus
1346 1638 1427 1681 est
1465 1643 1776 1696 usurpasse,
1814 1628 1891 1680 uti

320 1723 547 1770 sanctus
593 1714 971 1788 Hieronymus,
1036 1728 1090 1772 et
1144 1718 1502 1788 Sophronias,
1554 1719 1646 1772 lib.
1700 1719 1769 1772 De
1790 1720 1887 1771 vir.

1988 552 2109 606 qua:
2129 552 2257 592 vero
2284 536 2643 592 meditabatur
2681 532 2735 586 in
2756 517 3078 586 Psalterium
3102 524 3289 581 nescio
3327 540 3395 579 an
3432 540 3550 593 per-

1989 628 2198 689 fecerit.
2228 636 2280 682 et
2308 643 2495 683 eorum
2516 624 2721 694 aliquid
2752 620 2989 691 supersit
3029 618 3084 671 in
3124 632 3257 672 mss.
3300 614 3413 684 iam
3447 615 3559 668 lan-

1990 720 2134 773 datis
2166 717 2271 773 ΒΒ.
2296 718 2399 771 BB.
2433 717 2702 787 praecipue
2730 713 2798 767 72
2822 711 3027 774 codice,
3058 707 3146 761 ubi
3168 706 3322 784 Nevit.
3355 716 3437 760 est
3463 706 3562 758 ad-

1991 815 2233 861 notatum
2258 806 2623 871 vocabulum;
2660 804 2714 858 in
2741 801 2846 857 Job
2879 800 3063 856 etiam.
3089 796 3297 867 Ingenii
3341 800 3562 865 quidem

2001 913 2133 953 vena
2157 913 2267 952 non
2306 912 2520 967 semper
2549 897 2615 951 ad
2655 904 2840 949 votum
2868 888 3184 962 respondet,
3230 902 3406 957 neque
3445 885 3557 941 fruv

1995 998 2107 1044 stra
2131 989 2351 1058 quidam
2381 987 2697 1058 praedicant,
2724 985 2873 1041 claro
2894 984 2981 1037 die
3011 981 3219 1045 nitere;
3257 978 3461 1048 pluvio,
3502 994 3567 1033 ac

1994 1080 2247 1135 substillo
2278 1079 2412 1133 illud
2436 1076 2767 1134 ﬂaccescere.
2800 1073 3033 1128 Habitus
3078 1069 3323 1140 corporis
3356 1066 3568 1123 confert

1993 1172 2059 1225 ad
2092 1171 2519 1231 lucubrationes,
2543 1167 2686 1222 sicut
2717 1170 2773 1219 et
2798 1164 2964 1218 animi
2992 1181 3005 1217 :
3040 1169 3308 1232 aegrotans
3343 1173 3565 1227 corpus,

1992 1278 2136 1331 mger
2166 1262 2383 1316 animus
2411 1260 2548 1315 nihil
2565 1272 2763 1313 sanum
2794 1255 3050 1325 pariunt;
3082 1250 3405 1322 proveniunt
3426 1247 3568 1303 fetus

1999 1354 2200 1407 mentis
2238 1353 2599 1423 pulchriores.
2642 1349 2734 1419 qui
2790 1348 3131 1403 deducuntur
3158 1353 3213 1399 et
3246 1351 3570 1414 promuntur

1996 1458 2061 1498 ex
2095 1443 2184 1497 illa
2219 1457 2430 1507 serena,
2457 1442 2566 1495 imo
2605 1446 2927 1510 quaeruntur
2956 1436 3025 1491 ad
3059 1450 3153 1491 eos
3182 1432 3568 1504 parturiemlos

1995 1535 2103 1588 otia
2129 1544 2182 1590 et
2212 1549 2481 1590 secessus.
2511 1531 2642 1588 Hor.
2678 1551 2693 1586 :

2137 1650 2369 1704 Barotum
2399 1651 2455 1703 in
2483 1665 2661 1703 crasso
2677 1648 2890 1717 jurares
2921 1662 3038 1700 aere
3066 1653 3269 1698 notum.

320 1803 490 1856 illast.
544 1777 999 1869 animadvertunt,
1054 1806 1179 1860 licet
1221 1777 1321 1860 isti
1374 1777 1574 1876 stylum
1641 1805 1894 1861 Isocratis
1925 1785 2207 1854 Βθωιυηῖ
2252 1784 2623 1851 Πῖίιῖδείηηπην
2656 1783 2886 1876 εἱυξιιυθ
2933 1777 3248 1876 dementia:
3281 1786 3333 1831 ει
3367 1784 3570 1844 tempe”

321 1908 384 1946 ac
423 1894 662 1963 ήδύτητα
710 1893 971 1949 Erasmus
1018 1896 1108 1950 ille
1154 1906 1442 1965 suspectus
1495 1897 1717 1951 criticus
1741 1898 1895 1950 aliin-

322 1994 429 2052 μοι,
462 1984 694 2039 Basilius
740 1986 994 2054 exprimit
1024 1986 1460 2051 Demosthenem,
1511 1986 1628 2041 sive
1684 1986 1898 2060 Thucy-

322 2074 541 2136 didem,
591 2068 646 2128 et
702 2075 793 2128 alii
846 2076 1032 2131 Patres
1078 2077 1272 2130 imitati
1333 2085 1461 2130 sunt
1508 2076 1645 2130 alios
1692 2077 1900 2145 priores

322 2175 589 2231 oratores,
638 2166 719 2219 vel
761 2166 1074 2222 historicos.
1138 2166 1367 2221 Flaccus
1407 2167 1634 2221 Albinus
1673 2167 1754 2222 vel
1810 2165 1903 2221 Al—

325 2256 522 2309 cuinus
574 2256 773 2321 abbas,
810 2256 991 2311 Caroli
1039 2257 1107 2310 Μ.
1163 2257 1481 2324 deliciosus,
1532 2258 1585 2311 id
1633 2269 1716 2312 est
1769 2259 1904 2313 dile-

326 2352 470 2409 ctus,
513 2356 585 2412 et,
620 2355 678 2400 nt
708 2348 896 2401 volunt
943 2347 1128 2416 aliqui,
1178 2348 1562 2406 auricularius.
1593 2348 1645 2401 id
1699 2356 1800 2412 est,
1834 2348 1903 2403 ab

325 2437 489 2505 697
514 2438 731 2493 arcanis
756 2438 1203 2502 confessionibus,
1226 2439 1442 2508 reliquit
1465 2438 1602 2492 inter
1623 2454 1783 2507 opera
1805 2456 1904 2494 sua

329 2527 512 2580 Caroli
534 2527 710 2597 Magni
731 2542 1072 2597 responsum,
1101 2528 1152 2582 in
1168 2544 1276 2598 quo
1303 2545 1460 2584 sensa
1479 2529 1564 2582 ille
1581 2545 1677 2583 sua
1697 2529 1900 2598 patefa~

325 2617 402 2671 cit
436 2634 687 2674 sermone
717 2621 1006 2685 comatico,
1031 2620 1145 2674 sive
1164 2620 1521 2691 χρωματικῷ,
1553 2621 1603 2674 id
1635 2632 1737 2685 est,
1766 2620 1903 2689 figit—

328 2715 469 2771 rato,
498 2708 611 2761 sive
638 2706 977 2778 κοσμητικῷ.
1000 2708 1050 2761 id
1093 2716 1193 2772 est,
1232 2711 1512 2771 adornata,
1554 2718 1675 2778 post
1700 2710 1794 2763 lib.
1827 2708 1907 2764 De

326 2796 493 2849 divin.
524 2797 683 2866 Ofﬁc.
717 2816 769 2867 p.
802 2799 892 2852 84.
932 2797 989 2851 ιιι
1029 2798 1397 2854 Concionibus
1416 2800 1682 2868 ejusmodi
1722 2810 1806 2855 est
1840 2816 1904 2854 ea

330 2887 398 2940 de
422 2887 614 2955 gladiis
636 2888 866 2951 duobus,
896 2904 1057 2957 quam
1112 2887 1297 2943 Graece
1333 2888 1633 2959 Latineque
1674 2891 1902 2959 prazbni;

330 2986 382 3030 et
410 2977 511 3030 illae
544 2976 664 3029 duae
702 2978 767 3031 de
802 2976 1085 3039 Pascbate,
1118 2979 1201 3031 vel
1236 2979 1653 3034 llesurrectione
1677 2980 1903 3046 Christi,

331 3081 562 3135 quarum
590 3063 915 3133 Epitomem,
954 3064 1034 3119 vel
1062 3064 1358 3133 fragmenta
1400 3066 1627 3120 inseruit
1655 3081 1755 3121 suo
1783 3068 1903 3119 Μυ-

1999 1876 2106 1930 ries
2155 1878 2446 1946 plurimum
2504 1876 2645 1929 valet
2698 1875 2763 1928 ad
2823 1881 3087 1927 ornatum.
3129 1869 3284 1940 styli,
3333 1875 3388 1922 et
3436 1880 3571 1936 qua-

2000 1966 2065 2031 si,
2096 1977 2153 2020 ut
2175 1967 2247 2021 ita
2270 1968 2485 2037 loquar,
2518 1966 2585 2020 ad
2605 1963 2859 2020 dictionis
2887 1960 3178 2033 ἡδύχρουν,
3198 1958 3252 2013 id
3281 1956 3573 2025 est,hedy-

2003 2059 2220 2121 chrum,
2246 2065 2331 2113 est
2359 2056 2489 2112 illud
2517 2066 2877 2125 unguentum,
2899 2052 3043 2122 quod
3072 2050 3264 2105 illitum
3300 2047 3453 2102 faciei
3484 2062 3574 2102 so-

2000 2148 2073 2202 let
2104 2148 2366 2201 inducere
2405 2146 2732 2201 suavitatem
2757 2144 2963 2208 odoris,
3017 2153 3071 2196 et
3108 2140 3382 2205 laevitatis,
3416 2137 3572 2192 Cice-

2002 2252 2134 2292 rone
2165 2246 2335 2301 teste,
2370 2237 2463 2291 lib.
2514 2252 2577 2291 ιιι
2607 2234 2909 2290 Tusculam
2945 2248 2994 2287 c.
3025 2231 3117 2287 46.
3169 2230 3354 2300 Itaque
3388 2226 3575 2282 varius

2002 2339 2086 2386 est
2112 2330 2201 2385 ille
2250 2330 2300 2383 in
2333 2329 2451 2397 ejus
2477 2328 2736 2398 Epistolis
2764 2341 2864 2397 pro
2907 2326 3150 2381 locorum
3176 2363 3192 2389 ,
3222 2319 3572 2385 valetudinis,

2003 2437 2263 2487 casuum,
2287 2429 2340 2475 et
2369 2429 2673 2490 temporum
2702 2417 3023 2484 dilferentia,
3064 2424 3119 2471 et
3146 2413 3287 2469 forte
3314 2427 3574 2468 nonnun-

2002 2528 2187 2581 quam,
2221 2514 2298 2567 uti
2320 2513 2572 2577 Roscius,
2602 2513 2821 2567 crudior
2868 2510 2988 2566 fuit.
3017 2509 3131 2565 Cic.
3165 2508 3260 2563 lib.
3322 2505 3400 2560 De
3433 2514 3570 2559 ornt.

2004 2619 2125 2675 cap.
2182 2605 2306 2659 124.
2360 2604 2646 2660 Liberatus
2693 2604 2859 2674 igitur
2898 2601 3197 2672 agitatione
3248 2598 3488 2662 mentis,
3525 2606 3578 2651 et

2004 2694 2172 2749 animi
2211 2695 2470 2757 motibus,
2503 2704 2665 2765 atque
2696 2694 3015 2764 passionum
3035 2692 3279 2756 aestibus,
3311 2697 3367 2743 et
3394 2685 3575 2741 ﬂucti-

2004 2787 2109 2842 bus
2135 2787 2362 2843 undosis
2385 2787 2553 2859 698
2578 2787 2861 2857 expeditus
2893 2783 3071 2850 Nilus,
3110 2789 3447 2853 tempestate.
3471 2793 3576 2848 qua

2000 2878 2239 2948 jactatus
2270 2878 2465 2945 fuerat,
2498 2878 2706 2945 sedata,
2740 2885 3062 2947 recuperato
3103 2890 3227 2929 cum
3260 2872 3369 2927 tilio
3399 2870 3577 2925 Theo-

2007 2969 2158 3036 dulo,
2193 2985 2253 3025 se
2292 2969 2496 3039 recepit
2542 2970 2600 3023 in
2639 2975 2859 3039 portum
2913 2965 3138 3037 quietis,
3194 2964 3249 3016 in
3301 2960 3578 3016 alcedonia

2009 3074 2129 3126 sua,
2175 3060 2267 3114 ubi
2292 3060 2519 3131 adeptus
2567 3057 2853 3129 εὐθυμίαν,
2900 3071 2995 3112 seu
3044 3052 3508 3124 tranquillitatem,
3549 3067 3582 3105 e

335 3124 594 3228 ριοδὶὅλῳ
617 3124 865 3219 Photius,
893 3124 1013 3209 cod.
1042 3124 1220 3220 276:3
1243 3159 1485 3211 selectas
1516 3172 1609 3212 eas
1625 3157 1902 3223 referens;
1930 3124 1974 3182 θ’
2009 3124 2216 3207 Seneca
2247 3167 2299 3208 c.
2340 3124 2410 3218 2,-
2431 3152 2499 3207 ad
2553 3124 2835 3211 Severum,
2886 3148 2960 3203 De
3002 3147 3124 3201 vitae
3174 3142 3578 3216 tranquillitate.

333 3264 602 3318 purpuras
617 3249 817 3317 eloquii
838 3249 921 3302 sui
943 3248 1201 3317 explicuit
1232 3249 1487 3304 resolutis
1509 3260 1730 3321 turgens
1746 3250 1906 3320 νιφά-

330 3341 501 3399 δεσσι,
544 3340 920 3409 ell‘erbuitque,
973 3341 1048 3394 uti
1088 3340 1355 3397 Pindarus
1400 3343 1538 3412 apud
1597 3343 1905 3409 Horatium,

333 3428 605 3495 profundo
654 3428 952 3483 immensus
991 3445 1106 3483 ore.
1151 3431 1419 3485 Dicuntur
1448 3441 1502 3486 et
1531 3448 1653 3488 esse
1696 3443 1808 3489 tres
1840 3434 1908 3488 de

335 3520 581 3570 Ascensu
619 3516 834 3570 Domini
865 3520 1127 3572 hactenus
1158 3520 1392 3581 ineditae,
1420 3536 1449 3574 a
1483 3533 1673 3576 sancto
1701 3522 1909 3578 Joanne

339 3608 672 3661 liamasceno
702 3608 755 3660 in
781 3608 1017 3677 Eclogis,
1055 3625 1147 3662 seu
1180 3608 1459 3663 Parallelis
1489 3611 1738 3665 indicata:
1766 3613 1910 3679 apud

336 3696 550 3755 Sixtum
593 3701 911 3767 Senensein,
941 3712 993 3754 et
1029 3717 1059 3755 a
1094 3701 1289 3755 Photio
1320 3702 1519 3756 ibidem
1549 3703 1733 3757 relatae
1758 3719 1906 3758 com-

339 3792 627 3858 pendiose;
668 3800 751 3845 est
792 3799 846 3845 ei.
907 3790 1079 3858 Λόγος
1123 3793 1204 3853 εἰς
1246 3792 1345 3858 τὴν
1398 3792 1767 3861 προσκύνησιν
1808 3792 1910 3860 τῆς

337 3881 498 3949 ἁγίας
537 3881 779 3942 ἁλύσεως
802 3879 896 3932 τοῦ
953 3880 1110 3947 ἁγίου
1160 3881 1253 3933 καὶ
1281 3881 1580 3949 κορυφαίου
1635 3881 1744 3933 τῶν
1774 3883 1908 3933 ἀπο-

339 3974 540 4027 στόλων
583 3973 813 4042 Πέτρου,
870 3987 964 4026 seu
1005 3973 1324 4042 ὑπόμνημα.
1351 3971 1544 4041 Incipit
1569 3990 1583 4026 :
1609 3973 1783 4026 Ὅσοι
1830 3972 1911 4038 τῷ

340 4064 442 4117 τοῦ
474 4063 801 4130 κορυφαίου
838 4061 958 4115 τῶν
982 4063 1342 4116 ἀποστόλων
1375 4062 1511 4128 θείῳ
1539 4062 1708 4131 ἔρωτι
1742 4062 1910 4132 γενό-

334 4170 503 4221 μενοι
529 4153 771 4221 κάτοχοι
816 4153 928 4206 MS.
958 4153 1010 4206 in
1034 4152 1136 4206 BB.
1160 4152 1261 4206 Illi.
1290 4169 1344 4222 p.
1378 4154 1471 4207 151
1499 4169 1528 4209 e
1547 4153 1679 4209 Cod.
1708 4152 1906 4218 Vatic.,

340 4246 478 4301 i790
516 4260 547 4298 e
572 4245 837 4309 Lolliana,
870 4244 1033 4315 etiam
1062 4255 1183 4313 post
1215 4243 1316 4297 Nili
1347 4245 1414 4299 de
1443 4246 1588 4300 caede
1611 4246 1909 4300 monacho-

341 4349 458 4387 rum
484 4333 653 4387 instar
681 4332 1019 4396 Lectionum,
1060 4348 1155 4386 sett
1204 4347 1540 4388 sermonum.
1580 4333 1906 4404 lnscriptum

2008 3259 2109 3300 nec
2141 3245 2308 3311 enim,
2344 3243 2538 3300 scribit
2578 3240 2909 3305 moralisille
2953 3237 3329 3310 philosophus,
3380 3234 3580 3289 imitari

2007 3348 2063 3396 et
2092 3338 2385 3395 transferre
2413 3338 2579 3394 verba
2605 3335 2675 3392 ad
2695 3349 2883 3391 eorum
2916 3333 3150 3387 formam
3170 3342 3455 3385 necessum
3477 3335 3582 3409 est,

2009 3432 2157 3502 quod
2194 3429 2577 3503 appellationis
2610 3427 2794 3483 Graece
2837 3424 2945 3480 vim
2981 3423 3183 3478 habere
3227 3420 3404 3483 debet,
3440 3418 3582 3472 sicut

2008 3523 2120 3586 alii,
2149 3522 2242 3592 qui
2265 3521 2614 3591 tranquillum
2639 3517 2807 3574 animi
2831 3522 3129 3581 verterunt,
3152 3526 3252 3566 nec
3275 3510 3438 3565 etiam
3457 3522 3582 3577 apa-

2008 3612 2175 3665 thiam
2213 3611 2571 3675 Socraticam,
2602 3609 2670 3664 de
2699 3623 2806 3678 qua
2840 3606 3057 3676 Lipsius
3084 3614 3209 3675 post
3243 3601 3582 3658 Ciceroneni.

2008 3697 2103 3751 lib.
2133 3713 2186 3751 ιν
2224 3699 2522 3752 Academia.
2554 3697 2780 3761 Quaem,
2805 3710 2857 3749 c.
2892 3695 2994 3749 150
3023 3713 3038 3762 ;
3066 3694 3323 3754 Plinium,
3357 3691 3451 3745 lib.
3483 3705 3582 3748 vn.

2016 3784 2149 3839 Nat.
2187 3785 2392 3839 Hister.
2422 3802 2471 3840 c.
2503 3786 2605 3851 18;
2638 3783 2922 3849 Senecam,
2951 3783 3045 3837 lib.
3085 3799 3124 3847 ι,
3174 3782 3333 3850 epist.
3380 3779 3587 3844 lO.l;et

2012 3872 2069 3928 S.
2102 3874 2390 3946 Augustin.
2419 3874 2514 3929 lib.
2546 3890 2634 3928 xw
2665 3873 2741 3926 De
2771 3872 2913 3925 civit.
2947 3873 3063 3935 Dei,
3104 3885 3223 3939 cap.
3265 3871 3322 3934 9,
3358 3883 3587 3937 tritasque

2010 3965 2368 4033 impatientia,
2415 3965 2529 4020 sive
2576 3962 2987 4033 impassibilitas
3031 3960 3228 4015 dicitur
3251 4000 3266 4025 ,
3298 3968 3353 4013 et
3384 3958 3451 4013 de
3481 3974 3585 4028 qua

2010 4066 2236 4112 sanctus
2287 4054 2652 4127 Hieronymus
2686 4055 2848 4109 etiam
2903 4053 2968 4108 ad
3007 4050 3409 4120 Ctesiphontem
3439 4050 3583 4122 agit:

2012 4164 2120 4203 non
2151 4149 2372 4218 inquam
2401 4146 2558 4201 Nilus
2596 4143 2907 4201 sectabatur
2934 4156 3076 4206 eam,
3110 4140 3205 4195 sed
3248 4155 3390 4207 eam,
3425 4153 3586 4208 quam

2011 4240 2181 4310 epist.
2204 4238 2330 4304 172,
2361 4237 2456 4293 lib.
2482 4253 2543 4304 ιι,
2567 4236 2631 4290 ad
2661 4234 2933 4290 Valerium
2959 4230 3368 4288 Cubicularium
3398 4229 3590 4301 ὑψηλο-

2007 4332 2175 4403 τάτην
2215 4329 2502 4395 ἀπάθειαν,
2556 4327 2609 4383 id
2661 4336 2746 4382 est
2772 4325 3201 4382 excelsissimam
3238 4323 3585 4378 indolentiam

337 4435 420 4479 est
435 4425 600 4489 enim,
622 4424 1212 4493 Δέσποτα,εὑλόγησον,
1246 4440 1339 4478 seu
1356 4423 1685 4495 Εὑλόγησον,
1707 4425 1901 4497 Κύριε,

2011 4438 2074 4478 ex
2100 4422 2381 4477 Allatiana.
2419 4419 2669 4475 versione
2727 4418 2950 4485 vocitat,
2982 4425 3079 4472 aut
3120 4418 3197 4472 liti
3231 4417 3372 4487 apud
3412 4415 3587 4484 ipsum

342 4519 406 4571 ad
434 4516 737 4572 l61anuar.
759 4516 1062 4571 Cardinalis
1094 4515 1358 4571 Baronius
1390 4517 1443 4570 in
1478 4517 1634 4573 Notis
1668 4519 1735 4572 ad
1767 4517 1906 4572 Mar-

341 4605 662 4677 tyrologium
717 4605 1023 4658 Romanum
1072 4606 1333 4660 Kalendis
1378 4606 1607 4676 Augusti
1661 4607 1909 4661 meminit

342 4698 579 4752 liomiliae
609 4698 808 4751 habita:
839 4698 894 4750 in
928 4698 1239 4753 celebritate
1291 4707 1602 4754 catenarum
1648 4709 1703 4756 et
1746 4700 1905 4770 gladii

338 4795 511 4849 sancti
564 4792 729 4858 Petri,
783 4808 905 4862 quae
938 4803 1125 4848 sancto
1171 4793 1365 4848 Joanni
1396 4795 1782 4864 Chrysostomo
1817 4795 1910 4848 tri-

341 4886 627 4948 buebatur,
656 4884 749 4939 sed
768 4885 947 4953 potius
971 4887 1263 4938 asserenda
1284 4895 1366 4940 est
1382 4894 1570 4940 sancto
1594 4885 1809 4951 Proclo,
1825 4886 1907 4940 vel

339 4984 529 5030 sancto
561 4975 850 5040 Germano,
895 4975 1136 5029 nondum
1164 4975 1309 5028 enim
1335 4986 1645 5030 catenarum
1671 4977 1909 5032 miracu-

341 5067 449 5120 lum
480 5067 783 5135 contigerat
818 5080 975 5120 :eam
1011 5068 1065 5119 in
1116 5066 1365 5121 Latinum
1400 5083 1609 5123 versam
1642 5084 1673 5123 ο
1720 5066 1908 5124 Graeco

340 5157 524 5210 retulit
554 5155 947 5225 Lipromanus,
975 5157 1069 5211 sed
1122 5156 1243 5210 Nilo
1276 5173 1393 5212 eam
1438 5174 1544 5213 non
1590 5160 1906 5229 adrogarem

342 5258 448 5298 tam
487 5245 664 5300 facile.
694 5246 791 5301 Est
819 5255 872 5301 et
907 5247 1346 5301 Commentarios
1387 5248 1442 5301 in
1482 5257 1731 5304 sanctum
1778 5264 1908 5318 apo-

341 5336 538 5389 stolum
567 5334 786 5389 Petrum
821 5337 874 5390 in
894 5334 1158 5390 Lolliana.
1191 5337 1247 5390 ln
1282 5338 1571 5407 exegeticis
1600 5340 1814 5394 brevem
1843 5341 1909 5394 il-

343 5426 452 5478 lum
498 5425 867 5491 crediderim;
914 5441 1013 5480 nec
1051 5426 1195 5479 enim
1245 5426 1372 5491 vidi,
1418 5443 1539 5496 quae
1580 5427 1634 5481 in
1684 5427 1907 5482 Cantica

342 5516 579 5584 scripsit,
610 5517 710 5570 nisi
738 5532 800 5570 ea
830 5532 950 5585 quae
976 5533 1098 5570 cum
1128 5517 1359 5573 aliorum
1380 5518 1598 5573 Patrum
1622 5522 1910 5575 Commen-

342 5608 518 5672 tariis,
552 5617 682 5662 tom.
715 5606 755 5660 ll
788 5607 1128 5664 Bibliotheca:
1164 5606 1386 5663 Patrum
1430 5610 1769 5666 Graeco-Lat.
1802 5612 1906 5665 Pa-

343 5695 491 5752 risiis
537 5706 663 5753 sunt
710 5697 873 5765 edita,
924 5699 990 5754 de
1019 5701 1217 5770 quibus
1249 5716 1413 5773 supra
1463 5701 1554 5760 fol.
1588 5704 1709 5760 657.
1747 5704 1908 5761 Com-

2010 4517 2284 4573 vertebam
2324 4516 2618 4586 ἀτάραχον,
2649 4511 3153 4585 imperturbabilem,
3187 4514 3244 4565 in
3274 4507 3585 4580 Opusculis,

2010 4624 2133 4665 cum
2164 4624 2222 4663 se
2250 4607 2563 4678 praestiterit
2589 4607 2840 4676 deinceps
2860 4604 3036 4661 Nilus.
3069 4603 3287 4658 Homini
3329 4611 3473 4657 certe
3506 4600 3589 4653 ni-

2010 4702 2084 4756 hil
2112 4709 2192 4755 est
2214 4701 2387 4769 magis
2411 4700 2664 4770 Optabile,
2684 4716 2845 4769 quam
2876 4713 3119 4768 proSper,
3134 4695 3433 4766 aequabilis,
3463 4708 3586 4764 pcr-

2007 4798 2309 4858 petuusque
2320 4789 2438 4844 vitae
2453 4798 2607 4844 tenor
2624 4789 2740 4844 sine
2757 4788 2861 4842 ulla
2881 4786 3197 4851 oli'ensione,
3210 4784 3450 4841 secundo
3465 4798 3589 4838 cur-

2009 4893 2093 4944 su,
2114 4895 2236 4933 cum
2266 4879 2553 4948 tranquilla
2585 4888 2711 4933 sunt
2734 4878 2917 4932 omnia
2983 4885 3038 4930 et
3065 4875 3292 4946 placata,
3320 4888 3350 4932 e
3373 4875 3590 4930 Cicero-

2008 4983 2096 5035 ne,
2114 4979 2252 5023 orat.
2273 4969 2343 5021 27
2360 4968 2489 5023 Post
2517 4968 2743 5022 reditum
2773 4968 2842 5020 ad
2861 4967 3113 5032 Quirites,
3137 4966 3230 5021 lib.
3266 4983 3326 5022 ιι.
3353 4965 3590 5035 Contigit

2011 5056 2108 5113 iste
2127 5068 2233 5111 tam
2256 5055 2395 5120 Nilo,
2412 5072 2574 5127 quam
2596 5055 2900 5118 Theodulo,
2922 5056 3341 5126 postincursum
3365 5056 3590 5112 Sarace-

2008 5155 2281 5212 uorum,et
2296 5145 2475 5200 Nilum
2493 5147 2708 5216 quidem
2726 5147 2933 5216 expleto
2949 5146 3304 5216 quadraginta
3317 5163 3382 5203 cu
3391 5147 3588 5204 rriculo

2008 5251 2275 5290 annorum
2320 5252 2512 5292 rursus
2539 5237 2592 5289 in
2624 5252 2831 5297 eremo.
2858 5236 2922 5291 ad
2943 5237 3172 5307 gloriam
3196 5239 3470 5295 cwlestetn
3498 5255 3587 5294 ar-

2009 5326 2182 5381 bitror
2206 5340 2474 5391 evectum,
2510 5343 2634 5382 cum
2671 5328 2963 5398 nonaginta
2993 5330 3113 5398 plus
3149 5331 3330 5387 minus
3361 5347 3585 5401 percur-

2011 5427 2156 5473 reret
2177 5435 2370 5474 annos.

2079 5529 2485 5600 Longaeviorem
2514 5533 2777 5603 migrasse
2811 5533 3174 5588 contendebat
3198 5534 3304 5589 Leo
3329 5535 3580 5597 Allatins,

2010 5619 2091 5672 vir
2123 5618 2325 5674 Graecae
2372 5620 2571 5690 linguae
2595 5622 2958 5691 peritissimus
2988 5632 3043 5677 et
3080 5625 3348 5690 historiae;
3386 5626 3480 5680 sed
3508 5626 3582 5679 illi

2012 5707 2266 5763 assentiri
2313 5722 2542 5778 nequeo.
2596 5709 2728 5764 Nam
2760 5709 2900 5780 quod
2934 5711 3110 5781 arguit
3161 5713 3213 5768 in
3247 5712 3490 5769 Diatriba
3517 5716 3580 5768 de
