3998 6116
459 302 593 369 1427

1201 309 1349 369 JOS.
1384 308 1646 368 MARIxE
1686 305 2039 367 SUABESII
2072 306 2305 366 LIBER
2344 306 2970 370 CHRONOLOGICUS

3581 303 3710 368 1428

459 419 604 475 Nitis
629 461 644 489 ,
689 436 742 490 p.
781 420 869 485 15,
907 419 961 473 in
1013 418 1150 473 vivis
1187 419 1366 474 adhuc
1420 421 1599 490 egisse
1645 433 1788 473 anno
1829 414 2029 472 Christi
2061 417 2108 473 Α
2136 417 2361 470 sentlum
2396 417 2587 471 nullibi
2617 425 2951 486 compertum
2983 415 3076 496 sit.
3105 412 3298 469 Moneo
3324 422 3508 469 tamen
3536 414 3702 472 lecto-

456 510 888 584 quingeutesimo
949 527 1014 566 ex
1071 510 1242 581 Epist.
1278 511 1365 577 70,
1411 511 1507 566 lib.
1555 512 1685 565 tAd
1734 510 2023 564 Zosariunt

458 606 743 671 tribunum,
763 604 816 658 iu
836 618 967 675 qua,
984 603 1163 670 Ἰδοὺ,
1181 605 1392 671 scribit,
1411 606 2033 659 λοιπὸγπεντακοσιο·

457 695 777 759 ator-stoc,
817 704 922 750 etc.
947 694 1083 750 Ecce
1102 695 1341 767 deinceps
1363 696 1803 766 quingentesimus
1837 711 2028 758 annus,

459 801 638 855 nempe
667 802 699 838 a
722 802 841 840 ncce
866 784 1069 840 Christi
1092 785 1307 839 Domini
1352 802 1447 854 pro
1478 784 1624 839 nobis
1662 786 1718 838 in
1745 800 1897 838 cruce
1926 794 2031 838 tam

457 876 741 931 crudeliter
769 876 927 945 afﬁxi
977 885 1028 930 et
1056 877 1252 939 occisi;
1276 891 1382 931 non
1417 877 1558 946 qttod
1607 876 1901 931 eﬂluxisset
1928 891 2032 930 an-

458 975 564 1014 nus
594 962 1087 1032 quingentesimus,
1137 964 1231 1019 sed
1275 964 1419 1033 quod
1461 964 2031 1033 quadringentesimus

455 1049 676 1118 elapsus
706 1058 871 1112 esset,
916 1059 967 1105 et
1013 1051 1079 1104 ad
1111 1052 1606 1120 quingentesimum
1652 1053 2030 1106 decurreretur

457 1140 742 1205 secutum,
781 1141 942 1210 idque
975 1155 1003 1195 a
1030 1141 1295 1209 particula
1316 1142 1503 1195 λοιπὸν
1529 1142 1665 1197 satis
1693 1142 2027 1212 designatur,

460 1246 582 1301 qua:
604 1233 876 1301 signiﬁcat
911 1232 1187 1301 deinceps.
1226 1232 1411 1301 Itaque
1436 1235 1674 1303 deinceps
1699 1234 1816 1304 (ait)
1846 1236 1916 1288 ad
1936 1250 2026 1287 an.

453 1323 921 1393 quingentesimum
965 1324 1243 1394 vergimur.
1278 1325 1436 1379 Certe
1471 1326 1516 1381 si
1548 1324 1766 1381 Justino
1809 1326 2028 1396 juniore

454 1415 755 1482 imperante
781 1431 870 1469 an.
903 1416 1005 1470 567
1046 1415 1113 1469 C.
1145 1414 1213 1468 Ν.
1245 1418 1486 1485 reliquiae
1507 1427 1821 1471 sanctorum
1870 1418 2028 1472 istius

454 1503 665 1558 scilicet
699 1505 825 1569 Nili,
864 1503 1151 1570 Theoduli,
1200 1515 1254 1562 et
1300 1507 1529 1561 aliorum
1575 1508 2027 1562 anacltorctarum

458 1594 989 1664 Constantinopolim
1016 1596 1290 1651 translatae
1317 1606 1462 1661 sunt,
1504 1606 1797 1666 antequam
1826 1597 2028 1653 Mauri-

453 1684 561 1739 tius
583 1685 859 1754 Augustus
876 1684 995 1738 iniit
1019 1672 1326 1754 imperium,
1349 1686 1559 1739 obierat
1583 1685 1754 1752 Nilus,
1772 1696 1825 1740 et
1845 1688 2025 1740 'l‘heo-

2140 520 2251 559 rem
2287 521 2505 560 menon
2540 509 2606 561 ad
2660 519 2891 575 unguem
2941 504 3236 578 vivumque
3292 518 3558 569 resecare,
3612 520 3706 561 nec

2136 595 2201 647 ad
2231 595 2517 650 obrussam
2551 595 2663 649 veri
2682 594 2950 657 alIricare,
2979 593 3031 646 id
3052 602 3137 647 est
3156 593 3472 647 examinare
3498 594 3566 648 ad
3595 594 3708 649 lan-

2137 700 2255 739 cem
2303 697 2359 740 et
2404 687 2469 741 ad
2498 687 2758 740 trutinam
2787 724 2801 749 ,
2853 694 3019 755 atque
3068 694 3343 740 momenta
3392 686 3706 756 scrupulose

2136 790 2312 829 annos
2337 776 2721 843 computando,
2747 775 2841 829 sed
2873 775 3379 845 παχυμερέστερον,
3402 785 3460 829 ttt
3478 775 3705 845 loquun-

2136 875 2224 919 tur
2253 866 2668 932 jurisconsulti;
2717 864 2922 921 sufﬁcit
2945 867 3185 934 epocbas
3210 867 3567 935 praefecturae,
3626 867 3704 920 in-
3732 878 3735 881 '

2133 954 2406 1008 rursionis
2458 954 2723 1017 Arabum,
2763 970 2927 1025 quam
2975 955 3118 1008 intra
3181 953 3246 1008 C.
3298 952 3362 1007 N.
3396 954 3504 1009 450
3530 956 3704 1011 et500

2133 1046 2322 1100 statuit
2348 1045 2611 1103 Possinus
2667 1048 2770 1103 sub
2799 1046 3110 1103 Theodosio
3138 1045 3386 1113 Iuniore,
3416 1064 3471 1119 p.
3509 1050 3611 1104 127
3652 1059 3704 1105 et

2133 1141 2255 1204 l67,
2292 1141 2357 1195 ad
2387 1138 2556 1195 Notas
2593 1141 2646 1193 in
2675 1138 3079 1206 Narrationem,
3107 1150 3161 1194 et
3182 1141 3469 1195 exordium
3498 1142 3699 1211 imperii

2128 1232 2396 1305 Marciani
2445 1234 2641 1302 tigere,
2700 1247 2798 1301 per
2844 1247 3020 1286 annos
3068 1233 3306 1302 denique
3345 1234 3697 1303 quadraginta

2129 1324 2285 1380 Nilus
2313 1334 2588 1386 excoctus,
2610 1332 2663 1378 et
2697 1324 2955 1393 probatus
2986 1323 3039 1376 in
3072 1324 3163 1377 illa
3189 1323 3525 1387 incursione,
3548 1333 3700 1390 atque

2131 1427 2327 1471 auctus
2354 1415 2661 1470 sacerdotio
2689 1415 2758 1469 ab
2790 1416 3051 1484 episcopo
3079 1414 3337 1481 Elusano,
3369 1430 3466 1469 seu
3493 1416 3697 1485 presby-

2130 1515 2303 1561 teratu
2321 1507 2505 1571 etiam,
2536 1507 2884 1575 quantumvis
2905 1506 3309 1561 illustrissimus
3339 1506 3696 1575 archiepisco-

2127 1613 2228 1667 pus
2250 1596 2548 1652 Iconiensis
2572 1596 2950 1666 Caryophilus,
2985 1604 3140 1665 neget
3159 1610 3283 1650 eum
3327 1595 3499 1651 fuisse
3524 1610 3696 1651 sacer—

2128 1688 2333 1753 dotem,
2363 1703 2458 1742 seu
2492 1687 2869 1757 presbyterum
2907 1701 2961 1753 p.
3003 1687 3056 1739 ll
3100 1685 3334 1740 Diatrib.
3380 1686 3575 1752 χίλιαι,
3606 1688 3693 1756 qui

451 1773 614 1829 dulus
667 1774 843 1829 adhuc
886 1774 1005 1842 ejus
1055 1774 1200 1827 ﬁlius
1229 1814 1243 1837 ,
1301 1781 1357 1827 ut
1403 1789 1433 1828 e
1480 1774 1684 1830 Menteo
1728 1777 2021 1846 probatur;
2056 1782 2098 1836 Β
2126 1778 2424 1832 oscitanter
2446 1792 2589 1845 saepe
2614 1776 2822 1838 scribit,
2863 1786 2920 1829 ut
2951 1790 3076 1829 eum
3099 1777 3450 1845 reprehendit
3471 1776 3694 1831 Allatius

451 1865 594 1918 unde
621 1874 762 1919 recte
796 1880 893 1935 pro
918 1864 1168 1919 Mauritio
1193 1864 1525 1919 Marcianum
1574 1867 1627 1919 in
1672 1882 1737 1920 eo
1779 1868 2023 1937 reposuit

452 1952 599 2009 ΚΡ.
622 1951 885 2009 Possinus
912 1954 966 2009 in
1004 1952 1158 2009 Notis
1193 1955 1258 2009 ad
1289 1957 1559 2025 Διήγημα,
1605 1972 1699 2011 seu
1744 1956 2023 2012 Narratio-

451 2059 578 2105 nem
617 2045 780 2100 caedis
808 2046 1223 2100 monachorum.
1244 2044 1353 2114 Ego
1382 2060 1509 2099 vero
1529 2055 1787 2115 praetcrea
1834 2064 2022 2101 emen-

449 2135 571 2189 dari
598 2150 694 2204 pro
716 2136 808 2188 ἐπὶ
848 2135 1192 2207 Μαρκιανοῢ,
1244 2144 1297 2190 et
1336 2138 1620 2208 legendum
1650 2154 1871 2203 censeo,
1917 2142 2023 2204 ἕως

448 2225 972 2298 Μαρκιανοῢ,ιιεᾳαε
1003 2227 1072 2282 ad
1106 2227 1441 2285 Marcianum
1469 2244 1534 2283 ex
1571 2230 1813 2299 ejusdem
1855 2227 1920 2282 lt.
1960 2231 2018 2284 P.

424 2314 654 2375 .Possini
694 2332 960 2372 consensu
992 2335 1006 2372 :
1046 2319 1432 2374 moris‘etenim
1460 2320 1591 2374 mibi
1626 2323 1870 2392 estquod
1899 2338 2018 2377 sum

447 2408 674 2464 daturus
698 2409 752 2463 in
783 2424 977 2464 manus
1001 2409 1306 2477 hominum,
1328 2420 1453 2467 ante
1483 2414 1784 2468 amicorum
1812 2415 2021 2483 judicio

446 2500 782 2567 examinare,
820 2509 881 2555 ut
917 2501 1097 2556 verbis
1122 2511 1246 2557 utar
1273 2502 1432 2558 Plinii
1457 2504 1697 2561 Junioris
1721 2508 1776 2561 in
1812 2506 2020 2576 Episto-

442 2589 500 2644 ια
522 2590 593 2643 ad
628 2589 946 2659 Maximum,
968 2592 1061 2648 lib.
1093 2610 1212 2659 vm,
1250 2605 1304 2649 et
1335 2596 1389 2649 in
1430 2598 1620 2666 primis
1644 2598 1746 2653 viri
1768 2607 1874 2653 tam
1892 2615 2020 2654 eru-

444 2682 567 2751 diti,
587 2691 641 2741 et
672 2685 726 2741 in
764 2686 998 2742 lectione
1058 2689 1421 2759 versioneque
1450 2690 1760 2747 Graecorum
1790 2693 2015 2749 histori-

444 2789 634 2832 corum
674 2777 812 2833 adeo
854 2780 1079 2834 versati.
1116 2781 1479 2847 Quamobrem
1533 2785 1732 2851 miror,
1781 2785 2015 2840 Leonem

441 2865 701 2924 Allatium
721 2885 785 2925 ex
811 2870 911 2926 hac
935 2872 1185 2941 epistola,
1215 2890 1379 2944 quam
1412 2891 1607 2932 rursus
1639 2879 1831 2947 ingerit
1852 2876 2021 2948 699

445 2959 732 3029 integram,
762 2961 1015 3032 colligere
1045 2964 1224 3018 Nilum
1262 2969 1629 3035 supervixisse
1664 2984 1866 3023 annum
1910 2969 2016 3024 500

443 3047 505 3105 C.
531 3048 623 3117 N.;
669 3052 902 3107 dilucide
937 3062 1085 3123 patet
1108 3070 1301 3125 nempe
1334 3057 1389 3111 in
1419 3073 1482 3113 ea
1537 3059 1740 3126 Nilum,
1776 3077 1898 3115 cum
1930 3061 2013 3115 in-

444 3139 797 3195 vehereturin
826 3139 1063 3208 Iudaeos,
1088 3154 1461 3216 assereretque
1478 3149 1599 3204 illos
1631 3166 1770 3220 saepe
1798 3163 2017 3220 propter

444 3233 594 3286 varia
628 3234 833 3289 scelera
872 3237 1114 3304 captivos
1146 3236 1316 3293 fuisse
1349 3239 1637 3305 abductos,
1686 3257 1877 3297 verum
1905 3243 2016 3297 Deo

442 3333 736 3389 annuente,
768 3326 885 3395 μετ’
906 3327 1062 3394 ὀλίγα
1095 3326 1211 3396 ἔτη,
1243 3328 1295 3379 id
1338 3337 1421 3383 est
1448 3338 1571 3397 post
1605 3345 1806 3409 paucos
1843 3347 2015 3387 annos

443 3413 498 3466 in
552 3422 748 3466 terram
794 3415 1176 3481 promissionis
1212 3424 1493 3470 revocatos
1523 3433 1678 3485 esse;
1706 3429 1762 3473 at
1798 3430 2017 3489 propter

443 3519 637 3559 manus
669 3505 961 3571 sacrilegas
995 3505 1047 3556 in
1082 3502 1175 3558 Dei
1222 3503 1418 3559 Filium
1452 3507 1677 3577 injectus
1709 3509 2016 3580 illatamque

444 3600 672 3647 mortem
714 3591 1146 3657 acerbissimam,
1188 3595 1474 3652 damnatos
1523 3598 1777 3652 παντελεί
1808 3601 2013 3674 πορθή-

444 3698 549 3746 σει,
581 3681 805 3737 omnino
837 3683 1042 3738 ultima;
1072 3686 1450 3752 devastationi,
1485 3690 1599 3743 sive
1631 3689 1710 3760 (ut
1752 3693 2012 3761 propheta

440 3772 704 3829 Jeremias
735 3774 879 3845 luget
923 3773 1227 3853 Lamentat.
1276 3793 1373 3833 seu
1406 3779 1608 3835 Thren.
1645 3799 1683 3847 ι,
1720 3800 1767 3835 v.
1798 3784 1883 3852 14)
1916 3786 2014 3840 da-

444 3875 530 3920 tos
555 3865 608 3920 in
639 3882 883 3932 manum,
908 3868 975 3922 de
1002 3882 1111 3937 qua
1143 3883 1251 3922 non
1293 3879 1549 3939 poterunt
1582 3888 1823 3944 surgere.
1855 3874 2009 3931 NIIUS

440 3958 709 4013 exclamat
744 3977 755 4010 :
805 3957 931 4013 Ἰδοὺ
964 3959 1148 4013 λοιπὸν
1185 3964 1632 4017 πεντακοσιοστὴν
1658 3964 1776 4029 ἔτος
1796 3983 1810 3997 ο
1845 3967 1894 4020 id
1924 3979 2009 4023 est

442 4047 528 4107 En
583 4050 843 4118 deinceps,
896 4049 973 4104 vel
998 4051 1228 4121 reliquus
1283 4062 1381 4117 est,
1423 4063 1516 4108 aut
1548 4066 1783 4126 superest
1835 4075 2005 4113 annus

438 4141 900 4212 quingentesimus,
944 4156 1051 4196 non
1081 4144 1225 4212 quod
1260 4147 1506 4213 expletus
1539 4157 1702 4212 esset,
1742 4150 1834 4204 sed
1865 4152 2009 4220 quod

443 4244 760 4303 properaret
818 4249 850 4291 a
896 4234 1432 4305 quadringentesimo
1494 4237 1560 4291 ad
1639 4239 2009 4310 quingentesi-

444 4337 614 4387 mum,
668 4323 783 4378 sive
836 4332 1092 4392 quartum
1149 4326 1406 4380 saeculum
1458 4327 1765 4383 absolutum
1817 4332 2009 4387 decur-

2123 1870 2350 1939 passim,
2388 1869 2583 1923 mentis
2614 1867 2892 1936 pabulum,
2947 1867 2999 1920 id
3026 1877 3107 1921 est
3130 1868 3541 1923 meditationem
3592 1885 3691 1923 non

2120 1962 2378 2024 deseruit,
2421 1960 2552 2029 quin
2594 1960 2720 2014 cibo
2767 1959 2860 2012 illo
2898 1958 3079 2013 solido
3132 1960 3391 2028 pascebat
3430 1960 3693 2023 animum,

2129 2061 2183 2106 et
2209 2052 2543 2122 promulsida
2572 2049 3112 2119 degustabatateruaa
3133 2051 3485 2106 beatitudinis
3511 2052 3695 2121 volup-

2123 2153 2340 2208 tateque
2381 2140 2805 2211 perfundebatur
2833 2141 3086 2203 aetheros,
3116 2142 3562 2209 contemplationi
3589 2157 3695 2196 cte-

2121 2234 2240 2287 lesti
2320 2230 2621 2300 smpissime
2677 2228 2949 2293 addictus,
3005 2229 3058 2282 in
3134 2245 3243 2298 qua
3310 2232 3699 2285 exardescebat

2121 2326 2334 2394 igneus,
2367 2332 2421 2375 et
2450 2319 2702 2390 quamvis
2755 2320 2811 2373 in
2840 2320 3001 2375 terris
3030 2320 3271 2390 degeret,
3303 2321 3557 2375 evolabat
3581 2338 3694 2377 ere-

2122 2414 2272 2468 brius
2301 2414 2366 2467 ad
2396 2412 2618 2473 cmlum,
2648 2410 2789 2464 unde
2815 2410 3070 2480 pmvisas
3095 2425 3183 2465 res
3210 2418 3322 2465 tam
3354 2410 3408 2465 in
3433 2412 3694 2480 epistolis,

2118 2519 2281 2575 quam
2316 2505 2370 2556 in
2402 2503 2724 2557 tractatibus
2749 2504 2910 2554 verba
2943 2516 3049 2555 non
3084 2501 3253 2556 invita
3290 2502 3651 2570 sequebantur
3678 2521 3693 2567 ;

2118 2598 2374 2650 visitahat
2408 2595 2663 2664 frequens
2694 2594 2810 2648 loca
2840 2591 3045 2648 Christi
3077 2591 3292 2647 Domini
3327 2592 3573 2663 vestigiis
3597 2595 3697 2647 cal-

2118 2700 2260 2753 cata,
2321 2699 2375 2741 et
2434 2701 2591 2741 sacro
2647 2700 2838 2740 cruore
2893 2700 3141 2754 respersa
3179 2685 3421 2739 :vicinia
3484 2700 3691 2753 nempe.

2118 2790 2346 2843 mosque
2373 2775 2583 2844 priscus
2631 2789 2753 2828 eum
2786 2773 3096 2839 alliciebat;
3135 2774 3435 2828 inoleverat
3498 2774 3695 2844 quippe

2118 2866 2454 2921 consuetudo
2482 2864 2751 2919 invisendi
2786 2863 3248 2933 Hierosolymam,
3281 2879 3313 2918 e
3339 2874 3530 2920 sancto
3559 2864 3694 2919 Gre—

2116 2958 2266 3026 gorio
2297 2955 2560 3027 Nysscno,
2592 2963 2645 3009 et
2688 2954 2902 3023 Magno,
2926 2957 3016 3024 qui
3069 2955 3360 3024 hucusque
3418 2958 3691 3025 perdurat.

2121 3048 2258 3103 Vide
2296 3048 2474 3103 Grets.
2511 3047 2584 3101 Ds
2612 3048 2930 3116 percgrinat.
2975 3043 3334 3117 lnitiatusque
3360 3048 3694 3120 presbytera-

2125 3140 2224 3205 tui,
2264 3138 2431 3209 τω
2473 3137 2646 3192 sacris
2688 3137 2862 3200 litare,
2904 3135 3089 3190 divina
3121 3151 3357 3206 pangere
3404 3139 3689 3207 praeconia,

2123 3230 2440 3292 monachos,
2507 3236 2563 3281 et
2617 3241 2808 3282 omnes
2865 3228 3114 3296 populos,
3189 3239 3577 3299 magnatesque
3624 3231 3693 3283 ad

2121 3319 2322 3373 Christi
2351 3332 2589 3371 antorem
2614 3319 2871 3383 excitare,
2901 3317 3085 3371 laudes
3109 3317 3230 3386 ejus
3261 3319 3550 3374 decantare
3583 3336 3689 3373 non

2121 3407 2369 3463 cessabat
2399 3422 2496 3476 per
2528 3421 2701 3462 annos
2730 3406 2819 3461 40.
2854 3406 2948 3461 Est
2994 3408 3047 3460 in
3083 3408 3294 3463 honore
3321 3410 3409 3463 hic
3433 3425 3691 3467 numerus

2120 3497 2610 3567 quadragenarius,
2639 3510 2799 3564 quem
2831 3494 3082 3549 Christus
3096 3496 3307 3566 jejunio
3333 3500 3689 3569 quadraginta

2120 3590 2331 3643 dierum
2357 3587 2632 3641 decoravit
2657 3604 2669 3639 :
2714 3586 2766 3639 id
2796 3585 3106 3641 observavit
3133 3586 3692 3661 Moysesypostquam

2119 3679 2299 3732 divina
2323 3677 2410 3731 lex
2461 3676 2706 3746 ingressa
2751 3686 2835 3731 est
2864 3676 2917 3730 in
2948 3678 3134 3733 orbem
3188 3687 3499 3748 terrarum;
3549 3680 3692 3738 Elias

2118 3781 2184 3821 co
2212 3767 2423 3821 dierum
2464 3780 2694 3820 numero
2739 3764 2909 3820 Deum
2948 3781 3216 3836 quaerens.
3260 3769 3379 3834 ejus
3427 3772 3692 3825 visionem

2119 3866 2447 3912 consecutus
2477 3865 2577 3922 est,
2617 3865 2676 3909 ut
2703 3856 2935 3910 orabant
2959 3858 3134 3912 sancti
3164 3859 3522 3930 quadraginta
3548 3877 3695 3917 mar-

2122 3962 2264 4022 tyres
2293 3953 2345 4006 in
2370 3961 2563 4019 stagno
2591 3952 2766 4021 rigido
2808 3951 2897 4006 die
2935 3952 2969 4007 9
2997 3950 3173 4007 Martii
3204 3955 3309 4008 sub
3357 3953 3568 4008 Licinio
3589 3954 3694 4006 im-

2118 4052 2385 4112 peratore.
2435 4043 2510 4096 Ita
2558 4049 2679 4111 post
2731 4056 3001 4096 annorum
3055 4044 3414 4114 quadraginta
3456 4046 3693 4114 spatium

2117 4147 2339 4193 sanctus
2395 4136 2557 4192 Nilus
2606 4151 2865 4192 coronam
2914 4140 3123 4207 accepit
3151 4140 3517 4195 confessionis
3554 4155 3692 4203 suae,

2117 4243 2303 4304 totque
2356 4232 2662 4287 facinorum
2710 4232 3074 4301 egregiorum,
3117 4243 3173 4287 et
3223 4235 3509 4299 virtutum,
3555 4250 3694 4303 quas

2110 4326 2222 4395 jam
2258 4323 2561 4393 percensui,
2593 4323 2893 4392 praesertim
2924 4323 3252 4387 tolerantia;
3287 4340 3464 4394 neque
3502 4324 3695 4387 dubito

444 4421 588 4469 reret
643 4413 710 4468 ad
750 4414 1023 4482 quintum,
1066 4416 1214 4485 quod
1264 4417 1537 4482 instabat;
1599 4435 1724 4475 nam
1764 4424 1913 4489 vixit,
1949 4436 2008 4480 ut

2121 4417 2266 4487 quin,
2296 4431 2419 4485 qua:
2450 4422 2671 4469 voverat
2698 4414 2928 4483 jejunis,
2962 4422 3014 4468 et
3038 4413 3324 4487 δουλείαν
3349 4402 3696 4483 ἐγκρατείας

440 4505 637 4575 sat-pius
669 4504 801 4572 dixi,
835 4514 889 4559 et
916 4522 979 4560 ex
1010 4508 1232 4574 epochis
1260 4509 1594 4576 przel'ecturze
1644 4528 1709 4567 ac
1743 4514 2009 4573 incursio-

440 4602 525 4657 nis
558 4609 789 4665 constat,
818 4599 923 4662 ἕως
960 4600 1303 4669 Μαρκιανοῦ,
1352 4618 1522 4674 usque
1556 4606 1624 4663 ad
1651 4605 2006 4677 Marcianum,

440 4694 530 4761 qui
592 4694 904 4762 auspicatus
933 4703 1017 4748 est
1043 4694 1407 4766 principatum
1443 4713 1585 4754 anno
1632 4699 1833 4757 Christi
1880 4705 2005 4760 45L

441 4783 556 4850 Ipse
577 4782 819 4852 profecto
847 4785 1095 4851 Allatius,
1126 4804 1179 4856 p.
1210 4787 1296 4855 H,
1329 4787 1527 4843 ibidem
1558 4794 1802 4861 agnoscit
1826 4792 2006 4849 Nilum

440 4889 730 4943 usurpasse
777 4891 1059 4931 nmnerum
1098 4878 1366 4949 integrum
1435 4891 1489 4935 et
1535 4885 1862 4953 completum
1909 4902 2008 4956 pro

440 4966 767 5037 incompleto
820 4977 982 5040 atque
1026 4980 1297 5039 truncato,
1340 4984 1399 5027 ut
1444 4974 1792 5043 adjunctionc
1841 4980 2009 5034 simili

438 5056 753 5112 conciliaret
803 5058 1194 5114 incrementum
1244 5071 1432 5118 contra
1482 5061 1699 5121 Iudaeos
1751 5082 1864 5122 suae
1912 5070 2006 5123 de-

440 5145 837 5210 monstrationi,
868 5146 1026 5215 cujus
1058 5147 1304 5218 exempla
1338 5151 1391 5204 in
1427 5152 1599 5207 sacris
1644 5168 1862 5222 quoque
1894 5153 2009 5208 Lit-

439 5235 570 5289 teris
597 5235 902 5306 frequentia
928 5247 1087 5304 sunt;
1121 5254 1221 5294 nec
1256 5250 1409 5297 vacat
1433 5242 1696 5298 inhaerere
1715 5246 1919 5301 diutius
1952 5248 2007 5301 in

439 5324 579 5388 istis,
612 5328 696 5381 vel
728 5326 990 5394 refellere,
1022 5332 1165 5400 quod
1192 5333 1419 5388 Allatius
1445 5342 1598 5404 putat
1625 5351 1799 5390 annos
1828 5338 2010 5407 trigin-

442 5427 492 5469 ta
523 5418 625 5471 sub
664 5421 925 5488 magistro
960 5420 1355 5492 Cltrysostomo
1403 5441 1582 5481 mores
1612 5428 1677 5481 ad
1727 5428 2007 5482 mollitiem

442 5503 666 5558 idoneos
698 5508 935 5571 exuisse,
971 5518 1099 5572 ctc.,
1121 5525 1245 5562 cum
1293 5511 1493 5566 sederit
1541 5512 2007 5582 Constantitmpoli

444 5602 665 5651 sanctus
694 5598 1115 5666 Chrysostomus
1144 5616 1320 5654 annos
1352 5617 1543 5656 novem
1576 5605 1696 5673 plus
1727 5606 1927 5668 minus,
1958 5614 2012 5659 et

451 5679 791 5738 Antiochiam
821 5685 995 5738 Nilum
1048 5688 1347 5763 profectum
1380 5689 1548 5747 fuisse
1597 5694 1662 5748 ad
1709 5709 1834 5750 eum
1867 5695 2008 5750 invi-

2115 4512 2213 4566 καὶ
2238 4511 2347 4579 τῆς
2380 4510 2577 4576 ἄλλης
2605 4508 3007 4574 κακοπαθειας
3056 4510 3359 4576 σκληρὰν,
3388 4510 3443 4563 id
3467 4520 3551 4564 est
3581 4527 3694 4563 ser-

2114 4604 2329 4658 vimtcm
2360 4601 2738 4670 temperantiae,
2772 4609 2820 4654 ct
2847 4600 3068 4653 alterius
3111 4600 3406 4670 aﬁlictionis
3431 4603 3693 4655 austerio-

2115 4710 2223 4748 rcm
2252 4693 2532 4762 peregerit.
2576 4690 2740 4745 Multa
2790 4691 2937 4745 illius
2973 4705 3170 4761 genera
3202 4707 3366 4760 supra
3410 4706 3532 4761 pag.
3587 4691 3694 4745 660

2115 4786 2316 4847 notavi,
2342 4791 2395 4838 et
2422 4782 2745 4837 crediderim
2781 4780 2951 4836 fuisse
2975 4780 3077 4835 ista
3103 4781 3413 4841 verberum,
3444 4783 3559 4836 sive
3590 4781 3693 4835 ila-

2114 4875 2398 4946 gellorum,
2439 4888 2560 4942 qua!
2587 4874 2892 4926 invaluerat
2912 4871 3055 4941 apud
3078 4870 3367 4942 :Bgyptios
3395 4873 3581 4937 etiam,
3612 4873 3694 4925 in-

2114 4966 2719 5023 cussionem.l’alladius
2742 4968 2862 5035 ejus
2883 4965 3129 5019 meminit
3149 4966 3438 5035 episcopus
3462 4963 3694 5018 Heleno-

2116 5060 2408 5128 politanus,
2434 5060 2529 5114 lib.
2554 5074 2650 5112 vnt
2687 5057 2788 5112 Vit.
2812 5057 2963 5113 Patr.
2995 5073 3117 5127 pag.
3144 5057 3267 5123 ηδ,
3296 5058 3386 5112 ubi
3416 5056 3689 5139 Bosweid.

2114 5151 2290 5207 Grets.
2323 5162 2376 5206 et
2404 5152 2596 5205 Rader.
2630 5149 2867 5206 Joannes
2897 5150 3173 5205 Climaeus
3200 5164 3321 5218 cap.
3347 5152 3382 5204 5
3407 5148 3486 5202 De
3520 5149 3688 5218 ρωπὶ-

2116 5242 2277 5295 tentia
2313 5256 2428 5306 eos,
2470 5241 2562 5310 qui
2593 5239 2925 5310 ἀποροῦντες
2975 5249 3131 5293 erant
3172 5239 3426 5308 δακρύων
3455 5237 3690 5308 (scribitl

2115 5334 2341 5394 ἑαυτοὺς
2385 5331 2737 5393 κατέκοπτον,
2800 5332 2890 5399 qui
2932 5345 3039 5383 non
3082 5338 3331 5399 poterant
3379 5328 3688 5399 lacrymari,

2116 5425 2435 5492 semetipsos
2461 5422 2840 5477 discindebant
2864 5421 3113 5491 ﬂagellis,
3142 5430 3198 5475 ut
3229 5422 3375 5475 Eiias
3413 5419 3691 5475 Cretensis

2115 5532 2176 5569 ex
2186 5516 2582 5585 ponit,éaurobg
2597 5515 2908 5585 πληκτικῶς
2930 5514 3181 5584 βάλλον-τε
3193 5515 3332 5575 ;,καὶ
3346 5514 3688 5583 πλήττοντες.

2117 5609 2322 5675 scipsos
2351 5606 2595 5661 feriendo
2627 5605 3008 5676 percutientes,
3046 5614 3211 5674 atque
3241 5606 3378 5658 adeo
3412 5605 3689 5661 ferientes.

2118 5699 2261 5768 quod
2290 5715 2411 5754 cum
2433 5697 2554 5753 Nilo
2577 5715 2670 5769 per
2693 5706 2906 5754 aetatem
2939 5697 3079 5753 foret
3103 5696 3294 5754 durius
3342 5706 3506 5766 atque
3532 5708 3695 5770 aspe-
