3998 6116
382 236 515 304 1429

1701 248 1797 307 DE
1825 250 2003 310 VlTA
2044 250 2102 308 S.
2146 247 2330 308 NILI.

3502 190 3639 303 ιῖιτιο

380 349 515 414 rius,
546 349 744 419 partim
779 349 951 404 voluit
973 347 1159 420 junior
1186 355 1239 403 ct
1262 348 1490 405 validior
1516 348 1828 408 Thcodulus
1858 370 1948 409 su-
1977 361 2022 416 Α
2052 362 2200 423 pacta
2230 353 2446 406 ruerunt
2481 351 2532 404 in
2564 366 2657 406 eos
2684 350 2866 405 omnia
2893 347 2997 403 Nili
3025 347 3199 419 Opera
3224 347 3246 401 ?
3274 363 3340 401 an
3375 347 3484 402 duo
3515 356 3640 402 tan-

377 439 494 492 bire
513 454 577 493 ac
597 441 822 510 exsequi
843 456 972 505 ;nec
997 440 1142 494 enim
1165 448 1372 494 tantum
1397 440 1534 508 ﬂepl
1559 440 1669 510 τῆς
1692 444 1946 496 κατανύ-

378 530 524 594 ξεως
549 529 778 597 ψυχῆς,
812 529 863 583 id
889 537 997 595 est,
1038 529 1115 584 De
1146 531 1536 600 compunctione
1566 534 1776 597 animm,
1798 534 1951 587 Nilus

378 618 615 687 scripsit,
656 629 712 671 ut
732 618 844 687 jam
884 618 1113 675 iudicavi
1146 636 1265 692 pag.
1296 622 1400 675 657
1424 623 1725 691 superioris
1753 624 1952 678 indicis

378 710 681 775 librorum;
727 710 819 764 sed
874 720 929 766 et
972 712 1038 766 de
1090 713 1338 782 corporis
1388 714 1753 768 maceratione
1798 712 1953 769 Nilus

379 810 575 856 tractat
604 801 826 869 copiose
857 802 909 855 in
935 803 1189 873 epistola,
1215 819 1379 874 quam
1411 805 1560 860 dedit
1589 805 1658 859 ad
1687 804 1955 860 Thauma-

379 893 521 947 sium
554 894 902 958 monachum,
934 909 1055 964 qua:
1080 895 1173 949 lib.
1202 897 1237 950 5
1300 905 1616 951 numeratur
1643 898 1731 961 5'5,
1757 906 1868 952 tum
1899 900 1954 952 in

378 983 505 1046 alia,
534 1000 654 1053 qua:
684 985 1003 1040 inscribitur
1031 984 1266 1041 Charicli
1308 987 1623 1058 presbytero
1646 989 1831 1043 eodem
1858 988 1952 1045 lib.

377 1088 463 1137 ιιι,
495 1090 552 1128 n.
579 1074 705 1138 245,
740 1075 829 1129 ubi
861 1072 996 1142 Περὶ
1021 1074 1141 1145 τῶν
1161 1073 1691 1144 κατανενυγμένων
1736 1076 1956 1130 conclu-

378 1163 502 1229 dit;
540 1172 595 1218 et
647 1164 864 1217 demum
916 1163 972 1217 in
1021 1164 1112 1218 lib.
1156 1180 1208 1219 IV
1237 1163 1481 1234 epistolis
1527 1163 1593 1218 de
1640 1162 1958 1225 κατανύξει

378 1253 649 1322 discipulo
682 1253 904 1308 directis
928 1255 982 1319 1,
1003 1254 1058 1319 2,
1096 1255 1149 1321 5,
1176 1255 1231 1319 4,
1263 1254 1316 1321 5,
1345 1254 1398 1307 6.

450 1344 528 1398 Ex
576 1345 683 1399 illis
733 1345 977 1414 epistolis
1022 1346 1286 1415 pellucide
1332 1345 1629 1416 colligitur,
1680 1343 1857 1398 Nilum
1889 1342 1958 1397 ab

375 1436 650 1505 episcopis
677 1436 987 1493 consultum
1043 1445 1098 1492 et
1141 1438 1209 1492 ab
1244 1438 1424 1492 omnis
1450 1436 1587 1490 artis
1632 1435 1958 1506 professori-

380 1526 504 1591 bus,
555 1527 816 1595 prmclare
845 1527 1037 1597 pieque
1062 1527 1428 1599 respondisse,
1464 1542 1562 1581 nec
1601 1526 1825 1581 dubium
1853 1532 1956 1590 est,

382 1620 561 1686 ipsum
591 1620 791 1675 divinis
819 1620 871 1674 iu
905 1620 1155 1675 laudibus
1186 1618 1469 1674 assiduum
1500 1617 1691 1680 fuisse,
1720 1618 1960 1672 tandem-

2058 455 2169 497 tum
2201 451 2355 496 erant
2388 441 2534 504 libri,
2585 440 2676 510 qui
2714 447 2986 494 tomorum
3045 439 3201 493 titulo
3238 438 3640 509 designantur?

2056 535 2120 589 It.
2157 532 2218 588 P.
2266 533 2451 586 Labbe
2489 532 2778 586 Societatis
2810 531 2960 596 Jesu,
2990 529 3147 583 Tom.
3180 528 3270 592 111,
3297 545 3350 599 p.
3385 530 3486 583 125
3517 529 3636 583 Dis-

2054 636 2180 679 sert.
2244 624 2467 691 theolog.
2520 623 2574 677 in
2604 624 2744 677 hanc
2771 624 3091 677 sententiam
3124 622 3343 676 scribit:
3387 641 3405 673 ι
3441 620 3637 676 Omnia

2054 714 2157 768 Nili
2201 710 2462 784 opuscula
2515 713 2751 766 nondum
2787 711 3077 782 quisquam
3131 712 3184 763 in
3237 725 3402 764 unum
3438 725 3637 778 corpus

2057 806 2295 874 redegit;
2347 804 2493 874 quod
2544 801 2722 858 fuerat
2772 802 3070 872 optandum
3122 803 3174 855 in
3211 800 3322 856 νγ.
3356 800 3456 855 PP.
3505 802 3633 857 edit.

2055 895 2341 950 Colonien.
2384 901 2438 947 et
2470 891 2739 947 Parisien.
2788 891 3046 946 Biblioth.
3095 892 3356 960 Pleraque
3388 891 3501 960 jam
3539 907 3637 945 ex-

2057 997 2218 1052 stant,
2252 986 2352 1040 alia
2385 986 2719 1055 reperientur
2743 984 2798 1038 in
2826 984 3103 1048 Bavarica,
3146 982 3429 1046 Vaticana,
3475 1003 3493 1034 ι
3529 992 3633 1037 etc.

2056 1077 2417 1147 Alphabetum
2439 1076 2656 1131 abbatis
2692 1074 2822 1140 Nili,
2865 1090 2973 1146 quo
2999 1076 3284 1130 erudiebat
3338 1076 3636 1129 monachos

2058 1183 2187 1222 suos
2217 1167 2283 1221 ad
2322 1167 2652 1238 symbolicas
2686 1168 2987 1223 locutiones
3026 1168 3205 1238 lingua
3238 1167 3520 1237 Copthica,
3554 1168 3636 1220 in-

2058 1256 2260 1311 dicavit
2294 1257 2426 1310 mihi
2458 1257 2521 1310 lt.
2559 1255 2620 1311 Ρ.
2654 1256 2880 1311 Kircher
2904 1258 3293 1322 amicissimus,
3339 1267 3391 1311 et
3422 1259 3635 1327 lingua-

2058 1361 2179 1400 rum
2215 1346 2603 1417 peritissimus,
2631 1363 2695 1403 ex
2720 1362 2895 1418 eoque
2924 1347 3181 1403 idiomate
3219 1363 3542 1403 conversum
3579 1349 3634 1402 in

2058 1438 2306 1493 Graecum
2342 1439 2465 1494 fuit.

2128 1531 2184 1584 In
2221 1530 2506 1601 Horologio
2538 1530 2719 1586 (ἐτωοο
2749 1532 2893 1587 edito
2921 1528 3163 1587 Venetiis
3196 1531 3353 1597 1565,
3398 1532 3450 1585 in
3484 1531 3631 1586 deei-

2062 1636 2152 1675 mo
2183 1631 2356 1685 sexto,
2393 1623 2461 1677 ad
2493 1623 2633 1676 diem
2669 1623 2734 1677 12
2760 1621 3083 1677 Novembris
3111 1638 3125 1674 :
3155 1620 3272 1676 Τοῦ
3305 1623 3479 1676 ὁσίου
3518 1626 3634 1676 Πα-

379 1726 490 1778 que
522 1712 573 1763 in
604 1721 789 1765 monte
817 1711 949 1773 Sina
984 1711 1329 1780 grandaevum
1373 1710 1550 1765 vivere
1574 1709 1831 1765 desiisse:
1862 1709 1952 1764 ditt

2064 1710 2203 1779 τρός
2234 1709 2403 1780 ἡμῶν
2420 1712 2641 1765 Νείλου
2670 1713 3007 1777 κατάλυσις
3044 1711 3214 1765 οἴνου
3270 1710 3367 1764 καὶ
3401 1711 3630 1766 ἐλαίου.

378 1801 525 1854 enim
562 1801 713 1867 vixit,
742 1803 833 1871 qui
863 1802 1002 1857 bene
1033 1802 1198 1864 vixit;
1242 1801 1382 1857 sicut
1420 1800 1523 1856 Job
1564 1800 1746 1856 Omnia
1780 1800 1958 1869 dupli-

379 1890 463 1945 cia
514 1891 653 1946 bona
704 1901 828 1961 post
874 1891 1228 1947 tentationem
1276 1892 1518 1961 accepit,
1565 1892 1641 1946 ita
1687 1890 1958 1960 duplicem

381 1981 537 2037 Nilus
576 1983 802 2052 gratiam
838 1983 1064 2052 adeptus
1091 1998 1214 2037 cum
1250 1982 1407 2046 foret,
1448 1992 1610 2051 atque
1643 1983 1809 2036 vitam
1834 1997 1960 2036 san-

379 2079 526 2125 ctam
559 2073 928 2143 transegisset,
957 2088 1081 2127 cum
1112 2073 1258 2138 aliis,
1287 2072 1397 2127 tilio
1420 2072 1647 2137 scilicet,
1690 2079 1744 2126 et
1769 2085 1958 2124 mona-

378 2162 500 2216 chis
530 2163 910 2218 exercentibus
927 2178 1048 2218 sese
1066 2163 1259 2227 simul,
1282 2164 1337 2217 in
1369 2171 1566 2218 aeterna
1590 2161 1757 2232 gloria
1787 2161 1959 2215 vietu-

379 2268 496 2318 rus,
512 2253 577 2307 ad
592 2253 901 2308 an.Christi
931 2253 1036 2308 450
1048 2255 1158 2309 sive
1181 2255 1301 2317 451,
1327 2263 1490 2323 atque
1512 2254 1599 2307 ubi
1627 2256 1727 2307 tria
1760 2252 1957 2308 saecula

380 2339 715 2409 perfecisset",
744 2340 970 2394 sivetres
987 2349 1173 2397 anates
1203 2341 1351 2413 (nam
1381 2340 1634 2410 quaelibet
1662 2341 1843 2408 γενεά,
1861 2353 1957 2392 seu

378 2441 511 2485 :etas
531 2431 746 2503 triginta
757 2432 995 2486 continet
1010 2446 1115 2485 ann
1125 2432 1228 2502 os),
1248 2433 1463 2487 transiit
1478 2416 1544 2486 ad
1560 2432 1745 2486 coelica
1762 2432 1957 2501 gaudia

380 2522 555 2589 Nilus,
582 2524 771 2578 relicto
792 2520 1093 2586 Theodulo,
1108 2523 1198 2593 qui
1231 2532 1507 2591 parentem
1534 2522 1793 2584 imitatus,
1817 2520 1956 2590 jam-

346 2631 488 2684 ,que
524 2614 727 2676 τέλειος
756 2612 1081 2683 καλόγηρος,
1122 2612 1396 2682 perfectus
1430 2628 1620 2677 senex,
1670 2627 1734 2667 ac
1762 2627 1956 2665 mona-

380 2709 517 2764 chus
544 2708 734 2776 plenus
771 2708 985 2762 dierum
1040 2721 1107 2761 ae
1134 2707 1477 2770 meritorum,
1523 2697 1694 2775 patris
1742 2706 1955 2774 regulas

380 2800 680 2852 observans
733 2806 787 2852 et
809 2797 1035 2862 monita,
1066 2797 1313 2866 jejuniis,
1344 2796 1706 2860 orationibus,
1743 2810 1806 2849 ac
1828 2796 1954 2848 divi-

380 2891 468 2945 nis
496 2889 766 2960 alloquiis,
796 2899 851 2944 et
877 2889 1149 2944 exercitiis
1180 2891 1441 2955 intentus,
1478 2888 1713 2956 denique
1740 2887 1952 2955 requie-

380 2980 457 3034 vit
482 2980 643 3035 etiam
673 2980 726 3034 in
758 2995 908 3049 pace.

448 3091 620 3145 Ambo
652 3092 708 3144 in
737 3098 922 3144 monte
961 3088 1088 3144 Sina
1126 3087 1489 3163 exspirarunt.
1516 3086 1761 3156 Deposita
1787 3095 1837 3140 et
1871 3096 1951 3139 tu-

376 3180 582 3235 mulata
614 3181 852 3246 fuerunt,
872 3180 1097 3250 7013c
1135 3179 1260 3234 inde
1285 3175 1814 3246 Constantinopolim
1851 3174 1952 3231 sub

374 3274 611 3340 iuniore,
642 3288 738 3326 seu
790 3272 1091 3340 posteriore
1118 3269 1335 3326 Justino
1371 3270 1699 3339 imperatore
1749 3269 1813 3321 ad
1852 3283 1951 3321 an-

378 3378 508 3415 num
541 3361 641 3415 567
673 3361 734 3413 Ρ.
774 3360 842 3412 Μ.
880 3361 1161 3429 deportata
1185 3374 1414 3428 corpora
1446 3359 1713 3429 ipsorum,
1741 3368 1794 3414 et
1821 3358 1953 3415 alio-

381 3465 502 3503 rum
543 3455 857 3503 sanctOrum
881 3448 1272 3502 monachorum
1302 3458 1631 3515 ascetarum,
1662 3458 1719 3503 ut
1749 3457 1951 3503 testan-

381 3550 471 3593 tur
505 3537 679 3592 Graeci
706 3537 996 3606 scriptores
1026 3535 1338 3607 Menologii,
1367 3547 1421 3591 et
1465 3536 1825 3605 Nicephorus,
1856 3537 1951 3589 lib.

382 3629 579 3684 Eccles.
622 3627 829 3684 Hister.
870 3644 980 3693 xiv,
1023 3644 1070 3682 c.
1124 3628 1211 3682 14.
1252 3627 1406 3680 Libet
1444 3641 1590 3679 nunc
1646 3624 1951 3688 adnectere,

383 3737 503 3792 qua:
536 3725 789 3793 leguntur
827 3721 881 3775 in
915 3719 1158 3774 Romano
1192 3717 1577 3787 Martyrologio
1616 3715 1788 3784 pridie
1826 3714 1953 3767 ldus

384 3812 722 3880 Novembris,
778 3828 873 3868 seu
907 3811 995 3867 die
1031 3808 1353 3864 duodecimo
1383 3822 1396 3859 :
1440 3825 1457 3858 ι
1487 3803 1953 3872 Constantinopoli

385 3905 558 3963 sancti
592 3904 698 3959 Nili
729 3903 966 3966 abbatis,
1023 3904 1116 3971 qui
1169 3916 1234 3955 ex
1284 3897 1538 3968 praefecto
1582 3895 1733 3951 urbis
1780 3894 1955 3949 factus

387 3997 684 4053 monachus
759 3997 863 4052 sub
924 3995 1233 4050 Theodosio
1285 3990 1532 4058 Juniore,
1591 3989 1838 4044 doctrina
1900 3995 1957 4040 et

383 4089 669 4143 sanctitate
690 4088 921 4155 claruit;
947 4106 965 4137 ι
987 4085 1076 4141 ubi
1093 4081 1383 4139 cardinalis
1404 4081 1699 4145 Baronius;
1728 4078 1952 4132 Michael

384 4175 632 4234 Neander
663 4176 1025 4240 Soraviensis,
1048 4182 1334 4243 suspectus
1357 4173 1482 4227 licet
1515 4181 1726 4237 auctor,
1751 4171 1804 4223 in
1835 4185 1950 4223 me-

384 4269 598 4337 nologio
657 4268 932 4324 Basiliano
989 4268 1048 4321 Β.
1126 4265 1305 4320 Nilum
1364 4273 1629 4319 memorat
1701 4263 1754 4316 in
1820 4262 1952 4316 urbe

2063 1803 2397 1856 Κοντάκιον
2427 1802 2531 1857 τοῦ
2566 1803 2761 1869 ὁσίου,
2780 1799 2931 1871 ἦχος
2958 1806 3063 1856 πλ.
3092 1802 3130 1856 6
3149 1820 3161 1834 ο
3198 1801 3278 1870 Τῇ
3310 1800 3634 1870 ὑπερμάχῳ

2064 1893 2374 1963 στρατηγῷ
2418 1892 2526 1959 τὰς
2563 1892 2966 1969 φρυγανώδεις
3008 1892 3127 1946 τῶν
3156 1892 3362 1946 παθῶν
3404 1892 3524 1969 τῷν
3563 1890 3631 1943 ἐκ

2061 1984 2167 2038 τοῦ
2189 1983 2462 2053 σώματος
2495 1962 2958 2050 ἐπαναστάσείς,
2980 1980 3294 2052 τμητικῶς,
3319 1963 3494 2036 Νεῖλε
3516 1996 3635 2050 μα-

2060 2073 2245 2141 κάριε,
2260 2075 2330 2127 ἐν
2356 2075 2638 2143 ἁγρύπνῳ
2650 2089 2767 2129 σου
2783 2068 3136 2144 συνέκοψας
3161 2075 3379 2141 ἱκεσίᾳ·
3402 2073 3632 2138 ἀλλ’ὡς

2058 2163 2214 2233 ἔχων
2234 2167 2576 2233 παρῤησίιιν
2599 2167 2750 2233 πρὸς
2773 2166 2878 2219 τὸν
2901 2166 3121 2232 Κύριον
3147 2165 3216 2217 ἐκ
3235 2166 3535 2217 παντοίων
3554 2180 3631 2231 με

2058 2254 2354 2308 κινδύνων
2369 2256 2797 2324 ὲλευθέρωσον,
2835 2255 2935 2309 ἵνα
2955 2252 3139 2322 κράζω
3154 2268 3256 2309 σοι
3278 2272 3290 2285 ·
3315 2251 3580 2324 Χαίροι[ς
3593 2253 3627 2323 Ι,

2057 2344 2249 2411 Πάτερ
2303 2346 2658 2415 παγκόσμιε,
2714 2345 2765 2399 id
2821 2354 2922 2411 est,
2979 2354 3040 2400 ut
3104 2345 3448 2413 interpretor,
3507 2341 3633 2395 Nile

2059 2435 2203 2488 beate
2260 2437 2313 2486 in
2367 2434 2511 2504 vigili
2565 2445 2654 2487 tua
2695 2436 3077 2504 supplicatione
3126 2433 3406 2487 concidisti
3450 2432 3629 2487 casini

2058 2524 2259 2576 rremiis
2288 2524 2487 2575 similes
2515 2525 2806 2592 passiones,
2829 2540 2947 2594 quae
2970 2532 3292 2593 consurgunt
3319 2539 3347 2576 e
3378 2538 3628 2592 corpore;

2056 2631 2231 2668 verum
2260 2616 2338 2668 uti
2367 2616 2566 2682 pollens
2599 2618 2911 2670 auctoritate
2930 2616 3070 2685 apud
3095 2615 3399 2680 Dominum,
3430 2630 3493 2668 ca:
3518 2630 3630 2667 om-

2057 2706 2259 2774 nigenis
2291 2705 2456 2758 libera
2486 2722 2566 2759 me
2589 2707 2859 2773 periculis,
2886 2715 2942 2760 ut
2969 2706 3037 2759 ad
3070 2716 3118 2759 te
3143 2705 3481 2775 proclament,
3513 2704 3625 2758 sal-

2054 2813 2131 2862 ve,
2168 2794 2331 2849 Pater
2362 2796 2571 2849 omnino
2599 2798 2872 2850 adornate.
2904 2797 3247 2867 Quantopere
3264 2795 3507 2866 jucunda
3540 2812 3629 2851 es-

2056 2895 2135 2940 set
2175 2885 2375 2939 natalis
2405 2884 2577 2938 sancti
2613 2882 2719 2939 Nili
2754 2886 3072 2940 solemnitas
3114 2886 3195 2938 vel
3225 2885 3354 2939 hinc
3395 2885 3625 2956 conjice.

2055 2975 2198 3045 quod
2229 2975 2415 3029 vinum
2449 2975 2502 3028 in
2532 2990 2592 3029 ea
2654 2975 2945 3044 oleumque
2987 2975 3406 3030 dist‘ribueretur
3434 2990 3628 3029 mona-

2054 3068 2171 3124 chis
2204 3084 2234 3123 a
2283 3068 2665 3139 paracellariis,
2709 3077 2763 3123 et
2796 3067 3136 3134 Contacium,
3184 3078 3438 3138 tanquam
3480 3084 3626 3137 paea-

2056 3176 2122 3215 na
2154 3170 2430 3226 canerent,
2494 3160 2853 3229 sonitumque.
2900 3158 3124 3228 plausus
3180 3160 3419 3222 ederent,
3470 3159 3628 3229 quasi

2056 3266 2311 3322 supremo
2335 3248 2621 3320 pugnatori
2675 3259 2727 3303 et
2749 3248 3027 3303 exercitus
3056 3249 3181 3305 duci
3206 3248 3518 3319 psallentes.
3547 3245 3625 3299 En

2054 3345 2214 3399 etiam
2250 3358 2280 3398 e
2314 3340 2518 3396 Menaeo
2546 3339 2801 3395 Bibliotb.
2836 3339 3146 3396 Barbcrinae
3166 3339 3237 3395 M‘.
3280 3341 3337 3394 S.
3371 3341 3490 3394 cod.
3521 3339 3621 3394 201

2054 3453 2109 3505 p.
2142 3436 2267 3489 255.

2056 3527 2215 3597 702
2246 3526 2400 3592 Μηνὶ
2428 3528 2743 3595 Νοεμϐρίῳ,
2762 3533 2828 3578 ια’
2856 3508 3063 3595 ἡμέρᾳ,
3088 3524 3292 3595 μνήμη
3323 3524 3427 3577 τοῦ
3454 3522 3626 3590 ἁγίου

2054 3614 2279 3681 Πατρός
2333 3614 2502 3682 ἡμῶν
2548 3614 2847 3681 Θεοδώρου
2888 3614 2993 3667 τοῦ
3045 3613 3374 3667 Στουδίτου
3402 3629 3413 3644 ·
3449 3610 3501 3664 id
3545 3621 3628 3665 est

2057 3706 2222 3773 (sicut
2270 3706 2326 3758 in
2360 3706 2568 3771 edito):
2600 3705 2797 3758 Mensis
2850 3704 3162 3758 Novembris
3217 3704 3495 3757 undecima
3540 3700 3627 3756 die

2057 3793 2309 3845 memoria
2336 3793 2505 3843 sancti
2542 3791 2724 3844 Patris
2751 3791 3006 3844 TheodOri
3033 3790 3259 3845 Studita:
3282 3809 3302 3855 ;
3330 3800 3383 3843 et
3404 3806 3455 3859 p.
3477 3790 3579 3845 256
3607 3809 3622 3845 :

2056 3880 2212 3950 Μηνὶ
2230 3880 2550 3947 Νοεμϐρίῳ,
2570 3877 2645 3944 ιβ’
2662 3878 2851 3945 ἡμέρᾳ
2862 3876 3067 3947 μνήμη
3087 3878 3191 3932 τοῦ
3205 3880 3375 3946 ἁγίου
3397 3879 3626 3947 Πατρός

2054 3970 2223 4043 ἡμῶν
2234 3971 2454 4024 Νείλου
2465 3969 2570 4023 τοῦ
2588 3969 2903 4036 Ἀσκητοῦ·
2920 3970 2969 4023 id
2982 3978 3065 4024 est
3080 3988 3093 4022 :
3109 3968 3303 4023 Mensis
3316 3967 3622 4023 Novembris

2055 4068 2138 4120 die
2185 4064 2493 4118 duodecima
2544 4063 2794 4116 memoria
2853 4062 3026 4115 sancti
3069 4060 3248 4115 Patris
3311 4062 3476 4116 nostri
3507 4059 3626 4114 Nili

2054 4157 2439 4211 exercitatoris.

2133 4251 2429 4320 Αἴγυπτον
2463 4246 2627 4315 ἄρδει
2649 4246 2863 4311 Νεῖλος
2887 4261 2901 4275 ’
2933 4245 3093 4299 ἀλλὰ
3131 4244 3226 4297 καὶ
3258 4244 3459 4296 κτίσιν

382 4333 981 4431 Constantinopolitana
1039 4358 1312 4427 quondam
1384 4357 1701 4424 eparchum,
1765 4355 1817 4408 id
1869 4361 1950 4408 est

2128 4342 2339 4408 Λόγοις
2370 4338 2644 4407 κατάρδει
2666 4337 2760 4390 καὶ
2793 4335 2988 4390 θανὼν
3018 4335 3230 4398 Νεῖλος
3247 4333 3455 4403 μέγας.

383 4449 713 4517 praefectum.
769 4450 999 4505 Sirletus
1034 4449 1088 4503 in
1145 4447 1462 4517 Menologio,
1522 4447 1847 4502 Possevinus
1894 4445 1946 4499 in

382 4538 652 4604 Apparatu
670 4554 842 4603 sacro,
874 4538 1059 4592 Sixtus
1089 4537 1286 4591 Senen.
1317 4536 1370 4589 in
1391 4536 1716 4589 Bibliotheca
1738 4543 1947 4596 sancta,

380 4624 670 4679 cardiualis
704 4625 1062 4680 Bellarminus
1094 4625 1168 4677 De
1197 4623 1536 4689 scriptoribus
1560 4622 1945 4684 ecclesiasticis,

381 4730 500 4784 pag.
535 4714 657 4779 1‘23,
687 4715 950 4769 Simlerus
980 4714 1033 4767 in
1057 4712 1299 4781 Epitome
1330 4711 1674 4766 Bibliotheca:
1702 4710 1947 4773 Gesner-i,

379 4805 616 4875 suspecti
645 4806 842 4871 etiam;
882 4804 942 4856 P.
968 4804 1239 4859 Combeﬁs
1271 4804 1337 4857 de
1372 4802 1719 4873 Cyriacorum
1754 4803 1951 4854 inmm-

380 4896 568 4959 iiitatc,
619 4912 671 4966 p.
728 4895 863 4961 127;
912 4892 1149 4949 Gretser.
1200 4893 1276 4954 De
1308 4907 1457 4945 cruce
1487 4892 1582 4945 lib.
1615 4905 1653 4954 ι,
1700 4904 1818 4958 cap.
1857 4888 1947 4951 55,

384 4987 608 5041 Vossius
636 4987 731 5041 lib.
764 5002 824 5052 ιι,
854 4985 924 5039 De
953 4985 1141 5038 histor.
1172 4982 1338 5036 Grec.
1363 4997 1381 5034 .'
1408 4981 1522 5035 Bail
1551 4982 1603 5034 in
1630 4979 1951 5032 Bibliotheca

378 5079 668 5130 concionat.
716 5094 772 5148 p.
809 5077 931 5131 196.
967 5073 1290 5138 llabediesu,
1328 5072 1677 5141 metropolita.
1725 5070 1948 5131 Sohem,

378 5168 669 5223 Latinitate
713 5168 943 5222 donatus
991 5166 1059 5219 ab
1086 5165 1394 5219 Abrahamo
1430 5161 1757 5225 Echellensi,
1815 5160 1947 5214 mihi

379 5261 507 5313 olim
540 5258 838 5328 peramico,
873 5261 924 5311 in
954 5257 1211 5325 Catalogo
1250 5256 1506 5309 libroruin
1543 5252 1945 5325 Chaldaeorum,

377 5352 469 5420 qui
502 5358 712 5420 prostat
747 5349 933 5403 Romae
967 5363 1111 5402 anno
1139 5346 1275 5401 1655
1325 5358 1560 5399 excusus
1604 5342 1657 5395 in
1689 5341 1946 5395 duodeci-

379 5460 487 5507 mo,
522 5459 572 5511 p.
601 5443 687 5506 41,
715 5441 916 5496 indicat
945 5439 1232 5509 Evagrium
1256 5437 1583 5492 monachum
1607 5434 1746 5489 duos
1771 5443 1945 5487 tomos

377 5536 772 5603 composuisse,
805 5541 859 5586 at
888 5532 1068 5586 Nilum
1112 5529 1435 5585 monachum
1479 5527 1617 5581 duos
1653 5524 1946 5580 admirabi-

378 5626 475 5692 les,
520 5636 572 5680 et
608 5638 847 5678 crcmuin
884 5622 1099 5677 illorum
1137 5620 1304 5674 fuisse
1364 5616 1641 5672 Lucinam.
1677 5614 1757 5668 An
1792 5629 1942 5669 com-

2124 4435 2329 4488 Pertuit
2360 4428 2631 4485 exundans
2664 4427 2953 4498 zEgyptum
2989 4426 3166 4490 Nilus,
3203 4436 3256 4478 at
3287 4440 3489 4478 omnem

2125 4524 2366 4577 Mortuus
2393 4521 2477 4574 hic
2514 4518 2672 4572 Nilus
2705 4516 3031 4571 sermonibus
3061 4507 3480 4586 irrigat'orbem.

2054 4614 2242 4681 Οὗτος
2258 4614 2448 4679 πολὺς
2474 4615 2543 4667 ἐν
2568 4613 2764 4680 λόγοις
2799 4609 2895 4665 καὶ
2917 4611 2985 4663 ἐν
3004 4610 3219 4679 ἕρπὊις,
3241 4607 3350 4672 ἕως
3373 4605 3483 4674 τῆς
3508 4607 3620 4668 βα-

2052 4712 2288 4775 σιλείας
2324 4708 2666 4777 Μαρκιανοῦ
2698 4707 2808 4760 τοῦ
2833 4704 3140 4770 βασιλέως
3166 4705 3428 4771 ἔπαρχος
3459 4704 3619 4762 Κων-

2051 4804 2611 4866 σταντινουετόλεως
2637 4796 3077 4867 γνωριζόμενος’
3095 4791 3292 4864 σεμνῇ
3327 4793 3395 4845 δὲ
3416 4808 3619 4862 γυναι-

2054 4896 2114 4948 κὶ
2170 4893 2542 4960 συζευχθεὶς,
2582 4891 2680 4944 καὶ
2733 4889 2843 4941 δύο
2891 4888 3094 4948 τέκνα,
3135 4885 3315 4953 ᾶρῤεν
3336 4882 3432 4936 καὶ
3462 4881 3621 4949 θῆλυ

2051 4981 2382 5045 ἁποτεκὼν,
2434 4983 2550 5044 τὴν
2592 4975 2811 5029 ἑαυτοῦ
2864 4974 3155 5041 πεποίηκε
3196 4971 3460 5039 σύζυγον
3507 4967 3620 5033 τὴν

2052 5069 2693 5125 Κωνσταιτινούπολιν
2730 5063 3100 5125 καταλιπεῖν,
3142 5062 3239 5115 καὶ
3267 5061 3337 5113 ἐν
3370 5058 3493 5122 τοῖς
3521 5060 3619 5111 Ai-

2052 5162 2279 5230 γὺπτου
2301 5156 2729 5228 μοναστηρίοις
2756 5149 3238 5220 κατασκηνῶσαι,
3256 5147 3622 5218 μερίσασθαι

2050 5270 2113 5305 τε
2142 5251 2211 5303 τὰ
2244 5248 2441 5312 τέκνα,
2472 5246 2568 5299 καὶ
2600 5245 2741 5311 τοὺς
2763 5244 3070 5311 ἐκγόνους,
3094 5241 3228 5295 υἱὸν
3257 5241 3352 5293 καὶ
3379 5239 3485 5292 τὸν
3503 5238 3621 5305 μὲν

2051 5338 2415 5409 παραλαϐεῖν
2440 5338 2546 5389 τὸν
2572 5335 2703 5389 υἱὸν
2731 5333 3084 5398 Θεόδουλον,
3110 5331 3222 5399 τὴν
3251 5330 3317 5383 δὲ
3347 5330 3459 5397 τὴν
3486 5328 3619 5380 ἐαυ-

2048 5431 2154 5483 τοῦ
2181 5428 2488 5498 θυγατέρα·
2525 5427 2619 5478 καὶ
2656 5426 2842 5488 οὕτως
2883 5423 3251 5488 ποιήσαντες
3285 5420 3622 5485 διέστησαν

2048 5522 2145 5573 ἀπ’
2188 5519 2493 5586 ἀλλήλων.
2542 5516 2698 5569 Ἐπεὶ
2731 5512 2844 5568 οὖν
2894 5518 2924 5567 c7
2971 5513 3261 5582 μακάριος
3292 5510 3504 5574 Νεῖλος
3555 5508 3620 5561 τὸ

2051 5611 2184 5679 ὄρος
2221 5608 2479 5677 κατῆλθε
2514 5608 2616 5662 τοῦ
2647 5606 2786 5661 Σινᾶ
2820 5605 2914 5659 καὶ
2946 5603 3144 5672 συνῆν
3177 5603 3293 5671 τοῖς
3331 5602 3621 5669 Πατράσι,
