3998 6116
399 324 529 390 1431

1161 322 1308 381 JOS.
1351 317 1616 380 MARl/E
1654 308 2003 375 SUARESH
2038 306 2267 369 LIBER
2304 295 2932 363 CHRONOLOGICUS

3514 281 3648 347 1132

397 431 690 501 deb’apol
716 445 871 493 τινες
897 427 1188 494 ἐξαίφνης
1220 426 1500 487 ἐλθόντες
1525 425 1604 488 ὠς
1628 419 1827 488 θῆρες,
1863 416 1969 469 τὸν

2078 412 2138 465 ab
2166 411 2285 479 ipso
2315 407 2478 461 Petro
2511 415 2564 460 et
2592 403 2759 457 Paulo
2803 398 3170 471 apostolorum
3206 393 3557 466 principibus.
3579 400 3646 449 ad

402 524 539 577 υἱὸν
593 519 928 574 Θεόδουλον
977 516 1197 570 ἔλαϐον
1232 514 1354 567 σὺν
1406 513 1617 576 ἄλλοις
1657 510 1967 572 πλείστοις

392 610 806 681 αἰχμαλώτοις,
839 606 911 660 ὃν
939 608 1019 673 ὡς
1050 609 1431 674 αἰχμάλωτον
1457 603 1757 670 ἑθρήνησε
1778 600 1967 652 πλέον

392 702 498 756 τοῦ
522 699 912 765 καθήκοντος,
948 695 1140 762 καθὼς
1172 697 1241 749 ἐν
1265 693 1344 759 τῷ
1370 696 1504 762 παρ’
1528 692 1714 746 αὑτοῦ
1752 707 1966 744 συντε-

393 791 552 845 θέντι
595 787 889 858 γράμματι
930 785 1262 854 ἐμφέρεται.
1309 785 1422 852 Τῆς
1461 784 1626 849 θείας
1673 779 1785 836 οὖν
1830 798 1968 834 κατ-

391 880 664 945 αξιωθεὶς
701 877 1053 946 ἱερωσύνης.
1079 875 1180 929 καὶ
1207 877 1434 943 λόγους
1459 872 1825 940 ἀσκητικοὺς
1858 870 1968 923 πά-

392 986 511 1035 σης
539 968 782 1035 σοφίας,
805 964 902 1018 καὶ
927 962 1257 1028 συνέσεως,
1289 961 1389 1016 καὶ
1428 962 1720 1030 ὠφελείας
1745 959 1964 1025 ἐκθεὶς,

392 1057 641 1126 δυνάμει
662 1057 849 1124 λόγου
898 1053 995 1107 καὶ
1026 1053 1199 1122 άγίου
1235 1052 1578 1121 Πνεύματος
1603 1051 1795 1119 χάριτι
1820 1052 1970 1119 πρὸς

393 1149 661 1215 ἄσκησιν
687 1144 1147 1212 ἐπαλείφοντας,
1176 1139 1504 1206 ἐπιστολάς
1544 1157 1608 1193 τε
1664 1142 1761 1193 καὶ
1789 1140 1969 1208 κεφά-

392 1249 535 1299 λαια
587 1241 847 1297 πλεῖστα
899 1239 1181 1305 συνθεὶς,
1224 1240 1323 1294 καὶ
1368 1239 1643 1303 πολλοὺς
1697 1238 1778 1303 τῷ
1835 1239 1970 1303 θείῳ

393 1338 561 1402 ἔρωτι
615 1331 695 1398 τῷ
737 1331 968 1399 Χριστῷ
1013 1328 1086 1382 δι’
1113 1326 1311 1382 αὐτῶν
1343 1327 1840 1396 προσοικειώσας,
1901 1329 1972 1383 ἐν

393 1424 599 1493 εἰρήνῃ
651 1422 1005 1476 τελειοῦται.
1043 1419 1236 1474 Κεῖται
1288 1419 1375 1484 δὲ,
1408 1419 1488 1486 ὥς
1522 1436 1732 1488 φασιν,
1766 1419 1967 1485 αὐτὸς,

395 1516 490 1569 καὶ
517 1518 549 1569 ό
586 1514 918 1580 Θεόδουλος
942 1516 1072 1581 υίὸς
1088 1511 1424 1580 αὑτοῦ,μεθ’
1450 1509 1666 1578 ἐτέρων
1690 1507 1973 1576 ἀσκητῶν

394 1606 463 1657 ἐν
473 1604 552 1669 τῷ
565 1604 870 1671 σεϐασμίιρ
889 1603 1013 1669 ναῷ
1036 1602 1224 1656 τῶνἈ
1233 1602 1376 1672 γίων
1405 1599 1788 1654 Ἀποστόλων
1808 1599 1876 1651 ἐν
1893 1597 1973 1663 τῷ

408 1695 913 1763 Ὀρφανοτροφείῳ
984 1692 1263 1749 ὑποκάτω
1356 1691 1789 1757 θυσιαστηρίου
1851 1691 1969 1744 ὑπὸ

2076 499 2599 572 orphauotrOphium
2637 505 2719 551 est
2743 500 3143 553 constructum,
3196 487 3396 554 templo
3434 487 3642 557 reposi-

2070 605 2186 648 tum
2237 592 2409 647 fuisse
2458 589 2710 643 aﬂirmat.
2753 584 3137 655 Apostolorum
3169 580 3453 635 ecclesiam
3508 580 3649 632 Con-

2069 684 2339 741 stantinus
2355 680 2427 733 Μ.
2459 694 2602 732 anno
2634 674 2849 746 imperii
2889 672 3150 728 vicesimo
3178 670 3508 730 construxit,
3540 667 3650 721 Eu-

2076 778 2191 832 seb.
2232 774 2327 829 lib.
2372 787 2425 827 1v
2453 770 2529 824 De
2583 770 2675 822 vit.
2705 764 3073 828 Constantini,
3110 776 3232 831 cap.
3264 759 3334 814 58
3367 768 3421 813 et
3446 759 3553 826 59;
3582 775 3646 812 es

2071 880 2248 934 eoque
2276 864 2542 918 Baronins
2579 856 2893 929 cardinalis,
2926 862 2980 910 et
3001 867 3032 908 e
3069 851 3294 906 Socrate
3321 850 3389 904 ad
3444 864 3645 903 annum

2070 956 2271 1012 Christi
2300 955 2411 1009 nati
2439 952 2545 1008 350
2593 951 2656 1005 P.
2694 949 2791 1015 M.;
2821 945 3143 1002 instauravit
3167 941 3524 998 Constantius
3547 955 3645 993 an-

2070 1062 2141 1102 no
2169 1044 2313 1109 358;
2360 1044 2647 1099 dicebatur
2679 1037 3066 1109 Apostolteum.
3110 1030 3645 1104 Orphanotrophium

2070 1149 2253 1194 autem
2286 1137 2497 1206 primus
2546 1131 2785 1187 condidit
2821 1124 3317 1195 Constantinopoli,
3352 1133 3409 1189 et
3452 1122 3645 1192 hujus-

2072 1228 2220 1284 modi
2249 1225 2469 1298 pietatis
2498 1222 2776 1279 adinvenit
2805 1219 3039 1274 cilicium
3068 1237 3079 1272 :
3106 1215 3349 1281 Zoticus,
3390 1229 3422 1270 e
3444 1214 3484 1269 Ι.
3517 1212 3649 1268 Om-

2073 1323 2152 1376 nis
2184 1323 2273 1387 54,
2310 1319 2373 1374 C.
2408 1318 2484 1373 De
2513 1316 2791 1386 episcopis,
2839 1322 2888 1367 et
2925 1312 3166 1374 clericis;
3219 1318 3331 1364 tum
3359 1308 3551 1363 Nicon.
3580 1307 3647 1362 de

2073 1414 2276 1483 quibus
2303 1411 2490 1480 Cujac.
2521 1409 2615 1466 lib.
2662 1423 2702 1470 ι,
2735 1421 2855 1474 cap.
2899 1404 2966 1458 12
3002 1401 3274 1457 Observal.
3308 1401 3450 1470 jur.;
3479 1398 3646 1453 Justi-

2072 1506 2270 1560 nianus
2301 1504 2578 1573 Augustus
2606 1500 2672 1556 ad
2718 1496 3136 1553 Demosthenem
3165 1492 3227 1547 P.
3263 1491 3327 1545 ι).
3359 1493 3414 1545 in
3450 1492 3488 1545 Ι.
3519 1507 3645 1544 san-

2073 1597 2260 1659 cimus,
2290 1594 2352 1649 C.
2379 1594 2460 1647 De
2489 1597 2815 1647 sacrosanct.
2835 1585 3017 1641 eccles.
3047 1585 3201 1636 Anna
3228 1580 3522 1646 Comnena’,
3552 1578 3646 1632 lib.

2076 1687 2145 1741 15
2171 1686 2447 1740 Alcxiadis
2476 1685 2619 1739 circa
2647 1682 2934 1738 ecclesiam
2976 1676 3158 1730 Sancti
3182 1675 3333 1730 Pauli
3364 1670 3657 1744 Orphano‘:

409 1788 486 1840 Ἰο
494 1788 741 1839 υστίνου
757 1787 862 1839 τοῦ
874 1785 1182 1851 βασιλέως
1196 1800 1347 1839 κατα
1361 1782 1822 1855 [τε]θέντες.Ει5ἰ
1842 1780 1971 1835 Pos-

2078 1780 2407 1848 trophiuma
2439 1788 2589 1849 patre
2632 1792 2732 1833 suo
2763 1774 3040 1831 conditum
3090 1768 3253 1822 tradit
3296 1768 3466 1822 instar
3497 1766 3647 1821 urbis

398 1891 550 1929 sinus
571 1892 637 1928 ex
652 1874 954 1943 Mcnologio
974 1873 1292 1928 Graecorum
1321 1873 1468 1927 istud
1486 1869 1970 1939 ediderttElogium

398 1966 585 2020 Sancti
610 1965 775 2035 hujus
802 1964 931 2029 Nili,
959 1965 1203 2034 prompsi
1235 1974 1414 2019 tamen
1445 1979 1544 2033 ego
1571 1977 1638 2018 ex
1661 1962 1789 2023 alio,
1824 1963 1969 2030 quod

396 2065 678 2113 exaratum
737 2057 948 2111 calamo
1010 2057 1064 2110 in
1109 2056 1297 2111 charta
1339 2068 1643 2125 papyracea
1693 2053 1886 2107 visitur
1921 2056 1973 2104 in

397 2146 501 2200 BB.
529 2144 630 2199 BB.
657 2146 744 2202 cui
774 2145 986 2200 rubrica
1034 2145 1358 2214 inscriptum
1392 2153 1496 2207 est,
1519 2139 1604 2210 Τῇ
1642 2140 1796 2208 αὐτῇ
1833 2138 1974 2209 ἠμέ-

388 2254 492 2305 pq,
531 2251 727 2306 nempe
776 2238 889 2306 ipsa
939 2238 1126 2292 eadem
1156 2237 1243 2291 die
1275 2233 1363 2304 ιβ’,
1393 2235 1601 2304 μνήμη
1651 2233 1755 2287 τοῦ
1801 2233 1974 2287 ὁσίου

395 2325 566 2397 ἡμῶν
602 2329 823 2383 Νείλου
877 2328 983 2383 τοῦ
1014 2326 1329 2394 Ἀσκητοῦ,
1368 2340 1476 2396 qua
1520 2324 1608 2379 die
1646 2324 1973 2386 celebratur,

392 2418 598 2487 μνήμη
614 2417 720 2473 τοῦ
730 2418 993 2487 ἐνάγίοις
1002 2417 1230 2485 Πατρὸς
1243 2419 1279 2485 ή
1279 2415 1412 2486 μῶν
1425 2415 1696 2472 Ἰωάννου
1711 2414 1976 2481 ἀρχιεπι-

396 2509 634 2563 σκόπου
674 2508 1134 2576 Ἀλεξανδρείας
1162 2507 1268 2561 τοῦ
1311 2506 1676 2575 Ἐλεήμονος
1695 2520 1709 2535 ·
1740 2505 1975 2573 scriptor

401 2600 547 2654 illius
574 2609 689 2653 erat
707 2599 921 2654 Blasius
943 2601 1267 2663 monachus,
1293 2607 1349 2653 et
1368 2598 1435 2651 ad
1461 2598 1763 2667 marginem
1791 2595 1975 2650 varias

403 2689 661 2744 lectiones
722 2689 998 2752 adnotavi,
1046 2689 1235 2756 sicque
1293 2688 1347 2740 in
1396 2686 1649 2740 Latinum
1700 2685 1973 2740 converti:

404 2780 508 2834 Hic
571 2778 756 2849 (Nilus
786 2779 989 2849 nempe)
1024 2768 1222 2832 mult’us
1253 2778 1357 2847 fuit
1388 2780 1444 2832 in
1472 2777 1818 2841 sermonibus,
1845 2785 1894 2828 et
1923 2775 1977 2828 in

402 2871 642 2940 operibus
671 2886 832 2938 usque
878 2872 945 2923 ad
991 2871 1268 2939 imperium
1300 2869 1633 2938 imperatoris
1690 2867 1974 2932 Marciani,

401 2954 678 3025 prafectus
736 2953 1223 3022 Constantinopolis
1291 2953 1519 3005 innotuit
1582 2953 1601 3021 (
1647 2966 1774 3005 nam
1835 2949 1977 3021 ἁρχὴ

401 3048 573 3119 ἄνδρα
638 3045 879 3100 δείκνυσι.
914 3084 929 3109 ,
980 3045 1034 3102 id
1093 3054 1215 3110 est,
1265 3044 1616 3114 magistratus
1665 3047 1839 3097 virum
1894 3043 1978 3097 in-

402 3139 588 3210 dicat).
624 3137 871 3192 ﬂonestte
892 3152 1008 3191 vero
1043 3136 1250 3221 mulieri
1280 3136 1616 3189 matrimonio
1644 3135 1972 3204 conjunctae,

402 3224 633 3292 duosque
660 3221 873 3286 liberos,
917 3218 1212 3274 masculum
1236 3228 1284 3273 et
1331 3218 1600 3288 feminam,
1661 3218 1975 3286 suscipiens,

401 3314 594 3383 eﬂ'ecit,
617 3321 676 3365 ut
699 3313 862 3381 ipsius
910 3311 1104 3379 coniux
1136 3310 1391 3363 desereret
1440 3306 1974 3376 Constantinopolim,

402 3411 453 3456 et
481 3402 536 3454 in
564 3397 782 3469 Egypti
812 3399 1131 3452 monasteria
1158 3397 1411 3450 secederet
1435 3412 1454 3460 ;
1482 3396 1773 3465 partiretur
1813 3405 1861 3447 et
1909 3393 1977 3444 li-

407 3495 601 3560 beros;
652 3503 702 3546 et
749 3493 859 3561 ipse
903 3489 1114 3558 quidem
1161 3488 1381 3557 suscepit
1422 3487 1592 3556 ﬁlium
1632 3482 1975 3547 Tlteodulum,

408 3587 504 3642 illa
528 3601 648 3640 vero
673 3584 844 3654 ﬁliam
875 3596 1069 3647 suam;
1094 3580 1276 3648 bisque
1305 3579 1553 3649 peractis,
1587 3578 1804 3631 invicem
1834 3592 1978 3646 sepa-

408 3676 514 3731 rati
540 3683 686 3729 sunt.
715 3673 1007 3743 Postquam
1037 3672 1201 3741 igitur
1237 3671 1416 3726 beatus
1461 3667 1619 3725 Nilus
1650 3676 1879 3723 montem
1908 3667 1977 3721 ad

408 3766 541 3822 Sina
567 3766 815 3835 perrexit,
841 3772 890 3821 et
916 3751 1250 3818 conversatus
1276 3769 1353 3816 est
1396 3776 1514 3815 cum
1549 3759 1800 3814 Patribus
1825 3759 1975 3822 inibi,

412 3857 634 3911 barbari
676 3856 894 3927 quidam
940 3855 1207 3924 derepente
1252 3851 1686 3921 supervenientes,
1727 3851 1809 3903 uti
1855 3850 1979 3919 fera:

409 3947 617 4013 bellum,
640 3963 757 3999 cum
786 3943 1028 4015 pluribus
1052 3945 1174 3999 aliis
1200 3943 1443 4012 captiuis,
1473 3941 1647 4010 ﬁlium
1678 3940 1790 4009 ejus
1823 3938 1980 3992 Theo-

2073 1867 2314 1936 amplum
2343 1866 2484 1920 istud
2517 1868 2572 1918 ἐν
2602 1866 2714 1927 τοῖς
2744 1864 2879 1935 πρὸς
2909 1862 3011 1932 τὴν
3064 1856 3363 1928 ἀκρόπολιν
3397 1855 3652 1926 μέρεσιν,

2073 1958 2201 2013 ἔνθα
2230 1958 2327 2011 καὶ
2373 1958 2433 2009 τὸ
2467 1957 2640 2026 στόμα
2670 1956 2762 2009 τοῦ
2782 1955 2983 2008 Πόντου
3009 1952 3300 2020 ἀνοίγεται,
3327 1957 3388 2003 ιιι
3416 1962 3503 2002 me
3529 1962 3649 2002 mod

2074 2051 2197 2106 nuit
2232 2050 2561 2105 reverendus
2598 2046 2756 2101 Pater
2788 2047 3074 2110 Possinus,
3108 2042 3202 2114 qui
3232 2041 3391 2096 vertit
3417 2040 3473 2094 in
3504 2036 3648 2095 Lati-

2077 2155 2202 2193 num
2235 2154 2288 2209 p.
2314 2135 2419 2193 48%
2447 2137 2513 2190 ad
2544 2135 2668 2191 485.
2695 2134 2819 2188 Fuit
2844 2143 2899 2188 et
2915 2132 3100 2186 Romae
3120 2128 3643 2200 Orphanotropbium

2076 2230 2352 2285 conditum
2388 2243 2418 2281 a
2456 2226 2719 2295 Gregorio
2751 2224 2820 2278 Μ.
2870 2224 2924 2278 in
2955 2223 3121 2278 Notit.
3153 2221 3285 2277 Voc.
3317 2219 3522 2276 Eccles.
3557 2219 3645 2272 ubi

2077 2337 2223 2376 nunc
2273 2319 2460 2373 Sancti
2500 2317 2759 2387 Stephani
2812 2316 3038 2371 ecclesia
3080 2321 3186 2379 est,
3232 2322 3287 2367 et
3341 2310 3645 2380 Hospitium

2077 2412 2399 2481 Ethiopum
2447 2411 2560 2465 sive
2617 2409 2916 2471 ludorum,
2983 2405 3274 2461 Alexandri
3301 2401 3363 2457 lll
3420 2416 3647 2457 munere

2077 2504 2221 2559 haud
2257 2501 2448 2571 procul
2480 2516 2511 2555 a
2540 2499 2773 2555 Basilica
2819 2497 3003 2553 Sancti
3037 2497 3205 2561 Petri,
3233 2506 3286 2551 et
3316 2494 3502 2550 Sancti
3528 2493 3647 2548 Steo

2076 2593 2239 2662 pbani
2265 2589 2548 2646 ecclesiam
2575 2587 3085 2651 Cata-Barbarm,-et
3107 2585 3430 2642 Gala-Galla:
3467 2593 3647 2648 vocat,

2076 2698 2108 2738 ε
2134 2681 2436 2747 Grimaldo,
2464 2690 2519 2737 et
2547 2680 2958 2736 Martinello.Ad
2984 2679 3355 2734 illustrandum
3379 2678 3651 2732 narratio-

2077 2787 2224 2839 nem,
2251 2781 2303 2827 et
2329 2772 2494 2826 vitam
2532 2769 2641 2824 Nili
2691 2769 3089 2835 elucidandam,
3122 2768 3263 2823 haud
3313 2768 3420 2822 erit
3461 2767 3556 2823 abs
3587 2782 3651 2823 re

2079 2878 2198 2934 quae
2224 2866 2478 2934 leguntur
2507 2863 2560 2916 in
2584 2862 2884 2931 Men0l0gio
2927 2863 3057 2930 imp.
3093 2860 3272 2916 Basilii
3313 2870 3437 2916 ante
3475 2875 3653 2915 annos

2082 2953 2203 3020 727,
2235 2953 2348 3009 MS.
2372 2954 2516 3029 quod
2551 2951 2757 3007 Paulus
2821 2950 2866 3004 ν
2900 2951 3040 3006 Bibl.
3077 2950 3251 3006 Vatic.
3285 2950 3485 3014 intulit,
3531 2950 3647 3005 cui-

2078 3059 2185 3114 que
2225 3045 2279 3100 in
2310 3044 2553 3114 margine
2585 3040 2649 3097 C.
2689 3042 2742 3109 7,
2767 3040 2858 3095 τοῢ
2890 3041 2990 3111 βλα
3031 3042 3084 3096 id
3110 3049 3213 3105 est,
3244 3041 3430 3096 codice
3453 3039 3484 3092 7
3508 3048 3644 3093 tem-

2080 3137 2154 3206 pli
2208 3134 2567 3190 Blachernen.
2617 3131 3127 3202 ConstantinOpoli,
3168 3140 3225 3186 et
3278 3147 3401 3202 quae
3444 3131 3643 3186 contuli

2079 3244 2201 3283 cum
2234 3228 2421 3282 codice
2456 3225 2545 3291 74,
2570 3227 2695 3280 item
2714 3241 2816 3281 ms.
2840 3223 2945 3277 BB.
2967 3222 3071 3276 BB.
3103 3240 3157 3293 p-.
3190 3224 3281 3289 45,
3318 3223 3643 3293 appingere:

2084 3315 2161 3384 Τῇ
2197 3313 2348 3382 αὐτῇ
2380 3313 2570 3382 ἡμέρᾳ
2602 3312 2674 3365 ιδ’
2712 3311 3072 3378 Ἰανουαρίου
3105 3309 3313 3384 μνήμη
3343 3311 3447 3364 τοῦ
3475 3312 3648 3364 ὁσίου

2078 3404 2309 3473 Πατρὸς
2346 3402 2515 3473 ἡμῶν
2569 3400 2925 3455 Θεοδούλου.
2970 3394 3157 3465 Οὗτος
3220 3399 3491 3467 ὑπῆρχεν
3522 3398 3649 3459 υἱός

2075 3494 2296 3547 Νείλου
2346 3493 2450 3547 τοῦ
2497 3492 2694 3560 σοφοῦ
2742 3490 2849 3544 τοῦ
2892 3493 3202 3561 γεγονότος
3233 3490 3349 3559 μὲν
3387 3489 3649 3559 ἐπάρχιυ

2079 3584 2804 3647 Κωνσταντινουπόλεως,
2840 3583 3275 3647 καταλιπόντος
3305 3580 3373 3634 δὲ
3408 3583 3521 3649 τὴν
3552 3581 3651 3633 δό-

2080 3676 2196 3740 ξαν
2216 3675 2321 3730 τοῦ
2343 3675 2595 3744 κόσμου,
2624 3673 2722 3728 καὶ
2743 3673 3137 3738 ἀπελθόντος,
3162 3671 3257 3725 καὶ
3271 3672 3652 3740 μονάσαντος

2078 3766 2147 3819 ὲν
2190 3764 2269 3831 τῷ
2313 3764 2437 3835 ὄρει
2470 3763 2619 3833 Σινᾷ
2641 3764 2796 3834 μετὰ
2830 3762 2940 3817 τοῦ
2971 3762 3108 3817 υίοῦ
3134 3762 3322 3817 αὑτοῦ
3348 3779 3363 3793 ·
3394 3762 3512 3816 τῶν
3542 3762 3650 3816 δύο

2076 3856 2145 3909 δὲ
2183 3856 2577 3926 ὑπαρχόντων
2619 3856 2858 3922 ἔπειτα,
2891 3856 2989 3908 καὶ
3020 3855 3135 3922 τὴν
3160 3853 3503 3922 ἀσκητικὴν
3545 3871 3647 3907 πο-

2076 3949 2307 4003 λιτείαν
2331 3947 2661 4018 διαγόντων
2688 3944 2982 4017 ἐξαίφνης
3008 3946 3417 4001 ἐπιπεσόντων
3431 3946 3654 4015 Βαρϐά-

408 4036 590 4090 dulum
608 4044 873 4106 ceperunt,
890 4052 1040 4107 quem
1059 4037 1140 4088 uti
1159 4036 1420 4103 captivum
1439 4034 1493 4087 in
1511 4033 1815 4087 servitutem
1833 4030 1976 4084 reda-

2078 4055 2215 4107 ρων,
2259 4037 2360 4091 καὶ
2414 4037 2766 4108 ἀρξαμένων
2820 4037 3228 4106 κατασφάξειν
3266 4036 3408 4103 τοὺς
3449 4037 3656 4105 ἁγίους

410 4139 573 4193 ctum,
598 4128 756 4199 703
783 4128 917 4182 luxit
939 4128 1217 4197 plusquam
1244 4126 1511 4190 decuerat,
1534 4122 1977 4193 quemadmodum

410 4223 464 4273 in
489 4220 623 4274 libro
645 4236 800 4291 super
823 4236 887 4275 ea
917 4236 970 4273 re
992 4219 1278 4288 composito
1304 4216 1608 4287 prtofertur.
1634 4215 1823 4268 Divina
1878 4215 1978 4284 igi-

411 4323 497 4367 tur
521 4311 709 4381 dignus
732 4309 943 4364 habitus
971 4308 1334 4379 presbyteratu
1379 4307 1487 4375 ipse
1511 4304 1672 4359 Nilus
1702 4304 1978 4359 Sermones

409 4402 472 4455 de
502 4402 797 4455 monastica
827 4401 1215 4465 exercitatione,
1257 4399 1401 4452 omni
1429 4397 1710 4466 sapientia,
1749 4396 1977 4466 pruden-

412 4492 509 4556 tia,
533 4503 582 4545 et
620 4491 854 4545 utilitate
882 4491 952 4543 ad
970 4489 1399 4543 exercitationem
1450 4490 1664 4541 idoneos
1714 4488 1976 4557 exposuit,

409 4582 500 4651 qui
529 4583 576 4635 ui
606 4581 851 4645 rationis,
877 4590 926 4633 et
951 4578 1179 4648 Spiritus
1225 4579 1397 4634 sancti
1441 4579 1620 4648 gratia
1664 4586 1978 4648 perungunt,

412 4671 703 4742 Epistolas,
745 4683 792 4725 et
844 4670 1093 4737 Capitula
1127 4669 1446 4734 composuit;
1482 4669 1753 4739 plerosque
1803 4666 1980 4722 divino

409 4766 572 4820 etiam
597 4779 775 4817 amore
799 4779 889 4833 per
918 4764 1033 4832 ipsa
1055 4761 1264 4816 Christo
1291 4778 1409 4815 cum
1435 4763 1768 4827 admovisset,
1797 4762 1851 4814 in
1877 4778 1977 4830 pa-

412 4872 467 4909 ce
495 4853 833 4907 obdormivit.
878 4852 1031 4907 J‘acet
1062 4869 1181 4909 vero
1212 4852 1293 4923 (ut
1333 4852 1504 4922 aiunt)
1551 4854 1679 4921 ipse,
1731 4869 1792 4906 ac
1834 4852 1981 4906 illius

412 4946 553 5013 [ilius
592 4943 886 4999 Tlteodulus
912 4962 1030 4999 cum
1056 4945 1178 5001 aliis
1218 4946 1430 5010 ascetis,
1462 4945 1515 4997 id
1542 4954 1638 5008 est,
1671 4944 1984 4998 exercitato-

415 5038 556 5091 ribus
590 5037 645 5089 in
693 5039 984 5092 venerando
1021 5046 1325 5092 sanctorum
1366 5037 1733 5105 Apostolorum
1791 5035 2009 5103 templo'

417 5129 636 5197 inferius
685 5129 779 5182 sub
843 5130 1003 5183 altari
1050 5129 1315 5198 deportati
1371 5137 1419 5181 et
1466 5127 1732 5181 translati.
1783 5124 1981 5179 Verum

413 5221 638 5273 Allatius
666 5234 883 5288 quoque
916 5218 1122 5288 profert
1147 5219 1332 5273 eadem
1375 5217 1565 5284 ferme,
1601 5231 1723 5286 qua:
1778 5217 1987 5271 scilicet

414 5305 703 5374 exscripsit
738 5321 769 5358 e
806 5305 1105 5374 Menologio
1135 5305 1344 5373 Graeco,
1393 5306 1486 5360 sed
1534 5314 1820 5368 truncata;
1852 5306 1986 5358 nihil

415 5396 556 5448 enim
592 5396 658 5449 de
686 5394 953 5464 sepulcro,
990 5411 1043 5465 p.
1080 5396 1114 5451 9
1162 5396 1395 5449 Diatrib.
1435 5395 1499 5449 de
1525 5394 1683 5448 Nilis.
1720 5395 1985 5464 Nicepho-

417 5499 513 5537 rus
563 5500 708 5550 vero,
743 5486 836 5539 lib.
870 5502 981 5551 xlv,
1017 5503 1067 5542 c.
1101 5487 1188 5553 54,
1222 5487 1400 5541 Nilum
1453 5488 1560 5541 vita
1605 5486 1921 5542 defunctum
1956 5503 1985 5541 a

421 5575 635 5631 Justino
669 5581 987 5644 posteriore,
1022 5581 1147 5635 inde
1173 5581 1312 5649 (sive
1345 5598 1374 5635 ε
1410 5590 1591 5635 monte
1620 5580 1775 5644 Sina)
1810 5591 1989 5634 trans-

422 5663 588 5719 latum
621 5665 671 5715 in
696 5666 1042 5721 fundamento
1063 5669 1373 5725 sacratioris
1406 5685 1627 5740 mensae,
1659 5669 1713 5723 in
1747 5685 1810 5724 co
1844 5669 1988 5739 quod

2081 4128 2363 4197 Πατέρας,
2397 4132 2429 4181 ό
2454 4128 2572 4197 μὲν
2612 4127 2827 4194 Νεῖλος
2852 4128 2931 4194 ὡς
2951 4127 3225 4194 ἠδυνήθη
3258 4129 3552 4198 ἕφυγεν,ό
3585 4125 3657 4178 δὲ

2080 4220 2211 4286 υίὸς
2232 4220 2419 4274 αὑτοῦ
2436 4219 2767 4285 Θεόδουλιος
2792 4220 3091 4288 ἐκρατήθη
3121 4220 3490 4289 αἰχμάλωτος
3507 4219 3657 4288 μετὰ

2080 4311 2285 4378 ἑτέρου
2318 4311 2458 4376 ἐνὸς
2489 4309 2644 4376 υἱοῦ,
2672 4309 2769 4362 καὶ
2801 4308 3075 4375 δεθέντες
3093 4309 3418 4374 ἀπήγοντοο
3448 4309 3656 4376 εὑρόν-

2079 4420 2196 4455 των
2218 4400 2382 4474 Ίοᾷ
2403 4400 2470 4454 δὲ
2492 4400 2612 4455 τῶν
2635 4399 2955 4472 Βαρϐάρων
2979 4402 3167 4454 τόπον
3185 4399 3459 4468 χλοερὸν,
3488 4400 3658 4452 κατέ-

2080 4507 2326 4545 παυσαν
2358 4534 2373 4559 ,
2401 4492 2500 4545 καὶ
2526 4492 2850 4546 ἐϐούλοντο
2873 4492 3101 4560 σφάξαι
3123 4492 3266 4555 τοὺς
3284 4490 3462 4554 νέους
3500 4530 3515 4555 ,
3557 4489 3659 4542 καὶ

2082 4581 2261 4635 θῦσαι
2289 4581 2369 4646 τῷ
2392 4582 2503 4649 πρὸ
2528 4581 2632 4636 τοῦ
2660 4583 2841 4650 ἡλίου
2872 4582 3269 4637 ἀνατέλλοντι
3310 4580 3529 4648 ἄστρῳ,
3559 4581 3660 4633 καὶ

2079 4671 2479 4740 ,ϐουλομένων
2526 4672 2634 4725 τοῦ
2666 4673 2817 4740 πρωῒ
2867 4672 3094 4741 σφάξαι
3134 4672 3277 4736 τοὺς
3318 4672 3516 4735 νέους,
3558 4671 3659 4723 καὶ

2084 4763 2410 4832 προσάγειν
2451 4765 2673 4818 θυσίαν
2714 4763 2793 4828 τῷ
2835 4763 3036 4832 ἄστρῳ
3051 4762 3305 4831 πρωτνῷ,
3337 4763 3435 4815 καὶ
3477 4764 3510 4814 ό
3544 4760 3664 4830 μὲν

2083 4846 2171 4914 εἷς
2197 4850 2438 4920 ἔφυγεν,
2466 4854 2520 4903 οὶ
2543 4850 2612 4903 δὲ
2632 4851 2918 4921 Βάρϐαροι
2939 4851 3337 4921 κοιμηθέντες,
3356 4848 3461 4904 τοῦ
3482 4850 3663 4918 ἡλίου

2084 4940 2513 5008 ἀνατείλαντος
2557 4941 2658 4995 καὶ
2708 4941 2815 4995 τοῦ
2859 4941 3086 5009 ἄστρου
3141 4942 3496 5009 κρυόεντος,
3545 4941 3659 4993 οὐκ

2085 5032 2365 5101 ἔσφαξαν
2384 5033 2490 5086 τὸν
2504 5034 2859 5087 Θεόδουλον·
2878 5034 3179 5103 ,ϐουλόμεν
3189 5051 3245 5087 οι
3269 5033 3337 5086 δὲ
3360 5030 3657 5099 πωλῆσαι,

2086 5123 2195 5177 δύο
2212 5126 2440 5192 μόνους
2466 5125 2800 5192 χρυσίνους
2822 5124 3188 5193 ἐλάμϐανον,
3218 5125 3315 5177 καὶ
3346 5121 3660 5193 γυμνώσας

2087 5218 2120 5268 ό
2153 5209 2240 5280 εἷς
2264 5214 2329 5266 τὸ
2357 5213 2529 5281 ξίφος
2565 5214 2743 5282 ἤθελε
2769 5214 3019 5283 σφάξαν
3074 5213 3208 5268 τοτὲ
3235 5214 3535 5283 ἠγόρασεν
3556 5215 3661 5265 αὐ-

2090 5304 2196 5358 τὸν
2251 5305 2621 5369 Ἐπίσκοπος
2644 5344 2661 5369 ,
2703 5306 2801 5359 καὶ
2831 5305 3134 5371 ἀπέλυσε,
3166 5305 3265 5358 καὶ
3298 5303 3496 5369 καλῶς
3517 5304 3655 5367 ,Βεὼρ

2093 5414 2210 5463 σας
2233 5397 2545 5467 ἐκοιμήθη.
2577 5396 2731 5461 Quae,
2774 5412 2860 5451 me
2893 5398 3205 5467 interprete,
3235 5398 3308 5449 ita
3325 5404 3524 5451 sonant
3559 5394 3660 5448 La-

2093 5490 2204 5542 tine
2252 5487 2500 5543 :Eadem
2544 5488 2626 5540 die
2657 5489 2860 5542 decima
2881 5501 3073 5558 quarta
3115 5486 3368 5541 Januarii
3413 5485 3660 5540 memoria

2091 5581 2264 5632 sancti
2292 5577 2478 5633 Patris
2508 5580 2675 5633 nostri
2699 5579 2970 5651 Tlteoduli.
2992 5578 3115 5631 Fuit
3137 5580 3237 5632 iste
3262 5577 3407 5646 ﬁlius
3434 5574 3553 5629 Nili
3574 5590 3663 5628 sa-

2092 5672 2305 5747 pientis“,
2326 5673 2422 5749 qui
2442 5672 2645 5747 “existiti.
2670 5654 2957 5749 pra’feclus
2983 5667 3463 5748 Constantinopolis
3482 5705 3496 5733 ,
3541 5666 3654 5735 qui-
