3998 6116
460 254 603 322 1139

1872 266 2119 326 S..\'1L[

3575 266 3725 330 ιιισ

450 365 750 429 delectari;
788 381 913 422 cum
944 367 1046 423 ltac
1071 367 1397 433 diﬂerentia,
1433 377 1494 423 ut
1525 368 1589 422 ad
1627 369 1771 423 illam
1799 372 2023 440 quanti~

2176 371 2250 435 οῦ,
2271 374 2399 444 περὶ
2426 372 2486 426 τὸ
2515 372 2664 426 ποιόν
2685 391 2698 405 ·
2714 375 2856 439 τινὲς
2878 375 2936 429 δὲ
2965 375 3059 429 καὶ
3073 374 3242 445 ἄμφω
3262 378 3713 447 γαστριμαργίαν

455 468 574 521 tas,
627 457 695 510 ad
733 457 871 512 banc
903 460 1140 527 qualitas
1170 460 1457 528 pertineat.
1502 458 1640 525 Quia
1684 461 1831 515 enim
1878 479 2022 532 μαρ-

2128 464 2438 535 ὼνόμασανι
2471 465 2618 537 Αὕτη
2654 468 3050 537 προφασίζεται
3081 469 3378 538 στόμαχον,
3408 469 3503 522 καὶ
3531 464 3707 539 ἧπαρ,

455 547 664 613 γαίνειν
696 547 937 602 insanire
976 549 1269 618 signiﬁcat,
1306 551 1514 605 ventris
1552 551 1773 620 quidem
1808 552 2023 608 insania

2176 555 2224 608 1i.
2251 556 2482 624 σπλῆνα,
2499 558 2595 611 κα)⁵
2614 557 2802 623 ἁπλῶς
2830 559 3133 623 ἀσθένειαν,
3161 560 3404 623 καὶτοὺς
3422 558 3515 612 ᾶιά
3539 559 3710 613 ταῦτα

453 636 706 704 scirgula
734 635 786 688 in
811 638 1116 704 quantitate
1143 649 1411 705 versatur,
1443 641 1681 710 gutturis
1701 650 1885 696 autem
1909 643 2024 698 sive

2176 646 2386 711 ιλεποῖς
2415 649 2906 719 περιπεπτωκότας
2941 649 3135 713 νόσοις.

451 722 757 793 ingluvies,
826 727 880 780 in
943 728 1225 797 qualitate,
1278 746 1591 800 quanquam
1647 735 1893 788 nonnulli
1957 746 2239 809 utramque
2303 755 2414 795 uno
2479 741 2701 796 nomine
2760 742 2942 811 gulam
3002 751 3358 796 vocaverunt.
3415 738 3545 795 Hauc
3600 751 3713 796 sto-

453 815 943 886 machum,licpar,
971 820 1258 889 splemem,
1334 822 1572 892 denique
1627 823 2106 882 imbecillicitatem
2146 840 2422 896 causatur,
2452 847 2656 902 eosque
2701 832 3134 902 quilpmnterea‘
3162 833 3217 885 in
3260 848 3468 903 graves
3489 833 3712 887 morbos

458 904 785 960 inciderunt.
822 915 831 922 ’

522 995 762 1067 Frugum
814 997 1138 1067 principium
1172 1000 1272 1056 ﬂos
1302 1012 1407 1066 cst,
1456 1018 1522 1059 ac
1573 1003 1789 1061 virtutis
1835 1008 2026 1065 activae

451 1087 811 1151 continentia,
842 1096 899 1142 et
926 1088 1216 1145 aﬂ'ectuum
1253 1093 1578 1148 vitiosarum
1611 1097 1736 1165 gula
1759 1097 1808 1152 ιι.

521 1178 666 1249 lgnis
698 1181 929 1236 materia
965 1182 1168 1252 lignum
1199 1194 1318 1252 est;
1365 1187 1609 1242 libidinis
1654 1199 1859 1255 autem,
1899 1208 2029 1246 ven-

450 1270 555 1323 tris
588 1271 849 1336 satietas;
903 1281 957 1326 et
1005 1273 1136 1329 illud
1186 1277 1406 1345 quidem
1453 1281 1685 1336 suscitat
1732 1281 2039 1351 ﬂammam,

456 1363 569 1416 lnec
599 1378 730 1417 vero
759 1379 983 1433 pravam
1013 1366 1393 1436 cupiditatem.

530 1453 731 1507 Venter
783 1470 983 1525 egens,
1039 1459 1481 1526 perturbationes
1530 1464 1698 1519 animi
1756 1468 2037 1537 consopit,

454 1558 593 1612 quas
623 1545 818 1613 plenus
856 1548 1079 1605 excitat.

524 1634 690 1690 Arida
724 1637 901 1693 victus
926 1642 1090 1707 ratio,
1120 1644 1364 1699 sobrium
1394 1645 1534 1715 parit
1564 1662 1788 1701 sensum
1817 1665 1829 1702 :
1856 1647 2035 1705 victus

454 1736 638 1780 autem
681 1727 941 1784 humidus
968 1741 1022 1784 et
1052 1734 1254 1798 mollis,
1287 1745 1524 1790 mentem
1560 1737 1847 1807 demergit.

525 1815 670 1872 Solis
699 1819 919 1887 quidem
969 1823 1153 1879 radios
1203 1826 1463 1881 obscurat
1511 1828 1743 1895 nebula;
1795 1838 2039 1884 mentem
2071 1814 2110 1868 Β

457 1920 607 1968 vero,
642 1920 866 1963 crassus
897 1924 1065 1979 vapor
1090 1927 1121 1967 e
1158 1914 1296 1969 cibis
1326 1916 1607 1970 exhalans.

530 1992 599 2047 Ut
642 2005 786 2048 terra
821 1996 1021 2052 inculta
1052 2000 1238 2069 spinas
1265 2002 1536 2071 producit,
1568 2003 1649 2059 sic
1677 2013 1866 2059 venter
1892 2006 2034 2062 cibis

459 2094 693 2140 onustus
723 2086 992 2144 obscenas
1022 2091 1401 2161 cogitationes.

526 2174 713 2245 Neque
747 2179 800 2231 in
857 2194 1017 2235 emno
1057 2192 1419 2253 unguentum,
1484 2199 1660 2254 neque
1710 2184 1765 2239 in
1826 2186 2034 2258 gulosis

458 2267 709 2339 fragrans
748 2269 970 2327 virtutis
1004 2272 1140 2327 odor
1181 2274 1415 2330 inveniri
1454 2285 1652 2346 potest.

529 2361 816 2419 Helluonis
849 2365 1044 2421 oculus
1074 2367 1324 2421 convivia
1356 2369 1571 2423 curiose
1602 2370 1869 2439 exquirit;
1904 2386 2035 2427 con-

460 2451 684 2508 tinentis
702 2462 910 2519 autem,
937 2456 1305 2525 spiritualium
1339 2460 1762 2530 sapientumque
1791 2462 2033 2518 virorum

459 2552 652 2598 ccetus.

529 2632 857 2689 Sanctorum
908 2637 1208 2693 memorias
1259 2650 1517 2696 numerat
1550 2643 1871 2698 comedonis
1913 2645 2043 2703 ani-.

461 2737 615 2786 mus;
658 2724 996 2780 continentis
1021 2735 1228 2792 autem,
1270 2744 1460 2784 eorum
1490 2731 1657 2786 vitam
1695 2733 1962 2788 imitatur.

528 2812 606 2868 Ne
655 2815 945 2885 exquisitis
990 2818 1287 2890 nimiisque
1344 2820 1485 2876 cibis
1538 2837 1739 2893 corpus
1786 2826 2033 2894 sagines,

460 2902 607 2960 illico
668 2907 813 2962 enim
889 2907 1138 2979 insurget
1217 2911 1508 2967 adversum
1576 2922 1648 2969 te.
1718 2914 1860 2980 Quin
1935 2932 2035 2987 po-

462 2997 570 3054 tius
602 3014 698 3068 per
732 3000 1129 3057 continentiam
1161 3003 1341 3073 ipsum
1369 3020 1579 3071 coerce,
1608 3009 1797 3078 sicque
1825 3008 2035 3064 obtem-

464 3104 672 3157 perans
713 3093 930 3158 reddes,
996 3094 1070 3149 ita
1130 3104 1189 3150 ut
1245 3098 1735 3155 necinordinatis
1795 3102 2041 3157 motibus

2204 1006 2371 1078 Ἀρχὴ
2392 1005 2794 1076 καρποφορίας,
2818 1004 3000 1069 ἄνθος,
3035 1005 3129 1058 καὶ
3151 1003 3484 1075 πρακτικῆς,
3502 1006 3708 1075 ἐγκρά-

2124 1112 2265 1159 τεια,
2295 1096 2389 1150 καὶ
2424 1096 2633 1159 παθῶν,
2667 1095 3100 1166 γαστριμαργία.

2201 1187 2340 1258 Ὕλη
2380 1187 2570 1256 πυρὸς,
2611 1186 2743 1250 ξύλα
2768 1200 2784 1217 ⁶
2824 1185 3122 1249 ἀκολασίας
3166 1185 3245 1249 δὲ,
3290 1184 3583 1256 πλησμονὴ
3613 1202 3715 1253 γα-

2129 1277 2292 1348 στρός
2314 1291 2329 1307 ⁸
2364 1276 2460 1329 καὶ
2484 1276 2551 1329 τά
2579 1275 2679 1347 μὲν
2706 1275 2931 1342 ἐξάπτει
2959 1276 3133 1345 φλόγα
3154 1317 3169 1341 ,
3186 1276 3239 1345 η
3266 1273 3326 1327 δὲ
3353 1273 3565 1344 φαύλην
3592 1276 3719 1327 sm-

2136 1368 2200 1420 θυ
2209 1365 2356 1436 μίαν.

2208 1459 2423 1530 Γαστὴρ
2456 1458 2638 1528 ἐνδεὴς
2668 1456 2904 1528 κοιμίζει
2948 1456 3097 1527 πάθη
3131 1473 3146 1488 ·
3173 1454 3434 1528 διεγείρει
3446 1454 3507 1508 δὲ
3536 1453 3707 1507 ταῦτα

2140 1551 2565 1621 πεπληρωμένη.

2210 1645 2398 1697 Δίαιτα
2440 1642 2581 1715 ξηρά
2622 1642 2883 1714 νηφάλιον
2936 1640 3110 1694 τίκτει
3153 1638 3447 1709 φρόνημα·
3500 1636 3615 1707 βίος
3655 1635 3731 1689 δὶ-

2143 1737 2305 1807 ὑγρδς
2335 1736 2459 1789 νοῦν
2488 1736 2702 1789 κατάϐα
2710 1736 2905 1800 πτίζει.

2220 1829 2403 1882 Ἡλίου
2430 1829 2530 1898 μὲν
2552 1830 2778 1889 ἀκτῖνας
2820 1825 3023 1895 ὀμίχλη
3053 1823 3288 1888 σκοτίζει
3313 1838 3328 1852 ’
3353 1822 3482 1875 νοῦν
3506 1822 3587 1882 δὲ,
3616 1839 3716 1874 πα-

2141 1922 2238 1991 χὺς
2269 1921 2462 1988 ἀτμὸς,
2504 1919 2808 1989 βρωμάτων
2830 1916 3257 1985 άναδιδόμενο;.-

2209 2009 2284 2077 Γῆ
2312 2006 2414 2077 μὲν
2455 2007 2823 2076 χερσωθεῖσα,
2862 2004 3147 2074 βλαστάνει
3171 2002 3417 2063 ἀκάνθας
3450 2018 3464 2029 ·
3488 2002 3729 2069 ’γαστὴρ

2138 2097 2196 2151 δὲ
2227 2097 2543 2170 βαρηθεῑσα,
2566 2096 2859 2165 λογισμοὺς
2892 2094 3186 2165 αἰσχρούςτ

2211 2185 2351 2240 Οὔτε
2388 2188 2446 2240 ἐν
2489 2185 2736 2257 βορϐόρῳ
2778 2185 3001 2238 δυνατὸν
3035 2186 3220 2256 εὑρεῖν
3262 2183 3470 2254 μύρον,
3513 2180 3636 2234 οὔτε
3664 2181 3725 2230 ἐν

2141 2277 2576 2348 γαστριμάργοις
2608 2276 2834 2329 εὐωδίαν
2861 2274 3085 2346 άρετῆς.

2224 2368 2528 2439 Ὀφθαλμὴς
2555 2368 2967 2438 γαστριμάργου
2985 2364 3407 2437 περιεργάζεται
3423 2365 3721 2434 συμπόσια·

2140 2455 2235 2510 τοῦ
2280 2456 2339 2508 δέ
2377 2455 2706 2527 ἐγκρατοῦς,
2750 2456 2957 2526 ἀνδρῶν
3008 2455 3393 2524 πνευματικῶν
3421 2454 3521 2507 καὶ
3548 2454 3728 2521 σοφῶν

2146 2547 2418 2618 συνέδρια.

2212 2656 2449 2726 Μνήμας
2482 2656 2651 2724 ἁγίων
2680 2654 2907 2727 ἀριθμεῖ
2936 2653 3082 2725 ψυχὴ
3104 2653 3529 2725 γαστριμάργου
3559 2669 3573 2683 ’
3602 2656 3636 2722 ἡ
3670 2653 3739 2706 δὲ’

2140 2745 2235 2800 τοῦ
2260 2746 2561 2818 ἐγκρατοῦς
2593 2749 2840 2817 μιμεῖται
2872 2745 3020 2816 βίους
3057 2744 3257 2798 αὐτῶν.

2212 2837 2304 2909 Μὴ
2340 2838 2537 2910 πιάνῃς
2574 2837 2637 2890 τὸ
2678 2836 2837 2907 σῶμα
2876 2836 3197 2905 πολυτελείᾳ
3234 2836 3330 2888 καὶ
3371 2835 3561 2905 κόρῳο
3589 2833 3727 2902 ταχὺ

2143 2928 2251 3000 γὰρ
2274 2929 2740 2997 καταναστήσεταί
2776 2944 2891 2982 σου.
2914 2926 3134 2996 Δάμαζε
3163 2927 3220 2979 δὲ
3249 2925 3409 2979 τοῦτο
3438 2924 3510 2977 δι’
3531 2925 3733 2994 ἐγκρα-

2141 3020 2312 3086 τείας,
2360 3021 2456 3074 καὶ
2507 3019 2870 3090 καταστήσεις
2924 3019 3159 3088 εὐήνιον,
3221 3019 3360 3087 μήτε
3412 3016 3731 3086 κινούμενον

2144 3109 2376 3175 ἄτακτα,
2404 3111 2541 3180 μήτε
2567 3108 2888 3180 χρεμετίζον
2914 3108 3019 3162 ὑπὸ
3052 3108 3230 3178 ὁρμῆς
3251 3104 3565 3175 ἐμπαθοῦς.
3591 3103 3729 3159 Οὔτε

465 3194 826 3253 prorumpat,
872 3201 974 3239 nec
1028 3202 1140 3256 pra:
1194 3189 1462 3257 petulanti
1505 3190 1708 3259 impetu
1739 3230 1755 3254 ,
1804 3195 1929 3263 equi
1980 3196 2034 3250 in

2176 3204 2246 3270 ὰρ
2278 3163 2540 3271 πολέμίος
2563 3163 2739 3273 dirupi]
2751 3163 2908 3271 pé'vo;
2929 3163 3160 3269 παρέγει
3188 3163 3357 3266 φόέον
3374 3215 3389 3226 ·
3407 3196 3536 3248 οὔτε
3565 3195 3728 3265 σῶμα

461 3289 668 3330 morem
726 3277 960 3333 hinniat.
1021 3281 1157 3335 Nam
1213 3297 1394 3353 neque
1451 3282 1626 3339 hostis
1678 3286 2040 3343 obtruncatus

2176 3291 2207 3344 t’
2264 3294 2595 3367 ἐγκρατείας
2657 3291 2995 3347 ταπεινωθὲν
3045 3290 3306 3362 ταράττει
3351 3289 3554 3359 ψυχήν.
3618 3288 3734 3340 Καὶ

466 3373 737 3422 terrorem
780 3370 998 3437 incutit,
1048 3387 1224 3441 neque
1255 3388 1457 3444 corpus
1502 3390 1598 3445 per
1649 3376 2043 3441 continentiam

2176 3400 2332 3455 ισπερ
2387 3385 2487 3438 οὐκ
2536 3381 2644 3438 οἶδε
2700 3383 2892 3455 νεκρὸς
2955 3383 3132 3452 φλόγα
3180 3381 3375 3453 πυρὸς,
3403 3379 3581 3443 οὕτως
3608 3378 3735 3433 οὐδὲ
3772 3396 3783 3404 ·

462 3459 739 3527 deiectum
777 3464 1059 3530 perturbat
1088 3465 1360 3535 animam;
1384 3477 1436 3523 et
1463 3470 1924 3538 quemadmodum
1950 3486 2043 3526 ea-

2144 3475 2420 3545 ἐγκρατὴς
2473 3476 2702 3546 κάμινον
2737 3474 3056 3543 ἐμπαθείας.

463 3552 628 3609 δονεῖ
679 3555 952 3612 ﬂammam
997 3557 1140 3629 ignis
1194 3562 1418 3618 minime
1476 3564 1678 3632 sentit;
1743 3565 1826 3621 sic
1870 3581 2049 3639 neque
2083 3569 2132 3624 is
2178 3572 2280 3641 qui
2332 3572 2669 3627 continentia
2746 3570 3007 3642 praeditus
3060 3576 3182 3635 est,
3257 3565 3502 3620 libidinis
3544 3562 3741 3617 forna-

464 3658 606 3697 cem.

535 3731 885 3791 Continentia
936 3739 1243 3796 castitatem
1275 3742 1453 3811 parit;
1508 3745 1635 3815 gula
1682 3755 1875 3803 contra
1922 3749 2047 3804 libi-

464 3826 608 3880 dinis
644 3837 815 3882 mater
847 3839 952 3886 est.

534 3916 638 3983 Qui
671 3928 913 3975 vcntrcm
959 3922 1227 3994 implens,
1272 3927 1547 3996 pudicitia:
1577 3930 1786 3985 cultum
1827 3933 2047 4001 proﬁte-

468 4016 579 4073 tur,
616 4011 823 4065 homini
859 4013 1055 4070 similis
1084 4024 1188 4082 est,
1231 4019 1323 4088 qui
1355 4019 1639 4088 pollicetur
1669 4037 1728 4078 se
1768 4023 1911 4094 ignis
1935 4025 2043 4078 vim

467 4100 666 4170 stipula
721 4118 1201 4173 compressurum,
1248 4117 1343 4164 aut
1372 4109 1650 4166 ﬂammam
1689 4113 1811 4169 oleo
1842 4115 2048 4171 exstin-

467 4202 705 4247 Cilll'lllll.

540 4282 641 4348 Qui
682 4299 821 4353 pane
849 4294 902 4339 et
933 4302 1076 4356 aqua
1127 4297 1432 4357 saturatur,
1480 4293 1765 4349 continens
1799 4311 1908 4351 non
1940 4307 2045 4351 est.

472 4376 732 4445 Cujusvis
763 4380 910 4433 enim
945 4383 1225 4447 saturitas,
1260 4383 1437 4437 aliena
1477 4394 1563 4440 est
1594 4402 1623 4440 a
1655 4388 2010 4445 continentia.

414 4453 419 4459 ’
541 4467 680 4522 Cum
720 4470 859 4539 gulae
902 4471 1114 4527 daemon
1168 4475 1545 4544 praescriptam
1592 4479 1835 4534 ciborum
1879 4483 2050 4537 absti-

474 4560 720 4614 nentiam
763 4560 1093 4618 labefactare
1142 4578 1251 4619 non
1300 4568 1474 4632 valet,
1530 4576 1644 4625 tum
1704 4583 1942 4627 ascctam
1996 4574 2050 4628 in

473 4666 701 4705 summae
730 4654 1078 4709 continentiae
1112 4657 1460 4726 cupiditatem
1515 4664 1750 4733 maligne
1792 4666 2048 4736 conjicit;

475 4755 533 4795 ut
562 4743 690 4797 dum
736 4745 805 4799 ob
860 4749 1106 4817 corporis
1148 4751 1573 4810 imbecillitatem
1621 4773 1726 4811 non
1761 4768 1941 4827 potest
1977 4759 2045 4812 ad

473 4835 865 4889 continentiam
898 4855 1021 4908 quae
1056 4843 1275 4898 modum
1318 4848 1533 4901 excedit
1578 4849 1904 4919 pertingere,
1949 4865 2038 4903 ex-

475 4925 621 4979 cidat
669 4942 888 4997 quoque
937 4931 1006 4985 ab
1034 4947 1095 4987 ea
1126 4950 1246 5004 quae
1282 4936 1422 4991 intra
1476 4939 1693 4992 modum
1749 4948 1851 4993 est.
1896 4939 2050 5005 Quod

476 5017 636 5070 etiam
666 5019 841 5088 ipsum
880 5021 933 5076 in
965 5023 1086 5081 aliis
1118 5027 1383 5083 virtutum
1433 5031 1747 5085 monasticis
1785 5031 2047 5085 exercita-

480 5107 715 5163 tionibus
756 5111 940 5169 hostes
974 5114 1198 5173 faciunt.

2234 3749 2567 3822 Ἐγκράτεια
2627 3747 2802 3803 τίκτει
2867 3744 3260 3816 σωφροσύνην
3310 3738 3747 3810 γαστριμαργία

2150 3842 2210 3896 δὲ
2239 3843 2424 3913 μήτηρ
2445 3839 2767 3903 ἀκολασίας.

2234 3934 2293 3987 '0
2327 3932 2548 4002 πληρῶν
2581 3931 2849 4002 γαστέρα,
2881 3930 2979 3984 καὶ
3028 3929 3335 3998 σωφρονεῖν
3391 3920 3732 3991 ἐπαγγελλό-

2156 4041 2340 4096 μενος,
2369 4023 2556 4094 ὅμοιός
2593 4026 2713 4076 ἐστι
2749 4021 2829 4091 τῷ
2871 4016 3334 4089 ἐπαγγελλομένῳ
3379 4011 3643 4084 χαλινοῦν
3673 4011 3741 4061 ἐν

2154 4115 2379 4186 καλάμῃ
2406 4115 2574 4186 πυρὸς
2611 4114 2811 4184 ὁρμὴν,
2848 4111 2887 4182 ἢ
2917 4110 3082 4182 ἐλαίῳ
3109 4110 3283 4180 φλόγα
3319 4105 3626 4160 σϐεννύειν.

2236 4295 2294 4348 '0
2325 4291 2723 4364 κορεννύμενος
2751 4290 2921 4361 άρτου
2953 4288 3049 4342 καὶ
3079 4287 3298 4351 ὓδατος,
3331 4284 3613 4355 ἐγκρατὴς
3634 4282 3738 4335 οὐκ

2155 4386 2293 4440 ἐστι.
2329 4384 2538 4447 Παντὸς
2573 4383 2682 4452 γὰρ
2706 4383 2889 4452 κόρος,
2925 4379 3253 4450 ἐγκρατείας
3282 4376 3596 4446 ἀλλότριος.

2228 4480 2397 4533 Ὅταν
2440 4478 2469 4529 ὁ
2496 4477 2597 4547 τῆς
2624 4472 3071 4545 γαστριμαργίας
3113 4471 3325 4540 δαίμων
3355 4470 3601 4539 ἀτονήσῃ
3625 4466 3737 4519 δια⁹

2157 4569 2376 4640 φθεῖραι
2405 4566 2503 4637 τὴν
2531 4565 2846 4637 ὡρισμένην
2878 4562 2987 4615 τῶν
3031 4561 3342 4632 βρωμάτων
3373 4559 3734 4628 ἐγκράτειαν,

2155 4661 2277 4714 τότε
2352 4656 2664 4725 κακοήθως,
2714 4651 2792 4718 εἰς
2836 4652 3132 4723 ἐπιθυμίαν
3171 4651 3481 4720 ἀκροτάτης
3536 4651 3739 4718 ἐγκρα-

2153 4751 2303 4814 τείας
2351 4748 2610 4818 ἐμϐάλλει
2658 4747 2752 4799 τὸν
2797 4745 3085 4814 άσκητήν·
3133 4742 3221 4796 ἶνα
3250 4742 3350 4810 τῆς
3375 4740 3626 4810 ἀμέτρου
3666 4739 3741 4807 μὴ

2154 4843 2404 4913 δυνηθεὶς
2442 4840 2728 4910 ἐφικέσθαι
2769 4838 2836 4892 δι’
2879 4837 3170 4905 ἀσθένειαν
3204 4834 3484 4904 σώματος,
3524 4831 3739 4901 ἐκπέσῃ

2158 4938 2253 4990 καὶ
2311 4937 2409 5005 τῆς
2450 4934 2792 5005 συμμέτρου.
2827 4931 3001 4984 Τοῦτο
3050 4929 3107 4982 δὲ
3150 4928 3249 4982 καὶ
3299 4928 3393 4979 ἐπὶ
3416 4926 3523 4995 τῆς
3574 4923 3741 4990 ἄλλης

2160 5026 2450 5096 ἀσκήσεως
2481 5024 2531 5078 οἱ
2564 5022 2751 5093 ἐχθροὶ
2780 5020 3045 5075 ποιοῦσιν.

554 5248 585 5288 b
626 5248 739 5302 Vita
769 5248 827 5304 S.
858 5250 1038 5317 δαῦτε,
1063 5268 1118 5305 n.
1155 5253 1206 5307 5.
1230 5252 1395 5323 Ephr.
1433 5269 1492 5320 tt,
1529 5253 1633 5308 446
1662 5254 1732 5307 De
1762 5254 2021 5320 Itumilit.,
2052 5267 2100 5307 c.
2122 5252 2172 5304 l.

1998 5361 2228 5418 NOTAE.

490 5472 584 5523 sed
610 5471 663 5523 in
695 5472 799 5545 bac
849 5473 1249 5543 signiﬁcatione
1290 5491 1397 5531 non
1448 5476 1737 5545 respicitur
1765 5477 1830 5530 ad
1863 5477 2051 5529 ἐνθου-

492 5540 726 5603 σιασμοῦ
761 5540 1022 5615 ΐιιιδᾳιεόιη.
1048 5614 1053 5615 ί
1083 5549 1150 5598 ad
1193 5546 1365 5611 ipsius
1411 5540 1697 5615 ἐλλαμψιν.
1734 5546 2049 5615 respicitur,

2160 5483 2282 5544 post
2318 5490 2442 5554 eum
2468 5473 2684 5554 _Suida,
2740 5481 2795 5554 et
2853 5470 3222 5554 varin9‘;qui
3272 5479 3733 5554 ‘postremitsuper

2160 5541 2370 5613 priores
2396 5544 2607 5599 videtur
2622 5543 3002 5613 corrigendos.
3022 5542 3210 5598 Potest
3237 5541 3405 5613 etiam
3435 5542 3490 5595 in
3516 5541 3732 5597 Philone

496 5615 719 5659 auctore
774 5610 960 5663 eodem
1016 5610 1283 5682 lirsycliio
1339 5631 1467 5671 voce
1527 5610 1935 5687 ἐνθουσιασμὸς,
1992 5631 2055 5671 ac
2160 5610 2459 5683 emendari,
2489 5610 2798 5687 μαιμάζει,’
2818 5615 2979 5684 idque
3010 5614 3182 5684 magis
3218 5612 3419 5682 placet.
