3998 6116
1679 123 1728 143 lui

244 228 375 296 1441

1593 229 1691 289 DE
1728 226 1916 288 OCTO
1964 228 2204 287 VITIIS

3376 226 3512 291 1512

323 344 771 417 Παραὸἄλλοντες
796 345 878 409 είς
926 344 1110 406 οίκους
1157 341 1437 415 κοσμικῶν
1460 382 1475 406 ,
1511 342 1633 394 τότε
1670 342 1827 412 μάλι-

2000 338 2234 404 Quando
2264 337 2330 392 ad
2375 350 2567 392 eorum
2617 335 2710 406 qui
2759 336 2813 390 in
2849 337 3054 391 mtmdo
3084 338 3273 393 vitunt
3316 344 3510 397 domos

246 456 349 492 στα
424 438 523 507 τῆς
606 436 937 509 ἐγκρατείας
1000 434 1338 505 ἀνθεξόμεθα
1373 450 1388 465 ο
1451 435 1661 505 μήποτε
1739 430 1827 485 διὰ

245 528 692 600 γαστριμαργίας
751 526 1049 597 παχυνθεὶς
1094 528 1124 579 6
1188 524 1351 588 νοῦςν
1431 524 1685 597 dedica
1730 524 1828 595 τῆς

248 623 560 693 συνηθείας,
588 624 681 676 καὶ
707 625 820 685 τοῖς
844 622 1058 691 ἐχθροῖς
1086 620 1359 682 εὐάλωτος
1402 619 1652 688 γένηται.

318 802 438 872 Χρὴ
472 801 601 863 τοὺς
647 799 745 869 μὲν
774 798 1040 869 γέροντας
1087 795 1261 867 θυμοῦ
1305 797 1554 865 κρατεῖν,
1590 794 1826 864 γαστρὸς

245 894 302 946 δὲ
335 894 459 955 τοὺς
500 892 687 954 νέους’
732 894 844 953 τοῖς
887 889 986 960 μὲν
1039 888 1144 959 γὰρ
1199 889 1249 941 oi
1281 888 1544 957 ψυχικοὶ,
1600 889 1714 949 τοῖς
1744 886 1824 952 δὲ,

252 984 454 1055 μᾶλλον
487 985 535 1037 oi
563 983 871 1053 σωματικοὶ
896 982 1150 1051 δαίμονες
1184 980 1543 1033 ἐπιτίθενται.

320 1077 560 1149 Γαστρὸς
589 1076 888 1146 ἐγκράτεια
935 1076 1185 1128 ταπεινοῖ
1225 1072 1291 1125 τὰ
1329 1072 1475 1142 παθη
1498 1087 1512 1100 ο
1564 1068 1826 1138 θρασύνει

247 1170 304 1222 δὲ
336 1169 510 1223 ταῦτα
553 1165 987 1236 γαστριμαργία.

331 1259 421 1311 Ἐν
455 1257 742 1326 πλησμονῇ
775 1253 1038 1323 γαστρὸς,
1087 1252 1253 1323 μηδὲν
1293 1249 1497 1320 ἐρεύνα
1530 1249 1823 1319 θειότερον.

319 1349 499 1417 Νέφος
520 1348 639 1417 μὲν,
670 1344 1044 1416 καλυπτήριον
1076 1343 1309 1413 σελήνης
1327 1356 1342 1372 ο
1370 1339 1506 1394 Θεοῦ
1527 1339 1584 1392 δὲ
1611 1339 1827 1407 σοφίας.

249 1436 690 1508 γαστριμαργία.

321 1528 512 1599 Τρυφὴ
536 1528 629 1580 καὶ
667 1525 904 1596 μάλιστα
937 1523 1131 1594 νέφος¹
1153 1523 1252 1593 (3),
1283 1519 1471 1575 παθῶν
1527 1516 1824 1588 θησαυρὸς,

248 1621 427 1692 ψυχῆς
456 1620 682 1682 θάνατος
705 1618 1050 1688 αὐθαίρετος.

1931 430 2277 494 accedimus,
2326 437 2439 483 tum
2494 430 2578 482 vel
2622 429 2861 482 maxime
2910 432 3302 485 continentiam
3357 450 3511 489 emn-

1932 522 2092 593 plecti
2116 521 2466 585 studeamus;
2503 537 2570 576 ne
2603 536 2758 576 mens
2788 522 2880 576 ubi
2913 537 3009 591 per
3044 524 3226 593 gulam
3263 527 3509 595 saginata

1929 612 2128 678 fuerit,
2176 623 2436 668 consueta
2471 613 2729 683 negligat,
2776 623 2942 683 atque
2980 616 3048 669 ab
3082 616 3321 671 inimicis
3351 617 3510 672 facile

1928 703 2196 772 capiatur.

1999 793 2222 863 Oportet
2260 803 2316 848 ut
2361 809 2520 849 senes
2564 795 2658 849 ira:
2691 794 2978 864 imperent,
3012 797 3241 865 juvenes
3291 800 3462 852 ventri
3494 821 3508 853 .-

1929 885 2200 955 siquidem
2235 885 2344 938 illis
2372 884 2641 939 animales
2671 886 2972 947 daztnones,
3019 886 3104 940 his
3134 891 3382 957 corporei
3416 906 3509 958 pn-

1931 977 2041 1031 tius
2067 976 2293 1031 insidias
2324 976 2646 1029 moliuntur.

1998 1065 2219 1121 Ventris
2274 1068 2613 1122 continentia
2668 1068 2915 1124 turbidos
2963 1070 3271 1124 animorum
3327 1083 3515 1128 motus

1928 1155 2219 1224 deprimit;
2254 1156 2380 1225 gula
2416 1171 2545 1210 vero
2572 1157 2788 1211 eosdem
2819 1157 3032 1213 feroces
3074 1162 3267 1216 reddit.

2000 1231 2201 1302 'Ventre
2226 1256 2415 1302 saturo
2451 1247 2584 1301 nihil
2612 1247 2853 1302 divinum
2890 1250 3174 1320 investiga.

2000 1335 2071 1391 Ut
2118 1337 2292 1393 nubes
2336 1338 2786 1408 obtegumentum
2822 1340 2964 1394 lunae
2994 1351 3109 1407 est;
3163 1343 3233 1395 ita
3283 1342 3373 1396 Dei
3419 1359 3510 1397 sa-

1925 1425 2166 1496 pientiae,
2203 1427 2349 1495 gula.

1999 1518 2208 1583 Luxus,
2243 1521 2517 1590 precipue
2538 1520 2856 1590 juvenibus,
2889 1522 3360 1592 perturbationum
3391 1524 3509 1579 tlte-

1928 1624 2128 1665 saurus
2152 1621 2257 1677 est,
2289 1614 2488 1667 animae
2521 1614 2664 1667 ultro
2696 1616 2959 1669 arcessita
2990 1630 3161 1671 mors.

321 1713 585 1775 Νεάζοντι
631 1711 847 1782 σώματι
892 1708 1076 1782 τρυφὴ
1104 1709 1200 1762 καὶ
1251 1706 1393 1778 μέθη
1431 1704 1494 1758 τδ
1532 1701 1643 1756 τῶν
1698 1699 1823 1771 ἡδο-

1996 1701 2230 1757 Juvenili
2280 1705 2519 1772 corpori,
2571 1706 2734 1761 luxus
2786 1717 2842 1762 et
2886 1708 3122 1763 ebrietas
3168 1709 3507 1779 voluptatum

252 1804 359 1858 νῶν
388 1804 691 1856 ἀνάπτουσι
723 1802 854 1873 πῦρ.

321 1896 529 1965 Παχεϊα
558 1894 795 1966 γαστὴρ,
850 1896 918 1965 τῇ
956 1890 1204 1962 συνεχείᾳ
1259 1891 1374 1946 τῶν
1408 1889 1648 1962 θολερῶν
1696 1890 1823 1944 ἀνα-

250 1984 586 2054 θυμιάσεων,
622 1981 951 2054 φυγαδεύειν
975 1976 1084 2036 οἶδε
1117 1980 1361 2045 διανοίας
1391 1980 1719 2051 λεπτότητα.

324 2167 505 2236 Ἔρως
554 2165 719 2229 θεῖος,
773 2164 833 2217 ού
870 2160 1344 2234 μετεωριζόμενος
1384 2159 1464 2231 τῷ
1496 2156 1682 2229 πτερῷ
1727 2156 1830 2227 τῆς

246 2255 619 2325 ἐγκρατείας,
676 2254 872 2307 θᾶττον
931 2252 1071 2323 πρὸς
1121 2251 1220 2322 τὴν
1277 2250 1412 2321 ὓλην
1461 2248 1822 2311 καταπίπτει,

250 2347 617 2419 βαρυνόμενος
641 2348 762 2409 ταῖς
791 2344 980 2407 πέδαις
1008 2344 1107 2414 τῆς
1139 2342 1433 2413 ἀκρασίας.

319 2522 617 2595 Πλησμονὴ
648 2522 880 2593 συνεχὴς
906 2522 1145 2592 γαστρὸς
1196 2518 1528 2591 ἀφροδισίων
1583 2517 1825 2590 ὲρεθίζει

248 2618 620 2688 σκιρτήματα.

319 2708 558 2779 Γαστὴρ,
627 2702 806 2777 φύλαξ
882 2704 1362 2776 παρακαταθήκης
1432 2705 1682 2770 ἄπιστος,
1763 2705 1825 2761 τδ

246 2799 657 2871 ἐμϐαλλόμενον
682 2797 1091 2853 ἀποϐάλλουσα.

320 2891 742 2961 Γαστρίμαργος
767 2880 928 2954 πίων,
948 2891 1131 2958 χοῖρος
1160 2888 1379 2958 ἕτοιμος
1407 2890 1487 2951 είς
1519 2889 1755 2959 σφαγήν.

324 2982 565 3052 Αἵματος
649 2979 835 3051 εἰσροὴ
932 2977 1244 3049 πνεύματος
1314 2979 1513 3049 ὲκροὴν
1590 2977 1896 3092 ιιργάξε.(Ξ

249 3094 362 3131 ται.

332 3167 392 3219 '0
421 3166 520 3236 μὲν
544 3163 728 3233 ἄρχων
776 3162 1035 3232 γαστρὸς,
1075 3160 1134 3213 ὲν
1190 3159 1357 3213 παντὶ
1405 3160 1559 3230 τόπῳ
1593 3160 1825 3214 δύναται

254 3257 497 3328 μετιέναι
526 3257 625 3326 τὴν
661 3255 895 3327 ἀρετήν·
922 3252 952 3306 ὀ
1000 3253 1059 3306 δὲ
1093 3250 1199 3306 ὑπὸ
1247 3250 1457 3323 ταύτης
1491 3252 1821 3324 ἀρχόμενος,

249 3354 309 3407 ὲν
335 3351 509 3405 οὐδενὶ
538 3349 772 3411 πάντως.

323 3441 428 3495 Δύο
454 3439 647 3493 σκοποὶ
676 3437 778 3506 τῆς
802 3436 1160 3506 ἐγκρατείας·
1190 3438 1218 3490 ό
1247 3439 1370 3507 μὲν,
1402 3438 1492 3492 ίνα
1515 3438 1625 3492 τῶν
1654 3439 1828 3511 ἡδέων

256 3536 357 3603 τῆς
415 3527 697 3599 παρούσης
727 3526 874 3595 ζωῆς
928 3526 1300 3596 στερηθέντες,
1350 3527 1462 3579 τῶν
1514 3530 1686 3597 ἡδέων
1729 3535 1831 3601 τῆς

257 3621 565 3695 μελλούσης
623 3617 908 3687 τύχωμεν·
966 3618 995 3668 ὁ
1046 3616 1125 3678 δὲ,
1178 3616 1268 3668 ἵνα
1320 3618 1717 3691 ταπεινωθέντι
1751 3618 1828 3688 τῷ

255 3715 468 3784 σώματι
522 3708 618 3763 καὶ
660 3706 869 3778 ἡψυχὴ
906 3703 1341 3775 συνταπεινωθῇ,
1380 3704 1476 3757 καὶ
1526 3707 1832 3761 εὐκατάνυ-

254 3822 383 3869 κτος
409 3801 553 3857 οὕτω
576 3800 823 3871 γένηται.
853 3797 1054 3851 Λοιπὸν
1087 3793 1181 3850 οὖν
1221 3799 1330 3860 πᾶς
1353 3797 1534 3868 κρεῶν
1569 3799 1670 3868 μὲν
1724 3800 1833 3853 ἀπ-

256 3899 537 3971 ιχόμενος,
589 3895 793 3965 ἐτέρων
869 3893 927 3946 δὲ
993 3890 1300 3962 βρωμάτων
1384 3890 1828 3962 ἐμπιπλάμενος,

257 3987 676 4061 γαστρίμαργός
706 3988 877 4049 ἐστιν,
925 3981 1178 4037 ἐκπεσὼν
1222 3981 1331 4037 τῶν
1374 3982 1688 4055 είρημένων
1734 3983 1834 4056 τῆς

256 4081 588 4155 ἐγκρατείας
618 4077 861 4132 σκοπῶν.

341 4262 403 4313 Ἦ
433 4259 847 4329 γαστριμαργία
874 4258 1150 4321 πολλάκις,
1187 4257 1282 4311 καὶ
1314 4256 1402 4310 διὰ
1426 4254 1644 4325 θυρίδος
1686 4257 1829 4326 ἀγά-

262 4371 390 4423 πης.
427 4352 693 4422 εἰσπηδᾷν
727 4351 943 4405 εἴωθεν.

341 4440 406 4494 Ἢ
436 4442 851 4512 γαστριμαργία
885 4440 1129 4511 ξηραίνει
1188 4439 1287 4508 μὲν
1344 4440 1445 4510 τὴν
1504 4439 1690 4511 πηγὴν
1721 4438 1830 4492 τῶν

260 4534 562 4587 ἐπαινετῶν
591 4533 864 4604 δακρύων,
902 4534 1041 4585 κινεῖ
1069 4532 1124 4584 δὲ
1158 4531 1256 4600 τὴν
1290 4530 1473 4603 πηγὴν
1504 4530 1615 4585 τῶν
1648 4530 1829 4601 αἰσχί-

263 4643 405 4679 στων
438 4626 696 4697 ρεύσεων.

334 4715 538 4770 Λέοντα
575 4716 673 4787 μὲν
703 4714 1039 4777 κολακεύσας
1054 4712 1153 4783 (ﬁ),
1180 4712 1443 4775 πολλάκις
1484 4713 1793 4784 ἡμερώσεις
1817 4731 1828 4744 ·

1930 1793 2107 1864 ignem
2141 1795 2466 1849 accendunt.

2000 1882 2234 1939 Crassus
2282 1896 2492 1951 venter,
2556 1886 2992 1942 turbulentorum
3046 1903 3313 1957 vaporum
3366 1889 3512 1944 assi-

1930 1975 2159 2042 duitate,
2191 1976 2391 2031 mentis
2436 1976 2795 2032 subtilitatem
2836 1978 2893 2032 in
2945 1978 3129 2049 fugam
3166 1994 3328 2049 agere
3375 1994 3512 2033 eon-

1928 2067 2131 2121 suevit.

2005 2156 2234 2213 Divinos
2258 2173 2433 2225 amor,
2457 2159 2564 2214 nisi
2590 2160 2946 2216 continentia:
2972 2175 3147 2230 penna
3172 2161 3511 2220 sublevetur.

1930 2250 2052 2306 sine
2080 2252 2188 2306 ulla
2224 2253 2578 2308 cunctatione
2609 2254 2676 2308 ad
2717 2264 2804 2309 res
2849 2270 2911 2310 ex
2951 2256 3177 2310 materia
3223 2265 3511 2311 concretas

1929 2340 2223 2404 delabitur,
2276 2352 2463 2411 utpote
2525 2343 2959 2413 intemperantia:
3011 2346 3365 2415 compedibus
3413 2347 3509 2401 de-

1930 2447 2176 2501 pressus.

2002 2523 2239 2577 Assidua
2262 2523 2472 2579 ventris
2503 2525 2768 2580 saturitas
2793 2541 3055 2582 venereos
3078 2527 3315 2584 insultns
3342 2528 3513 2584 exsti-

1931 2614 2124 2671 mulat.

2008 2707 2222 2772 Venter,
2263 2707 2462 2763 inﬁdus
2493 2708 2726 2779 depositi
2760 2718 2949 2766 custos
2988 2720 3095 2776 est,
3138 2718 3194 2766 et
3238 2710 3383 2781 quod
3425 2711 3517 2765 in-

1924 2800 2115 2870 jicitur
2148 2800 2360 2869 abjicit.

2001 2891 2212 2948 Obesos
2247 2893 2429 2947 helluo
2458 2909 2658 2963 porcus
2689 2903 2774 2949 est
2808 2895 2873 2949 ad
2901 2896 3102 2950 caedem
3142 2906 3390 2962 paratus.

2002 2982 2298 3055 Sanguinis
2343 2985 2599 3049 inﬂuxio,
2652 2986 2876 3053 spiritus
2922 2985 3265 3040 eﬂluxionem
3316 2988 3476 3056 parit.

2000 3168 2105 3235 Qui
2129 3168 2301 3223 ventri
2324 3166 2658 3232 dominatur,
2684 3169 2881 3238 quovis
2904 3168 3026 3225 loco
3051 3168 3306 3224 virtutem
3333 3170 3513 3223 colere

1930 3269 2137 3332 potest;
2171 3260 2260 3330 qui
2294 3270 2476 3315 autem
2504 3261 2607 3315 sub
2634 3259 2807 3330 ipsius
2836 3261 3062 3331 imperio
3083 3269 3207 3327 est,
3242 3276 3510 3330 nusquam

1933 3353 2179 3409 omnino.

2003 3444 2120 3501 Duo
2148 3453 2277 3501 sunt
2307 3443 2657 3501 continentiae
2687 3445 2967 3515 proposita
2993 3462 3010 3501 :
3045 3444 3296 3509 alterum,
3328 3453 3387 3499 ut
3416 3459 3513 3514 per

1932 3536 2212 3592 abdicatas
2236 3537 2466 3605 hujusce
2493 3538 2619 3593 vitae
2642 3538 2949 3607 voluptates
2971 3576 2985 3600 ,
3033 3535 3230 3592 futurae
3264 3538 3513 3605 volupta-

1934 3628 2081 3683 tibus
2112 3628 2395 3694 fruamur;
2422 3632 2700 3695 alterum,
2734 3641 2793 3683 ut
2821 3631 3079 3699 depresso
3112 3645 3361 3700 corpore,
3392 3630 3513 3684 ani-

1935 3732 2024 3770 ma
2063 3717 2225 3771 simul
2253 3733 2347 3786 per
2376 3717 2739 3772 humilitatem
2784 3719 3158 3787 deprimatur,
3208 3730 3373 3788 atque
3413 3720 3516 3773 hoc

1936 3805 2095 3861 modo
2125 3805 2191 3859 ad
2227 3808 2700 3875 compunctionem
2738 3823 3010 3875 propensa
3050 3808 3139 3864 sit.
3180 3808 3253 3863 De
3297 3810 3514 3877 reliquo

1936 3894 2100 3966 igitur
2145 3895 2398 3964 quisquis
2443 3910 2472 3947 a
2512 3896 2774 3949 carnibus
2811 3897 3034 3964 quidem
3076 3898 3347 3962 abstinet,
3396 3900 3516 3953 aliis

1935 3995 2116 4041 tamen
2160 3985 2299 4041 cibis
2347 3999 2466 4039 sese
2507 3984 2837 4054 ingurgitat,
2889 3986 3069 4038 helluo
3099 3985 3359 4040 dicendus
3392 3997 3510 4051 est,

1937 4081 2111 4151 utqui
2152 4096 2182 4135 a
2208 4080 2645 4136 commemoratis
2672 4079 3021 4134 continentiae
3049 4079 3312 4135 institutis
3339 4080 3515 4135 desci-

1935 4173 2090 4227 verit.

2009 4262 2147 4317 Gula
2179 4277 2552 4330 smpenumcro
2579 4261 2744 4317 etiam
2778 4276 2873 4331 per
2898 4258 3185 4314 charitatis
3219 4257 3513 4313 fenestram

1865 4386 1909 4440 ο
1938 4353 2147 4409 insilire
2181 4354 2341 4407 solet.

2007 4444 2143 4499 Gula
2201 4444 2404 4498 fontem
2466 4443 2815 4498 laudabilium
2873 4443 3240 4512 lacrymarum
3304 4440 3515 4504 siccat;

1937 4544 2124 4591 contra
2179 4537 2619 4605 turpissimarum
2673 4533 2971 4589 ﬂuxionum
3018 4533 3219 4588 fontem
3275 4546 3518 4586 commo-

1940 4637 2022 4681 vet
2034 4666 2049 4680 .

2011 4717 2244 4772 Leonem
2278 4718 2322 4774 si
2351 4718 2683 4781 demulccas,
2714 4731 2837 4771 eum
2873 4714 3016 4769 haud
3057 4728 3181 4767 raro
3210 4711 3516 4775 cicurabis;

1551 4825 1788 4880 VARl/E
1821 4826 2224 4886 LECTIONES.

334 4945 354 4976 ⁸
398 4945 482 4998 Al.
513 4945 673 5007 νέοις.

1773 5035 2007 5093 NOTAE.

336 5148 413 5214 (3)
455 5146 652 5214 Τρυφὴ
698 5147 806 5218 ,καὶ
843 5148 1109 5217 μάλιστα
1158 5149 1363 5218 νέφος.
1417 5148 1588 5215 Quam
1622 5150 1843 5206 difficile

265 5218 356 5273 sit.
390 5232 450 5269 ex
487 5232 592 5268 uno
610 5217 797 5271 codice
845 5234 948 5273 ms.
984 5217 1239 5275 omnibus
1265 5223 1506 5275 numeris
1535 5221 1838 5275 absolutam

267 5287 591 5352 tuendisque
623 5295 899 5341 carentem
933 5304 1193 5341 accurare
1243 5289 1564 5353 editionem,
1618 5291 1700 5343 vel
1754 5291 1841 5346 hic

268 5372 407 5410 llllllS
443 5358 594 5408 locus
616 5357 831 5410 aliunde
857 5359 1114 5412 ostendit.
1143 5358 1275 5424 Quis
1302 5360 1469 5421 enim,
1500 5359 1714 5422 amabo,
1747 5376 1840 5414 su-

266 5427 589 5489 spicaretur,
615 5429 744 5480 illud
778 5429 940 5495 νέφος
970 5443 1031 5480 es
1069 5430 1336 5496 superiori
1374 5430 1513 5482 linea
1533 5441 1832 5497 sumptum,

266 5499 449 5548 scient
485 5498 735 5550 vocabuli
770 5498 913 5558 νέοις
959 5499 1272 5567 occupare?
1317 5498 1679 5554 Doctissintus
1707 5517 1834 5555 vero

269 5566 477 5627 “illius,
505 5568 595 5633 qni
622 5568 779 5621 vertit
810 5586 823 5619 :
881 5566 1113 5627 Luxus.’
1147 5571 1335 5622 mentis
1397 5573 1555 5623 nubes
1605 5579 1703 5633 est,
1733 5571 1840 5625 nisi

271 5636 426 5690 aliter
464 5637 675 5708 legerit,
710 5639 881 5707 potuit
913 5638 1223 5709 simplicius
1258 5640 1505 5708 reddere,
1552 5638 1753 5707 Luxus,
1791 5650 1839 5693 et

1954 5154 2183 5205 maxime
2220 5150 2377 5204 nubes
2412 5160 2510 5204 est.

2025 5224 2101 5286 (4)
2127 5222 2539 5285 Κολακεύσας.
2575 5219 2882 5286 Elegantem
2916 5212 3518 5286 sententiamjlatonis

1948 5281 2118 5367 Judaéi
2157 5292 2293 5345 libro
2342 5290 2418 5367 De
2468 5281 2744 5367 legatione,
2778 5289 2842 5367 ad
2875 5288 3177 5367 Caitpnhp.
3209 5284 3334 5367 997‘.
3392 5281 3516 5367 99,8,

1955 5363 2043 5416 ubi
2081 5362 2148 5416 de
2177 5376 2344 5414 uxore
2374 5353 2644 5414 Macronis
2688 5359 2948 5426 loquitur,
2994 5353 3167 5408 δεινόν
3201 5353 3338 5426 γυνὴ
3361 5353 3516 5426 ⁸γνὼ-

1924 5451 2057 5502 σμην
2086 5430 2278 5502 ἀνδρρς
2308 5430 2627 5502 παραλῦσαι
2644 5429 2735 5481 καὶ
2762 5422 3131 5502 παραγαγεξν,
3160 5424 3251 5477 καὶ
3285 5422 3517 5502 μάλιστα

1948 5487 2512 5572 μάχλὰς,’ἓνεκα’γᾲρ
2538 5499 2631 5551 τοῦ
2665 5487 2964 5561 συνειδότος
2994 5487 3402 5572 κολακικωτέρα
3431 5487 3517 5572 γί-

1953 5566 2123 5634 νεται,
2162 5586 2328 5639 prave
2387 5566 2612 5634 ediiam,
2670 5583 2836 5636 prave
2894 5566 3233 5621 mnendatam
3275 5566 3514 5631 aspicies

1950 5641 2178 5698 Mclissw
2209 5640 2294 5695 lib.
2331 5656 2390 5707 ιι,
2415 5654 2581 5694 scrin.
2615 5639 2704 5693 54.
