3998 6116
1644 132 1702 151 ο

222 235 354 301 1445

1562 234 1658 295 DE
1695 234 1884 294 OCTO
1913 236 2149 299 VITIIS

3346 259 3480 321 Ῑίιίιῖ

217 359 295 417 εἰς
351 354 454 421 τὴν
533 349 814 422 ἡμετέραν
889 352 1165 422 ἐπιχειρεῖ
1193 350 1412 421 ψυχήν·
1475 351 1688 421 μήποτε
1733 350 1788 417 cf

1905 352 2250 419 cogitationis
2281 355 2493 412 initium
2516 400 2528 424 ,
2557 376 2650 430 per
2678 365 2823 433 quod
2862 367 2928 420 ad
2967 369 3206 424 animam
3236 386 3478 430 nostram

226 444 503 516 παραδοχῇ
538 443 638 513 τῆς
662 442 927 512 κεφαλῆς,
982 444 1075 494 καὶ
1108 442 1169 495 τὸ
1205 442 1390 496 λοιπὶν
1456 442 1612 512 σῶμα
1673 458 1795 493 συν-

217 541 427 607 εισρυῇ,
454 538 547 590 καὶ
559 534 1049 602 κατακυλισθῶμεν
1072 535 1152 597 εἰς
1168 534 1266 603 τὴν
1296 534 1551 603 ἀθέμιτον
1570 533 1790 605 πρᾶξιν.

218 629 396 682 Καλὸν
426 624 520 681 οῦν
552 627 621 681 τὰ
651 627 824 697 νήπια
878 625 1200 689 Βαϐυλῶνος
1224 641 1238 655 ·
1276 628 1422 695 φημὶ
1452 625 1511 678 δὲ
1560 626 1686 688 τοὺς
1734 627 1793 677 ἐν

216 722 357 791 ἀρχῇ
405 719 851 790 προσϐάλλοντας
902 717 1164 787 αἰσχροὺς
1214 716 1545 786 λογισμούςυ
1600 716 1789 783 ἐδαφί-

218 814 332 876 ζειν
360 812 457 863 καὶ
490 810 799 881 συντρίϐειν
852 808 993 878 πρὸς
1027 809 1131 879 τὴν
1174 807 1405 877 πέτραν,
1428 809 1554 875 ἥτις
1588 807 1737 860 ἐστὶν
1768 810 1795 859 ὁ

215 902 475 973 Χριστός.
514 900 896 973 Ἀδρυνθέντες
941 899 1052 970 γὰρ
1078 898 1409 969 παρέξουσιν
1450 899 1582 967 ἡμῖν
1625 896 1790 967 ὀχλή-

217 1013 329 1057 σεις
384 994 587 1058 πολλὰς
642 994 737 1046 καὶ
787 991 1115 1063 πράγματα.
1170 991 1262 1061 Μὴ
1317 989 1690 1061 θαρρήσωμεν
1736 989 1792 1042 δὲ

217 1086 548 1141 καταϐαλεῖν
615 1085 705 1140 διὰ
781 1085 951 1155 μόνης
1008 1083 1318 1154 ἀσκήσεως,
1362 1082 1423 1134 τὸ
1477 1081 1792 1148 ἀκάθαρτον

217 1176 437 1246 πνεῦμα
464 1176 568 1245 τῆς
600 1174 879 1245 πορνείας,
912 1174 959 1226 εἰ
995 1174 1071 1243 μὴ
1104 1174 1198 1225 καὶ
1252 1174 1284 1244 ἡ
1332 1173 1482 1243 παρὰ
1524 1170 1618 1225 τοῦ
1654 1171 1791 1223 Θεοῦ

220 1268 597 1338 συνεφάψηται
648 1266 890 1336 βοήθεια.
942 1266 1018 1318 Οὐ
1055 1264 1330 1318 παύσεται
1376 1265 1488 1336 γὰρ
1521 1266 1549 1317 ὁ
1580 1263 1783 1334 ἄνθρω-

218 1377 318 1422 πος
352 1358 755 1428 πολεμούμενος
786 1357 879 1409 ὑπ’
912 1355 1105 1420 αὐτοῦ,
1137 1357 1337 1427 μέχρις
1374 1355 1441 1409 ἃν
1475 1356 1531 1407 ὲν
1560 1354 1791 1425 ἀληθείᾳ

214 1453 506 1520 πιστεύσῃ,
554 1450 635 1501 ὅτι
685 1450 785 1501 οῦκ
823 1448 931 1519 ἰδίᾳ
959 1448 1163 1519 σπουδῇ
1201 1448 1297 1502 καὶ
1349 1447 1609 1517 καμάτῳ,
1637 1448 1703 1516 τῇ
1730 1444 1787 1498 δὲ

210 1539 308 1592 τοῦ
336 1538 473 1591 θεοῦ
511 1539 687 1610 σκέπῃ
712 1537 806 1592 καὶ
841 1538 1145 1608 ἀντιλήψει,
1171 1539 1270 1609 τῆς
1309 1538 1559 1609 χαλεπῆς
1581 1535 1788 1606 ταύτης

206 1630 665 1701 ἀπαλλαγήσεται
710 1632 994 1698 μάστιγος.
1054 1629 1366 1700 Ὑπερφυὲς
1411 1628 1521 1700 γάρ
1568 1629 1683 1680 ἐστι
1725 1626 1787 1679 τὸ

208 1721 469 1789 πρᾶγμα,
500 1720 595 1772 καὶ
624 1722 652 1773 ὁ
683 1720 812 1783 τοὺς
841 1721 1170 1791 ὲρεθισμοὺς
1201 1722 1302 1791 τῆς
1328 1720 1530 1795 σαρκὸς
1563 1719 1656 1773 καὶ
1687 1719 1785 1782 τὰς

206 1810 402 1876 ἡδονὰς
427 1810 629 1878 ταύτης
653 1810 1008 1878 καταπατῶν,
1032 1813 1233 1882 τρόπον
1253 1814 1399 1875 τινὰ,
1424 1811 1517 1865 τοῦ
1534 1810 1787 1882 σώματος

209 1900 317 1965 ἔξω
343 1900 573 1968 ⁸γίνεται.
611 1901 700 1954 Διὸ
733 1901 827 1955 καὶ
858 1902 1124 1956 ἀδύνατον
1167 1903 1441 1974 ἀνθρώπῳ
1471 1905 1586 1966 τοῖς
1636 1901 1788 1964 ἰδίοις

208 1996 433 2063 πτεροῖς
495 1994 809 2064 ἀναπτῆσαι
832 1994 854 2025 ⁸
915 1995 1055 2065 πρὸς
1082 1994 1180 2066 τὴν
1214 1994 1424 2066 ὑψηλὴν
1456 1995 1703 2064 ἁγνείαν,
1738 1996 1787 2047 εἰ

213 2084 291 2156 μὴ
336 2087 429 2138 καὶ
450 2086 608 2156 χάρις
634 2084 793 2150 Θεοῦ,
824 2085 1019 2140 τοῦτον
1059 2087 1168 2140 ἀπὸ
1193 2087 1393 2158 βόθρου
1435 2088 1548 2139 τῶν
1592 2087 1785 2141 παθῶν

206 2178 425 2244 ἀνάγοι.
461 2179 669 2245 Δεῖγμα
711 2177 767 2231 δὲ
799 2176 915 2241 τοῦ,
953 2177 1052 2247 τὴν
1094 2178 1296 2249 ἀρετὴν
1325 2178 1532 2249 ταύτην
1578 2180 1785 2250 κτήσα-

208 2269 334 2321 σθαί
368 2286 490 2321 τινα
523 2268 844 2331 τελείως,τὸ
881 2268 1151 2339 μηδεμίαν
1198 2270 1431 2340 αἰσχράν
1485 2269 1787 2339 φαντασίαν

206 2364 269 2414 ὲν
301 2364 412 2423 τοῖς
440 2360 632 2424 ’ὕπνοις
679 2360 951 2431 ὲπιπηδᾷν
980 2364 1047 2433 τῇ
1105 2362 1251 2435 ψυχῇ
1274 2377 1288 2391 ⁸
1344 2353 1506 2415 αὗται
1547 2364 1657 2434 γὰρ
1691 2360 1786 2415 τοῦ

206 2454 387 2505 νοσεῖν
418 2451 515 2523 τὴν
546 2453 723 2522 ψυχὴν
757 2454 1081 2524 τεκμήριον,
1114 2453 1209 2506 καὶ
1242 2454 1315 2524 μή
1349 2469 1435 2506 πω
1463 2452 1557 2506 τοῦ
1579 2453 1787 2519 πάθους

206 2539 591 2609 ἀπηλλάχθαι..
618 2539 707 2592 Διὸ
733 2541 830 2593 καὶ
857 2540 1058 2604 ταύτας
1080 2542 1301 2613 ἔλεγχον
1346 2541 1487 2596 εἶναι
1523 2542 1623 2613 τῆς
1652 2560 1786 2613 προ-

206 2628 483 2697 λαϐούσης
514 2629 747 2698 λέγομεν
778 2629 1069 2701 ῥᾳθυμίας,
1098 2633 1194 2685 καὶ
1225 2632 1325 2703 τῆς
1376 2633 1433 2684 ὲν
1465 2634 1596 2703 ἡμῖν
1623 2632 1788 2685 ἀσθε-

209 2718 381 2783 νείας,
421 2715 507 2772 οἷα
558 2724 659 2791 τῆς
711 2722 1133 2794 καλυπτομένης
1173 2727 1230 2776 ἐν
1282 2725 1393 2786 τοῖς
1445 2724 1789 2796 ἀποκρύφοις

206 2815 310 2882 τῆς
330 2812 506 2881 ψυχῆς
536 2814 727 2883 μέρεσι
749 2815 927 2879 νόσου,
986 2816 1404 2887 φανερουμένης
1449 2814 1536 2869 διὰ
1584 2815 1680 2886 τῆς
1729 2818 1789 2871 ἐν

207 2906 323 2967 τοῖς
356 2904 544 2965 ὕπνοις
569 2904 828 2975 ρεῦσεως.
873 2907 1035 2974 Μέγα
1073 2902 1188 2971 οὖν,
1233 2907 1473 2977 ἀδελφοὶ,
1500 2909 1560 2962 τὺ
1592 2910 1789 2981 κατόρ-

1899 455 2115 511 serpere
2140 456 2399 515 conatur;
2433 467 2498 505 ne
2532 452 2691 518 forte,
2721 458 2963 514 admisso
2993 463 3187 531 capite,
3210 465 3479 536 reliquum

1897 532 2060 588 etiam
2096 550 2297 607 corpus
2331 556 2437 595 una
2468 543 2724 599 illabalur
2746 588 2759 611 ,
2794 557 2845 603 et
2879 549 2931 603 in
2961 551 3226 607 nefariam
3262 532 3479 612 decida-

1898 638 2019 679 mus
2047 627 2336 684 actionem.
2372 629 2515 686 Bene
2547 636 2729 706 itaque
2758 639 2893 704 erit,
2931 641 2975 696 si
3010 646 3269 713 parvulos
3306 647 3478 720 Baby-

1896 714 2039 770 lonis
2059 758 2074 779 ,
2121 726 2305 789 turpes
2325 762 2340 786 ,
2372 722 2593 793 inquam
2613 767 2627 787 ,
2660 731 3050 801 cogitationes,
3079 751 3203 805 quB
3230 753 3331 792 nos
3364 742 3477 809 pri-

1895 820 2045 858 nium
2075 806 2432 877 adoriuntur,
2461 814 2526 867 ad
2561 826 2769 885 petram
2793 859 2806 879 ,
2855 836 2977 889 quae
3016 833 3097 877 est
3125 806 3380 882 Christus
3411 825 3431 867 ί
3460 870 3474 890 .

1894 895 2186 953 allidamus
2216 908 2379 970 atque
2404 903 2721 963 obteraiuus
2748 911 2793 963 ε.
2829 912 3041 968 Adtrita:
3072 917 3270 971 etenim
3297 958 3312 984 ,
3352 919 3474 989 plu-

1896 986 2092 1041 rimum
2122 991 2281 1046 nobis
2314 995 2599 1049 turbarum
2630 1014 2692 1052 ac
2725 1002 3098 1073 molestiarum
3123 986 3472 1065 exhibebant.

1894 1076 2003 1133 Nec
2050 1095 2179 1136 vero
2222 1098 2322 1141 nos
2356 1086 2631 1158 impurum
2673 1090 3053 1152 fornicationis
3091 1102 3343 1169 spiritum
3380 1120 3481 1175 per

1893 1168 2064 1222 solam
2115 1171 2431 1243 religiosam
2487 1180 2936 1237 exercitationem
2997 1168 3304 1255 dejecturos
3354 1168 3476 1247 esse

1891 1260 2265 1330 confidamus,
2307 1267 2413 1321 nisi
2462 1267 2553 1323 Dei
2588 1272 2898 1329 subsidium
2928 1280 3244 1334 accesserit.
3287 1282 3476 1352 Neque

1890 1348 2034 1402 enim
2078 1350 2240 1406 homo
2285 1355 2354 1407 ab
2391 1370 2457 1409 eo
2499 1366 2624 1413 ante
2666 1367 2971 1433 Oppugnari
3020 1365 3266 1433 desinet,
3307 1348 3475 1441 quam

1889 1454 2015 1494 Vere
2040 1443 2354 1509 crediderit,
2387 1448 2529 1516 quod
2564 1465 2671 1505 nou
2706 1468 2807 1507 suo
2838 1455 3023 1510 studio
3055 1466 3109 1512 et
3144 1459 3351 1525 labore,
3380 1464 3474 1518 sed

1888 1531 1982 1585 Dei
2014 1535 2350 1601 protectione
2381 1545 2544 1608 atque
2574 1542 2827 1610 praesidio
2851 1545 2921 1600 ab
2946 1546 3048 1601 hoc
3067 1563 3263 1618 aspero
3304 1551 3483 1623 ﬂagro

1888 1623 2200 1681 liberandus
2245 1628 2335 1681 sit.
2370 1626 2647 1698 Siquidem
2695 1648 2782 1688 res
2823 1644 2909 1690 est
2963 1637 3166 1693 eximia
3208 1654 3274 1693 ac
3314 1656 3474 1711 supra

1890 1721 2181 1779 naturam;
2237 1725 2291 1770 et
2327 1719 2420 1787 qui
2464 1721 2648 1776 carnis
2695 1721 3035 1780 irritamenta
3077 1735 3131 1780 et
3174 1728 3477 1798 voluptates

1887 1806 2137 1874 proterit,
2173 1822 2201 1861 a
2240 1822 2469 1879 corpore
2516 1812 2921 1882 quodammodo
2970 1818 3203 1874 excedit.
3247 1819 3477 1876 Proinde

1888 1895 2002 1950 fieri
2032 1897 2241 1968 nequit,
2274 1909 2334 1954 ut
2365 1901 2530 1957 bomo
2565 1904 2794 1961 suismet
2822 1909 3015 1977 pennis
3045 1910 3112 1964 ad
3142 1912 3474 1977 castitatem,

1888 1991 2160 2045 excelsam
2210 2007 2359 2060 rem,
2411 1995 2700 2062 convolet,
2741 1998 2848 2053 nisi
2890 1998 2986 2055 Dei
3030 2016 3248 2073 quoque
3306 2004 3477 2073 gratia

1887 2096 2010 2134 eum
2043 2096 2072 2136 a
2103 2084 2567 2152 perturbationum
2613 2089 2778 2142 animi
2816 2089 2969 2146 fovea
3030 2092 3082 2146 in
3140 2094 3308 2148 altum
3343 2096 3476 2150 edu-

1888 2171 2048 2226 xerit.
2070 2172 2338 2228 Caeterum
2373 2176 2633 2231 indicium
2662 2220 2677 2244 ,
2711 2182 2855 2249 quod
2890 2183 3160 2253 quispiam
3197 2184 3336 2241 hanc
3369 2189 3477 2243 vir-

1888 2271 2058 2317 tutem
2087 2266 2245 2333 plene
2271 2266 2344 2320 sit
2376 2279 2732 2332 consecutus,
2768 2272 2911 2325 istud
2944 2283 3047 2338 est,
3084 2275 3128 2329 si
3160 2276 3306 2330 nulla
3332 2275 3475 2332 fmda

1886 2353 2205 2424 imaginatio
2264 2372 2360 2426 per
2405 2374 2658 2414 somnum
2706 2363 2759 2415 in
2816 2364 3052 2417 animam
3106 2366 3329 2420 insiliat.
3390 2366 3477 2422 Eae

1887 2459 2123 2515 namque
2188 2458 2510 2515 argumento
2552 2459 2681 2503 sunt
2730 2453 2970 2507 animam
3028 2466 3338 2525 :egrotare,
3375 2473 3476 2513 nec

1888 2536 1957 2590 ab
2005 2536 2319 2606 hujusmodi
2369 2540 2565 2595 affectu
2617 2543 2800 2598 adhuc
2852 2560 2977 2600 esse
3023 2547 3274 2602 liberam.
3321 2546 3476 2604 Unde

1887 2637 1940 2682 et
1970 2631 2186 2683 easdem
2222 2630 2456 2686 dicimus
2486 2637 2856 2691 antecedentis
2900 2639 3166 2693 socordia;
3186 2680 3202 2706 ,
3244 2640 3473 2695 abditae-

1888 2737 1993 2792 que
2037 2723 2088 2775 in
2118 2723 2274 2779 nobis
2307 2724 2693 2782 imbecillitatis
2720 2743 2843 2783 esse
2883 2730 3127 2796 iudices,
3164 2747 3269 2787 non
3313 2748 3477 2789 secus

1889 2829 1954 2869 ac
2002 2816 2176 2871 morbi
2222 2817 2510 2886 cujusdam
2562 2819 2614 2873 in
2664 2821 2833 2875 animi
2877 2824 3248 2899 penetralibus
3285 2824 3475 2879 delitc-
3534 2882 3541 2897 ,

1891 2907 2095 2962 scentis
2125 2949 2140 2974 ,
2174 2923 2238 2963 ac
2274 2923 2394 2963 sese
2454 2910 2828 2978 patefacientis
2877 2929 2970 2981 per
3017 2913 3309 2969 tluxionem
3352 2931 3475 2985 qua:

208 2998 372 3067 Οωμα
404 2997 504 3065 τῆς
535 2998 752 3065 ἁγνείας
784 3000 877 3052 καὶ
917 3000 1277 3071 σωφροσύνης
1299 3017 1312 3030 ·
1351 3001 1447 3054 καὶ
1484 3001 1573 3055 διὰ
1625 3002 1786 3055 τοῦτο

1900 2999 1944 3052 in
1978 3000 2188 3055 somnis
2212 3002 2502 3072 contingit.
2534 3001 2725 3073 Magna
2755 3004 2958 3075 itaque,
2989 3006 3206 3073 fratres,
3249 3011 3474 3064 castita-

212 3090 484 3162 μεγάλαις
516 3092 610 3144 κα)⁵
646 3091 919 3155 ποικίλαις
941 3093 1258 3159 ἐπιϐουλαῖς
1290 3095 1611 3173 πολεμεῖται
1634 3095 1787 3166 παρά

211 3185 322 3236 τῶν
348 3184 577 3255 ἐχθρῶν.
628 3183 766 3235 Ἀλλ’
799 3186 965 3253 ἡμεῖς
1017 3185 1240 3251 εἰδότες,
1282 3188 1366 3240 ὅτι
1416 3186 1596 3255 χωρὶς
1625 3188 1788 3256 ἁγια-

207 3276 393 3343 σμοῡ,
449 3277 592 3330 κατὰ
650 3277 738 3329 τὸν
785 3278 1134 3343 Ἀπόστολον,
1180 3278 1379 3344 οὐδεὶς
1432 3278 1642 3349 ὄψεται
1683 3279 1788 3333 τὸν

213 3370 455 3434 Κύριον,
499 3366 576 3437 μὴ
630 3367 1026 3438 ἀποκάμωμεν,
1096 3372 1458 3439 φυλάττοντες
1510 3371 1786 3442 ἐπιμελῶς

206 3461 309 3527 τὴν
343 3458 588 3528 καρδίαν,
627 3459 718 3511 καὶ
749 3460 1337 3530 ὲγκρατευόμενοι,καὶ
1362 3464 1583 3522 πυκνῶς
1614 3483 1787 3535 προσ-

210 3549 501 3617 ευχόμενοι
557 3547 695 3616 μετά
746 3550 1079 3617 στεναγμοῦ,
1135 3552 1232 3604 καὶ
1260 3552 1428 3604 τᾶλλα
1482 3554 1785 3618 ποιοῦντες,

208 3642 359 3701 ὅπως
389 3637 486 3708 τὴν
514 3638 742 3706 κάμινον
772 3640 871 3708 τῆς
900 3640 1177 3708 ἡμετέρας
1200 3641 1422 3709 σαρκὸς,
1456 3641 1523 3710 ἣν
1550 3643 1579 3693 ὁ
1607 3642 1788 3694 Βαϐυ-

208 3733 402 3793 λώνιος
433 3730 686 3799 βασιλεὺς
714 3730 944 3784 ἀνάπτει
985 3733 1098 3792 τοῖς
1131 3731 1231 3801 τῆς
1262 3729 1564 3799 ἐπιθυμίας
1600 3732 1781 3801 ὲρεθιυ

216 3827 393 3892 σμοῖς,
421 3822 817 3893 ἁποσϐἐσωμεν
839 3824 904 3893 τῇ
937 3822 1217 3891 παρουσίᾳ
1238 3819 1331 3873 τοῦ
1359 3821 1516 3889 ἁγίου
1545 3821 1792 3889 Πνεῦμα-

214 3935 323 3980 τος.
359 3916 515 3986 Λῦτῷ
541 3920 573 3988 ἡ
606 3917 734 3982 δόξα
765 3918 846 3978 εἰς
872 3917 997 3978 τοὺς
1028 3913 1253 3976 αἰῶνας.

298 4010 630 4079 Σωφροσύνη
688 4010 789 4079 μὲν
821 4007 1149 4079 ἐγκρατείας
1181 4004 1370 4058 τέκνον
1395 4020 1406 4032 ·
1454 4006 1678 4073 πορνεία
1733 4001 1788 4055 δὲ

214 4102 458 4171 θυγάτηρ
486 4101 952 4171 γαστριμαργίας.

288 4193 563 4261 Κυμάτων
589 4192 677 4262 βία
725 4193 977 4264 χειμάζει
1009 4192 1191 4246 πλοῖον
1219 4208 1230 4221 ·
1268 4190 1363 4244 καὶ
1386 4187 1511 4245 νοῦν
1549 4189 1788 4261 ἀκρατῆ,

216 4288 477 4357 λογισμὸς
502 4288 779 4357 πορνείας.

289 4380 449 4448 Ὄφις
502 4379 750 4451 εὔανοὴς,
801 4380 951 4449 βέλος
1003 4378 1549 4452 πεφαρμακωμένον·
1586 4376 1788 4449 ἔτρωσε

212 4471 411 4543 ψυχὴν,
462 4473 557 4525 καὶ
596 4472 687 4525 τὸν
743 4473 818 4525 ίὸν
867 4472 1176 4535 ἐναπέθετο,
1223 4472 1313 4523 καὶ
1357 4472 1479 4523 ὅσον
1531 4470 1787 4541 χρονίζει,

219 4566 435 4617 πλείονα
468 4565 629 4634 σῆψιν
664 4566 976 4636 ἐργάζεται.

288 4656 525 4709 Βέλτιοιν
574 4656 709 4709 οἴκοι
748 4656 973 4725 μένοντα
1033 4656 1333 4726 σχολάζειν,
1390 4657 1422 4727 ἢ
1482 4657 1645 4725 τιμᾷν
1708 4655 1792 4708 δο-

217 4750 413 4802 κοῦντα
479 4749 573 4812 τὰς
632 4750 843 4819 ἑορτὰς,
886 4750 1164 4819 πάρεργον
1208 4748 1301 4801 τοῦ
1346 4747 1597 4818 δαίμονος
1643 4747 1792 4817 γίνεο

219 4842 359 4896 σθαι.

291 4935 506 4988 Ἔλαιον
537 4934 728 5004 τρέφει
757 4931 969 5002 λύχνον,
1009 4949 1099 4984 και
1126 4931 1331 5002 πυρσὸν
1365 4931 1557 5001 ἡδονῆς
1610 4931 1794 5001 ὁμιλία

217 5026 497 5089 γυναικός.

286 5115 458 5183 Φεῦγε
501 5115 792 5185 συντυχίας
855 5113 1151 5181 γυναικῶν,
1202 5114 1296 5165 καὶ
1342 5114 1416 5183 μὴ
1455 5111 1560 5183 δῷς
1606 5112 1795 5174 αὐταῖς

291 5293 311 5334 τ
346 5296 359 5348 Ι
390 5295 514 5350 Cor.
557 5312 607 5359 .\',
641 5295 693 5349 4.
776 5297 800 5333 ε
837 5294 979 5349 PSul.
1006 5310 1227 5359 cxxxw,
1251 5295 1304 5348 9.

1388 5288 1413 5327 ιι
1440 5290 1599 5345 llebr.
1629 5306 1726 5355 xu,
1760 5290 1845 5343 M.

1892 3091 1960 3146 tis
1990 3100 2045 3146 et
2074 3092 2347 3162 pudicitiae
2378 3094 2550 3149 virtus
2582 3104 2703 3162 est;
2734 3097 2804 3151 ob
2850 3096 3013 3166 idque
3044 3101 3254 3168 magnis
3280 3101 3474 3156 variis-

1889 3197 1996 3251 que
2038 3184 2247 3239 insidiis
2291 3183 2359 3238 ab
2392 3184 2641 3240 hostibus
2671 3199 3039 3258 oppugnatur.
3100 3189 3299 3246 Verum
3335 3205 3472 3257 nos,

1889 3276 2041 3345 gnari
2092 3278 2237 3347 quod
2282 3280 2394 3331 sine
2430 3280 2814 3343 sanctimonia,
2856 3291 2916 3335 ut
2958 3282 3035 3336 ait
3072 3284 3368 3351 Apostolus
3403 3284 3427 3323 ¹ι
3453 3322 3474 3347 ,

1890 3384 2039 3423 nemo
2080 3371 2273 3424 ridebit
2316 3371 2642 3436 Dominum,
2683 3388 2752 3428 ne
2796 3373 3152 3440 fatiscamus,
3181 3374 3311 3430 dum
3350 3377 3477 3432 dili-

1888 3469 2079 3530 genter
2136 3475 2231 3515 cor
2305 3470 2552 3516 nostrum
2602 3477 3019 3528 conservamus,
3080 3466 3472 3522 continentiam

1889 3552 2142 3615 colimus,
2183 3552 2404 3607 crebras
2436 3568 2625 3622 preces
2649 3570 2773 3610 cum
2806 3557 3009 3627 gemitu
3040 3556 3346 3626 fundimus,
3368 3574 3476 3615 cst-

1892 3649 2119 3709 teraque
2178 3641 2450 3706 facimus,
2505 3657 2616 3711 quo
2666 3646 2850 3703 carnis
2903 3658 3104 3703 nostra:
3153 3649 3473 3715 fornacem,

1890 3745 2053 3798 quam
2088 3729 2417 3799 Babylonius
2457 3746 2549 3785 rex
2591 3748 2687 3801 per
2709 3736 3026 3805 cupiditatis
3056 3739 3343 3797 illecebras
3383 3757 3474 3797 ac-

1892 3820 2094 3885 cendit,
2119 3818 2355 3889 Spiritus
2382 3823 2553 3877 sancti
2580 3823 2885 3880 interventu
2908 3829 3346 3899 exstinguamus.
3368 3831 3471 3901 Ipsi

1892 3911 2064 3983 gloria
2097 3912 2150 3964 in
2190 3912 2411 3966 saecula.

1962 4003 2225 4058 Pudicitia
2259 4004 2610 4060 continentia:
2639 4005 2746 4061 filia
2772 4014 2889 4073 est;
2931 4006 3228 4065 fornicatio
3250 4020 3431 4067 autem
3456 4053 3473 4079 ,

1892 4096 2030 4167 gula:
2064 4096 2305 4152 soboles.

1963 4188 2251 4243 Fluctuum
2279 4188 2515 4257 impetus
2539 4203 2728 4243 navem
2756 4190 2962 4260 iactat;
3008 4202 3245 4248 mentem
3273 4194 3473 4251 intem-

1894 4287 2170 4352 perantem
2197 4321 2211 4345 ,
2254 4278 2634 4335 fornicationis
2666 4281 2947 4352 cogitatio.

1992 4372 2204 4428 Florida
2279 4372 2446 4426 facies
2478 4412 2493 4438 ,
2560 4372 2727 4428 telum
2775 4385 3103 4430 venenatum
3150 4387 3233 4431 est
3282 4395 3295 4431 :
3354 4378 3476 4431 ani-

1919 4482 2068 4521 mum
2103 4467 2334 4533 sauciat,
2359 4477 2413 4521 et
2445 4468 2495 4520 in
2554 4467 2674 4537 ipso
2713 4482 2982 4523 venenum
3014 4469 3219 4539 infigit;
3259 4484 3476 4539 quoque

1901 4556 2107 4611 diutius
2147 4558 2494 4621 immoratur,
2525 4573 2590 4611 eo
2622 4556 2885 4626 majorem
2909 4558 3118 4613 saniem
3152 4557 3333 4614 etlicit.

1969 4649 2201 4703 Praestat
2240 4649 2387 4704 domi
2439 4650 2685 4718 quietum
2740 4665 2984 4718 manere,
3020 4666 3183 4719 quam
3237 4650 3476 4719 putando

1902 4739 2038 4812 festa
2069 4741 2273 4807 colere,
2304 4741 2570 4798 daemonis
2596 4742 2835 4812 praedam
2867 4751 2921 4799 et
2944 4742 3310 4798 accessionem
3339 4742 3472 4797 fieri.

1978 4929 2168 4984 Oleum
2206 4926 2481 4981 lucernam
2524 4924 2657 4989 alit,
2715 4924 2952 4991 itemque
2982 4922 3275 4992 voluptatis
3321 4919 3474 4973 ﬂam-
3508 4956 3516 4964 .

1905 5033 2073 5085 niam,
2103 5017 2345 5073 mulieris
2367 5016 2723 5072 consuetudo.

1965 5107 2250 5163 Mulierum
2280 5107 2556 5163 consortia
2582 5105 2726 5176 fuge,
2746 5120 2847 5161 nec
2861 5103 3161 5160 libertatem
3181 5094 3315 5173 ipsis
3343 5116 3474 5156 con-

1516 5466 1597 5521 VA
1610 5466 1744 5521 RL/E
1778 5465 2068 5521 LECTION
2081 5466 2181 5521 ES.

290 5652 309 5681 ⁸
348 5655 431 5709 Al.
467 5656 796 5726 ἀναπτῆναι.
