3998 6116
589 137 610 193 l
626 129 720 194 £47

2037 131 2096 190 S.
2130 132 2288 191 NlLl

3666 131 3765 194 lli?)

585 246 734 298 cede.
772 240 956 295 Primo
990 251 1309 307 congressu,
1339 245 1388 292 et
1417 237 1650 292 demissa
1679 238 1826 292 humi
1857 238 1991 292 facie
2025 241 2150 292 leui-

2264 240 2599 310 παρρησίαν.
2634 241 2834 313 Πρώτῃ
2871 240 3152 310 συντυχίᾳ,
3184 240 3277 292 καὶ
3316 240 3370 292 τὸ
3408 240 3607 311 βλέμμα
3633 246 3768 298 τείνα-

581 349 660 392 ter
689 336 1006 404 loquuntur,
1031 340 1083 384 ct
1114 332 1479 401 lacrymanlur
1508 331 1860 394 miseranter;
1889 331 2159 384 modeste-

581 443 688 498 que
733 442 853 481 sese
913 431 1266 492 componunt,
1311 422 1622 492 frequenter
1669 423 2068 492 ingemiscunt;
2099 425 2162 476 de

581 520 831 575 castitate
852 525 1267 587 percontantur,
1293 527 1345 570 et
1368 517 1609 569 studiose
1634 517 1879 569 audiunt.
1909 514 2158 570 Secunda

581 613 696 664 vice
743 609 942 668 vidisti.
992 609 1104 676 jam
1149 607 1420 676 paulisper
1464 608 1715 660 attollunt
1749 607 1966 672 oculos;
2001 607 2158 661 tertio

581 702 896 770 colloquio,
953 700 1114 752 lixius
1177 707 1228 751 te
1292 699 1601 757 intuentur.
1665 696 1978 760 subrident,
2049 696 2158 748 imo

580 792 738 846 etiam
783 790 1066 858 profusum
1114 788 1282 840 risum
1324 786 1524 852 edunt;
1580 801 1643 839 ac
1683 785 1914 854 denique
1965 796 2158 839 cuncta

585 897 706 952 quae
751 881 989 934 animam
1027 878 1278 933 obsident
1323 877 1642 936 moliuntur,
1698 877 1886 929 hamos
1945 876 2158 940 mortis,

586 972 984 1042 praestigiarum
1018 970 1402 1032 illectamenta,
1438 977 1601 1035 atque
1634 965 2003 1034 multipliciter
2026 981 2160 1019 con-

579 1077 752 1120 textas
795 1064 999 1133 plagas.

647 1155 726 1207 Ad
761 1154 938 1222 ignem
985 1151 1028 1205 si
1071 1151 1293 1218 propius
1321 1149 1637 1208 accesseris,
1690 1149 1869 1201 statim
1916 1148 2158 1212 resilics;

579 1253 634 1296 at
663 1243 706 1296 si
740 1242 983 1295 mulieris
1005 1241 1186 1294 verbis
1215 1250 1264 1294 te
1288 1239 1517 1294 emolliri
1567 1239 1735 1302 sinas,
1767 1255 1873 1292 non
1905 1240 2048 1293 illico
2074 1255 2160 1294 re-

582 1335 764 1387 cedes.

650 1421 798 1475 Viret
831 1423 1019 1485 herba,
1071 1437 1193 1491 qua
1228 1420 1384 1490 aquis
1412 1421 1714 1489 propinqua
1743 1429 1865 1484 est;
1901 1430 1954 1474 et
1977 1419 2158 1474 libidi-

580 1513 664 1567 nis
689 1511 934 1574 affectus,
965 1513 1016 1564 in
1053 1511 1300 1564 muliebri
1331 1509 1628 1577 colloquio.

650 1602 844 1656 Forma
878 1601 1082 1664 fucata,
1122 1600 1599 1670 intcmperantinm
1644 1599 1911 1669 pernicies
1938 1609 1991 1654 et
2027 1617 2162 1655 nau-
2195 1587 2236 1644 Β

580 1692 811 1760 fragium
846 1700 947 1744 est.

551 1841 580 1853 ἰ
649 1777 1120 1844 Quemadmodum
1181 1776 1324 1846 ignis
1374 1775 1636 1829 memoria
1666 1786 1898 1831 mentem
1936 1780 2161 1834 minime

580 1871 729 1933 urit;
771 1870 851 1923 sic
886 1884 985 1922 nec
1028 1869 1274 1929 allectus,
1317 1875 1523 1920 remota
1563 1866 1818 1928 materia.
1856 1884 1961 1938 qua
1999 1870 2161 1924 alitur

576 1969 739 2028 atque
769 1968 1016 2028 augetur.

646 2047 748 2100 Par
772 2055 874 2108 est,
909 2044 1146 2113 serpenti
1179 2052 1230 2097 et
1260 2043 1475 2097 all‘ectui
1510 2060 1753 2113 parcere.
1790 2041 1926 2096 Nam
1978 2053 2035 2095 ut
2071 2058 2158 2098 oc-

576 2139 852 2192 casionem
888 2136 1214 2197 invenerint,
1242 2136 1555 2189 interimere
1587 2136 1871 2190 festinant.

651 2228 706 2281 In
766 2243 1064 2296 congressu
1117 2226 1546 2295 perniciosarum
1597 2241 1973 2296 personarum,
2026 2239 2155 2277 con-

577 2319 982 2389 quiescentibus
1011 2319 1120 2371 tuis
1156 2318 1525 2386 passionibus,
1563 2326 1932 2385 neprOpterea
1979 2316 2152 2370 culill-

575 2411 696 2466 das.
733 2411 847 2465 Hoc
875 2412 1021 2464 enim
1052 2424 1272 2479 quoque
1296 2425 1386 2463 ars
1415 2417 1516 2474 est,
1561 2418 1618 2463 ut
1653 2410 1938 2463 adversum
1983 2418 2033 2463 te
2067 2409 2152 2461 in-

576 2508 799 2553 cautum
837 2499 1147 2566 insurgant,
1177 2513 1352 2567 eoque
1393 2499 1554 2552 modo
1591 2498 1804 2553 facilius
1843 2509 1892 2552 te
1913 2501 2152 2568 capiant.

647 2587 704 2639 Si
751 2587 966 2654 quando
1021 2585 1272 2638 allectum
1320 2585 1535 2648 viceris,
1581 2601 1649 2639 ne
1705 2587 1825 2640 ideo
1863 2601 2050 2640 curam
2100 2593 2154 2639 et

579 2676 992 2732 sollicitudinem
1021 2675 1263 2743 abjicias.
1289 2675 1345 2727 Si
1379 2675 1596 2744 quidem
1620 2675 1843 2729 allectus
1872 2676 2011 2730 ultro
2031 2676 2154 2730 red-

591 2769 669 2821 ire
695 2769 891 2832 solent,
945 2781 1008 2822 ac
1055 2767 1334 2836 repentino
1361 2767 1562 2836 impetu
1612 2767 1801 2837 ingens
1837 2767 2150 2823 hominibus

576 2855 808 2908 incautis
843 2854 1141 2922 periculum
1179 2853 1445 2907 inferunt.

648 2945 898 3000 Scintilla
952 2947 1007 3000 in
1055 2946 1225 3015 paleis
1279 2963 1488 3001 moram
1549 2947 1812 3010 trahens,
1869 2925 2216 3002 llammamc

572 3034 806 3100 excitat;
845 3043 959 3089 tum
989 3035 1152 3089 noxia
1177 3036 1483 3090 recordatio
1515 3035 1723 3090 diutius
1749 3037 2016 3102 insidens,
2045 3036 2149 3092 for-

573 3127 872 3182 nicationis
899 3128 1272 3197 cupiditatem.

641 3217 713 3273 Ut
745 3217 939 3271 mortis
971 3216 1234 3271 memoria
1273 3216 1517 3272 ciborum
1542 3217 2014 3288 intemperantiam
2039 3234 2141 3272 am-

568 3318 764 3378 putat;
813 3309 892 3362 sic
921 3307 1162 3362 libidinis
1191 3309 1543 3377 petulantiam
1583 3315 1792 3363 resecat
1808 3308 2144 3362 continentia

566 3401 758 3469 juncta
795 3399 1090 3452 humilitati
1118 3409 1174 3453 et
1197 3400 1454 3454 orationi.

645 3490 701 3544 Si
736 3490 983 3544 libidinis
1009 3492 1264 3560 cogitatio
1294 3493 1535 3546 animum
1568 3499 1721 3545 tuum
1747 3490 1990 3553 subierit,
2013 3505 2145 3545 con-

567 3577 750 3632 festim
798 3586 1036 3632 mentem
1070 3580 1192 3633 inde
1225 3581 1554 3635 abstractam
1604 3579 1671 3633 ad
1719 3577 1887 3633 Deum
1927 3594 2142 3632 summo

567 3672 748 3726 studio
779 3672 998 3740 attolle;
1033 3688 1101 3728 ne
1144 3673 1350 3727 diutius
1383 3673 1722 3738 immoratus,
1757 3682 2013 3742 tanquam
2046 3687 2142 3725 vo-

564 3761 785 3832 luptatis
816 3776 1024 3820 amator
1053 3765 1458 3820 condemneris.

634 3853 772 3908 Cum
812 3855 1056 3912 libidinis
1103 3858 1298 3912 ardore
1347 3857 1676 3927 llagraveris,
1731 3865 1843 3909 tum
1911 3855 2136 3924 ingemi-

561 3959 721 4000 sceus
756 3947 845 4001 hic
870 3948 1050 4002 verbis
1077 3956 1230 4002 utere
1259 3966 1271 4002 :
1305 3946 1415 4001 lleu
1444 3963 1530 4002 me
1563 3947 1843 4008 miserum,
1875 3949 1918 4000 si
1949 3947 2136 4000 diabo-

561 4036 672 4090 lum
709 4038 840 4101 Deo,
872 4049 924 4094 et
943 4039 1308 4108 impuritatem
1326 4038 1549 4108 puritati
1570 4047 1929 4107 anteposuero
1957 4040 1969 4090 !
2001 4037 2134 4090 1)νο-

551 4128 790 4196 jt’cientes
858 4139 937 4184 me
987 4147 1126 4184 nunc
1178 4131 1630 4184 circumdederunt
1677 4145 1757 4181 me
1805 4131 1846 4182 ί.
1877 4129 2132 4181 Exsulta-

563 4222 634 4274 u'o
683 4238 820 4285 mea,
879 4239 1000 4276 erue
1052 4239 1132 4276 me
1197 4239 1229 4275 a
1283 4221 1735 4274 circumdantibus
1786 4218 1939 4273 mei.
1993 4219 2132 4275 Sunt

557 4312 722 4367 etiam
756 4315 1026 4378 nonnulli,
1062 4315 1157 4384 qui
1206 4314 1402 4369 fustem
1438 4313 1729 4380 accipiant,
1779 4326 1947 4380 seque
1973 4327 2123 4366 acer-

514 4463 521 4475 .
559 4403 697 4456 rinte
727 4401 938 4465 feriant,
979 4413 1142 4473 atque
1185 4405 1258 4459 ita
1308 4403 1558 4457 ardorem
1610 4403 1904 4472 expellant,
1941 4404 2127 4459 dolore

557 4493 818 4559 nimirum
848 4495 1176 4563 voluptatem
1215 4495 1404 4562 procul
1429 4493 1702 4562 abigente.

624 4581 850 4649 Quoties
875 4585 1118 4642 libidinis
1145 4586 1398 4641 illecebra
1433 4587 1662 4640 seorsim
1698 4586 1750 4640 in
1781 4593 1831 4640 te
1866 4585 2121 4657 impetum

548 4673 763 4740 iecerit,
796 4691 978 4745 surge,
1014 4691 1078 4730 ac
1113 4685 1164 4731 te
1206 4692 1391 4732 coram
1427 4675 1536 4730 Deo
1575 4676 1800 4746 projice,
1828 4675 2068 4732 clamans
2107 4695 2120 4731 :

556 4765 653 4819 Fili
685 4765 798 4832 Dei,
829 4768 1024 4836 adjuva
1053 4784 1138 4823 me
1167 4769 1215 4822 ιι.
1244 4768 1427 4840 Neque
1449 4769 1794 4824 vehementer
1831 4771 2118 4825 contriste-

554 4856 630 4912 ris
668 4875 682 4912 :
720 4873 826 4912 non
854 4861 997 4913 enim
1020 4859 1310 4918 affectuum
1343 4861 1622 4916 evulsores
1650 4877 1866 4926 sumus,
1891 4863 1980 4916 sed
2015 4877 2113 4931 op-

550 4955 896 5015 pugnatores.

624 5157 638 5184 ι
673 5143 812 5200 Psal.
848 5164 956 5213 xw,
998 5150 1079 5201 ll.
1157 5148 1169 5197 i
1219 5150 1360 5202 l’sal.
1399 5166 1546 5214 XXXI,
1581 5150 1630 5202 7.

1713 5147 1736 5183 ’ί
1771 5148 1959 5201 Matth.
1993 5165 2078 5207 xv,
2110 5148 2200 5201 25.

2274 348 2360 382 σαι
2388 331 2561 394 κάτω,
2590 331 2811 384 λαλοῦσι
2845 333 3052 404 πράως,
3088 332 3180 383 καὶ
3202 331 3484 399 δακρύουσι
3509 336 3768 402 συμπαθῶς,

2271 422 2366 474 καὶ
2396 424 2818 492 σχηματίζονται
2847 424 3232 493 κοσμίως,“καὶ
3263 424 3435 477 πυκνὰ
3468 425 3766 482 στενάζουσιν·

2270 514 2517 583 ἐρωτῶσι
2573 516 2699 584 περὶ
2758 517 3002 582 ἁγνείας,
3051 519 3146 568 καὶ
3203 517 3492 578 σπουδαίως
3547 517 3764 572 ἀκούουσι.

2269 606 2529 676 Δεύτερον
2564 601 2721 668 εἶδες,
2768 609 2861 658 καὶ
2901 606 3094 676 μικρὸν
3139 607 3460 658 ἀνένευσαν·
3490 609 3664 675 τρίτον,
3703 615 3767 661 καί

2273 698 2573 766 προσέσχον
2619 697 2990 768 άτενέστερον,
3032 699 3366 766 ὲμείδίασαν,
3399 699 3488 751 καὶ
3519 701 3766 767 κεχυμένως

2274 789 2566 855 ἐγέλασαν·
2628 791 2724 842 καὶ
2787 788 2972 841 λοιπὸν
3021 789 3340 860 ὲξαρτύουσι
3381 789 3546 842 πάντα
3578 791 3636 842 τὰ
3658 793 3766 841 πολι-

2269 881 2534 945 ορκοῦντα
2563 879 2765 949 ψυχὴν,
2811 880 3083 950 ἄγκιστρα
3122 881 3378 945 θανάτου,
3427 883 3514 934 καὶ
3560 882 3765 952 θέλγητρα

2268 969 2544 1040 γοητείας,
2575 973 2670 1024 καὶ¹
2695 971 3011 1025 πολύπλοκα
3040 972 3312 1042 θήρατρα.

2338 1143 2483 1213 [lupi
2540 1144 2637 1212 μὲν
2685 1142 3021 1213 προσελθὼν,
3069 1143 3280 1213 ταχέως
3319 1143 3761 1211 ἀποπηδήσεις-’γυ-

2269 1234 2456 1296 ναικὸς
2493 1234 2548 1286 δὲ
2588 1235 2796 1304 ῥήμασι
2831 1235 3147 1304 χαυνωθεὶς,
3182 1235 3281 1286 οὐκ
3321 1233 3515 1296 εὐθέως
3545 1236 3763 1304 ἀναχωρή·

2271 1344 2404 1388 σεις.

2339 1416 2536 1470 Θάλλει
2586 1415 2784 1486 βοτάνη
2838 1417 2970 1486 παρ’
2999 1415 3174 1481 ὕδασι,
3203 1417 3299 1469 καὶ
3335 1415 3498 1480 πάθος
3524 1418 3760 1481 ἀκολασίας,

2269 1511 2328 1562 ἐν
2352 1508 2537 1579 ὁμιλίᾳ
2565 1508 2846 1574 γυναικός.

2335 1601 2534 1671 Μορφὴ
2575 1600 3091 1672 κεκαλλωπισμένη,
3131 1600 3239 1654 τῶν
3270 1601 3650 1672 ἀκρατεστέρων
3681 1600 3760 1654 ιλε.

2267 1687 2294 1741 θ
2305 1706 2396 1758 ρος
2431 1690 2526 1741 καὶ
2556 1690 2836 1754 ναυάγιον.

2338 1775 2552 1846 ’Ὥσπερ
2608 1779 2797 1846 μνήμη
2853 1775 3026 1848 πυρὸς
3079 1776 3140 1830 οὐ
3188 1778 3339 1830 καίει
3382 1778 3613 1840 διάνοιαν,
3638 1777 3760 1837 οὕτως

2263 1863 2385 1920 οὐδὲ
2419 1867 2609 1931 πάθος,
2635 1869 2882 1938 ἀπούσης
2913 1867 3046 1939 ὕλης
3076 1869 3176 1938 τῆς
3207 1869 3512 1940 τρεφούσης
3540 1870 3619 1922 καὶ
3640 1869 3761 1932 aii:-

2263 1957 2460 2028 νούσης
2488 1958 2640 2012 αὐτό.

2334 2046 2497 2099 Ὅσον
2530 2048 2550 2079 ⁸
2574 2049 2723 2102 ἐστὶν
2763 2047 2939 2118 ὖφεως
2981 2048 3078 2103 καὶ
3118 2049 3331 2113 πάθους
3364 2051 3638 2119 φείσασθαι.
3665 2051 3760 2102 Kai-

2265 2140 2354 2209 ρον
2379 2138 2486 2210 γάρ
2522 2139 2771 2210 εὑρόντα,
2810 2138 3131 2193 σπεύδουσιν
3166 2139 3402 2197 ἀνελεῖν.

2342 2229 2430 2283 Ἐν
2468 2232 2779 2300 συντυχίαις
2810 2231 3117 2302 προσώπων
3153 2231 3454 2304 βλαϐερῶν,
3487 2233 3760 2304 ἠρεμούντων

2262 2335 2345 2370 σοι
2375 2318 2584 2384 παθῶν,
2625 2319 2699 2388 μὴ
2729 2319 3049 2390 πιστεύσῃς.
3095 2321 3272 2392 Τέχνη
3355 2323 3460 2393 γὰρ
3511 2324 3591 2374 καὶ
3629 2320 3757 2383 τοῦτο,

2259 2408 2728 2480 κατεξαναστῆσαί
2760 2411 2803 2442 ¹⁰
2847 2428 2941 2464 σου
2985 2411 3060 2482 μὴ
3101 2413 3521 2493 φυλαττομένου,
3564 2415 3640 2467 καὶ
3668 2415 3761 2482 ῥᾷον

2257 2498 2429 2563 οὕτως
2457 2501 2616 2554 ἑλεῖν.

2326 2592 2393 2643 EE
2424 2609 2552 2644 ποτε
2609 2592 2912 2662 κρατήσεις
2938 2593 3032 2646 τοῦ
3063 2593 3290 2656 πάθους,
3330 2592 3449 2665 μηδ’
3478 2593 3626 2656 οὕτως
3657 2593 3758 2660 ἀμι-

2256 2684 2526 2753 ριμνήσῃς
2545 2702 2558 2715 -
2585 2682 2984 2754 φιλεπίστροφα
3013 2685 3122 2755 γάρ
3145 2685 3211 2738 τὰ
3238 2685 3409 2752 πάθη,
3437 2684 3523 2737 καὶ
3545 2683 3608 2752 τῷ
3629 2683 3758 2749 alati-

2252 2773 2350 2843 δίῳ
2415 2776 2526 2836 τοῖς
2585 2773 2920 2842 ἀφυλάκτοις
2987 2775 3114 2841 ὀξὺν
3178 2777 3270 2829 τὸν
3339 2777 3566 2830 κίνδυνον
3617 2773 3756 2840 ἐπιφέ-

2255 2882 2436 2936 ροντα.

2323 2955 2566 3026 Σπινθὴρ
2600 2956 2919 3026 ὲγχρονίσας
2961 2955 3209 3028 ἀχύροις,
3265 2957 3470 3028 ἐγείρει
3507 2956 3756 3026 φλόγα,και

2253 3047 2469 3136 μνήμη,
2510 3047 2748 3118 βλαϐερὰ
2809 3050 3245 3120 παραμένουσα,
3307 3051 3555 3123 πορνείας
3610 3046 3754 3100 ἐπιθυ·

2253 3135 2404 3204 μίαν.

2333 3227 2630 3302 Ἀκρασίαν
2687 3229 2991 3300 βρωμάτων
3045 3231 3371 3301 περικόπτει
3429 3233 3598 3302 μνήμη
3633 3229 3756 3281 θανά-

2245 3334 2338 3370 του
2375 3319 2414 3349 ¹¹
2441 3330 2456 3346 ⁸
2488 3319 2785 3374 ἀκολασίαν
2821 3321 2879 3373 δὲ
2926 3322 3182 3391 πορνείας
3221 3325 3496 3395 περιαιρεῖ
3522 3321 3756 3392 ἐγκράτεια

2247 3409 2382 3478 μετά
2411 3409 2795 3473 ταπεινώσεως
2835 3412 2928 3464 καὶ
2967 3417 3303 3483 προσευχῆς.
3491 3475 3494 3478 ,

2325 3500 2452 3554 Ἐάν
2484 3518 2566 3554 σοι
2599 3503 2859 3572 λογισμὸς
2910 3503 3205 3567 ἀκολασίας
3249 3507 3620 3576 προσγένηται,
3647 3519 3753 3570 περ·

2241 3591 2439 3643 αυτίκα
2462 3592 2553 3644 τὸν
2587 3592 2710 3646 νοῦν
2737 3595 3088 3660 ἀποσπάσας,
3122 3596 3385 3664 ἀνένεγκε
3417 3597 3545 3666 μετά
3570 3593 3753 3659 σπουδῆς

2231 3683 2378 3753 ’πρὸς
2423 3683 2513 3738 τὸν
2557 3685 2728 3738 θεόν·
2767 3687 2976 3757 μήποτε
3034 3689 3313 3759 χρονίσας,
3355 3685 3658 3757 κατακριθῇς
3684 3683 3738 3743 ὼς

2240 3773 2540 3843 φιλήδονος.

2311 3865 2479 3918 Ὅταν
2531 3867 2790 3937 πυρωθῇς
2840 3868 3130 3937 ἐμπαθῶς,
3162 3867 3284 3921 τότε
3331 3868 3452 3936 λέγε
3494 3865 3746 3927 στενάζων’

2233 3955 2360 4020 Φεῢ,
2401 3958 2450 4009 εί
2486 3960 2807 4028 προτιμήσω
2841 3959 2934 4010 τοῦ
2987 3959 3117 4010 Θεοῦ
3173 3959 3262 4010 τὸν
3297 3958 3553 4020 διάϐολον,
3579 3956 3656 4008 καὶ
3679 3953 3748 4019 τῆς

2233 4047 2601 4119 καθαρότητος
2625 4049 2724 4119 τὴν
2754 4050 3110 4119 ἀκαθαρσίαν.
3157 4052 3534 4114 Ἐκϐαλόντες
3557 4064 3622 4117 με
3646 4042 3745 4097 νιν-ι

2232 4141 2725 4206 περιεκύκλωσὰν
2751 4159 2827 4210 με
2853 4159 2865 4172 °
2895 4142 2960 4195 τὸ
2991 4142 3336 4211 ἁγαλλίαμά
3368 4160 3482 4212 μου
3503 4136 3748 4208 λύτρωσίιί

2227 4250 2302 4301 με
2334 4233 2452 4286 ἀπὸ
2483 4233 2603 4287 τῶν
2638 4233 3082 4287 κυκλωσάντων
3105 4251 3200 4304 με.
3245 4236 3403 4298 Τινὲς
3437 4236 3490 4288 δὲ
3523 4235 3605 4287 καὶ
3631 4226 3745 4294 ξυλά·

2233 4339 2345 4394 ριον
2377 4323 2764 4393 λαμϐάνοντες,
2801 4325 2895 4377 καὶ
2924 4324 3220 4387 τύπτοντες
3261 4327 3486 4387 ἑαυτοὺς
3525 4323 3742 4392 ἐμπόνως.

2227 4411 2372 4465 οὕτω
2409 4413 2508 4483 τὴν
2558 4413 2807 4484 πύρωσιν
2836 4413 3249 4478 ἀπελαύνουσιν,
3281 4415 3356 4478 ὼς
3384 4414 3478 4466 τοῦ
3508 4413 3650 4465 πόνου
3673 4408 3743 4476 τὴν

2227 4505 2421 4574 ἡδονὴν
2447 4506 2634 4576 πόρρω
2677 4505 2982 4576 βάλλοντος.

2309 4597 2528 4658 Ὁσάκις
2561 4595 2625 4648 ἂν
2661 4597 2974 4666 καταμόνας
3014 4596 3218 4670 ἐπέλθῃ
3267 4613 3350 4648 σοι
3391 4594 3628 4666 πορνείας
3656 4593 3742 4658 ἐρε-

2227 4687 2441 4756 θισμὸς,
2487 4689 2726 4751 ἀναστὰς
2765 4690 2920 4759 ρίψον
2967 4690 3190 4742 σεαυτὸν
3233 4690 3462 4742 ἐνώπιον
3503 4685 3588 4738 τοῦ
3621 4679 3738 4738 Θεοῦ.

2228 4778 2394 4847 βοῶν·
2429 4779 2525 4832 Υἱὲ
2556 4779 2649 4832 τοῦ
2681 4779 2835 4840 Θεοῦ,
2868 4780 3050 4849 βοήθει
3084 4799 3205 4850 μου.
3239 4781 3345 4832 Καὶ
3378 4780 3450 4848 μὴ
3484 4775 3660 4842 σφόδρα
3683 4774 3748 4821 λυ-

2226 4865 2328 4916 ποῦ
2351 4881 2363 4893 ’
2398 4866 2460 4918 οὗ
2496 4867 2602 4937 γὰρ
2634 4865 2928 4938 ὲκριζωταὶ
2959 4869 3066 4921 τῶν
3103 4869 3287 4922 παθῶν
3317 4870 3503 4937 ἐσμεν,
3527 4865 3742 4917 anan.

2223 4950 2539 5016 αγωνισταί.

1833 5324 2066 5378 \‘Alll/E
2105 5325 2505 5382 LECTIONES.

614 5499 635 5531 ⁹
675 5496 939 5556 1ηι.ἷσον.
1024 5503 1066 5533 ’⁸
1091 5503 1166 5556 ΑΙ.
1233 5499 1716 5570 κατεξαναῑτῆναί.

1822 5500 1856 5528 ¹¹
1895 5498 2000 5551 lnt.
2044 5501 2198 5556 Θεοῦ.
