3998 6116
539 316 670 381 tam

2027 304 2083 361 S.
2142 301 2301 359 NlLI

3656 297 3785 359 H53.

537 433 718 490 detur,
754 425 1066 479 diuturnam
1099 427 1451 483 senectutem,
1485 417 1727 487 corporis
1759 414 2101 470 imbecillita-

2218 408 2530 478 κατάλειψιν
2566 409 2843 476 συγγενῶν
2871 411 2963 462 καὶ
2998 411 3185 478 φίλων,
3223 410 3316 462 καὶ
3342 408 3594 472 τοιαύτας
3626 408 3784 473 ἄλλας

538 529 665 581 tem,
709 522 1066 583 cognatorum
1099 516 1153 563 et
1184 509 1486 561 amicorum
1517 505 1907 567 desertionem,
1940 503 2107 555 alios-

535 623 640 678 que
670 606 723 660 id
767 618 940 676 genus
991 609 1299 670 prmtextus.
1346 599 1422 652 Ac
1469 597 1723 667 deinceps
1766 596 1818 649 in
1866 595 2108 649 animum

536 701 786 760 subiens,
818 709 1052 763 eumque
1081 708 1304 763 prorsus
1333 704 1631 759 occupans,
1683 697 1850 742 totam
1901 686 2111 756 cupidi-

536 800 700 843 tatem
752 786 819 841 ad
865 801 986 840 sese
1036 783 1292 847 traducit,
1348 780 1781 848 pet-suadetque,
1826 782 2109 848 pecuniam

537 881 706 936 solam
745 888 1009 948 quterere,
1040 877 1092 930 in
1128 890 1300 943 eaque
1335 874 1468 935 sola,
1526 882 1582 925 ut
1613 887 1733 941 qttse
1783 872 1835 924 in
1870 880 2112 938 tempore

536 973 787 1040 adjutura
820 970 910 1034 sit,
934 966 1159 1022 ﬁrmiter
1185 964 1485 1028 conlidere;
1516 980 1665 1033 spem
1693 979 1817 1015 vero
1854 964 1905 1015 in
1945 958 2109 1013 Deum

500 1132 503 1135 ν
538 1062 709 1114 instar
739 1067 1018 1111 ventorum
1064 1064 1338 1125 reputare.
1372 1052 1495 1105 Tria
1530 1068 1692 1121 porro
1729 1053 1967 1104 avaritiam
1985 1060 2112 1104 sunt

502 1146 505 1153 ’
537 1164 736 1221 genera
771 1147 1047 1217 :primum
1073 1184 1088 1210 ,
1142 1144 1360 1213 quando
1399 1143 1522 1211 quis
1569 1157 1629 1195 ea
1681 1142 1879 1210 quibus
1942 1147 2108 1200 caret,

538 1239 768 1311 adipisci
801 1240 997 1310 gestit;
1024 1234 1272 1298 utGiezi,
1307 1233 1469 1302 cuius
1518 1247 1677 1302 poena
1720 1231 1863 1301 lepra
1913 1230 2111 1299 sempi-

536 1346 689 1389 terna
720 1341 803 1387 est
834 1339 861 1367 ιι
899 1350 912 1385 :
955 1331 1208 1393 alterum,
1242 1341 1364 1381 cum
1400 1327 1522 1395 quis
1554 1334 1839 1395 postquam
1884 1321 2114 1376 facultao

539 1427 681 1479 tibus-
716 1424 830 1479 suis
864 1418 1213 1480 renuntiavit,
1247 1432 1441 1471 rursus
1470 1416 1783 1470 divitiarqu
1818 1414 2113 1483 culiiditate

538 1515 801 1579 adicitur;
839 1518 896 1564 nt
925 1508 1114 1572 Iudas,
1168 1508 1327 1576 cujus
1377 1507 1709 1576 supplicium
1754 1505 1983 1561 acerbus
2030 1514 2114 1559 est

539 1607 763 1674 laqueus
788 1610 813 1636 ο
846 1619 858 1655 :
895 1599 1135 1661 tertium,
1170 1596 1259 1650 ubi
1291 1596 1412 1665 quis
1448 1597 1588 1649 bona
1627 1593 1809 1647 omnia
1869 1592 2113 1661 ahjectu-

536 1714 658 1756 rnzn
696 1709 753 1749 se
781 1691 1076 1763 pollicitus,
1110 1688 1467 1759 partcntclam
1495 1686 1726 1750 retinet;
1765 1694 1823 1737 ut
1872 1683 2113 1736 Ananias

2214 500 2542 571 προφάσεις·
2591 502 2683 551 καὶ
2716 500 2898 552 λοιπῦν
2937 500 3257 571 εἰσδυομένη
3301 500 3395 553 καὶ
3445 499 3786 570 περιλαμϐά·

2213 609 2378 646 νουσα
2436 593 2535 663 τὴν
2588 592 2782 661 ψυχὴν,
2836 592 2963 663 ὅλην
3004 594 3104 663 τὴν
3146 591 3445 662 ἐπιθυμίαν
3484 592 3565 654 εἰς
3598 591 3787 661 ἑαυτὴν

2216 682 2467 755 μεθιστᾷ,
2502 684 2597 738 καὶ
2641 684 2819 737 πείθει
2856 686 3014 755 μόνον
3050 685 3109 737 τὸ
3153 683 3417 756 ἀργύριον
3458 685 3664 752 ζητεῖν,
3699 686 3786 736 καὶ

2216 774 2362 846 μόνῳ
2406 777 2582 847 τούτῳ
2627 776 2861 847 βεϐαίως
2901 778 3144 849 θαρρεῖν,
3172 778 3247 840 ὡς
3283 778 3341 830 ἐν
3375 777 3555 846 καιρῷ
3594 775 3779 847 βοηθή·

2215 885 2387 921 σοντι·
2424 868 2523 932 τὰς
2552 869 2609 922 δὲ
2645 869 2780 938 πρὸς
2809 869 2941 922 Θεὸν
2967 870 3210 934 ἐλπίδας.
3236 871 3329 922 ἴσα
3364 869 3459 922 καὶ
3484 867 3681 936 αὔραις
3709 867 3783 917 λο·

2214 958 2480 1026 γίζεσθαι.
2520 961 2681 1029 Τρεῖς
2716 961 2773 1014 δὲ
2806 962 2998 1032 τρόποι
3035 962 3131 1031 τῆς
3171 960 3542 1030 φιλαργυρίας
3565 976 3579 989 ·
3611 963 3639 1011 ὁ
3672 960 3782 1027 μὲν.

2212 1053 2341 1104 ὅταν
2387 1071 2467 1115 τις
2518 1053 2778 1123 ἐπιθυμεῖ
2805 1052 3110 1124 κτήσασθαι
3143 1053 3178 1107 ἃ
3221 1053 3297 1125 μὴ
3326 1053 3471 1122 ἔχει’
3504 1052 3583 1115 ὡς
3611 1052 3782 1118 Γιεζῆ,

2214 1136 2274 1196 οὗ
2308 1143 2603 1211 ἐπιτίμιον,
2634 1145 2665 1213 ἡ
2688 1142 2907 1206 αἰώνιος
2928 1140 3103 1213 λέπρα
3129 1158 3142 1172 ’
3179 1143 3207 1194 ὁ
3229 1141 3306 1207 δὲ,
3337 1141 3465 1193 ὅταν
3483 1159 3565 1203 τις
3592 1142 3784 1192 ἀποτα-

2215 1234 2446 1304 ξάμενος
2473 1230 2554 1298 οἷς
2584 1235 2713 1305 ἔχει,
2735 1236 2898 1289 πάλιν
2922 1235 3181 1305 ἐπιθυμεῖ
3206 1234 3468 1287 πλούτου”
3499 1234 3578 1296 ὡς
3609 1235 3636 1285 ὁ
3671 1232 3785 1284 Ἰού-

2214 1325 2329 1389 δας,
2375 1321 2436 1379 οὗ
2467 1327 2760 1397 ἐπιτίμιον,
2789 1330 2822 1398 ἡ
2858 1328 3030 1399 πικρὰ
3065 1327 3297 1399 ἀγχόνη’
3340 1329 3367 1380 ὁ
3415 1327 3495 1389 δὲ,
3545 1328 3671 1380 ὅταν
3710 1342 3783 1384 τις

2214 1415 2584 1487 ὑποσχόμενος
2623 1417 3038 1487 ἀποκτήσασθαι
3078 1418 3258 1471 πάντα
3301 1418 3399 1470 ὅσα
3437 1418 3576 1486 ἔχει,
3626 1415 3781 1484 λάθρα

2215 1507 2635 1577 παρακατάσχει
2661 1508 2824 1579 μέρος
2844 1525 2859 1540 ⁸
2883 1508 2959 1571 ὠς
2999 1508 3246 1571 Ἀνανίας
3269 1510 3363 1561 καὶ
3389 1508 3699 1579 Σάπφειρα,
3719 1503 3783 1561 ὧν

2215 1597 2509 1666 ἐπιτίμιον,
2540 1600 2568 1650 ὁ
2593 1598 2859 1666 αἰφνίδιος
2890 1599 2985 1653 καὶ
3023 1599 3248 1669 ἀφειδὴς
3281 1599 3537 1663 θάνατος.
3594 1600 3784 1653 Ἐκκο-

2216 1687 2378 1740 πτέον
2408 1689 2587 1743 τοίνυν
2613 1690 2713 1761 τὴν
2742 1691 2899 1761 ῥίζαν
2922 1692 3029 1745 τῶν
3058 1692 3245 1745 κακῶν
3269 1709 3282 1723 ·
3317 1691 3524 1759 ταύτης
3556 1691 3665 1762 γὰρ
3695 1708 3783 1761 με-

514 1788 1118 1857 etSapphira,quorutn
1151 1791 1309 1848 paena
1334 1791 1479 1830 mors
1510 1774 1789 1844 repentina
1817 1782 1870 1826 et
1899 1787 2038 1827 saeva
2062 1782 2107 1825 ι).
2142 1744 2186 1803 Β
2214 1777 2429 1850 νούσης,
2462 1780 2556 1834 καὶ
2596 1784 2644 1835 et
2669 1744 2864 1836 Ικλάδοι
2913 1784 3214 1854 φυήσονται
3239 1799 3254 1813 ·
3287 1784 3362 1854 μή

538 1878 802 1942 Quocirca
842 1873 1120 1929 evellenda
1147 1880 1232 1926 est
1277 1869 1540 1923 malorum
1590 1868 1766 1923 radix.
1804 1865 1933 1921 llaec
1970 1867 2113 1920 enim

539 1970 582 2022 si
624 1975 862 2031 maneat,
897 1964 1033 2019 rami
1075 1977 1295 2033 quoque
1319 1961 1681 2031 pullulabunt.
1727 1960 1806 2013 Ne
1834 1958 2115 2028 in0pinato

538 2060 825 2129 audi-agnus
855 2072 867 2110 :
907 2054 1103 2120 Stulte,
1126 2054 1224 2106 hac
1248 2062 1395 2106 nocte
1424 2052 1659 2105 animam
1694 2060 1841 2103 tuam
1880 2058 2113 2116 repetunt

537 2170 569 2203 ιι
601 2162 689 2214 te;
720 2165 835 2220 qua:
865 2157 1041 2202 autem
1085 2145 1316 2215 parasti,
1369 2144 1522 2214 cujus
1546 2150 1551 2153 '
1573 2154 1723 2198 erunt
1751 2143 1817 2195 ct?
1843 2141 2111 2196 Caeterum

2217 1886 2317 1939 μεν
2349 1872 2773 1945 ἀπροσδοκήτως
2795 1889 2810 1904 ο
2847 1875 3093 1944 Ἀφρον,
3124 1875 3309 1942 ταύτῃ
3344 1873 3418 1942 τῇ
3459 1876 3636 1928 νυκτὶ
3676 1874 3780 1941 τὴν

2212 1959 2425 2029 ψυχήν
2447 1978 2564 2016 σου
2594 1963 2954 2020 ἀπαιτοῦσιν
2980 1965 3098 2020 ἀπὸ
3120 1965 3259 2029 σοῦ,
3283 1963 3321 2019 d
3348 1964 3416 2017 δὲ
3437 1966 3782 2034 ἡτοίμασας,

2211 2050 2328 2103 τίνι
2362 2051 2531 2107 ἔσται
2546 2071 2567 2118 ;
2593 2055 2932 2127 Κατορθοῦσι
2959 2057 3018 2111 δὲ
3050 2057 3285 2127 μάλιστα
3309 2057 3371 2111 τὸ
3397 2057 3784 2129 ἀφιλάργυρον,

2210 2143 2261 2195 οἱ
2290 2142 2347 2196 ἐν
2378 2145 2630 2217 κοινοϐίῳ
2657 2147 2885 2219 μηδενὸς
2908 2149 3306 2221 φροντίζοντες.

536 2243 791 2296 virtutem
845 2246 1167 2307 contemptae
1229 2237 1470 2308 pecunia:
1519 2245 1574 2291 et
1615 2235 1855 2291 avaritim
1908 2235 2132 2305 abjectae
2186 2236 2422 2292 maxime
2485 2239 2523 2293 ii
2572 2241 2855 2309 excolunt,
2899 2243 2990 2313 qui
3056 2244 3110 2297 in
3155 2244 3407 2299 coenobio
3455 2244 3667 2299 nullius
3717 2246 3784 2299 rei

536 2353 723 2393 curam
762 2337 1086 2405 suscipiunt.

611 2431 822 2485 Avarus
869 2430 1192 2496 monachus,
1239 2432 1292 2485 in
1348 2442 1607 2483 manuum
1669 2426 1948 2481 laboribus
1994 2424 2121 2480 dili—

534 2524 905 2595 gentissimus,
949 2537 1044 2577 eos
1109 2522 1327 2591 quidem
1395 2534 1493 2590 pro
1534 2517 1678 2574 seria
1707 2533 1869 2588 opera
1936 2516 2117 2581 habet,

538 2630 636 2683 pro
660 2613 1001 2668 dcfttnctoria
1060 2623 1240 2665 autem
1276 2608 1644 2680 precationem
1681 2622 1745 2661 ac
1795 2606 2115 2671 lectionem,

544 2715 596 2757 ct
623 2704 667 2760 si
706 2704 833 2774 quid
865 2701 1012 2757 aliud
1048 2701 1332 2771 spirituale
1379 2709 1482 2753 est.
1517 2696 1659 2763 Quin
1706 2697 1771 2750 ad
1803 2695 2117 2764 hnjnsmodi

542 2796 768 2851 allectus
801 2793 1164 2865 patrocinium
1218 2789 1347 2845 illud
1378 2803 1596 2859 quoque
1620 2787 1866 2856 Apostoli
1907 2786 2109 2840 dictum

538 2887 783 2941 obtendit
809 2905 819 2939 :
850 2884 954 2952 Qui
987 2884 1192 2939 otiosus
1225 2889 1328 2946 est,
1364 2897 1454 2934 nec
1486 2880 1765 2933 manducet
1794 2893 1837 2933 τ.
1864 2878 2000 2931 Cum
2030 2886 2111 2932 ιιι--

538 2994 661 3034 men
702 2986 912 3040 contra,
949 2992 1011 3031 ea
1046 2991 1166 3044 quae
1205 2975 1399 3030 animas
1441 2973 1593 3027 utilia
1625 2980 1751 3025 sunt
1802 2986 1897 3040 pro
1944 2983 2108 3039 opere

538 3070 721 3124 haberi
747 3069 999 3133 debeant,
1034 3082 1130 3137 pro
1157 3066 1451 3137 appendice
1493 3079 1620 3118 vero
1658 3063 1837 3132 operis
1888 3076 1950 3115 ea
1993 3075 2114 3130 quae

540 3162 793 3217 manibus
848 3160 1232 3214 coniiciuntur.

611 3253 824 3305 Avarus
847 3250 933 3304 ille
955 3259 1059 3313 est,
1092 3264 1200 3303 non
1227 3249 1317 3317 qui
1351 3249 1574 3301 omnino
1629 3248 1885 3315 pecunias
1933 3247 2114 3311 habet,

544 3345 637 3399 sed
671 3344 763 3413 qui
789 3356 884 3397 eas
910 3350 1077 3404 amat,
1122 3349 1286 3410 atque
1307 3340 1531 3409 adipisci
1556 3342 1724 3408 cupit.

611 3432 911 3485 Monachus
959 3430 1110 3484 dives
1157 3438 1213 3482 et
1268 3429 1524 3496 c0piosus
1565 3435 1761 3480 onusta
1812 3442 1962 3479 navus
2011 3434 2111 3487 est,

540 3539 662 3594 qua:
687 3524 739 3575 in
768 3526 1089 3591 tempestate
1126 3517 1281 3574 facile
1315 3519 1705 3589 submergitur.

610 3614 813 3667 Contra
857 3612 903 3667 is
932 3611 1027 3680 qui
1080 3609 1215 3664 nihil
1264 3608 1522 3681 possidet,
1557 3610 1689 3663 levis
1737 3623 1801 3663 ac
1834 3608 2115 3678 expeditus

541 3706 723 3763 viator
752 3712 855 3767 est,
887 3701 981 3774 qui
1032 3702 1086 3756 in
1139 3701 1287 3755 omni
1332 3703 1451 3756 loco
1496 3700 1856 3755 diversorium
1888 3700 2112 3765 invenit,

541 3799 760 3868 citoqne
784 3794 1030 3865 pervenit
1059 3793 1125 3847 ad
1160 3793 1408 3847 bravium
1439 3806 1687 3860 supernae
1717 3790 2017 3847 vocationis
2045 3805 2065 3831 ·
2097 3810 2111 3857 ;

540 3889 724 3961 aquila
752 3887 987 3958 denique
1015 3886 1249 3942 sublime
1292 3886 1502 3948 volans,
1554 3900 1617 3939 ac
1652 3893 1765 3939 tum
1796 3885 2016 3940 demum
2049 3886 2112 3940 ad

541 3983 720 4037 cibum
754 3979 1035 4045 devolans,
1073 3993 1192 4035 cum
1232 3978 1523 4035 necessitas
1562 3977 1723 4043 cogit.

610 4069 912 4125 Monachus
948 4070 1189 4122 avaritiae
1218 4067 1411 4122 morbo
1439 4065 1716 4126 laborans,
1771 4080 2051 4134 nunquam
2081 4079 2111 4120 a

539 4178 670 4218 cura
694 4170 746 4216 et
775 4159 1136 4216 sollicitudine
1158 4158 1295 4213 liber
1322 4167 1425 4214 est.

609 4251 863 4307 Avaritiae
885 4264 1009 4303 cum
1039 4249 1304 4303 charitate
1331 4247 1538 4303 nullum
1564 4247 1741 4303 foedus
1768 4264 1889 4304 esse
1913 4257 2107 4319 potest.

542 4342 665 4397 llaec
690 4342 833 4396 enim
868 4338 1342 4409 aequalibentique
1388 4340 1572 4392 animo
1611 4354 1670 4394 se
1698 4338 1934 4393 fraudari
1970 4340 2109 4409 pati-

2290 2425 2629 2500 Φιλάργυρος
2681 2428 2913 2501 μοναχδς
2946 2431 3004 2483 ὲν
3049 2430 3384 2501 ὲργοχείροις
3434 2431 3789 2500 ἐπιμελέστα-

2217 2534 2308 2581 τος
2329 2533 2343 2547 ·
2379 2517 2540 2588 ἔργον
2579 2519 2678 2589 μὲν
2707 2519 2847 2589 ἔχων
2873 2518 3067 2581 ταῦτα,
3099 2523 3378 2593 πάρεργον
3404 2520 3461 2575 δὲ
3492 2524 3600 2592 τὴν
3631 2539 3787 2593 προσ-

2218 2606 2379 2678 ευχὴν
2410 2610 2505 2662 καὶ
2555 2608 2654 2680 τὴν
2688 2609 3020 2677 ἀνάγνωσιν,
3051 2611 3147 2664 καὶ
3197 2612 3251 2663 ετ
3285 2628 3338 2664 τι
3385 2611 3785 2680 πνευματικόν

2216 2699 2583 2769 προϐάλλεται
2627 2700 2681 2753 δὲ
2718 2702 2811 2755 καὶ
2851 2703 2931 2764 εἰς
2977 2701 3306 2771 συνηγορίαν
3335 2700 3431 2754 τοῦ
3477 2702 3707 2765 πάθους,
3734 2700 3787 2753 rb

2214 2790 2570 2846 ἀποστολικὸν
2603 2793 2779 2846 ἐκεῖνο
2810 2793 2973 2863 ῥητόν
2997 2810 3011 2823 ·
3056 2792 3115 2847 Ὀ
3152 2793 3323 2864 ἀργὸς
3346 2793 3503 2862 μηδὲ
3527 2793 3788 2848 ἐσθιέτω·

2214 2881 2333 2935 διον
2362 2881 2520 2953 ἔργον
2553 2883 2649 2945 μὲν
2671 2882 2834 2953 ἔχειν,
2867 2883 2936 2936 τά
2960 2884 3280 2955 ψυχωφελῆ,
3312 2887 3598 2959 πάρεργον
3621 2886 3694 2949 δὲ,
3725 2885 3785 2937 τά

2217 2973 2275 3024 ἐν
2308 2973 2663 3047 ὲργοχείροις.

2285 3244 2647 3316 Φιλάργυρος,
2679 3246 2776 3317 οὔχ
2818 3249 2845 3300 ὁ
2880 3246 3017 3318 ἔχων
3054 3248 3315 3318 χρήματα
3346 3248 3592 3312 πάντως,
3624 3246 3732 3301 ἀλλ’
3761 3248 3786 3299 ὁ

2218 3339 2384 3406 φιλῶν
2434 3339 2592 3403 αὐτὰ,
2628 3340 2720 3392 καὶ
2764 3339 2864 3408 τῆς
2908 3338 3113 3390 τούτων
3142 3338 3477 3407 ὀρεγόμενος
3504 3340 3783 3408 κτήσεως’

2285 3431 2531 3500 Μοναχὸς
2559 3431 2947 3502 πολυκτήμων,
2992 3430 3175 3485 πλοῖον
3210 3432 3680 3501 πεφορτισμένον,
3707 3431 3789 3482 εὖ·

2216 3517 2390 3589 χερῶς
2420 3521 2477 3572 ὲν
2508 3522 2644 3593 ζάλῃ
2680 3522 3099 3594 καταδυόμενον.

2297 3614 2355 3664 Ὀ
2407 3613 2463 3665 δὲ
2516 3616 2800 3684 ἀκτήμων,
2859 3615 3128 3684 εὐσταλὴς
3174 3615 3475 3686 ὁδοιπόρος,
3536 3617 3600 3670 ὲν
3638 3616 3788 3670 παντὶ

2215 3704 2363 3775 τόπῳ
2404 3704 2744 3773 καταγώγιον
2796 3705 3069 3775 εὑρίσκων
3094 3723 3108 3739 ⁸
3161 3707 3366 3776 κοῦφος
3409 3707 3674 3778 δρομεὺς,
3704 3723 3788 3760 τα·

2215 3792 2350 3860 χέως
2383 3791 2600 3860 φθάνων
2650 3795 2743 3847 ἐπὶ
2789 3796 2850 3848 τὸ
2904 3796 3160 3866 βραϐεῖον
3202 3799 3300 3867 τῆς
3349 3796 3462 3850 ἄνω
3504 3799 3783 3869 κλήσεως

2215 3883 2370 3947 ἀετὸς
2428 3885 2715 3954 ὑψιπέτης,
2770 3889 2891 3939 τότε
2944 3888 3349 3958 καθιπτάμενος
3416 3890 3512 3941 ἐπὶ
3570 3889 3783 3961 τροφὴν.

2214 3975 2398 4046 ὅτανὴ
2435 3978 2590 4046 χρεία
2628 3978 2899 4047 βιάσηται.

2292 4067 2538 4139 Μοναχὸς
2581 4069 2750 4123 νοσῶν
2800 4070 3184 4143 φιλαργυρίαν,
3226 4071 3497 4141 οὐδέποτε,
3522 4071 3786 4145 μερίμνης

2216 4157 2578 4230 ἀπήλλακται.

2297 4249 2633 4319 ’Λσύμϐατος
2675 4252 2755 4314 εἰς
2807 4251 3027 4321 ἀγάπην
3075 4253 3108 4322 ἡ
3161 4251 3515 4325 φιλαργυρία.
3582 4252 3649 4306 Ἦ
3696 4257 3781 4321 μὲν

2212 4344 2320 4415 γὰρ
2370 4344 2543 4415 ἡδέως
2597 4342 2845 4412 ἀνέχεται
2915 4342 3423 4412 πλεονεκτουμένη,
3482 4343 3583 4396 καὶ
3632 4342 3779 4394 ὄντων

541 4445 649 4496 tur,
689 4432 1081 4499 facultatesque
1111 4444 1242 4484 suas
1277 4430 1397 4483 laete
1438 4429 1698 4498 impertit,
1743 4439 1905 4498 atque
1939 4429 2107 4484 inter-

2218 4436 2526 4507 περιχαρῶς
2562 4435 2914 4507 μεταδίδωσιν
2939 4452 2952 4466 ⁶
2986 4435 3131 4491 ἔστιν
3178 4436 3265 4488 ὅτε
3308 4433 3366 4487 δὲ
3422 4435 3650 4487 ἅπαντα
3698 4448 3779 4501 με-

537 4529 667 4583 dutn
704 4525 867 4579 etiam
898 4523 1082 4577 omnia
1134 4536 1332 4590 magno
1374 4521 1557 4575 animo
1598 4520 1815 4589 abjicit;
1858 4521 1944 4575 illa
1982 4537 2109 4576 vero

535 4615 868 4672 contrarium
899 4612 1124 4668 omnino
1152 4610 1364 4667 etIicerc
1397 4613 1700 4668 consuevit.

606 4708 896 4777 Nunquam
936 4704 1165 4761 deerunt
1190 4704 1386 4760 ﬂuctus
1421 4707 1581 4770 mari,
1617 4722 1794 4777 neque
1819 4721 1986 4761 avaro
2015 4707 2107 4761 irae

535 4819 598 4859 ac
642 4815 924 4857 mmrores.

607 4898 820 4949 Avarus
850 4893 904 4947 in
946 4891 1142 4947 cretum
1182 4889 1538 4953 contendens,
1588 4888 1718 4945 huic
1761 4888 1955 4945 similis
2000 4898 2103 4954 est,

534 4989 624 5057 qui
678 4987 903 5056 pedibus
954 4984 1068 5039 suis
1110 4983 1325 5038 vinculo
1369 4983 1681 5038 constrictis
1739 4998 1957 5038 currere
2009 4997 2105 5037 co-

534 5089 709 5134 natur.

1209 5188 1282 5242 De
1330 5190 1432 5240 ira.

604 5283 682 5337 Ira
712 5298 834 5337 cum
862 5280 1027 5335 semel
1058 5290 1247 5349 pectus
1271 5280 1565 5341 obsederit,
1598 5293 1834 5347 cumque
1882 5294 2101 5334 exarse-

531 5377 623 5433 rit,
653 5383 886 5428 utentem
911 5372 1063 5427 fumo
1081 5372 1344 5435 obcaecat,
1372 5372 1745 5441 judiciumque
1773 5373 2102 5441 corrumpit;

531 5474 595 5513 ac
626 5461 857 5528 denique
876 5457 1083 5513 lubrica
1099 5459 1282 5512 omnia
1314 5468 1367 5512 et
1396 5456 1623 5513 confusa
1648 5459 1839 5514 reddit.
1880 5459 2102 5515 Contur-

602 5643 629 5669 "
654 5633 726 5707 IV
761 5638 887 5707 Reg.
926 5655 973 5703 ν,
1006 5640 1095 5691 27.

537 5713 621 5764 ιιι,
671 5706 751 5760 Li.

1170 5649 1190 5668 "
1227 5642 1420 5694 Matth.
1454 5642 1695 5707 xxvn,5.
1773 5652 1801 5693 ι’
1850 5640 2204 5706 Αοι.ι’,6,10.
2281 5654 2308 5691 (ι
2347 5640 2474 5697 an.
2525 5659 2620 5707 xu,
2666 5643 2755 5696 ΞΟ.

2214 4527 2535 4598 γαλοψύχως
2589 4526 2875 4596 προΐεται*
2929 4528 2961 4597 ἡ
3020 4526 3104 4591 δὲ,
3170 4527 3278 4579 πᾶν
3326 4525 3650 4579 τούναντίον
3690 4519 3775 4575 οἴει

2215 4636 2405 4671 ποιειν.

2285 4709 2398 4762 Οὐκ
2431 4707 2670 4777 ἐκλείψει
2723 4707 2944 4776 κύματα
2982 4707 3246 4779 θαλάσσῃ,
3295 4706 3417 4759 οὐδὲ
3471 4704 3774 4777 φιλαργύρφ

2213 4803 2374 4873 ὀργαὶ
2410 4801 2502 4854 καὶ
2540 4800 2733 4854 λῦπαι.

2285 4893 2624 4964 Φιλάργυρος
2671 4892 2750 4954 είς
2793 4891 3022 4960 οὐρανὸν
3075 4891 3465 4960 ἐπειγόμενος,
3518 4892 3666 4944 ἔοικε
3704 4890 3773 4940 δε-

2216 4986 2489 5055 σμήσαντι
2534 4984 2658 5045 τοὺς
2708 4982 2871 5035 αὑτοῦ
2922 4981 3088 5044 πόδας
3144 4983 3237 5035 καὶ
3282 4984 3619 5053 πειρωμένῳ
3663 4983 3773 5051 δραι

2218 5078 2358 5145 μεῖν.

2806 5183 2946 5252 Πεζοὶ
2980 5181 3179 5252 ἀργῆς-

2291 5278 2352 5329 ‘ll
2386 5276 2522 5347 ὀργὴ
2550 5273 2962 5345 περικαθημένη
2996 5274 3093 5346 τὴν
3132 5271 3360 5343 καρδίαν
3400 5276 3495 5327 καὶ
3529 5275 3769 5327 ἀνακαιο-

2213 5368 2374 5439 μένη,
2412 5366 2605 5435 τυφλοῖ
2637 5365 2727 5418 τὸν
2755 5364 2880 5417 νοῦν
2913 5364 2989 5435 τῷ
3039 5365 3248 5434 καπνῷ,
3282 5365 3380 5418 καὶ
3430 5364 3646 5435 φθείρει
3688 5362 3768 5429 τὴν

2208 5460 2482 5528 διάκρισιν
2509 5474 2521 5488 ·
2561 5456 2654 5509 καὶ
2684 5456 2870 5508 λοιπὸν
2904 5455 3144 5526 σφαλερά
3193 5458 3373 5511 πάντα
3408 5456 3646 5527 πράττει
3692 5450 3767 5505 καὶ

2838 5651 2861 5679 τ
2894 5643 2932 5695 ll
2968 5644 3159 5697 'l‘hcss.
3200 5655 3281 5693 ιιι.
3317 5638 3402 5691 ιο.
3479 5647 3498 5674 ³
3547 5636 3759 5703 Philipp.
