3998 6116
244 258 249 263 ’
282 295 413 363 1453

1556 276 1678 355 ’ΒΕ
1712 289 1921 359 λοοΤο
1958 289 2214 351 VITIIS.

3391 296 3528 367 1454

279 412 679 483 συγκεχυμένα.
753 408 1075 483 Ἔτσρὰχθη
1110 408 1240 479 γὰρ.
1279 407 1465 479 φησιν,
1501 406 1618 461 ἀπὸ
1659 402 1848 474 θυμοῦ

1992 410 2109 454 alus
2134 410 2209 455 est
2242 402 2411 464 enim,
2442 402 2633 473 inquit,
2670 403 2736 457 ab
2760 404 2843 457 ira
2870 406 3055 459 acutus
3090 423 3231 459 meus
3263 409 3301 460 ί.
3332 405 3393 461 Et
3428 410 3531 464 ite-v

273 507 304 557 ὀ
350 504 656 574 ὀφθαλμός
680 521 822 573 μου.
879 502 991 555 Καὶ
1047 500 1237 564 αὖθις·
1273 500 1469 568 Θυμὸς
1519 497 1589 550 ἐν
1643 497 1851 557 κόλπῳ

1958 506 2077 547 rum
2106 511 2118 545 :
2145 492 2240 547 Ira
2270 496 2325 548 in
2347 496 2464 548 sinu
2497 494 2780 549 stultorum
2830 507 3007 550 manet
3033 509 3080 550 ιι.
3105 499 3281 567 Atque
3312 500 3362 554 id
3385 501 3531 571 quod

272 596 550 664 ἀφρόνων
570 593 886 654 αὐλίζεται.
933 594 1046 646 Καὶ
1092 593 1244 662 μισεῖ
1295 591 1354 643 τὸ
1384 590 1613 642 δίκαιον.
1674 587 1849 655 ’οργὴ

1996 590 2160 637 istum
2196 593 2276 638 cst
2314 583 2440 639 odio
2466 585 2644 640 habet.
2677 583 2773 638 Ira
2820 587 2988 650 enim,
3024 588 3221 657 inquit,
3250 591 3350 643 t-iri
3377 591 3534 653 iusti-

272 687 408 758 γὰρ,
445 689 632 757 φησὶν,
674 686 914 755 ἀνδρὸς,
972 684 1371 750 δικαιοσύνην
1411 681 1558 735 Θεοῦ
1595 681 1666 734 οὐ
1710 696 1852 733 κατ-

272 771 569 842 εργάζεται
622 775 685 828 ³³.
730 776 839 829 Καὶ
894 776 1216 844 ἀσχημονεῖ.
1289 769 1468 839 Ἀνὴρ
1518 770 1648 842 γάρ,
1693 769 1848 838 φησὶ,

273 863 568 932 θυμώδης,
616 866 728 917 οὐκ
764 864 1111 932 εὐσχήμων.
1166 863 1277 915 Καὶ
1337 860 1614 923 τοσούτοις
1660 861 1853 922 κακοῖς

1958 673 2088 725 tiam
2138 670 2236 724 Dei
2267 688 2372 725 non
2410 683 2660 743 operatur
2698 683 2746 738 ν,
2794 685 2849 729 et
2877 676 3216 754 indecorege
3248 679 3400 745 gerit.
3443 680 3536 734 Vir

1954 758 2123 824 enim,
2164 758 2360 829 inquit,
2389 760 2700 825 iracundus,
2733 763 2952 817 decorus
2978 781 3080 818 non
3110 774 3185 819 est
3215 775 3260 821 κ.
3289 769 3538 840 Cumque

1960 847 2010 899 in
2040 856 2119 900 tot
2147 863 2210 902 ac
2235 857 2386 903 tanta
2422 850 2559 904 mala
2596 865 2721 905 eum
2771 867 2932 922 quem
2965 858 3133 909 semel
3171 857 3371 913 invasit
3405 877 3537 915 cou-

273 956 652 1011 ὐποῦά>.λουσα
679 957 769 1009 τὸν
792 956 1094 1019 ἑαλωκότα,
1119 955 1368 1016 ἐλεεινῶς
1391 953 1705 1024 ἀπσθηριοῖ.
1732 950 1852 1022 Χρὴ

2000 939 2129 1004 ciat,
2161 940 2528 995 miserandum
2573 943 2625 996 in
2659 944 2877 998 modum
2915 946 3090 1016 ipsum
3121 946 3326 1013 elici-at,
3367 949 3540 1022 Opor-

271 1047 451 1099 τοίνυν
484 1047 769 1118 πραότητα
819 1047 1199 1117 μεταδιώκειν,
1237 1048 1331 1099 καὶ
1377 1045 1688 1117 ἀταράχους
1728 1045 1855 1097 ἐαυ-

274 1139 399 1201 τοὺς
444 1139 740 1210 διατηρεῖν,
776 1142 833 1192 ἐν
878 1140 956 1213 τῷ
1005 1138 1351 1209 διορθοῦσθαι
1398 1139 1491 1190 τὸν
1528 1136 1851 1207 πὶημμελή-

276 1245 479 1282 σαντα’
520 1232 732 1301 μήποτε
767 1230 855 1283 διὰ
895 1230 1216 1300 θεραπείας,
1267 1230 1419 1287 νόσον
1463 1227 1846 1296 ὲπισπώμεθα.

290 1320 622 1389 Ὀργίζεσθε
653 1322 782 1391 γὰρ,
816 1323 971 1393 φησι,
1026 1322 1123 1376 καί
1166 1321 1251 1391 μὴ
1299 1321 1686 1391 ἁμαρτάνετε·
1733 1320 1857 1384 Πῶς

273 1410 317 1463 δ’
350 1410 416 1463 ἄν
439 1428 524 1474 τις
552 1411 925 1483 ὀργιζόμενος,
956 1413 1053 1482 οὐχ
1085 1413 1430 1484 ἁμαρτήσας
1479 1410 1543 1464 Εἰ
1577 1411 1718 1465 κατὰ
1742 1411 1852 1464 τῶν

282 1503 430 1560 ἰδίων
462 1503 742 1574 ὀργίζεται
774 1504 1004 1557 πάντοτε
1027 1502 1238 1565 παθῶν,
1270 1503 1363 1556 καὶ
1391 1505 1457 1574 τῇ
1476 1501 1670 1555 ἑαυτοῦ
1690 1501 1859 1573 ῥᾳθυ-

278 1595 377 1664 μίᾳ.
404 1598 505 1658 τὰς
520 1594 700 1658 αἰτίας
717 1594 816 1665 τῆς
834 1594 1004 1666 ὀργῆς
1029 1594 1414 1665 ἐπιγράφεται.
1436 1593 1500 1646 Εἰ
1516 1593 1573 1646 δὲ
1602 1593 1745 1646 κατὰ
1761 1589 1858 1644 τοῦ

278 1685 511 1755 πλησίον
565 1685 970 1756 ἐκκινηθῶμεν,
1010 1684 1150 1740 ἀλλὰ
1191 1685 1404 1756 ταχέως
1455 1682 1851 1754 διαλλαγῶμεν.

1958 1035 2031 1081 tet
2071 1042 2202 1099 ergo
2234 1034 2709 1087 mansuetudinem
2738 1037 3064 1096 consectari.
3096 1053 3304 1107 nosque
3326 1040 3395 1095 ab
3417 1058 3540 1097 om-

1960 1118 2014 1171 ni
2040 1119 2447 1187 perturbatione
2475 1138 2643 1192 puros
2672 1138 3022 1188 conservare,
3048 1128 3262 1196 quoties
3299 1130 3539 1201 aliquem

1963 1211 2056 1282 qui
2105 1210 2331 1281 deliquit
2377 1215 2737 1286 corrigimus;
2776 1231 2845 1271 ne
2888 1216 3028 1272 forte
3071 1233 3167 1289 per
3213 1222 3539 1279 medicinam

1961 1301 2214 1356 morbum
2246 1304 2658 1360 contrahamus.
2688 1303 2998 1361 Irascimim‘
3040 1308 3206 1374 enim,
3242 1311 3438 1381 inquit,
3488 1321 3540 1375 et

1960 1390 2123 1446 nolite
2150 1408 2366 1461 peccare
2390 1401 2440 1447 γ.
2468 1394 2537 1449 At
2562 1395 2653 1466 qui
2683 1395 2799 1451 ﬁeri
2828 1405 3024 1466 potest,
3054 1407 3114 1453 ut
3156 1400 3279 1469 quis
3312 1416 3541 1457 succen-

1961 1483 2134 1537 sendo
2163 1499 2270 1539 non
2311 1487 2545 1556 peccet?
2588 1487 2857 1544 Nimirum
2885 1489 2931 1546 si
2971 1491 3233 1549 adversus
3272 1493 3397 1548 vitia
3439 1509 3541 1550 sua

1959 1588 2174 1646 semper
2209 1577 2496 1644 irascatur,
2541 1591 2704 1651 atque
2755 1582 3052 1639 iracundia:
3078 1600 3273 1647 causas
3303 1587 3541 1642 ascribat

1961 1681 2075 1721 sua:
2102 1667 2278 1738 ipsius
2323 1671 2609 1728 socordiae.
2650 1675 2804 1740 Quod
2850 1678 2895 1732 si
2937 1678 3198 1735 adversus
3229 1681 3536 1749 proximum

274 1744 592 1846 Γέγραπται
644 1744 788 1847 γάρ·
847 1744 928 1832 ’⁸0
957 1744 1150 1844 ’ἥλιος
1186 1744 1604 1847 μίίὶἐθέιδυέτω
1774 1773 1856 1840 τῷ

1992 1761 2292 1815 :ommoveri
2325 1777 2426 1818 nos
2462 1766 2769 1837 contigerit,
2795 1775 2852 1822 at
2882 1776 3029 1824 certe
3057 1769 3111 1824 in
3152 1770 3379 1840 gratiam
3411 1784 3537 1824 cum

278 1863 667 1935 παροργισμῷ
708 1866 893 1935 ὑμῶν.
928 1868 1037 1920 Kal
1067 1866 1260 1921 πάλιν·
1296 1864 1392 1933 Μὴ
1429 1865 1705 1935 μισήσῃς
1752 1863 1858 1915 τὸν

275 1958 544 2026 ἀδελφόν
571 1973 687 2012 σου
716 1959 788 2012 ἐν
811 1958 888 2026 τῇ
918 1958 1130 2026 καρδίᾳ
1154 1973 1292 2011 σου.

366 2135 624 2214 Ὁμίχλης
653 2137 907 2198 ἀνάδοσις
956 2137 1092 2207 ἀέρα
1129 2139 1381 2210 παχύνει,
1423 2138 1513 2189 καὶ
1569 2136 1742 2207 Θυμοῦ
1774 2135 1858 2189 κί-

279 2245 460 2299 νησις,
492 2228 710 2300 ὀργίλου
743 2229 1004 2283 διάνοιαν.

365 2320 614 2388 Ὀργίλου
647 2319 791 2382 νοῦς,
831 2318 981 2389 πηγὴ
1013 2321 1421 2390 τεταραγμένη,
1473 2321 1622 2390 νᾶμα
1660 2335 1858 2388 κεκτη·

282 2410 423 2481 μὲνη
456 2408 822 2479 τεθολωμὲνον
856 2409 952 2463 καὶ
978 2411 1271 2481 ἄχρηστον.

368 2500 531 2570 Ἀνὴρ
565 2494 760 2569 σεμνὸς
816 2500 1040 2572 αἰσχρὸν
1067 2501 1470 2572 ἀποστρέφεται
1488 2499 1857 2569 καταγώγιον,

279 2596 375 2648 καὶ
404 2596 431 2648 ὁ
466 2593 617 2656 Θεὸς,
649 2591 867 2663 ὀργίλου
911 2591 1156 2663 καρδίαν.

355 2687 576 2749 Καπνὺς
605 2685 917 2755 ὀφθαλμοὺς
945 2686 1231 2756 ταράσσει,
1266 2687 1360 2739 καὶ
1395 2686 1534 2758 ὀργὴ
1567 2700 1863 2755 προσευχο-

285 2777 449 2847 μένου
478 2776 677 2845 ψυχήν.

371 2865 616 2935 Ὀργίλου
649 2865 920 2934 λογισμοὶ,
967 2865 1180 2935 ἐχίδνης
1223 2866 1564 2936 γεννήματα,
1610 2866 1705 2919 καὶ
1733 2882 1864 2920 κατ-

282 2957 525 3010 εσθίουσι
559 2956 655 3026 τὴν
691 2956 1032 3028 γεννήσασαν
1056 2957 1255 3021 αὐτοὺς
1285 2957 1533 3029 καρδίαν.

361 3048 482 3102 Ἰεῶν
512 3048 744 3119 ὀργίλων
771 3048 1158 3118 τεταραγμένα
1194 3050 1288 3102 καὶ
1317 3049 1490 3120 μεστὰ
1515 3049 1770 3121 δείματος
1797 3049 1865 3103 τὰ
1891 3086 1935 3145 c

283 3155 536 3192 ενυπνια.

371 3230 433 3282 Ὀ
485 3229 658 3298 ἣλιος
686 3230 768 3297 μὴ
808 3227 1114 3291 ἐπιδυέτω,
1174 3231 1362 3299 φησὶν,
1388 3230 1487 3283 ἐπὶ
1519 3228 1600 3296 τῷ
1650 3246 1867 3298 παρορ-

287 3301 483 3392 γισμῷ
527 3319 729 3388 ὑμῶν·
768 3319 854 3371 ἵνα
891 3317 965 3389 μὴ
992 3318 1208 3388 νύκτωρ
1243 3317 1563 3380 ἐπιστάντες
1592 3319 1641 3369 οἱ
1681 3316 1869 3385 δαίμο-

287 3428 378 3473 νες
414 3408 753 3478 ὲκταράξωσι
783 3407 880 3479 τὴν
915 3408 1092 3477 ψυχὴν
1134 3407 1226 3460 διά
1252 3407 1499 3478 φοϐερῶν
1545 3408 1869 3478 φαντασμά-

288 3519 434 3558 των·
471 3503 534 3552 ἐκ
566 3500 658 3553 τοῦ
697 3498 869 3568 θυμοῦ
909 3500 1018 3567 γάρ
1061 3498 1233 3551 ταῦτα
1277 3499 1553 3566 γίνονται·
1589 3501 1685 3553 καὶ
1728 3501 1870 3554 οὕτω

291 3594 600 3664 δειλοτέραν
649 3591 784 3660 πρὸς
833 3590 922 3642 τὸν
969 3590 1206 3657 πόλεμον
1251 3589 1595 3656 ἐργάσωνται
1642 3590 1866 3660 ταύτην.

365 3685 632 3740 Πλειὸνων
680 3684 850 3737 δεῖται
897 3684 1203 3753 φαρμάκων
1258 3682 1287 3731 ὁ
1338 3680 1508 3749 ονμδς
1571 3680 1724 3752 παρὰ
1773 3681 1872 3750 τὴν

1962 1849 2060 1905 illo
2094 1851 2381 1906 confestim
2423 1855 2733 1913 redeamus.
2779 1857 3051 1929 Scriptum
3082 1871 3165 1916 est
3212 1861 3356 1915 enim
3389 1879 3402 1915 :
3442 1859 3540 1917 Sol

1960 1960 2063 1998 non
2088 1945 2295 1999 accidat
2326 1963 2481 2016 super
2513 1948 2846 2003 iracundiam
2876 1960 3103 2006 uestram
3129 1961 3174 2005 ι.
3210 1951 3275 2006 Et
3307 1967 3535 2008 rursus:

1964 2035 2087 2091 Non
2116 2040 2287 2093 oderis
2320 2039 2542 2108 fratrem
2571 2052 2721 2097 tuum
2748 2041 2802 2095 in
2831 2044 2986 2096 corde
3008 2053 3097 2097 tuo
3121 2055 3169 2097 ιι.
3426 2048 3427 2051 “

2032 2124 2250 2182 Nebulae
2282 2139 2507 2184 exortus
2545 2145 2724 2185 aerem
2773 2131 3105 2198 condensat,
3140 2142 3195 2186 ct
3246 2131 3540 2188 iracundiae

1960 2216 2233 2283 excitatio,
2265 2218 2509 2274 iracundi
2541 2228 2798 2276 mentem.
2847 2286 2852 2291 ,

2030 2308 2285 2366 Iracundi
2318 2326 2474 2367 mens
2504 2313 2627 2368 fons
2660 2323 2744 2369 est
2775 2313 3045 2379 turbidus,
3079 2315 3173 2385 qui
3207 2314 3416 2373 obtinet
3452 2314 3532 2370 la,

1967 2400 2128 2457 ticem
2156 2417 2438 2459 cmnosum
2466 2414 2521 2460 et
2553 2405 2819 2461 inutilem.

2035 2494 2130 2549 Vir
2175 2496 2437 2552 honestus
2478 2505 2533 2552 ct
2593 2498 2774 2569 gravis
2837 2498 3131 2555 obscenum
3181 2500 3542 2556 diversorium

1966 2597 2252 2642 aversatur
2279 2605 2294 2643 :
2328 2588 2455 2644 item
2486 2590 2651 2656 Deus,
2682 2604 2775 2646 cor
2800 2590 3068 2646 iracundi.

2039 2673 2113 2733 Ut
2152 2678 2340 2735 fumus
2369 2678 2559 2736 oculos
2592 2682 2794 2747 turbat,
2843 2681 2923 2737 sic
2979 2681 3082 2747 ira,
3125 2683 3396 2753 precantis
3421 2684 3542 2740 ani,

1968 2785 2141 2826 mum.

2041 2863 2295 2921 Iracundi
2335 2863 2715 2933 cogitationes,
2763 2865 2959 2935 vipera:
3018 2866 3316 2936 genimina,
3362 2877 3416 2923 et
3449 2883 3546 2923 cor

1969 2954 2114 3024 quod
2140 2970 2233 3010 eas
2270 2955 2479 3025 peperit
2497 2955 2752 3010 erodunt.

2043 3046 2434 3103 lracundorum
2467 3048 2785 3120 perturbata
2813 3056 2869 3104 et
2896 3063 3016 3103 cum
3065 3055 3274 3106 terrore
3317 3050 3548 3121 conjun-

1969 3145 2052 3193 cta
2077 3148 2205 3193 sunt
2234 3139 2473 3201 somnia,
3106 3133 3109 3135 ’

2039 3229 2152 3297 Sol,
2179 3232 2378 3303 inquit,
2402 3248 2502 3285 nou
2527 3232 2731 3286 occidat
2751 3249 2908 3303 super
2929 3234 3262 3288 iracundiam
3284 3244 3547 3300 vestram;

1968 3338 2038 3378 ne
2062 3330 2228 3377 noctu
2258 3320 2527 3377 irruentes
2554 3321 2855 3389 daemones,
2886 3323 3123 3377 animam
3158 3338 3255 3392 per
3275 3323 3546 3384 horrenda

1970 3425 2177 3488 spcctra
2210 3416 2537 3472 conturbent
2575 3434 2588 3470 :
2621 3415 2819 3471 etenim
2868 3431 2934 3470 ex
2968 3416 3250 3472 iracundia
3281 3415 3398 3470 haec
3451 3432 3547 3471 ex-

1970 3510 2173 3564 sistunt
2202 3526 2215 3562 :
2240 3515 2402 3579 atque
2431 3523 2497 3563 eo
2553 3508 2713 3563 modo
2744 3506 3073 3579 ignaviorem
3104 3522 3224 3565 eam
3254 3506 3320 3561 ad
3348 3507 3547 3563 bellum

1970 3598 2222 3653 reddant.

2041 3687 2298 3742 Pluribus
2324 3688 2732 3743 medicamentis
2770 3689 2847 3744 ira
2889 3704 3027 3758 opus
3054 3689 3232 3754 habet,
3264 3704 3429 3760 quam
3455 3704 3553 3744 cu-

294 3775 610 3848 ὲπιϐυμίαν.
666 3774 976 3842 Βιαιότερος
1020 3773 1131 3844 γάρ
1189 3774 1303 3826 ἐστι
1360 3773 1454 3825 καὶ
1507 3770 1864 3825 δυσκαθεκτο-

1992 3779 2189 3833 iiditas.
2216 3777 2314 3832 Est
2338 3779 2484 3833 enim
2519 3778 2829 3842 violentior,
2862 3787 2916 3833 et
2960 3778 3028 3833 ad
3057 3781 3418 3834 coercendum
3444 3778 3553 3833 dif-

297 3882 470 3930 τερος.

367 3960 680 4031 Χείμαῤῥος
722 3956 1150 4027 πλημμυρήσας,
1196 3953 1504 4024 παρασύρει
1538 3952 1600 4006 τὺ
1639 3969 1874 4023 προστυ-

296 4053 421 4121 χόν·
455 4052 548 4104 καὶ
584 4050 755 4119 θυμὸς
782 4047 1071 4111 άναζέσας,
1108 4046 1409 4116 κατασύρει
1434 4045 1694 4099 διάνοιαν.

374 4146 436 4196 υἱ
472 4142 654 4212 θυμοὶ,
706 4141 955 4213 καθάπερ
988 4142 1038 4194 οἱ
1084 4140 1267 4203 κύνες,
1310 4138 1486 4208 τυφλὰ
1517 4139 1762 4193 τίκτουσι
1808 4137 1875 4191 τὰ

296 4237 542 4304 νοήματα
571 4234 669 4304 (9).

379 4326 573 4396 Ὀργὴ,
618 4327 801 4397 μήτηρ
837 4326 1054 4396 μανίας,
1087 4326 1441 4397 ὑπερζέσασα
1463 4324 1696 4394 γίνεται.

891 4442 1028 4509 Περὶ
1061 4443 1281 4506 λύπης.

372 4534 538 4586 Ὅταν
567 4533 627 4586 τὸ
654 4532 888 4604 πονηρὸν
912 4531 1130 4602 πνεῦμα
1158 4532 1257 4601 τῆς
1278 4531 1455 4603 λύπης
1482 4531 1875 4602 περιδράξηται

300 4627 401 4694 τῆς
431 4624 630 4695 ψυχῆς,
661 4626 789 4695 ὃλην
822 4625 919 4697 τὴν
951 4625 1201 4678 εὐτονίαν
1230 4624 1400 4693 αὐτῆς
1437 4625 1533 4677 κο.)⁸
1579 4623 1875 4696 καρτερίαν

302 4716 594 4786 παραλύει,
633 4718 726 4769 καὶ
769 4716 1027 4782 σκοτίζει,
1060 4719 1152 4771 καὶ
1183 4717 1481 4786 καταφέρει
1509 4717 1603 4769 καὶ
1636 4715 1876 4770 καταϐα-

381 4897 398 4930 ῑ
449 4892 591 4946 Psal.
622 4909 754 4958 xxx,
797 4893 881 4946 10.
956 4902 983 4929 υ
1007 4889 1184 4944 Ecclc.
1218 4905 1316 4952 vta,
1342 4889 1426 4943 10.
1500 4898 1525 4924 ν
1555 4892 1667 4945 Jac.
1696 4907 1733 4953 ι,
1764 4889 1854 4943 ‘20.

1996 4890 2413 4953 Prov.xxvt.21.
2479 4900 2503 4938 1
2554 4890 2701 4946 Psal.
2760 4905 2831 4954 tv,
2866 4890 2918 4944 5.

305 4973 327 5000 α
364 4961 537 5018 Levii.
574 4979 685 5028 χιχ,
716 4964 799 5016 17.

1977 3869 2190 3923 ﬁcilior.

2042 3957 2282 4013 Torrens
2314 3956 2619 4021 exundans,
2657 3956 2817 4012 obvia
2865 3973 3095 4026 quaeque
3125 3974 3311 4014 secum
3341 3958 3509 4013 trahit
3535 3977 3553 4028 ;

1975 4061 2029 4107 et
2057 4049 2339 4105 iracundia
2376 4048 2744 4104 infervesceus
2772 4058 3004 4105 mentem
3037 4051 3278 4105 abducit.

2045 4141 2353 4209 Iracundia,
2384 4142 2437 4195 in
2473 4156 2679 4195 morem
2714 4156 2934 4208 canum,
2977 4157 3150 4199 caecas
3190 4146 3555 4215 cogitationes

1980 4236 2141 4308 parit.

2048 4329 2152 4395 Ira,
2176 4327 2409 4383 vesania:
2431 4334 2625 4392 mater,
2659 4341 2782 4381 cum
2814 4327 3173 4394 eﬂ‘erbtterit,v
3197 4328 3442 4387 emt-itur.
3467 4378 3471 4382 .

2604 4439 2679 4494 De
2703 4441 2945 4495 tristitia.

2055 4535 2189 4589 Cum
2225 4532 2518 4602 improbus
2548 4533 2784 4589 tristitiae
2842 4534 3068 4604 spiritus
3121 4536 3358 4589 animam
3418 4532 3557 4587 arri-

1986 4625 2181 4695 puerit,
2213 4637 2403 4679 omnes
2433 4624 2603 4693 ipsius
2634 4639 2831 4679 nervos
2862 4638 2927 4678 ac
2956 4623 3124 4678 robur
3155 4621 3375 4692 frangit,
3407 4636 3559 4677 eam~

1989 4732 2095 4788 que
2144 4717 2424 4782 obscurat,
2458 4715 2736 4787 deprimit,
2770 4730 3106 4787 prorsusque
3138 4715 3443 4784 demergit;
3474 4720 3558 4767 at-

3029 4900 3050 4927 ι
3075 4887 3272 4960 Ephes.
3303 4903 3357 4943 tv
3383 4930 3399 4955 ,
3462 4887 3556 4952 26,

1595 5116 1827 5173 \‘Alil/E
1869 5116 2273 5177 LECTIONES.

386 5275 430 5309 ¹³
452 5277 540 5328 ΑΙ.
567 5276 667 5328 οὐκ
699 5276 1014 5346 ἐργάζεται.

1826 5434 2057 5490 ΝΟΤἎΕ.

385 5617 461 5683 (9)
502 5621 571 5670 τὰ
597 5617 888 5685 νοήματα.
914 5615 988 5668 Ex
1032 5614 1272 5680 Melissa,
1324 5616 1373 5668 οἱ
1414 5615 1577 5684 Θυμοὶ
1634 5613 1888 5686 καθάπερ
1926 5615 1982 5668 αἱ
2021 5615 2201 5681 κύνες,
2235 5615 2410 5686 τυφλὰ
2467 5612 2737 5666 τίκτουσιν
2797 5610 3139 5682 ἐγκλήματα,
3166 5608 3429 5683 autquod
3459 5618 3568 5671 non

314 5704 506 5743 vereor
540 5691 859 5750 rescribere,
885 5686 1228 5757 ὲγκυὴματα.
