3998 6116
280 343 411 409 145Ἱ

1586 349 1680 407 DE
1706 346 1892 409 OCTO
1915 344 2066 406 \‘I'l‘l
2084 348 2170 406 lS'.

3375 345 3505 411 1458

269 454 363 507 τὸν
385 452 569 518 τόπον,
612 455 707 508 καὶ
750 455 874 517 τοὺς
916 452 1387 523 συνδιατρίϐοντας
1426 452 1710 520 ἀδελφοὺς,
1751 454 1844 504 καὶ

1968 451 2050 503 oci
2103 449 2295 518 ipsius,
2324 456 2436 502 tmn
2464 464 2573 509 una
2616 449 3075 502 comtnorautium
3108 447 3359 517 fratrum,
3380 469 3512 507 uec-

274 544 546 616 ρᾳθυμίαν
596 547 676 608 είς
720 547 887 616 εὐχὴν
924 546 1018 598 καὶ
1065 544 1408 612 ἀνάγνωσιΨ
1449 543 1741 597 ὑποϐάλλει
1785 543 1843 597 δὲ

270 636 561 704 λογισμοὺς
609 636 993 707 μεταϐάσεως,
1031 635 1125 688 καὶ
1147 634 1330 687 τόπων
1363 634 1538 686 ἄλλων
1575 635 1667 686 καὶ
1699 633 1840 687 διαί-

271 740 368 793 της
394 724 559 794 ἄλλης
583 725 790 793 ἐνίησιν
828 724 1028 793 ἔρωτα,
1060 724 1155 776 καὶ
1188 723 1301 792 βίον
1321 722 1508 793 ἕτερον
1533 721 1844 792 ὑπογράφει

274 812 798 886 σωτηριωδέστερον,
830 813 924 866 καὶ
950 811 1128 865 πείθει
1152 811 1443 882 γινώσκειν
1466 811 1540 874 ὡς
1559 810 1841 864 ἀπολεῖται

277 903 357 973 μὴ
403 901 662 973 μεταϐὰς.
713 904 823 957 Καὶ
881 903 1019 973 πρὸς
1067 902 1279 964 τούτοις
1336 905 1527 955 πεῖναν
1574 901 1845 970 ἐντίθησιν

276 996 517 1065 ἀσυνήθη
545 996 638 1049 καὶ
678 990 936 1065 διεγείρει
979 994 1077 1065 τὴν
1125 992 1322 1065 ὄρεξιν.
1364 992 1597 1046 Ἔπειτα
1626 994 1718 1046 καὶ
1755 993 1846 1046 λο-

277 1087 509 1155 γισμοὺς
536 1086 770 1153 είσάγει,
811 1084 1181 1156 παραϐάλλειν
1217 1084 1486 1153 ἀδελφοῖς,
1518 1084 1678 1155 χάριν
1706 1084 1849 1151 ὠφε-

276 1174 423 1237 λείας
469 1175 651 1244 δῆθεν,
690 1176 723 1245 ἢ
771 1176 1146 1245 ἐπισκέψεωςο
1200 1177 1291 1229 καὶ
1338 1176 1553 1238 πείσας,
1612 1176 1845 1229 ἄστατον

279 1266 622 1319 ἀποδεικνύει
674 1267 771 1321 καὶ
813 1267 1112 1337 φιλήδονον,
1161 1271 1254 1321 καί
1308 1268 1542 1337 ῥέμϐον·
1593 1268 1688 1319 καὶ
1730 1265 1848 1318 κατ’

279 1354 476 1421 ὀλίγον,
518 1361 807 1426 κοσμικαῖς
849 1358 1097 1427 ὲνδεσμεῖ
1128 1359 1374 1430 φροντίσι
1408 1360 1501 1411 καὶ
1549 1356 1846 1426 ἀσχολίαις.

282 1446 342 1497 Et
375 1444 430 1497 δὲ
462 1446 536 1516 μὴ
561 1447 777 1519 νικήσῃ,
812 1448 981 1519 βαρὺν
1023 1449 1189 1502 ὕπνον
1226 1448 1529 1517 ἐφοπλίζει,
1561 1448 1653 1500 καὶ
1679 1464 1850 1499 κατα-

281 1534 577 1600 ϐαπτίζων,
612 1537 859 1590 ἐντεῦθεν
902 1542 1156 1610 πειρᾶται
1209 1539 1611 1610 περιγενέσθαι.
1672 1538 1849 1607 Προσ-

282 1624 406 1694 ήκει
431 1625 486 1678 δὲ
509 1625 595 1680 διά
626 1629 935 1699 προσευχῆς
951 1629 1476 1700 αύτὸνάνατρέπειν,
1493 1629 1586 1681 καὶ
1605 1627 1851 1695 ἀναγνώ-

285 1712 441 1778 ⁶εωῖι
472 1716 566 1768 καὶ
595 1718 891 1789 ὑπ’)μθνῆς.
922 1719 1015 1771 καὶ
1050 1719 1363 1790 καρτερίας,
1396 1720 1491 1772 καὶ
1525 1719 1729 1789 ἀποχῆς
1749 1721 1852 1787 ἀρ-

283 1804 565 1875 γολογίας,
590 1810 684 1861 καὶ
712 1808 800 1862 δια
823 1808 916 1861 τοῦ
957 1808 1121 1879 ἔργου
1148 1809 1256 1862 τῶν
1282 1810 1501 1880 χειρῶν.

1949 555 2053 592 non
2109 539 2413 594 socordiam
2451 540 2504 593 iu
2536 539 2788 608 precibus
2828 554 2892 594 ac
2948 540 3199 594 lectione.
3255 541 3333 595 Ad
3399 543 3508 598 haec

1952 633 2193 700 suggerit
2226 631 2581 701 cogitationes
2621 631 2981 699 migrationis,
3016 641 3069 686 et
3095 632 3322 686 aliorum
3359 634 3509 687 luro-

1949 735 2067 772 rnm
2096 719 2427 788 alteriusque
2457 720 2689 773 instituti
2725 721 2971 775 immittit
2997 722 3345 790 cupiditatem
3376 742 3390 788 ;
3426 725 3513 777 iti-

1947 809 2069 864 dem
2102 810 2263 864 aliam
2290 811 2456 864 vitam
2496 818 2555 864 ut
2580 810 2741 864 saluti
2780 812 3046 881 aptiorem
3081 814 3358 878 describit,
3398 831 3514 869 mo-

1950 909 2147 970 netque
2201 913 2260 955 ut
2293 902 2430 955 sciat
2461 901 2606 971 quod
2641 902 2742 955 nisi
2768 902 2947 956 locum
2989 906 3278 959 mutaverit
3301 907 3509 974 peritu-

1951 1007 2044 1044 rus
2073 991 2163 1045 sit.
2202 990 2465 1045 l’rzeterea
2507 991 2742 1045 esuriem
2810 991 2987 1061 injicit
3019 994 3418 1061 inconsuetam,
3460 1004 3515 1049 et

1949 1080 2278 1135 excitatcihi
2334 1081 2715 1150 appetentiam.
2772 1082 2900 1138 Dein
2945 1084 3108 1138 etiam
3157 1086 3514 1154 cogitationes

1952 1173 2179 1235 inducit,
2210 1173 2462 1240 pergendi
2493 1173 2558 1226 ad
2595 1172 2809 1238 fratres,
2843 1174 3052 1229 scilicet
3107 1176 3354 1230 utilitatis
3386 1193 3515 1245 ergo

1953 1275 2016 1314 ac
2066 1259 2418 1313 visitationis.
2448 1260 2600 1325 Quod
2642 1275 2766 1314 cum
2816 1260 2891 1314 illi
2935 1261 3288 1329 persuaserit,
3346 1261 3513 1315 levem

1950 1361 2005 1406 et
2036 1351 2459 1414 inconstantem,
2497 1352 2832 1420 voluptatum
2874 1351 3205 1414 studiosum,
3235 1352 3517 1431 vagabim-

1950 1441 2187 1510 dumqne
2215 1441 2411 1507 reddit,
2440 1456 2504 1496 ac
2542 1439 2746 1495 sensim
2780 1440 2964 1495 mundi
2998 1441 3147 1497 curis
3197 1451 3249 1494 et
3283 1457 3518 1510 occupa-

1955 1530 2192 1584 tionibus
2224 1530 2427 1601 alligat.
2464 1530 2560 1584 Siu
2590 1538 2769 1583 autem
2795 1529 3091 1583 victoriam
3112 1530 3353 1584 obtinere
3416 1547 3517 1584 tie-

1951 1620 2205 1688 quiverit,
2234 1634 2448 1689 gravem
2483 1634 2736 1673 somnum
2771 1618 3045 1672 adversus.
3065 1633 3131 1672 eu
3145 1634 3192 1671 ιιι
3241 1627 3432 1682 armat,
3466 1629 3527 1673 ct:

1956 1712 2305 1781 immergcns,
2338 1714 2463 1767 imle
2496 1727 2756 1783 superare
2800 1712 3013 1767 nititur.
3062 1711 3289 1782 Oportet
3340 1723 3519 1769 autem

1887 1796 1926 1850 Β
1954 1823 2049 1876 pcr
2078 1808 2401 1873 orationem,
2432 1817 2485 1862 et
2516 1808 2827 1872 lectionem,
2864 1815 2927 1861 et-
2950 1806 3286 1877 patientiam,
3329 1825 3395 1863 ac
3444 1821 3525 1863 to-

283 1890 599 1958 lerantiam,
619 1904 781 1962 atque
813 1895 1206 1953 abstinentiam
1242 1897 1311 1953 ab
1347 1898 1497 1953 inani
1559 1908 1833 1960 sermone,
1873 1909 1937 1950 ac
1968 1894 2205 1967 denique
2234 1912 2329 1966 per
2354 1912 2617 1952 manuum
2642 1911 2784 1967 opus
2812 1905 2867 1952 et
2900 1896 3140 1953 laborem
3197 1912 3322 1953 eum
3376 1914 3527 1955 ever.-

288 1991 397 2040 tere
432 2000 495 2038 ac
524 1984 829 2055 proﬂigare.

368 2078 589 2147 Ἀκηδία
622 2081 769 2132 ἐστὶν
806 2081 992 2135 ἀτονία
1031 2082 1210 2153 ψυχῆς
1246 2085 1347 2137 οὐκ
1390 2083 1619 2154 ἐχούσης
1652 2100 1851 2155 καρτε-

289 2168 413 2239 ρίαν
439 2184 453 2198 ⁶
490 2169 522 2239 ἢ
555 2171 815 2242 ὀλιγωρία
855 2172 1031 2243 ψυχῆς
1056 2175 1325 2247 νοσούσης,
1350 2176 1679 2247 φιληδονίαν.

359 2284 606 2356 Νεφέλην
646 2286 871 2357 ἄνυδρον
924 2287 1121 2357 ἄνεμος
1166 2288 1403 2354 ἐλαύνει,
1446 2291 1539 2344 καὶ
1588 2290 1721 2345 νοῦν
1756 2291 1859 2345 οὐκ

291 2374 481 2445 ἔχοντα
505 2378 819 2448 καρτερίαν,
848 2379 1077 2450 ἀκηδίας
1104 2379 1344 2451 πνεῦμα.

362 2488 587 2555 Δένδρον
635 2488 813 2553 καλῶς
862 2490 1131 2561 πεπηγὸς,
1159 2492 1219 2544 ού
1264 2494 1545 2547 κατέσεισε
1576 2492 1665 2563 βία
1699 2493 1859 2546 πνεύ-

296 2592 488 2647 ματος,
519 2578 613 2630 καὶ
635 2577 810 2650 ψυχὴν
849 2579 1251 2652 ἐρηρεισμένην
1275 2582 1336 2635 οὐ
1362 2582 1719 2653 κατέκαμψεν
1737 2582 1857 2636 ἐπί-

291 2666 440 2730 θεσις
468 2668 714 2739 ἀκηδίας.

365 2759 502 2813 υύτε
557 2762 722 2831 φυτὸν
773 2763 1034 2826 πολλάκις
1096 2765 1605 2835 μεταφυτευόμενον
1636 2764 1862 2820 δύναται

297 2854 685 2920 καρποφορεῖν,
726 2852 850 2906 οὔτε
909 2853 1143 2923 μοναχδς
1173 2855 1469 2909 κυκλεύων.

371 2941 618 3010 Μοναχὺς
659 2943 990 3014 ἀκηδιαστὴς
1044 2944 1278 3014 ἐρημίας
1314 2946 1587 3014 φρύγανον
1614 2962 1628 2975 ’
1683 2946 1861 3014 ὀλίγον

298 3031 566 3102 ὴρέμησε,
593 3032 686 3085 καὶ
725 3033 889 3086 πάλιν
921 3033 1232 3103 μετάγεται.

371 3124 482 3177 Οὐκ
504 3126 662 3194 ἀρκεῖ
683 3123 947 3196 φιληδόνῳ
982 3126 1117 3196 γυνὴ
1142 3126 1255 3197 μία,
1278 3127 1397 3180 οὐδὲ
1420 3128 1711 3198 ἀκηδιῶντι
1739 3146 1868 3182 κατ-

303 3216 536 3284 αγώγιον
557 3218 637 3273 ἐν.
787 3236 815 3273 r

2028 2081 2224 2137 Aeedia
2257 2091 2337 2135 est
2393 2080 2616 2152 languor
2666 2081 2861 2136 anima:
2906 2080 3190 2136 tolerantia
3245 2079 3521 2144 carentis;

1957 2177 2051 2225 aut
2076 2171 2281 2226 desidia
2314 2170 2867 2240 animae-voluptatum
2894 2185 3079 2225 amore
3109 2171 3425 2225 laborantis.

2029 2284 2235 2340 Nnhem
2264 2300 2404 2354 aqua
2433 2299 2659 2340 vacuam
2674 2293 2869 2342 ventus
2890 2285 3140 2356 propellit
3165 2302 3181 2350 ;
3211 2292 3265 2340 et
3293 2291 3525 2338 mcutcm

1961 2377 2258 2431 tolerantizc
2286 2386 2585 2447 expertem,
2618 2377 2821 2433 acedize
2856 2379 3101 2447 spiritus.

2034 2488 2188 2543 Sicut
2215 2488 2488 2555 arborem,
2522 2505 2643 2559 quae
2676 2491 2785 2546 alte
2820 2491 3033 2547 radices
3067 2490 3201 2559 egit,
3233 2490 3318 2543 vis
3378 2488 3524 2542 venti

1962 2587 2253 2634 concutere
2291 2579 2512 2650 nequit;
2550 2580 2623 2635 ita
2653 2596 2755 2636 nec
2787 2581 3024 2637 animam
3062 2582 3222 2635 lixam
3249 2589 3305 2635 et
3354 2578 3530 2633 stabi-

1963 2672 2064 2727 lem
2100 2669 2300 2725 acedize
2331 2670 2565 2742 impetus
2598 2669 2832 2728 ﬂectere.

2034 2758 2220 2829 Neque
2245 2760 2451 2831 planta,
2478 2777 2600 2832 qua:
2630 2761 2837 2817 crebro
2850 2762 3034 2817 sedem
3068 2766 3263 2823 mutat,
3317 2759 3530 2813 fruetus

1965 2850 2213 2922 proferre
2246 2848 2441 2921 potest,
2480 2868 2657 2922 neque
2686 2853 2994 2909 monachus
3025 2866 3214 2921 vagus.

2037 2942 2336 2999 Monachus
2360 2944 2564 3000 acediaa
2590 2944 2885 3008 obnoxius,
2917 2940 3230 2999 solitudinis
3272 2941 3534 2997 cremium

1965 3044 2086 3102 est;
2117 3035 2338 3105 paulum
2367 3036 2702 3105 conquievit,
2733 3044 2785 3091 el
2822 3051 3013 3090 rursus
3038 3035 3146 3090 alio
3173 3035 3392 3104 migrat.

2036 3125 2155 3181 Non
2182 3125 2380 3182 sutlicit
2422 3126 2635 3183 libidini
2666 3127 2850 3183 dedito
2885 3142 2997 3182 una
3021 3127 3256 3193 mulier;
3288 3140 3387 3181 nec
3412 3140 3541 3181 θαι-κ

1967 3219 2051 3274 dia
2087 3217 2371 3285 laboranti,
2404 3234 2571 3274 unum
2603 3219 2956 3274 domicilium.

373 3304 540 3373 Οὗτος
582 3310 913 3380 φαντάζεται
946 3312 1073 3376 τοὺς
1129 3313 1594 3383 ἐπισκεψομένους
1614 3333 1627 3345 ·
1651 3316 1861 3387 ἔτρισεν

2044 3309 2140 3366 llic
2169 3309 2490 3365 visitaturos
2522 3311 2891 3381 imaginatur:
2924 3310 3326 3381 stridityanua,
3354 3308 3537 3363 statim

303 3403 337 3470 ὴ
372 3400 530 3469 θύρα,
572 3404 666 3455 καὶ
712 3403 925 3472 ταχέως
968 3404 1199 3475 ἐξήλατο
1224 3423 1238 3436 ⁸
1283 3408 1466 3478 φωνὴν
1512 3407 1735 3478 ἤκουσε,
1774 3407 1869 3462 καὶ

301 3491 390 3544 διά
420 3492 518 3561 τῆς
551 3491 766 3563 θυρίδος
796 3494 1132 3567 παρέκυψεν.
1161 3497 1254 3559 Et;
1282 3499 1590 3566 ἀνάγνωσιν
1614 3502 1869 3567 καθίσας,

304 3581 508 3652 ἤρξατο
546 3582 883 3652 χασμᾶσθαι,
923 3584 1018 3636 καὶ
1050 3586 1185 3654 πρὸς
1216 3586 1382 3638 ὕπνον
1424 3590 1867 3658 καταφέρεσθαι·

305 3673 478 3742 τρίϐει
519 3675 618 3737 τάς
668 3672 840 3743 ὄψεις,
872 3674 1124 3728 διατείνει
1164 3676 1268 3750 τὰς
1291 3679 1476 3746 χεῖρας
1497 3693 1511 3707 ⁸
1536 3677 1630 3730 τοῦ
1664 3678 1871 3749 βιϐλίου

305 3766 430 3828 τοὺς
479 3763 787 3834 ὀφθαλμοὺς
842 3764 1176 3835 ἀποστήσας,
1210 3768 1504 3832 ὲνατενίζει
1560 3768 1637 3837 τῷ
1684 3769 1869 3840 τοίχῳ.

310 3854 476 3908 Πάλιν
505 3853 837 3923 ἐπιστρέψας
866 3852 1225 3922 ἀναγινώσκει
1272 3855 1487 3926 μικρὸν,
1514 3855 1779 3922 ἀνέπτυξε
1809 3859 1876 3913 τὰ

312 3943 503 4013 φύλλα,
520 3963 584 3997 πε
593 3947 944 4014 ριειργάσατο
964 3944 1030 3998 τά
1047 3945 1171 4016 τέλη
1194 3946 1301 3998 τῶν
1321 3947 1510 4015 λόγων⁸
1533 3942 1655 4002 εἶτα
1673 3949 1877 4017 πτύξας

310 4036 370 4087 το
395 4035 618 4104 βιϐλίον,
651 4036 922 4106 ὑπέθηκεν
946 4036 1077 4090 αὐτὸ
1090 4039 1155 4107 τῇ
1183 4038 1390 4109 κεφαλῇ
1415 4041 1873 4110 προσκεφάλαιον.

394 4126 752 4196 ’Δκηδιαστὴς
794 4127 1043 4197 μοναχδς,
1076 4127 1199 4191 ὀξδς
1243 4130 1439 4198 μενεῖς
1466 4130 1759 4197 διακονίαν,
1782 4132 1876 4186 ὀκ-

314 4218 473 4285 νηρὸς
500 4217 557 4269 δὲ
592 4218 672 4280 εἰς
707 4220 1033 4289 προσευχήν.

398 4306 484 4356 Ἐν
542 4306 704 4358 παντὶ⁸
758 4306 925 4378 ἔργῳ,
964 4311 1124 4374 τάξον
1159 4309 1369 4379 σεαυτῷ
1423 4309 1639 4380 μέτρον,
1676 4310 1769 4365 καὶ
1806 4311 1880 4383 μὴ

319 4396 578 4466 πρότερον
608 4398 852 4467 ἀποστῇς
883 4400 1011 4469 πρὶν
1042 4400 1107 4452 ἀν
1128 4401 1352 4473 τελέσῃς
1385 4402 1535 4455 αὑτό.

390 4491 741 4557 ιιεριπίπτων
763 4491 979 4562 ἀκηδίᾳ,
1004 4494 1383 4563 παρακάλεσον
1414 4494 1512 4565 τὴν
1540 4495 1717 4565 ψυχὴν
1744 4496 1882 4564 μετά

318 4581 588 4651 δακρύων,
620 4581 794 4646 οὕτως
822 4583 991 4653 αὐτῆς
1023 4585 1338 4657 κατεπᾴδων
1363 4602 1376 4616 ο
1418 4588 1601 4642 Ἰνατι
1638 4590 1879 4656 περίλυ-

1970 3403 2195 3470 exsilit;
2221 3417 2408 3458 vocem
2440 3403 2674 3466 audivit,
2702 3418 2795 3471 per
2823 3403 3120 3458 fenestra-in
3164 3402 3451 3471 prospicit.
3479 3400 3537 3453 Si

1972 3493 2219 3549 lectionis
2257 3509 2424 3550 causa
2455 3495 2788 3560 consederit,
2837 3495 3168 3550 oscitare’et
3196 3495 3249 3548 in
3285 3507 3540 3547 somnum

1973 3598 2129 3636 rttcte
2158 3584 2382 3652 incipit;
2410 3587 2599 3641 oculos
2627 3586 2808 3650 fricat,
2846 3602 3039 3641 manus
3071 3585 3345 3655 protendit
3372 3602 3387 3651 ;
3415 3599 3443 3637 a
3475 3583 3543 3636 li-

1974 3673 2070 3727 bro
2097 3675 2283 3728 oculos
2312 3690 2533 3730 aversos
2561 3676 2621 3729 in
2654 3676 2858 3744 pariete
2885 3677 3066 3745 deligit
3112 3695 3124 3729 :
3170 3692 3384 3731 rursum
3416 3691 3547 3729 con-

1975 3780 2167 3819 versus
2196 3766 2474 3834 paululum
2507 3767 2655 3835 legit,
2694 3767 2818 3821 folia
2844 3770 3026 3829 volvit,
3065 3770 3197 3822 lines
3226 3784 3544 3822 sermonum

1977 3856 2194 3911 curiose
2225 3858 2495 3926 inquirit:
2527 3858 2746 3911 demum
2784 3858 2982 3912 librum
3040 3860 3264 3920 claudit,
3315 3875 3548 3928 eumque

1979 3948 2138 4017 capiti
2178 3948 2460 4004 cerxicalis
2486 3948 2603 4003 loco
2629 3948 2915 4003 submittit.

2054 4122 2351 4180 Monachus
2379 4126 2579 4181 accdia:
2610 4125 2798 4180 morbo
2833 4135 3138 4195 correptus,
3189 4126 3254 4178 ad
3306 4125 3551 4178 ministe-

1982 4218 2125 4272 rium
2161 4228 2440 4288 promptus
2478 4226 2579 4282 est,
2608 4220 2671 4271 ad
2704 4218 3068 4286 precationem
3102 4234 3230 4270 veto
3275 4218 3475 4285 segnis.

2054 4310 2109 4367 In
2164 4312 2311 4365 omni
2364 4326 2524 4379 opere
2574 4310 2789 4363 modum
2826 4309 2918 4363 tibi
2965 4310 3063 4378 ipsi
3113 4309 3421 4378 pra-scribe,
3458 4325 3560 4362 nec.

1986 4402 2135 4473 prius
2163 4401 2415 4466 abscede,
2454 4401 2585 4470 quin
2620 4401 2745 4454 illud
2800 4399 3112 4470 perfeceris.

2056 4494 2193 4546 Cum
2229 4493 2282 4545 iu
2325 4493 2567 4546 acediam
2618 4508 2712 4546 seu
2770 4492 2988 4546 taedium
3052 4492 3370 4560 prohiberis,
3431 4489 3552 4542 aui-

1991 4600 2132 4638 mam
2163 4598 2286 4638 eum
2320 4582 2572 4651 lacrytnis
2605 4583 2909 4646 cohortare,
2936 4583 3037 4636 hoc
3070 4581 3231 4635 modo
3260 4595 3379 4633 eam
3411 4579 3555 4632 velut

320 4687 431 4738 πος
475 4669 546 4735 εἴ,
607 4673 705 4726 καὶ
758 4675 914 4727 [rati
970 4677 1400 4743 συνταράττεις
1433 4696 1549 4748 με;
1583 4681 1861 4734 Ἔλπισοι

1987 4683 2287 4728 excantans
2312 4689 2326 4724 :
2361 4670 2541 4734 Quare
2566 4671 2733 4723 tristis
2766 4687 2841 4734 es,
2867 4681 2915 4724 et
2944 4688 3105 4741 quare
3131 4670 3507 4723 conturbas-me
3526 4670 3556 4722 Ρ

319 4759 416 4812 ἐπὶ
445 4759 550 4813 τὸν
571 4761 736 4826 Θεὸν,
769 4762 865 4815 καὶ
898 4763 1076 4829 αὐτὸς
1118 4765 1377 4830 ποιήσει.

393 4856 485 4905 Δεῖ
516 4853 1028 4924 παρασκευάζεσθαι
1062 4856 1154 4909 τὸν
1193 4857 1445 4927 μοναχὸν,
1485 4857 1557 4920 ὡς
1592 4858 1779 4929 αὔριον
1808 4876 1887 4911 τε·

325 4944 671 5015 ονηξόμενον,
719 4946 811 4998 καὶ
847 4946 920 5016 μὴ
952 4947 1016 4977 ⁸⁸⁸
1047 4946 1188 5001 οὕτω
1230 4949 1386 5001 πάλιν
1428 4949 1487 5000 τὸ
1524 4948 1683 5018 σῶμα
1729 4949 1891 5019 θερα-

326 5037 532 5099 πεύειν,
575 5038 649 5099 ὡς
689 5036 859 5090 πολλὰ
905 5037 1224 5109 ζησόμενον.
1257 5041 1329 5093 Τὸ
1370 5042 1466 5110 μὲν
1490 5043 1617 5111 γάρ,
1646 5042 1770 5104 τοὺς
1804 5042 1891 5093 λο-

327 5126 554 5195 γισμοὺς
582 5125 681 5192 τῆς
710 5126 939 5197 ἀκηδίας
982 5128 1299 5196 περικόπτει
1328 5145 1340 5159 ’
1373 5129 1433 5181 τὸ
1462 5129 1537 5193 δἐ,
1573 5129 1647 5196 τῷ
1682 5129 1893 5199 σώματι

330 5218 582 5283 συντηρεί
606 5217 705 5283 τὴν
735 5217 856 5288 ἴσην
892 5219 1236 5288 ἐγκράτειαν.

409 5304 690 5377 ’ίίρὼτησέ
724 5326 805 5371 τις
834 5311 924 5361 τὸν
962 5311 1211 5380 γέροντα,
1239 5312 1411 5379 λέγων
1440 5329 1451 5340 ·
1504 5312 1753 5382 ’Δκηδι‹ἷ),
1782 5314 1893 5364 1ιά-

328 5411 443 5463 τερ.
470 5400 530 5449 ’0
560 5398 614 5448 δέ
648 5417 811 5468 φησιν
835 5419 846 5431 ·
878 5400 1065 5465 Οὔπω,
1090 5405 1297 5466 τέκνον,
1325 5404 1493 5470 ἔγνως
1527 5403 1648 5455 οὔτε
1672 5406 1768 5471 τὴν
1800 5422 1895 5455 πε-

397 5532 419 5567 ·¹
454 5531 593 5584 l’sal.
640 5550 745 5595 ut,
775 5536 870 5601 12;
915 5536 1054 5592 Psal.
1094 5553 1274 5598 xxnr,
1301 5539 1351 5591 Ii.

1989 4768 2151 4836 Spera
2181 4767 2236 4819 in
2273 4765 2397 4828 Deo,
2429 4776 2476 4818 et
2510 4771 2620 4833 ipse
2650 4765 2809 4832 faciet
2835 4764 2886 4818 ιι.

2061 4858 2359 4912 Monachus
2394 4859 2466 4910 ita
2498 4865 2845 4920 comparatus
2875 4873 2997 4909 esse
3053 4857 3233 4916 debet,
3301 4866 3553 4922 tanquam

1990 4951 2228 5005 crastino
2260 4950 2347 5003 die
2375 4950 2697 5013 moriturus,
2730 4967 2793 5003 ac
2827 4950 2898 5002 ita
2922 4965 3108 5002 rursus
3136 4965 3333 5015 corpus
3365 4963 3557 5001 curare

1992 5054 2248 5111 tanquam
2278 5041 2368 5093 diu
2402 5041 2663 5095 victurus.
2710 5042 2841 5093 illud
2876 5041 3021 5094 enim
3068 5040 3264 5092 accdiie
3323 5054 3415 5091 seu
3479 5039 3561 5105 pi—

2001 5132 2171 5201 gritia!
2201 5130 2557 5199 cogitationes
2615 5139 2894 5199 amputat;
2944 5129 3045 5182 hnc
3103 5139 3281 5180 autem
3345 5127 3559 5193 corpori

2004 5235 2289 5279 ennscrvat
2318 5224 2636 5291 :equabilem
2670 5221 3077 5275 continentiam.

2075 5316 2303 5383 Quidam
2349 5314 2413 5366 ad
2456 5329 2639 5366 senem
2676 5313 2746 5365 ita
2775 5314 2989 5365 locutus
3046 5321 3123 5363 est
3164 5328 3175 5362 :

2007 5407 2092 5458 dia
2150 5416 2352 5459 teneor.
2393 5406 2481 5457 llic
2534 5414 2711 5459 autem
2750 5403 3073 5473 respondit:
3138 5399 3407 5461 Nondum,
3468 5398 3562 5466 liii,

3229 5309 3401 5371 l'ater,
3440 5322 3563 5357 arc-

1602 5652 1830 5706 VAIlIJ‘Z
1875 5651 2275 5707 LEC'I'IONES.

405 5744 465 5774 “.
495 5744 551 5799 [:1
