3998 6116
233 232 378 297 11Ἶ3
1305 237 1404 295 AD
1442 233 1851 297 MONACHOS
1909 234 2416 297 ADHOBTATIO.
3350 242 3491 306 1474

311 340 479 412 Ἀρχὴ
535 341 816 413 ἁποταγῆς
869 341 1128 413 μοναχοῧ,
1177 342 1460 412 φοϐεῖσθαι
1504 343 1595 396 τὸν
1643 343 1806 397 Θεόν·

1989 344 2036 395 1.
2071 341 2253 397 Prima
2291 344 2545 398 monachi
2579 343 3008 412 ahrenuntiatio,
3045 345 3236 403 timere
3266 349 3430 404 Deum
3471 371 3486 406 :

231 435 428 503 ἄφοεος
454 433 510 488 δὲ
533 434 790 505 μοναχδς,
816 433 922 499 ἔξω
952 434 1060 487 τῶν
1088 433 1272 489 πυλῶν
1297 435 1396 504 τῆς
1418 434 1695 506 βασιλείας
1719 435 1809 493 αὐ-

1949 445 2074 484 orro
2105 431 2410 487 monachus
2441 447 2548 486 non
2583 433 2780 488 timens
2820 432 3012 500 Deum,
3044 446 3194 493 exta
3231 439 3378 508 regni
3410 437 3492 492 io-

230 526 568 591 λισθήσεται.

1947 536 1996 578 es
2029 523 2486 584 commorabitur.

309 617 479 690 Ἀρχὴ
510 618 654 689 ζωῆς
693 616 952 689 μοναχοῖ,
985 618 1166 690 ἀγαθὴ
1195 613 1396 686 γνῶσις
1422 636 1434 647 ’
1467 619 1714 686 ἀγνωσία
1750 619 1805 672 δὲ

1982 621 2033 674 2.
2075 621 2250 677 Prima
2283 623 2390 678 vita
2424 625 2699 689 monachi,
2741 627 2879 680 bona
2929 629 3168 698 cognitio
3208 643 3274 685 ac
3313 631 3490 686 scien-

229 709 382 774 Θεοῦ,
422 710 656 776 σκοτίζει
682 711 781 780 τὴν
807 710 988 782 ψυχὴν
1017 709 1288 782 μοναχοῦ.

1953 729 2019 777 a;
2054 714 2143 768 Dei
2181 726 2364 772 autem
2397 717 2663 787 ignoratio
2705 721 2957 776 monachi
2991 731 3226 778 mentem
3271 722 3492 782 obteue-

1909 804 2049 859 brat.

307 871 513 942 ’Δγαθὴ
541 873 880 945 κληρονομέα
909 874 1144 944 μοναχοῦ
1175 879 1499 945 σωφροσύνη
1526 877 1618 926 καὶ
1648 874 1806 940 ἁγια-

1979 896 2036 950 5.
2071 895 2217 950 Bona
2250 898 2500 953 monachi
2533 901 2827 969 possessio,
2865 902 3090 960 castitas
3119 911 3174 958 et
3196 903 3490 958 sanctimo-

231 963 364 1032 σμὸς
391 979 403 992 ·
436 963 885 1036 ἀποκληρονόμος
917 965 974 1018 δέ
1008 965 1263 1036 πατέρων
1308 965 1542 1033 γίνεται,
1577 967 1605 1018 ὁ
1649 965 1804 1027 ἐκτὸς

1909 985 2032 1054 nia;
2083 989 2173 1057 qui
2209 997 2388 1043 autem
2424 1001 2577 1044 extra
2619 992 2733 1048 lucc
2789 994 3096 1050 monachus
3143 1003 3250 1060 est,
3278 994 3493 1056 alienus

230 1054 433 1108 τούτων
465 1055 722 1127 μοναχός.

1967 1054 2180 1142 patrum
2221 1076 2534 1134 inmeditate
2559 1079 2805 1138 edicitur.

302 1149 572 1218 Ἀσκησις
617 1147 876 1222 μοναχοῦ,
912 1147 1115 1220 μελέτη
1149 1149 1404 1220 Γραφῶν,
1445 1150 1540 1204 καὶ
1588 1150 1806 1221 ποίησις

1977 1168 2031 1225 4.
2071 1166 2318 1226 Μοιιοοιιῖ
2361 1169 2680 1227 exercitatio
2716 1181 2800 1228 est
2869 1173 3277 1245 Scripturarum
3323 1177 3494 1232 medi-

231 1239 460 1292 ἐντολῶν
491 1237 586 1292 τοῦ
618 1236 753 1292 Θεοῦ
781 1255 797 1271 ο
827 1240 1135 1312 ἀνάσκητος
1157 1241 1210 1294 δέ
1235 1244 1404 1306 ἐστιν,
1439 1242 1468 1295 ὁ
1503 1241 1578 1311 μὴ
1601 1244 1657 1299 ἐν
1683 1242 1806 1294 τού⁶

1947 1258 2042 1311 ιιίι)
2091 1259 2293 1328 Deique
2345 1262 2729 1320 mandatorum
2774 1280 2938 1335 Opere
2962 1269 3200 1324 exercita
3239 1267 3492 1337 functio;

231 1348 340 1394 τοις
373 1331 853 1402 ἀναστρεφόμενος
885 1333 1141 1404 μοναχὸς.

1947 1357 1966 1398 ι
2002 1349 2393 1405 exercitatione
2425 1361 2578 1406 caret
2615 1354 2708 1422 qui
2744 1354 2797 1408 in
2827 1356 2910 1411 his
2945 1373 3049 1412 non
3081 1368 3352 1414 versatur.

300 1421 513 1492 Βρῶσις
549 1421 811 1492 μοναχοῦ,
845 1421 908 1474 τὸ
941 1424 1117 1476 ποιεῖν
1161 1421 1222 1474 τὸ
1254 1421 1466 1493 θέλημα
1508 1421 1602 1476 τοῦ
1635 1419 1803 1478 Θεοῦ⁶

1978 1437 2032 1492 5.
2064 1437 2316 1494 Monachi
2347 1440 2525 1506 cibus,
2557 1453 2615 1498 ut
2635 1419 2812 1500 iaciat
2845 1445 2934 1502 Dei
2966 1449 3300 1505 voluntatem
3330 1469 3344 1503 :
3377 1449 3496 1520 ejus

233 1513 386 1574 πόσις
408 1512 464 1565 δὲ
493 1510 655 1564 αὐτοῦ
689 1513 826 1580 ἐστι,
864 1513 924 1566 τὸ
949 1513 1247 1583 κατορθοῦν
1276 1513 1344 1566 τὰ
1371 1514 1684 1582 ἐντάλματα
1711 1514 1804 1568 τοῦ

1947 1537 2088 1582 ntetn
2121 1539 2307 1598 potus,
2369 1540 2426 1585 ut
2473 1531 2674 1589 Christi
2730 1539 2982 1592 mandata
3033 1539 3274 1609 impleat.
3328 1510 3496 1598 (libus

231 1605 465 1675 Χριστοῦ
489 1621 502 1634 ⁸
537 1605 732 1677 βρῶμα
755 1607 866 1679 γὰρ
887 1607 1168 1678 αἰσθητὸν,
1191 1607 1252 1660 οὒ
1276 1609 1616 1678 παραστήσει
1643 1625 1806 1678 μονα.

1947 1617 2052 1672 nint
2105 1617 2158 1672 in
2191 1633 2412 1674 sensum
2451 1622 2650 1678 cadens
2685 1626 2844 1694 eique
2881 1627 3164 1698 subjectus
3207 1644 3312 1684 non
3346 1645 3496 1686 com-

230 1699 324 1768 χον
349 1696 425 1767 τῷ
447 1697 586 1768 Θεῷ,
611 1697 725 1751 ἀλλ’
760 1677 843 1761 si;
871 1677 1080 1754 κοιλίαν
1113 1698 1304 1768 χωρεῖ,
1332 1677 1427 1752 at
1458 1677 1540 1763 et;
1563 1677 1808 1772 ἀφεδρῶρ

2637 1677 2642 1678 ,
2695 1677 2731 1678 η
2882 1677 3162 1698 πονῇ---
3207 1677 3312 1684 ----.
3349 1677 3466 1686 π--.

1947 1709 2132 1761 tendat
2171 1710 2500 1766 monachum
2526 1711 2638 1767 Deo
2673 1715 2728 1782 ’ς
2773 1721 2866 1772 sed
2901 1718 2953 1772 in
2994 1731 3234 1775 ventrem
3267 1721 3415 1776 vadit
3442 1731 3496 1777 et

231 1806 295 1841 να
324 1789 706 1859 ἐκπορεύεται.

1947 1814 1966 1852 ι
2001 1815 2278 1856 secessum
2315 1804 2642 1860 emittitur’.

302 1881 460 1951 Βῆμα
497 1879 732 1950 μοναχοῦ
768 1881 982 1952 σεμνῶς
1015 1882 1362 1952 κινουμένου,
1389 1883 1690 1955 ἐκτρισέτω
1722 1883 1812 1954 βαι

1983 1890 2037 1946 6.
2073 1891 2307 1948 Grcssus
2339 1898 2614 1962 monachi,
2656 1899 2804 1969 gravi
2847 1901 3205 1973 modesteque
3257 1903 3493 1964 incessu.

232 1971 398 2042 θμοῦς
453 1971 961 2043 ἐκκλησιαστικούς.
996 1973 1161 2044 Βῆμα
1198 1975 1434 2046 μοναχοῦ
1481 1977 1696 2046 σεμνὸν,
1734 1976 1810 2046 μὴ

1947 1982 2288 2038 cclesiastit-a
2319 1994 2456 2041 terat
2488 1987 2676 2043 limina
2709 2005 2773 2044 ac
2798 1991 3078 2046 subsellia.
3103 1971 3338 2050 Cressus
3377 2009 3498 2054 tuo-.-

235 2065 578 2134 ἕκπορευέτω
601 2061 660 2133 ἐξ
679 2063 860 2128 οἰκίας
896 2067 976 2128 εἰς
1008 2067 1208 2122 οἰκίαν.

1952 2076 2074 2132 aelii
2119 2079 2300 2146 gravis
2351 2089 2406 2135 et
2463 2081 2744 2140 modestus
2805 2099 2912 2138 non
2941 2095 3100 2140 exeat
3137 2086 3204 2140 de
3237 2087 3401 2143 domo
3441 2089 3496 2148 in

1911 2167 2155 2223 domum.

305 2242 429 2306 Bio;
463 2241 699 2314 μοναχοῦ
732 2243 1070 2314 ἀκηλίδωτος
1113 2243 1272 2308 ἔστω,
1315 2243 1388 2315 μὴ
1417 2243 1811 2314 χλευαζόμενος

1987 2260 2036 2314 7.
2067 2257 2183 2314 \‘ita
2223 2261 2474 2317 monachi
2515 2263 2650 2320 labis
2686 2280 2818 2335 pura
2852 2267 2942 2335 sit,
2973 2269 3108 2323 nihil
3148 2269 3498 2328 muliercula-

236 2333 339 2386 ὑπὸ
385 2334 754 2405 γυναικαρεων
807 2335 1236 2406 σεσωρευμένων
1284 2335 1600 2406 ἁμαρτίαις.
1652 2335 1813 2397 Βέλος

1948 2367 2036 2406 um
2089 2340 2283 2408 sannis
2334 2355 2570 2410 obnoxia
2609 2365 2933 2413 onustarum
2976 2360 3214 2429 peccatis
3246 2361 3312 2414 ἐ
3352 2360 3498 2418 arcis

233 2425 342 2496 γὰρ
373 2423 738 2497 πειρατηρίου
782 2424 931 2477 ἐστὶν
963 2426 997 2494 ἡ
1025 2424 1186 2494 γυνὴ,
1221 2427 1278 2478 ἐν
1303 2425 1506 2488 οἰκίαις
1541 2423 1813 2497 ἑταιριζο-

1949 2441 2061 2494 nim
2095 2443 2391 2510 piratarum
2422 2443 2617 2498 mulier
2654 2444 2822 2498 telum
2859 2423 3120 2516 esu-qua:
3152 2449 3207 2509 in
3242 2449 3498 2510 domibus

237 2517 393 2587 μὲνη.

1947 2535 2321 2588 neretricatur.

306 2609 478 2679 Βουλὴ
543 2609 780 2680 μοναχοῦ
841 2609 980 2682 μετὰ
1033 2609 1258 2667 συνετοῦ
1310 2611 1547 2679 γινέσθω
1570 2629 1584 2643 ο
1652 2610 1816 2684 βουλὴ

1988 2623 2042 2677 8.
2079 2621 2380 2678 Consilium
2429 2626 2678 2678 monachi
2734 2642 2856 2681 cum
2911 2629 3028 2682 viro
3077 2629 3343 2698 prudente
3384 2633 3501 2698 sit;

232 2701 288 2755 δὲ
326 2701 606 2768 ἀσύνετος,
637 2700 714 2772 μὴ
738 2701 1061 2758 κατοικείτω
1093 2705 1152 2756 ἐν
1179 2702 1377 2776 καρδίᾳ
1411 2701 1670 2774 μοναχοῦ.

1947 2715 2063 2782 [υοιΙ
2097 2723 2279 2768 autem
2317 2715 2434 2770 sine
2463 2716 2749 2785 prudentia
2784 2719 3076 2775 consilium
3103 2732 3208 2786 est,
3244 2722 3298 2776 in
3336 2723 3498 2780 corde.

1919 2804 2176 2858 monachi
2207 2821 2313 2860 non
2343 2818 2610 2862 moretur.

1991 2896 2044 2950 9.
2081 2895 2308 2967 Pervigil
2366 2899 2671 2954 monachus
2723 2901 2774 2954 in
2825 2901 3047 2970 psalmis
3091 2911 3146 2958 et
3193 2905 3409 2975 hymnis
3443 2917 3498 2964 et

1845 3033 1884 3088 ς
1920 2986 2150 3041 canticis
2189 2987 2526 3056 spiritalibus
2579 2989 2692 3042 visa
2729 2997 2992 3048 noctutna
3025 2990 3176 3062 fugat
3213 3011 3227 3053 ς
3261 2997 3350 3066 qui
3375 3011 3502 3050 vero

241 3059 396 3131 ρινὰ’
461 3059 706 3130 γαυριῶν
759 3059 816 3112 δὲ
881 3059 1114 3130 μοναχδς
1167 3063 1224 3113 ἐν
1276 3062 1668 3138 κατορθώμασι
1722 3063 1818 3117 καὶ

1947 3073 2227 3134 nouat-ltus
2287 3090 2432 3134 recte
2491 3080 2761 3136 factorum
2831 3091 2996 3150 atque
3057 3059 3294 3140 virtutis
3329 3085 3500 3156 gloria

238 3149 534 3215 καθεύδων,
577 3149 757 3213 ἱστοὺς
789 3149 1034 3222 ἀράχνης
1057 3151 1292 3220 ὑφαίνει.

1953 3173 2168 3242 npurhit‘
2189 3173 2578 3242 dormitntque,
2605 3175 2737 3229 telas
2760 3149 3086 3230 aranearum
3111 3177 3264 3232 texit.

308 3241 559 3304 Γενναῖος
607 3241 860 3312 μοναχὸς,
905 3239 983 3310 τῷ
1018 3241 1232 3312 σημείῳ
1268 3241 1362 3300 τοῦ
1413 3241 1648 3315 σταυροῦ
1692 3243 1820 3306 τοὺς

1990 3239 2077 3319 10.
2113 3264 2291 3320 Fortis
2328 3239 2632 3321 monachus
2678 3265 2834 3337 signo
2855 3266 3037 3322 crucis
3059 3267 3258 3324 diaboli
3281 3267 3506 3339 laqueos

238 3329 466 3400 βρόχους
524 3331 782 3398 ἐκφεύγει
839 3330 934 3384 τοῦ
990 3331 1240 3389 διαϐόλου
1278 3347 1292 3362 ⁵
1349 3331 1536 3403 γήϊνος
1587 3333 1821 3404 μοναχὸς

1947 3357 2102 3410 vadit
2127 3373 2140 3409 :
2169 3366 2416 3410 terrenus
2439 3366 2618 3411 autem
2642 3365 2698 3413 et
2729 3329 2780 3412 in
2809 3364 3008 3417 terram
3041 3370 3250 3426 pronus
3289 3354 3506 3419 Satanas

238 3423 334 3476 καὶ
379 3423 458 3483 εἰς
491 3421 595 3492 γῆν
626 3420 918 3486 νενευκὼς,
953 3424 1336 3495 περιπεερεται
1375 3424 1570 3492 παγίσι
1601 3441 1822 3482 σατανι-

1947 3465 1980 3504 κο
2013 3448 2224 3520 laqueis
2259 3449 2508 3506 innectit.

240 3513 385 3580 καῖς.

313 3599 512 3667 Γνώμη
549 3597 785 3668 μοναχοῦ
823 3598 1114 3661 διαπαντὸς
1151 3597 1293 3652 ἔστω
1326 3598 1606 3670 πρακτικὴ
1647 3597 1823 3668 ἔργων

241 3691 498 3760 ἁγαθῶνσ
538 3689 762 3766 γνώμην
795 3689 852 3747 δέ
887 3687 1123 3759 μοναχοῦ
1168 3687 1472 3760 ἄπρακτον,
1507 3689 1607 3740 οὐκ
1653 3688 1822 3758 ἐμπί-

243 3789 444 3842 πλαται
476 3782 678 3852 ἀγαθά.

317 3879 618 3949 Γυμνάσιον
639 3871 898 3951 μοναχοῦ,
919 3872 1168 3946 λογισμοὶ
1192 3872 1488 3944 ἐπάλληλοι
1506 3889 1520 3904 ⁸
1545 3873 1827 3948 γρηγόρη-

247 3987 330 4034 σις
359 3972 416 4024 δὲ
443 3969 706 4041 μοναχοῦ,
741 3969 976 4040 πραΰνει
1016 3967 1310 4038 λογισμοὺς
1341 3966 1648 4039 ῥυπαροὺς.

307 2873 604 2944 Γρηγορῶν
665 2875 898 2946 μοναχὺς
953 2877 1010 2928 ἐν
1049 2876 1284 2948 ψαλμοῖς
1349 2876 1445 2931 καὶ
1489 2877 1681 2948 ὕμνοις
1723 2879 1819 2932 καὶ

238 2965 402 3037 ᾠδαῖς
445 2969 864 3037 πνευματικαῖς,
891 2967 1184 3022 ἁποδιὼκει
1216 2969 1583 3039 φαντάσματα
1625 2987 1817 3024 νυκτε-

1997 3629 2083 3680 11.
2136 3627 2384 3681 Monachi
2449 3630 2667 3685 animus
2711 3630 2916 3701 jug‘ter
2963 3631 3232 3689 bonorum
3277 3644 3506 3702 operum

1925 3718 2203 3772 iunctione
2241 3717 2416 3776 solers
2454 3718 2552 3784 sit;
2597 3719 2754 3787 cujus
2809 3731 2990 3776 autem
3051 3722 3306 3780 monachi
3360 3723 3510 3780 iners

1928 3808 2171 3874 animus,
2196 3808 2354 3864 bonis
2387 3824 2492 3864 non
2527 3809 2802 3876 impletur.

2007 3900 2090 3954 l'2.
2133 3898 2452 3953 Exercentis
2494 3898 2657 3954 ludus
2705 3901 2976 3964 monaclu,
3006 3902 3124 3957 alite
3155 3902 3279 3958 aliis
3315 3919 3510 3974 super-

1930 3991 2206 4045 venientes
2271 3990 2660 4060 cogitationes;
2726 3991 2897 4046 sole-rs
2954 4000 3138 4047 autem
3206 4008 3271 4048 ac
3329 3995 3510 4064 pervi-
3583 4027 3590 4034 -

1929 4084 2000 4154 εἰ
2066 4082 2367 4138 monachus
2433 4081 2680 4138 sordidas
2743 4083 3106 4153 cogitationes
3167 4084 3377 4141 sicurat
3443 4101 3510 4142 ac

1932 4177 2085 4230 ienit.

317 4251 594 4322 Γεώργιον
651 4249 912 4320 μοναχοῦ,
950 4248 1098 4321 ψυχὴ
1160 4248 1342 4319 ἀγαθὴ
1400 4247 1831 4322 καρποφοροῦσα

2003 4269 2088 4323 15.
2121 4267 2326 4322 Arvum
2350 4264 2630 4330 monachi,
2681 4265 2860 4322 bonus
2901 4267 3118 4323 animus
3161 4266 3400 4326 fructum
3431 4269 3513 4326 fe-

247 4343 651 4412 εὐαγγελικῶςο
683 4342 954 4414 γεώργιον
989 4343 1046 4396 δὲ
1087 4342 1256 4412 αὐτῆς
1296 4342 1529 4412 μοναχδς
1573 4343 1827 4410 φάγεται,

1947 4377 2060 4415 rctts
2085 4375 2148 4414 ex
2174 4357 2504 4430 evangelicis
2529 4357 2871 4423 rationibus;
2894 4358 3014 4428 ejus
3045 4358 3305 4426 fructum,
3341 4361 3511 4420 animi

247 4439 340 4492 τὸν
382 4437 592 4508 καρπον
623 4437 828 4506 αὐτῆςο
861 4437 1066 4504 γλυκὺς
1096 4437 1204 4506 γὰρ
1247 4435 1458 4508 καρπὸς
1499 4436 1557 4488 ἐν
1601 4435 1830 4506 στόματι

1947 4452 2168 4508 fructum
2205 4449 2444 4507 comedit
2465 4449 2790 4506 monachus.
2822 4448 3008 4507 Dulcis
3039 4451 3182 4506 enim
3213 4449 3426 4510 fructus
3455 4457 3508 4512 in

253 4529 510 4600 μοναχοῦ,
545 4529 654 4580 τῶν
684 4529 827 4582 ἰδίων
857 4529 1033 4582 πόνων
1057 4528 1084 4580 ὁ
1123 4528 1332 4598 μισθός.

1947 4561 2028 4598 )re
2069 4541 2342 4606 monachi,
2373 4541 2620 4594 laborum
2657 4555 2882 4596 suorum
2915 4556 3146 4598 merces.

322 4622 562 4692 Δύναμις
614 4619 875 4692 μοναχοῦ,
926 4621 1282 4692 ἁκτημοσύνη
1333 4619 1678 4692 βαστάζουσα
1740 4619 1833 4671 τὸν

2008 4634 2094 4688 14.
2129 4631 2381 4687 Monachi
2417 4632 2607 4696 robur,
2630 4647 2752 4702 qua:
2778 4631 3058 4688 Christum
3092 4642 3290 4702 portet,
3327 4633 3514 4704 inopia

251 4715 505 4784 Σωτῆρα.
565 4714 749 4768 Δεινὸν
801 4715 911 4786 γὰρ
959 4713 1112 4784 παρὰ
1165 4715 1421 4784 μοναχοῖς
1473 4711 1830 4784 φιλαργυρία,

1947 4738 2099 4794 atque
2127 4731 2434 4794 paupertas.
2466 4721 2684 4778 Grande
2711 4725 2855 4778 enim
2887 4725 3028 4779 inter
3065 4724 3366 4783 monachos
3397 4741 3516 4780 ma-

251 4807 622 4860 ἀποκλείουσα
656 4804 934 4876 βασιλείαν
962 4803 1232 4876 οὐρανῶν.

1947 4819 2078 4882 1ιιιιι,
2115 4817 2381 4874 bonorum
2419 4815 2710 4886 cupiditas,
2743 4831 2866 4886 quae
2899 4817 3115 4874 claudat
3147 4833 3374 4887 regnum
3405 4834 3518 4876 cm-

1943 4913 2140 4965 lorntn.

281 5013 290 5020 -
329 4989 424 5052 Δὸς
454 4986 684 5058 καρδίαν
719 5003 834 5050 σου,
865 4986 1088 5056 μοναχέ,
1123 4987 1204 5050 εἰς
1247 4985 1410 5056 σῶμά
1457 5003 1573 5051 σου,
1605 4987 1694 5040 ἵνα
1743 4986 1835 5039 καὶ

2016 5003 2102 5056 15.
2130 5001 2228 5066 Da,
2258 5001 2544 5065 monacho,
2575 5015 2672 5055 cor
2702 5009 2854 5054 tuum
2909 5001 2964 5054 in
3017 5015 3218 5072 corpus
3257 5012 3410 5060 tuum
3446 5004 3517 5074 (ei
3563 5031 3574 5042 -

255 5081 350 5135 τὸν
381 5079 594 5150 νοητὸν,
644 5081 741 5132 καὶ
776 5079 867 5132 τὸν
903 5077 1209 5149 πρακτικὸν
1239 5075 1546 5148 ἀποδιώξῃς
1585 5077 1694 5130 ἀπὸ
1745 5077 1835 5130 σοῦ

1947 5093 2151 5148 scilicet
2203 5091 2468 5162 invigila),
2519 5101 2571 5145 ut
2633 5105 2662 5144 a
2719 5098 2771 5144 te
2834 5099 2890 5144 et
2950 5091 3149 5146 mentis
3217 5091 3431 5161 spiritu,
3465 5101 3522 5148 et

257 5173 352 5228 τὸν
380 5172 670 5238 ἀντίδικον,
701 5170 966 5224 διάϐολον.

1947 5185 2156 5240 actione
2190 5183 2460 5238 infensum
2495 5180 2866 5235 adversarium
2895 5181 3155 5250 expellas,
3199 5181 3250 5236 id
3280 5190 3364 5236 est
3403 5185 3523 5237 dia-

1945 5277 2130 5333 bolum
2141 5317 2153 5330 .

335 5371 516 5442 Δῶρον
567 5371 771 5439 ἀγαθὸν
828 5369 1064 5440 μοναχοῦ
1114 5368 1406 5438 παρθενία,
1447 5367 1835 5436 ἁρματηλάτην

2017 5368 2102 5420 Hi.
2135 5366 2343 5420 Donum
2391 5365 2590 5417 honttm
2640 5363 2914 5425 monachi,
2947 5363 3263 5434 virginitas,
3297 5379 3419 5434 qua:
3468 5365 3522 5418 in

261 5463 494 5518 ποιοῦσα
525 5465 603 5524 εἰς
637 5462 896 5532 οὐρανοὺς
933 5462 1029 5513 συν
1063 5459 1142 5528 τῷ
1173 5460 1312 5529 ἁγίῳ
1349 5458 1538 5528 Ἠλίου
1577 5458 1643 5510 δι’
1675 5459 1702 5511 ὃ
1743 5477 1835 5528 μο-

1950 5458 2118 5512 ριιειυε
2164 5473 2285 5512 cum
2361 5463 2552 5510 sancto
2610 5453 2725 5506 Elia
2793 5453 3079 5507 sublimem
3143 5455 3390 5526 aurigam
3441 5453 3524 5514 fe»

343 5659 556 5717 ιιεοτ.
594 5678 706 5730 ιιιι,
739 5663 791 5716 8.
871 5665 889 5693 ²
929 5665 1114 5722 Matth.
1151 5665 1248 5731 ιγ,
1285 5668 1364 5722 17.
1465 5669 1484 5698 ³
1516 5667 1555 5721 ιι
1581 5666 1719 5722 Tim.
1761 5681 1840 5733 ιιι,
1883 5665 1936 5721 6.
