3998 6116
462 185 500 248 ,1
514 187 613 249 483

417 407 445 457 ι
471 401 576 454 est,
604 393 692 447 hic
722 391 842 446 talis
867 406 965 445 nec
997 390 1276 445 libidinum
1307 406 1372 445 ac
1396 391 1650 445 vitiorqu
1712 406 1928 461 compos
1965 391 2049 445 fu-

437 464 446 483 ‘
475 496 633 537 turus
662 491 765 539 est.

447 564 460 613 ἶ
546 573 636 630 98.
687 572 977 643 Indulgens
1029 572 1121 627 iraa
1166 572 1485 637 monachus,
1535 571 1773 627 animam
1823 572 2046 639 occidit,

474 680 753 738 propeque
782 674 1024 721 astantes
1065 665 1400 721 acutissimis
1444 665 1666 735 gravius
1686 664 2045 719 convulnerat

472 754 692 824 jacuhs.

523 846 630 918 ~99.
673 843 762 900 Va:
791 846 1058 901 monacho
1084 846 1176 916 qui
1222 845 1485 914 justifieat
1530 845 1767 915 seipsum
1817 844 1871 900 in
1913 859 2049 899 con-

476 946 664 1003 spcctu
696 936 1014 991 hominum!
1054 937 1141 992 hic
1167 937 1311 992 enim
1352 936 1477 991 talis
1507 936 1864 994 exsecrabilis
1905 937 2049 1006 apud

456 1024 665 1079 'Dcum.

534 1118 666 1173 100.
705 1117 898 1190 Segnis
930 1119 1232 1175 monachus
1259 1134 1542 1175 sermones
1574 1134 1744 1175 vanos
1761 1118 2050 1175 meditabi-

470 1220 597 1278 tur;
638 1211 909 1281 fallaxque
938 1214 1058 1285 ejus
1087 1212 1351 1270 fabulatio
1376 1229 1439 1270 ac
1463 1215 1814 1285 colloquium.

543 1302 664 1357 101.
705 1302 788 1357 Ira
822 1319 1063 1376 praeceps
1095 1305 1419 1369 monachus,
1454 1306 1508 1359 in
1554 1305 1884 1360 tentationes
1916 1304 2052 1358 inci-

474 1393 564 1446 ‘det
596 1413 607 1445 :
637 1394 727 1464 qui
761 1402 940 1448 autem
973 1394 1111 1449 lenis
1145 1405 1248 1460 est,
1282 1396 1493 1450 sedabit
1518 1396 1676 1450 iram.
2022 1466 2035 1475 υ

548 1484 672 1538 102.
741 1485 844 1553 Qui
888 1487 1112 1542 conlidit
1161 1488 1212 1541 in
1260 1488 1508 1558 corporis
1564 1482 1781 1555 robore,
1841 1490 2051 1553 ruinam

474 1577 658 1645 dabit;
692 1577 783 1647 qui
808 1587 986 1633 autent
1018 1578 1242 1634 confidit
1268 1579 1321 1634 in
1355 1579 1607 1644 Domino,
1646 1580 1830 1635 salvus
1852 1581 1975 1635 erit.

552 1667 669 1722 105.
707 1666 808 1734 Qui
841 1669 1146 1738 proximum
1192 1670 1404 1739 spernit
1442 1678 1503 1724 ut
1544 1679 1907 1741 peccatorem,
1956 1671 2049 1725 do-
2083 1688 2121 1741 Β

475 1757 694 1826 ploratu:
729 1760 892 1813 sortis
928 1761 1227 1816 monachus
1257 1771 1378 1816 est:
1409 1761 1503 1831 qui
1543 1771 1723 1816 autem
1759 1777 1883 1816 eum
1923 1762 2046 1831 plu-

475 1849 552 1903 ris
580 1864 638 1903 se
663 1849 810 1916 facit,
835 1851 1181 1906 cxaltabitur.

541 1939 664 1992 iOi.
724 1937 886 1994 Lenis
921 1943 1220 1995 monachus
1252 1941 1600 2005 exaltabitur,
1636 1950 1690 1997 et
1722 1943 1775 1995 in
1810 1957 2047 2012 conspe-

474 2041 563 2084 ctu
602 2040 912 2099 magnatum
944 2030 1272 2087 laudabitur.

458 2160 464 2167 .
541 2122 663 2177 103.
696 2121 832 2175 Ante
863 2123 1243 2186 tentationem,
1286 2131 1337 2178 te
1387 2124 1524 2192 ipse,
1561 2125 1850 2189 monacho,
1883 2123 2051 2178 armis

476 2213 704 2277 instrue,
744 2212 979 2281 (eveniet
1024 2213 1192 2283 enim)
1228 2223 1285 2267 ut
1331 2213 1387 2268 in
1435 2216 1734 2272 tentatione
1794 2219 2051 2287 probatus

472 2320 764 2374 apparens.

539 2396 660 2450 106.
692 2397 772 2451 Ne
804 2396 1012 2466 amplas
1042 2413 1173 2468 opes
1197 2401 1531 2471 obcsamque
1554 2415 1774 2457 carnem
1828 2417 2052 2473 parare-

470 2490 571 2551 ris,
600 2488 895 2561 monache;
925 2506 1044 2559 qua:
1065 2491 1208 2544 enim
1239 2502 1386 2547 arcta
1423 2493 1495 2548 sit
1522 2502 1577 2549 et
1606 2506 1829 2567 angusta
1867 2498 1951 2551 via
1981 2498 2045 2561 “,

473 2581 635 2634 amho
661 2581 775 2636 haec
802 2583 1027 2651 respuit.

540 2672 663 2725 107.
723 2672 825 2738 Qui
884 2672 1036 2727 Pauli
1078 2675 1385 2744 discipulus
1429 2677 1682 2742 exsistas,
1735 2678 1902 2733 dicito
1927 2694 2050 2746 cum

472 2762 565 2815 illo
595 2780 607 2815 :
646 2761 838 2818 Omnia
865 2762 1160 2817 arbitratus
1183 2780 1302 2818 sum
1322 2774 1379 2819 ut
1406 2776 1660 2833 stercora,
1694 2776 1751 2820 at
1780 2767 2051 2822 Christum

474 2855 838 2918 Iucrifacerem
860 2855 928 2909 ³⁷.

541 2944 664 2997 108.
697 2942 840 3015 Ignis
872 2944 1069 3000 ardens
1099 2945 1150 2999 in
1201 2945 1517 3016 praecordiis
1567 2948 1844 3013 monachi,
1883 2948 2050 3004 libido

470 3049 596 3101 qua!
625 3034 676 3085 in
707 3034 928 3104 crapula
953 3048 1182 3089 accensa
1209 3036 1299 3101 sit,

542 3125 662 3179 109.
700 3124 853 3195 Jugis
885 3125 1009 3182 fons
1037 3126 1329 3183 Christus:
1362 3126 1486 3183 inde
1532 3128 1809 3195 hauriens,
1857 3129 2051 3185 olentis

472 3221 682 3275 fmtoris
715 3221 1024 3275 incendium
1051 3223 1357 3290 exstingue.
1538 3207 1567 3228 ’

526 3313 669 3367 ⁵110.
701 3311 849 3378 Quas
882 3313 935 3368 in
966 3314 1220 3368 manibus
1240 3328 1371 3383 opes
1403 3323 1611 3378 teneas,
1640 3328 1913 3383 quamque
1934 3330 2052 3368 era-

480 3406 604 3473 pula
637 3405 859 3459 obesam
904 3419 1122 3459 carnem
1151 3404 1364 3467 reddas,
1402 3419 1507 3458 non
1533 3403 1885 3459 admittentur
1912 3406 2050 3459 intra

477 3496 598 3549 cmli
627 3495 844 3561 jaiuias.
880 3494 999 3547 Noli
1029 3508 1177 3563 ergo,
1218 3494 1510 3556 monaclte.
1547 3494 1800 3551 fiduciam
1854 3496 2053 3552 habere

476 3585 527 3636 iu
557 3583 1063 3652 divitiisubcsazque
1085 3583 1266 3639 carnis
1291 3584 1526 3647 luxurie,
1559 3592 1619 3639 ut
1644 3585 2000 3641 liceatdicerc
2035 3603 2047 3639 :

475 3676 694 3729 Dimitte
722 3677 868 3729 nobis
902 3676 1076 3730 debita
1102 3687 1303 3740 nostra,
1344 3677 1481 3730 sicut
1508 3686 1561 3731 et
1592 3694 1685 3730 nos
1732 3678 2050 3733 dimittimus

475 3767 795 3822 debitoribus
825 3770 1018 3823 nostris
1046 3769 1112 3822 “.

543 3859 664 3912 111.
705 3858 896 3929 Segnis
926 3861 1227 3913 monachus
1260 3874 1289 3912 a
1314 3859 1732 3929 cogitationibus
1759 3860 2050 3916 suﬂ'ocabi-

475 3960 585 4014 tur,
614 3950 752 4004 haud
780 3965 1034 4006 secusac
1067 3951 1304 4006 triticum
1341 3966 1372 4004 a
1409 3951 1582 4020 spinis
1615 3951 1914 4008 suﬂocatur
1948 3956 2013 4006 ’⁸.
2046 4006 2053 4015 ,

538 4040 663 4096 119..
687 4039 931 4101 Verbum
947 4057 1171 4110 pravum
1201 4057 1268 4095 ne
1294 4040 1534 4111 proferat
1557 4043 1861 4099 monachus
1894 4062 1906 4097 :
1936 4060 2047 4098 non

470 4134 617 4187 enim
643 4134 767 4188 vitis
797 4134 1006 4203 profert
1035 4134 1242 4204 spinas.
1662 4141 1667 4146 '

531 4224 660 4276 115.
682 4223 942 4279 Dulcibus
961 4225 1139 4283 verbis
1161 4224 1413 4294 proximo
1435 4223 1691 4293 loquatur
1713 4227 2045 4282 monachus:

470 4330 578 4371 non
600 4315 746 4369 enim
784 4316 891 4371 mel
920 4315 1340 4371 amaritudinem
1368 4315 1548 4371 habet.

544 4408 666 4462 111.
719 4405 922 4463 Caveat
988 4409 1294 4463 monachus
1350 4424 1418 4463 ne
1458 4409 1705 4480 sitpiger
1726 4412 2037 4481 praestando

464 4499 692 4568 iustitiae
717 4514 883 4568 opera
910 4515 925 4565 ;
954 4499 1073 4568 apis
1119 4500 1264 4554 enim
1294 4516 1510 4570 semper
1549 4504 1701 4571 operi
1744 4502 1933 4558 sedula
1966 4503 2047 4555 in-

468 4591 695 4647 cumbit.

543 4684 667 4739 115.
714 4682 974 4739 .lordanis
1010 4683 1274 4741 ﬂuentum
1327 4685 1614 4757 expiandis
1655 4688 1917 4757 peccatis,
1968 4687 2047 4741 la-

1819 192 1883 250 B.
1926 188 2405 257 IIYPEBECHIII

542 300 629 353 97.
667 298 769 365 Qui
805 301 1102 352 monachus
1136 299 1187 354 iu
1229 300 1308 353 ira
1340 299 1563 353 minime
1597 314 1821 369 compos
1852 301 2047 368 lingua:
2077 307 2120 360 Α

2075 4376 2125 4436 D

3604 188 3739 250 1481

2236 301 2293 351 '0
2329 299 2404 370 μὴ
2440 297 2656 368 κρατῶν
2692 296 2941 367 γλώσσης
2986 295 3151 350 αὑτοῦ
3185 295 3419 367 μοναχδς
3461 295 3522 351 ἐν
3563 300 3740 370 καιρῷ

2152 389 2344 458 ὀργῆς,
2377 389 2496 441 οὐδὲ
2527 387 2715 441 παθῶν
2745 388 3004 457 κρατήσει
3031 389 3059 438 ὁ
3092 386 3357 451 τοιοῦτος.

2235 590 2295 643 '0
2325 590 2675 663 ὀργιζόμενος
2708 587 2941 659 μοναχὺς
2973 588 3190 657 ἀναιρεῖ
3214 587 3419 657 ψυχὴν,
3448 588 3543 640 καὶ
3569 602 3737 640 κατα-

2152 679 2441 750 τιτρώσκει
2470 679 2680 750 βέλεσιν
2709 679 2992 743 ὀξυτάτοις
3018 677 3145 740 τοὺς
3171 677 3401 745 ἔγγιστα
3430 675 3620 732 αὐτοῦ.

2225 858 2362 911 Οὐαὶ
2403 857 2624 928 μοναχῷ
2652 857 2950 911 δικαιοῦντι
2990 857 3183 911 ἑαυτὸν
3221 856 3456 913 ἐνώπιον
3494 858 3606 914 τῶν
3637 861 3733 914 ἀνι-

2157 949 2389 1020 θρώπων
2407 965 2421 981 ⁸
2459 948 2741 1019 βδελυκτὺς
2767 951 2796 1002 ὁ
2824 948 3063 1012 τοιοῦτος
3093 949 3246 1020 παρὰ
3269 949 3413 1020 θεῷ.

2239 1131 2401 1201 Ὀκνη
2411 1130 2498 1201 ρὸς
2531 1129 2763 1200 μοναχδς
2795 1127 3084 1199 μελετήσει
3103 1126 3295 1195 λόγους
3320 1126 3611 1196 ματαίους,
3633 1129 3726 1181 καὶ

2155 1220 2190 1290 ὴ
2218 1219 2405 1291 ὁμιλία
2437 1219 2604 1273 αὑτοῦ
2632 1219 2907 1289 ἀπατηλή.

2240 1313 2395 1378 Ὀξὺς
2426 1311 2659 1382 μοναχὸς
2688 1311 3012 1381 ἐμπεσεῖται
3063 1311 3145 1372 εἰς
3192 1308 3537 1379 πειρασμούς
3560 1325 3576 1342 ο
3617 1310 3648 1361 ὁ
3673 1308 3727 1361 δδ

2157 1404 2335 1476 πραῢς
2365 1403 2709 1457 καταπαύσει
2737 1403 2928 1473 ὀργήν.

2238 1496 2295 1548 '0
2324 1493 2601 1558 πεποιθὼς
2631 1495 2725 1547 ἐπὶ
2751 1493 2978 1563 δυνάμει
3008 1491 3281 1560 σώματος,
3311 1492 3594 1544 πεσεῖται·
3624 1490 3656 1543 ὁ
3674 1490 3728 1545 δὲ

2158 1584 2432 1650 πεποιθὼς
2458 1585 2552 1639 ἐπὶ
2583 1585 2808 1656 Κυρίου,
2839 1584 3167 1653 σωθήσεται.

2231 1681 2291 1732 Ὀ
2319 1678 2608 1743 ὲξουδενῶν
2644 1679 2735 1730 τὸν
2764 1677 2992 1747 πλησίον
3030 1676 3107 1739 ὡς
3143 1674 3503 1746 ἁμαρτωλὸν,
3546 1672 3729 1727 ταλαί-

2153 1788 2336 1844 πωρος
2366 1770 2599 1841 μοναχὸς
2617 1785 2631 1798 ·
2667 1770 2697 1821 ὁ
2723 1768 2780 1822 δὲ
2809 1766 3092 1840 προτιμῶν
3120 1765 3212 1821 τὸν
3239 1765 3490 1836 πλησίον,
3516 1763 3730 1835 ὑψωθή-

2154 1879 2326 1917 σεται.

2224 1954 2410 2025 Πραῢς
2439 1951 2671 2023 μοναχὸς
2695 1950 3062 2020 ὑψωθήσεται,
3086 1947 3183 2003 καὶ
3201 1948 3260 2001 ὲν
3278 1945 3436 2013 ὕψεσι
3454 1945 3730 2012 δυναστῶν

2152 2044 2593 2114 ἐπαινεθήσεται.

2187 2141 2191 2145 ’
2224 2140 2337 2211 Πρὸ
2365 2137 2676 2209 πειρασμοῦ
2709 2135 3005 2199 modum:
3036 2133 3286 2199 σεαυτδν,
3322 2132 3558 2204 μοναχέ·
3591 2148 3731 2201 συμ-

2153 2232 2379 2302 ϐήσεται
2423 2230 2559 2299 γὰρ,
2612 2230 2698 2281 ἵνα
2745 2230 2802 2281 ὲν
2850 2227 2930 2295 τῷ
2975 2224 3272 2297 πειρασμῷ
3326 2224 3551 2295 δόκιμος
3596 2223 3732 2278 ἁνα-

2154 2325 2346 2394 φανῇς.

2226 2413 2459 2468 Πλοῦτον
2505 2413 2599 2466 καὶ
2647 2409 3018 2480 πολυσαρκίαν
3051 2409 3127 2479 μὴ
3169 2407 3367 2479 κτήσῃ,
3401 2403 3608 2476 μοναχέ
3627 2419 3647 2436 ο
3686 2403 3722 2473 ἠ

2153 2510 2259 2578 γὰρ
2308 2506 2469 2575 στενὴ
2518 2505 2614 2558 καὶ
2660 2502 2996 2573 τεθλιμμένη
3048 2500 3167 2562 ὁδὸς
3221 2497 3290 2550 τὰ
3341 2495 3729 2566 συναμφότερα

2153 2598 2472 2653 ἀπωθεῖται.

2225 2688 2439 2743 Παύλου
2500 2686 2789 2757 γενόμενος
2848 2682 3134 2754 μαθητὴς,
3172 2681 3302 2749 λέγε
3369 2680 3469 2733 σὺν
3532 2676 3680 2748 αύτῷ
3708 2691 3730 2707 ⁶

2156 2781 2419 2848 ’Ήγημαι
2456 2775 2654 2829 πάντα
2682 2775 2957 2828 σκύϐαλα
2983 2768 3157 2837 εἶναι,
3187 2771 3290 2824 ἶνα
3315 2769 3573 2838 Χριστὸν
3598 2783 3733 2835 κερ-

2156 2870 2191 2923 δ
2198 2870 2344 2936 riam.

2228 2960 2347 3033 Πῦρ
2395 2960 2684 3032 καιόμενον
2738 2959 2795 3011 ὲν
2850 2958 2964 3019 τοῖς
3020 2952 3276 3021 ἑγκάτοις
3325 2949 3422 3005 τοῦ
3472 2944 3729 3021 μοναχοῦ.

2154 3053 2317 3124 ἡδονὴ
2345 3054 2402 3106 ὲν
2431 3049 2711 3122 κραιπάλῃ
2740 3046 3104 3117 ὲναπτομένη.

2227 3142 2384 3214 Πηγὴ
2411 3128 2640 3204 ἁένναος
2668 3141 2698 3193 ὀ
2724 3139 2963 3212 Χριστός
2993 3157 3006 3171 υ
3062 3140 3127 3191 ὲκ
3174 3137 3383 3206 ταύτης
3411 3133 3729 3205 ἀρυόμενος,

2153 3235 2252 3306 τὴν
2279 3233 2488 3303 δυσώδη
2521 3233 2799 3303 πυρκαϊὰν
2829 3229 3155 3284 ἀπόσδεσον.

2226 3327 2460 3389 Πλοῦτος
2489 3327 2548 3378 ὲν
2575 3325 2736 3396 χερσὶ
2764 3322 3151 3394 κατεχόμενος,
3182 3320 3279 3375 καὶ
3307 3317 3650 3390 πολυσαρκία
3676 3316 3732 3368 ὲν

2153 3415 2432 3489 κραιπάλῃ
2462 3413 2850 3484 συνισταμένη,
2882 3413 2982 3465 οὐκ
3011 3410 3422 3481 είσδεχθήσεται
3452 3410 3537 3470 εἰς
3564 3406 3733 3467 πύλας

2153 3504 2417 3576 οὐρανῶν.
2448 3501 2729 3563 Πεποιθὼς
2755 3499 2848 3553 οὖν
2877 3501 3036 3562 έστω,
3073 3497 3293 3567 μοναχὲ.
3327 3495 3405 3565 μή
3432 3495 3492 3546 ὲν
3524 3490 3734 3558 πλούτῳ

2153 3598 2248 3650 καὶ
2290 3593 2653 3664 πολυσαρκίᾳ,
2686 3592 2771 3645 ἴνα
2799 3589 3023 3651 δυνατὸς
3061 3584 3130 3660 ᾗς
3172 3587 3269 3640 τοῦ
3311 3586 3515 3653 λέγειν,
3561 3586 3733 3651 Ἄφες

2154 3690 2299 3759 ἡμῖν
2325 3688 2397 3742 τὰ
2417 3685 2789 3756 ὀφειλήματα
2817 3681 3006 3753 ἡμῶν,
3044 3682 3124 3745 ὼς
3157 3679 3255 3732 καὶ
3291 3676 3462 3746 ἡμεῖς
3484 3676 3733 3745 ἀφίεμεν

2157 3781 2277 3847 τοῖς
2303 3779 2636 3849 ὀφειλέταις
2661 3775 2849 3845 ἡμῶν.

2232 3871 2503 3942 Ῥᾴθυμος
2536 3867 2769 3939 μοναχὸς
2799 3864 3140 3935 πληγήσεται
3173 3862 3280 3917 ὑπὸ
3316 3860 3617 3932 λογισμῶν,
3656 3861 3730 3923 ὡς

2154 3964 2258 4017 ὑπὸ
2286 3961 2537 4017 ἀκανθῶν
2570 3963 2736 4022 σῖτος.

2235 4055 2414 4125 Ῥῆμα
2438 4044 2676 4122 πονηρὸν
2702 4052 2776 4121 μὴ
2820 4050 3145 4121 προφερέτω
3187 4049 3419 4120 μοναχός
3437 4063 3454 4076 ⁸
3487 4046 3729 4119 ἄμπελος

2151 4147 2260 4217 γὰρ
2289 4141 2672 4212 ἀκανθηφόρος
2700 4140 2761 4193 ού
2792 4140 3025 4207 γίνεται.

2232 4237 2470 4305 Ῥήμασι
2515 4231 2876 4299 γλυκυτάτοις
2924 4229 3151 4283 λαλείτω
3201 4229 3433 4299 μοναχδς
3472 4227 3555 4297 τῷ
3593 4225 3729 4295 πληο

2154 4328 2267 4382 σίον
2287 4344 2299 4357 ·
2335 4326 2457 4395 μέλι
2486 4323 2594 4394 γὰρ
2623 4324 2851 4394 πικρίαν
2879 4323 2980 4376 οὐκ
3009 4323 3143 4393 ἔχει.

2229 4418 2499 4488 Ῥᾴθυμος
2570 4413 2799 4484 μοναχδς
2871 4411 2945 4482 μὴ
3011 4410 3246 4477 γινέσθω
3308 4409 3450 4479 πρὸς
3511 4406 3579 4460 τὰ
3632 4404 3732 4475 τῆς

2147 4506 2491 4577 δικαιοσύνης
2520 4505 2658 4575 ἔργα
2677 4519 2691 4534 ·
2737 4503 2771 4573 ἠ
2800 4502 2910 4573 γὰρ
2942 4501 3174 4573 μέλισσα
3200 4500 3288 4554 διὰ
3319 4499 3523 4563 παντὸς
3564 4498 3731 4569 ἐργά-

2151 4601 2322 4664 ζεται..

2235 4689 2478 4761 Ῥείθρον
2520 4687 2788 4761 Ἰορδάνου
2833 4684 3134 4756 καθάρσιον
3178 4680 3598 4754 ἁμαρτημάτων
3639 4679 3729 4733 δά-

469 4793 689 4847 οτγιιιιιξ.
724 4777 813 4832 Ait
838 4776 1254 4848 enimﬂhrisws
1274 4796 1287 4832 :
1310 4778 1462 4833 Beati
1481 4779 1570 4848 qui
1583 4779 1782 4849 lugent,
1798 4780 2047 4850 quoniam

2195 4800 2317 4855 ρυα.
2364 4780 2598 4853 Χριστὸς
2628 4778 2735 4850 γὰρ
2765 4776 2922 4832 εἶπε·
2966 4774 3259 4845 Μακάριοι
3296 4775 3353 4827 οι
3391 4773 3726 4834 κλαίοντες,

471 4868 886 4924 consolabuntur
912 4868 978 4922 ³⁸.

551 4960 671 5014 ili}.
699 4958 967 5014 Perﬂatur
990 4960 1296 5015 monachus
1342 4961 1739 5030 cogitationum
1781 4961 1994 5016 turbine
2031 4978 2046 5026 ;

471 5052 587 5120 ipse
625 5066 751 5106 vero
797 5053 1056 5123 angelicis
1104 5052 1286 5108 verbis
1335 5054 1577 5121 seipsum
1640 5053 1873 5108 ﬁrmiter
1933 5062 2049 5106 sta-

472 5146 605 5190 tuat.

522 5230 661 5283 117.
697 5229 915 5295 Libera,
949 5234 1246 5298 monache,
1298 5243 1500 5305 quanta
1555 5233 1787 5288 facultas
1834 5232 2044 5301 absque

468 5322 666 5390 probro
698 5322 1010 5392 proximum
1031 5340 1071 5377 .a
1100 5336 1330 5393 peccato
1356 5343 1365 5377 :
1397 5326 1539 5381 Deus
1571 5326 1714 5379 enim
1746 5340 1852 5379 non
1871 5325 2043 5394 repel-

465 5404 529 5462 lit
562 5425 656 5464 eos
687 5409 780 5479 qui
809 5423 1219 5468 convertuntur.

504 5608 555 5640 “
578 5607 891 5680 Manium,
921 5618 1001 5671 14.
1083 5620 1126 5656 ’τ
1169 5617 1395 5689 Philipp.
1435 5635 1512 5686 ιιι,
1560 5620 1612 5677 8.
1692 5622 1736 5653 ⁸⁸
1779 5621 1968 5677 Matth.
2014 5637 2089 5689 vr,
2141 5619 2224 5675 12.
2305 5622 2346 5655 ’θ
2383 5622 2546 5677 Marc.
2583 5638 2653 5689 tv,
2699 5623 2749 5679 7.
2834 5622 2878 5655 ³ο
2907 5597 3096 5674 Matth.
3148 5623 3287 5679 v,5.

2148 4874 2238 4927 ὅτι
2271 4871 2654 4943 γελάσονται.

2229 4963 2531 5028 Ῥιπίζεται
2563 4959 2791 5032 μοναχὸς
2820 4958 2926 5012 ὑπὸ
2961 4956 3225 5020 λαίλαπος
3267 4954 3547 5025 λογισμῶν
3567 4969 3582 4982 ’
3632 4955 3729 5025 ῥή-

2151 5073 2282 5129 μασι
2308 5054 2364 5108 δὲ
2394 5052 2705 5121 ἀγγελικοῖς
2738 5048 3041 5122 στηριζέτω
3069 5047 3263 5101 ἑαυτὸν
3292 5046 3595 5118 κραταιῶς.

2231 5232 2440 5295 Ῥὖσαι,
2472 5230 2693 5301 μοναχὲ,
2727 5229 2821 5282 τὸν
2859 5227 3085 5297 πλησίον
3113 5226 3224 5280 ἀπὸ
3254 5223 3529 5296 ἁμαρτίας
3561 5223 3733 5293 χωρὶς

2147 5323 2474 5395 ὁνειδισμοῦ,
2507 5323 2606 5390 ὅση
2641 5338 2724 5374 σοι
2752 5319 3004 5389 δύναμις·
3029 5318 3162 5381 Θεὸς
3187 5315 3296 5387 γὰρ
3319 5316 3446 5377 τοὺς
3473 5310 3732 5383 ἐπιστρέσ

2150 5433 2347 5486 φοντας
2375 5416 2475 5468 οὐκ
2505 5412 2829 5467 ἀπωθεῖται.

3414 5694 3447 5713 ο
