3998 6116
333 212 468 277 1185

1388 227 1486 283 ΑΙ)
1528 223 1930 285 MONACHOS
1970 226 2482 295 ADIIORTATIO.

3446 222 3581 297 me

403 327 581 397 Ῥῆμα
631 328 829 393 κακίας
880 331 970 384 καὶ
1022 333 1286 403 πονηρίας
1339 335 1413 406 μὴ
1463 337 1795 409 ἀποκλείσῃς
1843 339 1900 389 ὲν

2078 344 2195 399 118.
2238 344 2471 401 Verbum
2505 345 2724 402 malitia:
2776 354 2832 400 et
2876 345 3134 416 nequitiae
3186 359 3256 402 ne
3313 347 3582 403 clauseris

321 418 518 489 καρδίᾳ
543 436 636 472 σου
668 421 809 475 κατὰ
837 421 931 475 τοῦ
960 423 1192 492 ἀδελφοῦ
1224 442 1340 491 σου,
1366 428 1588 497 μοναχὲ,
1619 429 1707 482 ἵνα
1734 429 1895 481 δυνα-

320 509 413 573 τὸς
441 506 508 583 ᾖς
536 511 628 566 τοῦ
648 512 825 583 λέγειν
845 530 859 545 ·
904 516 1089 584 Ἄφες
1118 516 1264 583 ἡμῖν
1295 517 1367 572 τὰ
1385 518 1774 589 ὀφειλήματα,
1803 522 1897 573 καὶ

320 602 390 654 τὰ
421 601 567 672 ἑξῆς.

390 689 664 759 Στέφανος
697 694 952 764 μοναχοῦ,
979 697 1169 767 εἰρήνη
1196 698 1287 752 καὶ
1307 698 1580 770 ἁγιασμός
1598 716 1612 729 ³
1644 701 1672 753 ό
1700 715 1901 770 κεκτη-

323 783 485 852 μένος
518 786 680 850 αὺτὰ,
712 785 901 857 ὄψεται
933 788 1022 842 τὸν
1052 788 1282 862 Κύριον.

393 875 721 950 Σωφροσύνη
751 881 985 951 μοναχοῦ
1009 881 1288 950 ἀνυψώσει
1317 882 1566 953 κεφαλήν
1591 881 1780 949 αὐτοῦ,
1806 884 1901 937 καὶ

322 963 380 1017 ὲν
412 966 561 1037 μέσῳ
583 969 764 1023 καλῶν
792 971 1207 1042 δοξασθήσεται.

392 1057 634 1132 Σώφρων
665 1062 899 1133 μοναχδς
928 1066 985 1118 ὲν
1016 1065 1335 1136 ἐκκλησίαις
1361 1065 1743 1138 τιμηθήσεται.

395 1234 568 1302 Σοφία
613 1238 848 1308 μοναχοῦ
903 1238 980 1311 μὴ
1032 1242 1092 1295 ὲν
1139 1242 1480 1314 κομπολογίᾳ
1526 1244 1896 1315 γνωριζέσθω,

324 1323 441 1375 ἀλλ’
472 1326 528 1377 ἐν
559 1326 812 1399 εὐσεϐείᾳ
839 1330 936 1384 καὶ
969 1331 1239 1403 πραΰτητι
1268 1333 1522 1401 γινέσθω.
1554 1334 1724 1403 Σοφὸς
1749 1334 1901 1388 ἔσται

323 1418 353 1468 ό
382 1418 642 1483 τοιοῦτος,
686 1422 783 1474 καὶ
830 1425 1114 1496 οἰκονόμος
1143 1427 1382 1498 πλήθους
1421 1428 1689 1497 ἀδελφῶν.
1729 1428 1901 1497 Σοφδς

325 1509 433 1579 γὰρ
462 1511 677 1582 ἀληθῶς
715 1515 882 1580 ἐστιν,
921 1517 1019 1588 οὐχ
1047 1521 1076 1571 ὁ
1102 1518 1181 1589 τῷ
1209 1518 1354 1590 λόγῳ
1396 1519 1684 1589 διδάσκων,
1729 1521 1843 1575 ἀλλ’
1873 1523 1902 1576 ό

322 1601 400 1671 τῷ
428 1601 576 1674 ἔργῳ
605 1604 895 1661 παιδεύων.

395 1795 624 1860 Συνετδς
656 1800 886 1875 μοναχὸς
914 1800 1200 1871 φάλαγγας
1242 1804 1516 1875 δαιμόνων
1569 1805 1900 1875 πυκτεύσας,

323 1885 566 1956 ἄτρωτος
591 1887 837 1959 διαμένει
864 1891 973 1946 τῶν
1005 1893 1216 1948 ἐκεῖθεν
1247 1894 1439 1966 βολῶν.

393 2067 791 2141 Στηριζόμενος
839 2076 1071 2145 μοναχὸς
1119 2076 1200 2147 τῷ
1244 2078 1467 2149 σταυρῷ
1505 2077 1599 2132 τοῦ
1639 2078 1896 2150 Χριστοῦ,

324 2160 422 2230 τὴν
449 2162 692 2231 κεφαλὴν
724 2168 1005 2237 συντρίψει
1034 2166 1129 2221 τοῦ
1159 2168 1474 2239 δράκοντος.

394 2251 576 2321 Στόμα
633 2255 868 2325 μοναχοῦ
924 2257 1225 2325 ἀνοιγέσθω
1283 2259 1427 2330 λόγῳ
1481 2259 1616 2313 Θεοῦ
1639 2275 1654 2291 '
1716 2262 1812 2315 καὶ
1865 2263 1899 2332 ἡ

323 2343 515 2413 καρδία
548 2346 712 2399 αύτοῦ
746 2349 1034 2414 διαπαντὸς
1065 2349 1344 2419 μελετάτω
1372 2351 1527 2420 λόγια
1555 2352 1691 2405 Θεοῦ
1720 2353 1900 2423 ἀμετ-

323 2435 620 2503 εωρὶστως.
758 2492 761 2493 ,

390 2528 455 2580 Τί
463 2546 582 2599 μιον
610 2530 797 2601 κτῆμα
822 2533 1056 2602 μοναχοῦ
1087 2534 1351 2603 παρθενία
1376 2534 1516 2602 φωτὶ
1533 2536 1900 2607 ὲλεημοσύνης

322 2618 758 2687 καταλάμπουσα
779 2638 791 2651 ·
818 2619 975 2675 τοῦτο
997 2622 1237 2692 φυλάξας
1263 2626 1517 2696 μοναχὸς,
1538 2626 1901 2682 εἰσελεύσεται

323 2710 403 2771 είς
431 2709 523 2762 τὸν
553 2728 614 2762 νυ
623 2711 837 2779 μφῶνα.
1290 2764 1295 2765 ,

394 2801 645 2870 Τήρησον
676 2803 892 2861 ἐντολὰς
934 2803 1216 2873 Ὑψίστου,
1254 2806 1479 2876 μοναχὲ,
1514 2806 1609 2859 καὶ
1642 2807 1900 2878 Πατέρων

322 2891 702 2959 παραγγελίας
749 2891 981 2960 φυλάξαι
1046 2894 1370 2961 σπούδασον,
1403 2896 1662 2966 άσκητά·
1725 2896 1899 2950 ταῦτα

1929 1676 1980 1739 Β

2003 436 2058 490 in
2094 436 2259 491 corde
2307 443 2403 492 tuo
2441 438 2706 493 adversus
2751 435 2975 492 l‘ratrem
3021 446 3198 503 tuum,
3230 453 3264 492 o
3295 442 3582 507 tnonache,

2005 536 2059 582 ut
2106 527 2264 582 liceat
2314 528 2533 584 dicere:
2598 528 2813 583 Dimitte
2847 528 2997 584 nobis
3031 529 3208 583 debita
3230 541 3437 594 nostra,
3465 543 3575 587 etc.
3666 546 3672 576 ξ

2075 718 2195 781 119.
2225 724 2439 781 Corona
2468 724 2746 790 monacln,
2792 739 2899 795 pax
2923 732 2978 779 et
3023 723 3426 792 sanctimonia;
3460 740 3582 795 qua:

2002 818 2093 889 qui
2128 824 2325 872 nactus
2367 815 2551 881 fuerit,
2591 815 2799 871 videbit
2832 815 3127 870 Dominum
3156 815 3224 872 ⁸¹.

2073 907 2197 964 120.
2224 908 2464 964 Castitas
2487 907 2745 962 monachi
2788 907 3024 963 sublime
3050 906 3202 963 tollet
3233 913 3397 977 caput
3425 907 3579 977 ejus,

2000 1007 2054 1054 et
2082 1000 2137 1053 in
2170 999 2349 1053 medio
2376 998 2644 1053 bonorum
2673 997 3094 1053 clariﬁcabitur.

2073 1089 2195 1144 121.
2232 1088 2430 1145 Castus
2484 1089 2788 1144 monachus
2831 1088 2886 1143 in
2941 1086 3302 1143 conventibus
3344 1085 3583 1141 honora-

2000 1178 2166 1234 bitur.

2075 1269 2197 1325 122.
2247 1269 2526 1340 Sapientia
2568 1268 2823 1325 monachi
2869 1283 2978 1324 non
3028 1268 3082 1323 in
3125 1282 3322 1338 pompa
3384 1267 3581 1324 verbo-

2002 1377 2124 1416 rum
2158 1364 2495 1428 innotescat,
2527 1362 2622 1418 sed
2650 1363 2703 1417 in
2739 1359 2939 1433 pietate
2960 1375 3025 1415 ac
3062 1359 3284 1415 lenitate
3313 1359 3574 1415 exsistat.

2003 1452 2104 1508 Hic
2143 1454 2266 1509 talis
2308 1454 2527 1523 sapiens
2575 1454 2697 1517 erit,
2737 1462 2793 1509 et
2816 1453 2908 1523 qui
2953 1452 3181 1507 fratrum
3211 1450 3381 1506 coetui
3409 1450 3577 1505 aedili-

2005 1543 2277 1598 cationem
2336 1552 2576 1614 prazstet.
2611 1542 2841 1614 Sapiens
2871 1544 3017 1598 enim
3066 1551 3169 1604 est,
3212 1555 3319 1596 non
3345 1540 3439 1612 qui
3461 1556 3577 1596 ser-

2010 1649 2171 1690 mone
2211 1635 2416 1701 docet,
2453 1635 2549 1690 sed
2594 1636 2687 1705 qui
2731 1649 2896 1704 opere
2948 1633 3131 1688 erudit
3176 1648 3242 1688 ac
3285 1630 3447 1689 ollicii
3483 1630 3582 1685 ad-

2007 1737 2212 1784 monet.

2075 1824 2202 1880 125.
2234 1821 2486 1880 Prudens
2522 1821 2825 1878 monachus
2863 1837 2927 1876 ac
2957 1820 3285 1890 intelligens,
3314 1832 3438 1874 cum
3464 1826 3582 1871 tur-

2000 1915 2087 1971 bis
2118 1914 2427 1969 daemonum
2474 1914 2825 1979 colluctatus,
2878 1927 3069 1968 eorum
3122 1911 3326 1965 illaesus
3377 1907 3580 1979 jaculis

2002 2017 2328 2076 perseverat.

2078 2100 2199 2154 121.
2228 2099 2526 2156 Monachus
2568 2100 2664 2170 qui
2707 2100 2911 2155 nitatur
2947 2097 3154 2153 Christi
3198 2110 3384 2160 cruce,
3415 2105 3580 2164 caput

2004 2201 2250 2250 conteret
2278 2194 2554 2248 draconis.

2075 2283 2196 2339 125.
2233 2283 2306 2338 Os
2334 2282 2588 2337 monachi
2621 2283 2900 2352 aperiatur
2927 2283 3173 2337 sermoni
3196 2278 3322 2341 Dei;
3347 2278 3579 2347 ejusque

2004 2387 2218 2443 semper
2279 2372 2495 2428 animus
2557 2371 2697 2427 nihil
2745 2386 2876 2442 vaga
2925 2380 3107 2425 mente
3154 2367 3451 2423 meditetur
3480 2365 3575 2420 Dei

2003 2464 2240 2534 eloquia.
2630 2467 2637 2471 ’

2075 2556 2197 2611 126.
2221 2556 2466 2611 Pretiosa
2499 2556 2778 2626 possessio
2818 2554 3071 2611 monachi
3122 2553 3404 2625 virginitas
3433 2553 3579 2608 elee-

2003 2640 2389 2720 mosymeluce
2443 2649 2802 2704 collustrata:
2842 2649 2943 2703 hac
2978 2647 3286 2701 monachus
3355 2658 3575 2700 servata

2004 2741 2059 2794 in
2087 2742 2380 2811 nuptialem
2415 2740 2716 2796 thalamum
2747 2740 3099 2811 ingredietur.

2074 2831 2196 2887 127.
2238 2832 2416 2887 Serva
2447 2832 2712 2887 Altissimi
2744 2832 3027 2903 mandata,
3051 2830 3353 2897 monache;
3386 2844 3452 2884 ac
3480 2830 3574 2899 qui

2005 2922 2224 2978 virtutis
2273 2923 2522 2992 palaestra
2569 2936 2817 2985 exerces,
2857 2936 2989 2975 cura
3019 2929 3080 2976 ut
3128 2935 3314 2976 serves
3344 2918 3572 2973 Patrum

324 2981 435 3052 γὰρ
467 2982 660 3047 ποιῶν,
705 2984 1036 3055 κληρονόμος
1083 2985 1360 3055 βασιλείας
1396 2987 1642 3058 οὐρανῶν
1683 2988 1897 3042 ἀναδει-

2031 3018 2350 3068 iocumenta.
2377 3012 2505 3068 Haec
2543 3013 2685 3068 enim
2732 3012 2777 3067 si
2827 3010 3042 3073 feceris,
3075 3011 3248 3067 haeres
3280 3010 3431 3080 regni
3461 3023 3577 3065 cce-

363 3071 527 3126 Θήση.

363 3088 390 3124 υ
436 3089 467 3124 σ
513 3112 527 3126 .

327 3090 361 3141 χ
396 3088 681 3234 ξολιμηρδς
716 3167 951 3237 μοναχὸς
984 3169 1311 3238 ἐμπεσεῖται
1348 3170 1429 3233 είς
1468 3168 1775 3239 πειρασμὸν
1804 3170 1897 3225 καὶ

323 3256 529 3324 παγίδα
558 3256 654 3311 τοῦ
685 3257 931 3313 διαϐόλου
956 3277 970 3290 ·
1002 3261 1093 3314 τὸν
1123 3263 1180 3315 δὲ
1208 3261 1392 3333 πραῢν
1421 3261 1793 3332 καταλήψεται
1822 3264 1900 3317 elo

217 3379 219 3381 ί
324 3351 486 3419 ρήνη,
518 3351 612 3402 καὶ
643 3351 905 3419 στέφανος
938 3354 1333 3421 ἀγαλλιάσεως.

394 3438 690 3507 Τρυφητὴς
723 3441 954 3509 μοναχὸς
982 3444 1038 3494 ὲν
1073 3444 1313 3507 ἀπάταις
1356 3444 1507 3500 ἔσται
1539 3449 1633 3501 καὶ
1669 3451 1728 3502 ἐν
1758 3466 1896 3518 φαν-

323 3527 541 3589 τασίαις
572 3534 911 3598 νυκτερινῆς
935 3546 948 3559 ⁸
994 3532 1089 3584 τοῦ
1116 3532 1174 3585 δὲ
1201 3535 1576 3603 νηστεύοντος,
1608 3538 1837 3600 ἄσπιλος
1865 3542 1899 3608 ὴ

324 3619 480 3687 κοίτη
511 3618 604 3672 καὶ⁸
634 3618 974 3687 ἁφάνταστος
1005 3620 1192 3686 ὕπνος.

391 3796 481 3867 Τῷ
520 3797 843 3869 φοϐουμένῳ
882 3798 972 3853 τὸν
1015 3799 1220 3871 Κύριον
1251 3802 1470 3875 μοναχῷ
1508 3804 1569 3857 οὐ
1633 3808 1901 3878 συναντή-

326 3906 479 3941 σεται
522 3890 754 3959 πρᾶγμα
803 3891 1073 3965 ’πονηρόν⁸
1121 3893 1213 3945 τὸν
1242 3895 1351 3967 γὰρ
1395 3895 1636 3951 τοιοῦτον
1677 3899 1900 3967 φυλάξει

323 3985 351 4033 ὁ
382 3980 616 4051 Κύριος’
666 3981 761 4034 καὶ
816 3982 873 4035 ὲν
923 3983 1106 4055 ἡμέρᾳ
1153 3986 1411 4058 τελευτῆς
1461 3986 1573 4054 ἔξει
1601 3990 1900 4057 ότοιοῦτος

327 4076 574 4146 ίλασμόν.

405 4169 683 4240 ’Υποταγὴ
715 4170 948 4240 μοναχοῦ
982 4171 1080 4223 οὐκ
1106 4173 1164 4224 ὲν
1202 4169 1281 4241 τῷ
1313 4170 1519 4241 μείζονι
1542 4156 1895 4243 γνωρίζεται,

320 4258 433 4311 ἀλλ’
467 4259 526 4311 ἐν
557 4258 633 4328 τῷ
661 4259 927 4329 ἐλαχίστῳ
957 4259 1260 4324 δοξάζεται.

2000 3105 2178 3159 lorum
2200 3103 2473 3160 elﬁcieris.

2071 3194 2198 3248 128.
2235 3194 2426 3249 Audax
2470 3194 2777 3249 monachus
2804 3208 2868 3248 ac
2903 3191 3054 3248 ferox
3085 3191 3288 3248 incidet
3315 3192 3369 3247 in
3392 3201 3567 3247 tenta-

2001 3285 2204 3342 tionem
2234 3295 2289 3341 et
2315 3287 2371 3341 in
2401 3286 2656 3356 laqueum
2700 3284 2943 3349 diaboli;
2993 3292 3335 3340 mansuetum
3389 3294 3572 3339 autem

2001 3375 2274 3453 excipient
2302 3391 2406 3445 pax
2443 3383 2498 3430 et
2527 3390 2731 3431 corona
2777 3375 3179 3430 exsultationis.

2072 3470 2199 3525 129.
2257 3467 2477 3526 Deliciis
2532 3469 2724 3525 vivens
2775 3468 3079 3524 monachus
3132 3468 3188 3522 in
3224 3465 3574 3522 illusionibus

2001 3560 2107 3612 erit
2138 3569 2192 3613 et
2220 3562 2276 3613 in
2318 3559 2454 3615 visis
2482 3559 2810 3622 nocturnis;
2847 3559 2969 3631 ejus
3005 3574 3133 3615 vero
3177 3557 3272 3629 qui
3299 3557 3570 3629 jejunium

1999 3649 2165 3723 colat,
2213 3662 2245 3701 a
2273 3647 2434 3702 sorde
2479 3650 2742 3704 mundum
2793 3650 2994 3715 cubile,
3051 3664 3391 3720 somnusque
3423 3646 3568 3703 nulla

2002 3738 2118 3791 visa
2147 3738 2374 3792 habens.

2076 3830 2199 3884 150.
2218 3831 2486 3885 Monacno
2510 3832 2609 3901 qui
2639 3832 2825 3886 timeat
2854 3830 3164 3897 Dominum,
3189 3844 3298 3885 non
3322 3841 3575 3886 occurret
3669 3839 3676 3846 ‘

2001 3923 2204 3979 malum
2219 3921 2437 3992 aliquod
2462 3921 2642 3989 ;hunc
2667 3922 2815 3975 enim
2835 3923 2999 3976 talem
3024 3920 3285 3977 Dominus
3311 3921 3573 3985 custodit,

2001 4024 2054 4069 et
2087 4015 2140 4068 in
2172 4014 2259 4069 die
2291 4012 2481 4069 mortis
2522 4012 2743 4068 habebit
2765 4011 3225 4083 propitiationem.

2073 4178 2194 4231 151.
2232 4174 2486 4231 Monachi
2513 4176 2783 4246 subjectio
2842 4189 2951 4231 non
2979 4174 3034 4229 in
3067 4189 3127 4229 re
3174 4171 3358 4245 magni
3384 4176 3572 4232 πιοςοί⁴

1998 4279 2106 4336 tur,
2129 4270 2224 4325 sed
2248 4269 2302 4324 in
2335 4269 2562 4324 minimo
2592 4267 2862 4323 laudatur.

399 4350 675 4420 ’Υπομονὴ
724 4328 959 4418 μοναχοῦ
1008 4353 1109 4403 οὐκ
1143 4353 1201 4405 ὲν
1262 4328 1516 4424 ἀσθενείᾷ
1558 4353 1718 4423 μόνον
1746 4371 1889 4422 γνω-

2066 4328 2188 4417 1’52.
2218 4361 2488 4417 Patientia
2523 4361 2778 4416 monachi
2828 4375 2935 4415 non
2965 4360 3143 4414 solum
3173 4358 3227 4412 in
3256 4356 3572 4412 inﬁrmitate

322 4441 548 4511 ρίζεται,
577 4442 690 4495 ἀλλ’
722 4444 778 4494 ἐν
810 4444 923 4506 τοῖς
960 4445 1287 4513 πειρασμοῖς
1314 4444 1693 4515 δοκιμάζεται.

402 4620 678 4690 Ὑπομονὴ
712 4618 947 4690 μοναχοῦ
976 4619 1136 4689 ἔργον
1159 4620 1361 4674 τέλειον
1391 4622 1609 4692 ἔχουσα,
1640 4622 1701 4675 τὸ
1731 4623 1894 4678 καλὸν

319 4712 416 4782 τῆς
450 4711 631 4780 ψυχῆς
659 4710 914 4774 διασώζει
944 4710 1156 4778 κτῆμα.

401 4800 682 4875 Ὑπομονὴ
733 4803 790 4852 ἐν
847 4803 967 4864 ταῖς
1021 4800 1229 4869 θλίψεσι
1296 4802 1445 4871 παρὰ
1506 4804 1744 4874 μοναχοῦ
1802 4822 1894 4858 πι-

322 4891 463 4954 στῶς
510 4890 846 4961 τελουμένη,
905 4891 1099 4945 ἐλπίδα
1150 4894 1384 4946 ποιεῖται
1448 4894 1523 4965 μὴ
1591 4898 1888 4966 καταισχύ-

320 5000 535 5037 νουσαν.

402 5077 675 5148 ’Υπομονὴ
719 5081 950 5150 μονοιχοῦ
998 5081 1102 5143 ἓως
1163 5083 1394 5152 ἐσχάτου
1440 5083 1605 5136 αὐτοῦ
1641 5084 1894 5148 διασώζει

317 5168 481 5220 αὐτόν
501 5185 515 5199 ·
564 5170 626 5221 '0
656 5171 763 5239 γὰρ
796 5173 1123 5241 ὑπομείνας
1148 5176 1235 5239 είς
1261 5174 1456 5239 τέλος,
1494 5171 1673 5241 οὗτος
1698 5176 1892 5242 σωθή-

318 5273 509 5312 σεται.

399 5351 723 5419 ’Υμνολογὶα
761 5354 994 5425 μονοιχοῦ
1036 5356 1455 5421 ἀκατάπαυστος
1485 5356 1625 5411 ἔστω
1645 5373 1657 5387 ’
1692 5359 1757 5411 τὰ
1784 5361 1891 5431 γὰρ

320 5438 570 5511 Σεραφὶμ
602 5445 1038 5509 ἀκαταπαύστως
1069 5447 1358 5517 δοξολογεῖ.

397 5596 434 5624 ³¹
470 5595 629 5650 cht‘.
676 5616 770 5663 xu,
828 5603 906 5655 li.
994 5604 1032 5633 3"
1079 5604 1195 5659 Jac.
1244 5623 1279 5673 ι,
1311 5608 1362 5659 4.
1446 5607 1700 5664 "Matth.
1742 5608 1813 5675 Διι,
1864 5612 1952 5666 22.

1999 4448 2310 4505 ostenditur
2341 4490 2358 4516 ,
2398 4464 2590 4505 verum
2656 4449 2822 4503 etiam
2880 4449 2934 4503 iu
2972 4448 3364 4505 tentationibus
3424 4460 3571 4516 pro-

2000 4542 2181 4596 batur.

2073 4635 2195 4693 155.
2216 4633 2480 4688 Patientia
2497 4632 2751 4688 monachi
2787 4648 2926 4701 opus
2960 4630 3259 4701 perfectum
3277 4628 3483 4684 habens
3501 4627 3569 4692 ³¹,

2003 4727 2320 4795 praeclaram
2373 4725 2542 4779 animi
2580 4726 2762 4779 dotem
2791 4723 3117 4778 incolumem
3152 4731 3355 4776 servat.

2074 4815 2194 4870 154.
2237 4815 2507 4870 Patientia
2556 4813 2609 4867 in
2642 4809 3058 4868 adversitatibus
3086 4824 3116 4861 a
3152 4806 3418 4862 monacho
3440 4803 3569 4859 lide-

2002 4909 2127 4962 liter
2158 4908 2461 4969 observata,
2505 4921 2654 4975 spem
2697 4905 2772 4957 illi
2817 4901 3006 4957 tribuit
3032 4914 3152 4969 quae
3195 4913 3304 4953 non
3334 4894 3565 4951 confun-

2002 5000 2181 5053 detur.
3195 5063 3198 5066 g

2076 5091 2195 5144 155.
2232 5089 2498 5144 Patientia
2533 5089 2806 5152 monachi,
2828 5088 2880 5142 in
2898 5088 3017 5157 ejus
3042 5103 3215 5158 usque
3235 5088 3416 5154 linem,
3440 5102 3564 5140 cum

2004 5192 2216 5237 servat:
2258 5182 2363 5247 Qui
2410 5181 2546 5235 enim
2595 5182 2857 5248 patienter
2897 5181 2950 5232 in
2989 5181 3147 5249 linem
3184 5194 3344 5248 usque
3400 5179 3565 5232 susti-

2002 5275 2196 5340 nuerit,
2226 5275 2308 5327 Itt'c
2337 5273 2511 5326 salvus
2544 5273 2641 5326 erit
2675 5273 2740 5324 ³³.

2072 5367 2192 5420 156.
2230 5364 2477 5420 Monachi
2536 5364 2774 5418 laudatio
2832 5362 3170 5419 inccssabilis
3218 5360 3331 5428 sit;
3365 5373 3488 5414 nam
3516 5370 3570 5415 et

1999 5457 2283 5527 Scrapltim
2309 5455 2706 5512 incessabiliter
2735 5455 2954 5510 laudant
