3998 6116
407 160 540 223 H87
1735 161 1803 221 B.
1843 159 1988 220 HYP

2120 158 2316 219 ECHII
3535 155 3672 222 1483

406 323 411 329 .
471 271 597 328 157.
641 268 935 326 Canticum
965 269 1208 341 spiritale
1243 270 1296 324 in
1326 284 1421 325 ore
1448 279 1544 326 tuo
1571 281 1842 335 versetur,
1871 286 1990 325 mo-
2010 275 2063 331 AA

399 364 593 427 nache,
634 374 687 418 ut
722 378 787 418 co
829 364 1198 432 ingruentium
1247 378 1389 417 onus
1418 364 1784 419 lentationum
1820 364 1987 418 leves.

400 456 575 526 llujus
629 456 940 525 exemplum
994 455 1207 509 clarum
1241 454 1432 519 habes,
1466 455 1597 510 dum
1635 455 1813 511 viator
1835 453 1984 524 gravi

398 562 623 617 pressus
661 562 849 613 onere,
887 547 1221 602 cantillaudo
1268 546 1485 602 itineris
1513 547 1759 603 laborem
1793 563 1857 602 ac
1889 555 1987 601 ta:-

397 637 548 692 dium
586 635 748 692 fallit.
1626 682 1647 701 ,.

468 729 591 783 158.
629 729 904 785 Patienter
959 731 1191 792 sustine,
1240 733 1543 799 monache;
1598 731 1788 787 brevis
1838 732 1985 786 enim

394 830 480 876 est
505 821 780 890 patientiae
814 824 992 888 labor,
1025 824 1226 893 quietis
1275 838 1459 879 autem
1503 824 1714 880 nullum
1742 837 1985 894 unquam

398 914 559 968 finem
588 912 845 967 habitura
876 916 1099 970 smcula.

469 1003 592 1059 159.
645 1001 919 1060 Obedieus
971 1010 1277 1063 monachus
1310 1021 1506 1077 magna
1553 1006 1755 1072 ﬁducia
1794 1005 1985 1061 Cruci-

401 1095 507 1149 fixo
555 1096 755 1150 astabit
781 1097 1018 1166 ;quippe
1045 1111 1171 1151 cum
1186 1096 1452 1154 Dominus
1477 1099 1532 1153 in
1556 1112 1725 1154 cruce
1750 1098 1821 1163 ad
1839 1113 1986 1152 mor-

396 1199 503 1241 tem
546 1204 720 1258 usque
740 1189 1003 1245 obcdiens
1042 1188 1205 1246 fuerit
1234 1190 1301 1245 “.

466 1279 593 1335 140.
630 1279 749 1335 Vox
805 1282 1059 1336 monachi
1109 1298 1178 1337 ne
1217 1283 1462 1339 elevetur
1501 1284 1766 1338 adversus
1800 1281 1985 1350 proxi-

387 1384 544 1424 mum
586 1368 657 1423 vin
722 1370 1099 1425 amaritudine
1149 1369 1350 1426 animae
1399 1370 1558 1441 ejus:
1609 1372 1982 1426 exercentium

386 1473 526 1513 vero
563 1461 629 1516 ad
666 1462 919 1532 pietatem
948 1469 1054 1516 vo’x
1085 1462 1139 1515 in
1169 1463 1593 1519 mansuetudine
1635 1462 1853 1519 sincere
1878 1461 1985 1516 im-

394 1551 561 1605 motis
582 1551 745 1606 labiis
771 1551 839 1606 ad
879 1551 1051 1607 Deum
1083 1551 1374 1622 dirigatur.

2162 271 2371 338 ’Ύμνος
2421 271 2790 343 πνευματικὸς
2840 273 2952 340 ἤτω
3015 272 3075 324 ἐν
3132 270 3209 343 τῷ
3272 271 3503 342 στόματί
3550 291 3668 335 σου,

2094 362 2318 431 μοναχὲ,
2349 362 2719 431 ἐπικουφίζων
2746 380 2840 416 σου
2870 364 2933 416 τὸ
2963 362 3130 434 βάρος
3151 362 3259 416 τῶν
3285 364 3670 434 ἐπερχομένων

2088 453 2452 522 πειρασμῶνο
2493 453 2797 525 ὑπόδειγμα
2845 455 2903 508 δὲ
2949 455 3110 508 τοῦτο
3158 456 3348 523 σαφὲς,
3393 454 3669 525 ὀδοιπὸρος

2090 543 2500 615 βαρυαχθήσας,
2535 545 2741 617 ᾄσματι
2786 546 3032 601 κλέπτων
3072 546 3173 617 τῆς
3218 547 3529 619 ὁδοιπορίας
3577 546 3668 600 τὸν

2087 635 2155 689 κό
2161 652 2279 689 πον.

2168 728 2511 799 Ὑπόμεινον,
2545 730 2778 801 μοναχέ·
2820 729 3025 800 βραχὺς
3055 730 3161 799 γὰρ
3190 729 3293 798 τῆς
3333 730 3611 800 ὑπομονῆς
3640 730 3667 781 6

2087 817 2280 885 κόπος,
2312 818 2613 891 ἀπέραντοι
2645 820 2704 872 δὲ
2745 821 2846 889 τῆς
2874 820 3239 883 ἀναπαύσεως
3263 821 3313 872 oi
3343 820 3559 884 αἰῶνες.

2172 1000 2448 1072 ’Υπήκοος
2505 1000 2743 1071 μοναχὸς
2782 1001 3281 1072 εὐπαῤῥησιάστως
3315 999 3393 1070 τῷ
3424 1018 3666 1070 σταυρω-

2088 1092 2235 1147 θέντι
2270 1094 2682 1164 παραστήσεται
2702 1112 2717 1125 ·
2750 1095 2779 1146 6
2808 1093 2915 1162 γὰρ
2940 1094 3034 1144 ἐπὶ
3060 1092 3155 1145 τοῦ
3204 1091 3439 1163 σταυροῦ
3466 1092 3664 1162 Κύριος

2088 1184 2329 1254 ὑπήκοος
2359 1187 2581 1254 γέγονεν
2615 1185 2780 1255 μέχρι
2810 1183 3064 1239 θανάτου,

2158 1276 2314 1347 Φωνὴ
2351 1268 2587 1347 μονοιχοῦ
2643 1277 2716 1347 μὴ
2769 1275 3092 1344 ἀνυψοὺσθω
3126 1274 3264 1345 πρὸς
3299 1274 3392 1328 τδν
3440 1277 3664 1347 πλησίον

2086 1367 2252 1422 αὐτοῦ
2289 1370 2346 1420 ἐν
2378 1368 2575 1440 πικρίᾳ
2603 1368 2787 1439 ψυχῆς
2816 1368 2983 1421 αὐτοῦ
3004 1383 3018 1397 ο
3053 1367 3204 1437 φωνὴ
3233 1366 3293 1418 δὲ
3327 1367 3583 1435 ἀσκητῶν
3608 1372 3665 1422 ἐν

2086 1458 2364 1529 πραΰτητι
2392 1458 2570 1529 ψυχῆς
2614 1458 2924 1531 εἰλικρινῶς
2966 1458 3380 1529 ἁναπεμπέσθω
3409 1459 3545 1529 πρὸς
3573 1460 3665 1515 τὸν

2082 1553 2221 1605 Θεὸν
2254 1554 2532 1623 ἀκινήτοις
2556 1554 2780 1624 χείλεσι.

467 1641 590 1694 Ml.
646 1641 848 1697 Verum
900 1643 956 1697 in
998 1652 1144 1697 terra
1184 1657 1474 1699 accensum
1512 1643 1690 1710 sidus,
1730 1642 1826 1714 qui
1871 1658 1981 1698 non

2152 1618 2682 1715 mteotijp‘dl'qdivbc
2727 1644 2819 1697 ἐπὶ
2849 1645 2972 1715 γῆς,
3022 1628 3083 1708 ὃς
3123 1645 3223 1698 οὐκ
3263 1644 3564 1717 ὠλίσθησεν
3606 1649 3664 1703 ἑν

396 1730 584 1801 lapsus
615 1740 698 1788 est
727 1733 913 1804 lingua
950 1749 1074 1788 sua.

466 1823 591 1878 142.
642 1823 834 1879 Timor
882 1824 1102 1880 Domini
1155 1840 1489 1882 conservans
1542 1825 1874 1880 monachum
1923 1831 1985 1879 ut

397 1915 568 1970 turris
626 1915 1225 1986 inexpugnabiliszqui
1277 1925 1457 1971 autem
1510 1916 1633 1985 ejus
1687 1931 1883 1985 expers
1912 1916 1983 1971 ti-

394 2006 571 2062 moris
611 2007 915 2063 monachus
963 2008 1201 2074 exsistit,
1228 2006 1390 2063 facile
1417 2008 1665 2064 vincetur
1686 2007 1759 2064 ab
1787 2008 1984 2063 adver-

398 2097 580 2153 sariis.

470 2190 595 2245 145.
623 2188 797 2245 Juhar
830 2190 1040 2248 clarum
1068 2191 1124 2247 in
1162 2200 1330 2257 terra,
1374 2190 1683 2247 monachus
1712 2189 1987 2261 tranquil-

398 2283 570 2338 litatis
602 2297 735 2338 arce
764 2294 1006 2355 arrepta,
1034 2285 1177 2354 apud
1201 2299 1364 2355 quem
1402 2299 1515 2338 non
1543 2284 1615 2339 sit
1641 2283 1864 2338 inventa
1888 2297 1986 2337 cn-

400 2376 641 2444 piditas:
679 2373 930 2428 Omnium
964 2376 1111 2430 enim
1159 2375 1423 2429 malorum
1463 2375 1624 2429 rudia:
1657 2383 1734 2429 est
1780 2375 1987 2444 cupidi-

402 2477 484 2520 tas
516 2465 560 2498 ³³
599 2466 851 2538 (avaritia
889 2465 1119 2536 scilicet)
1162 2481 1195 2521 a
1236 2481 1345 2536 qua
1386 2466 1525 2522 nihil
1563 2466 1804 2537 unq'uam
1844 2464 1988 2535 frugi

402 2558 674 2627 originem
712 2540 922 2613 habuit.

471 2653 596 2707 144.
630 2653 862 2707 Praestat
914 2653 1249 2709 manducare
1297 2668 1493 2709 carnes
1540 2663 1594 2710 et
1638 2655 1829 2710 bibere
1885 2655 1980 2708 vi-

400 2761 531 2798 uum
566 2788 583 2810 ,
618 2761 783 2815 quam
834 2755 895 2800 ut
943 2746 1279 2802 detrahendo
1328 2746 1587 2802 comedas
1637 2761 1834 2802 carnes
1878 2746 1990 2801 fra«-

394 2846 441 2888 ιι
458 2850 569 2889 um.

473 2925 597 2981 145.
634 2926 888 2995 Vescere,
933 2929 1225 2994 monache,
1262 2932 1406 2998 pane
1434 2938 1533 3003 tuo
1550 2943 1676 2984 cum
1708 2929 1889 2996 melle,
1919 2930 1988 2987 ab

394 3017 770 3075 amaritudine
826 3029 933 3074 letc
980 3020 1283 3087 abstinens,
1318 3030 1369 3076 et
1397 3021 1521 3076 bibe
1565 3021 1754 3077 vinum
1786 3022 1830 3054 "
1857 3039 1985 3078 eum

385 3112 544 3165 lacte
591 3121 708 3177 tuo,
755 3113 1020 3168 infantem
1069 3129 1239 3184 agens
1284 3114 1483 3184 spiritu
1530 3123 1646 3170 tuo.
1693 3114 1798 3170 Mel
1834 3117 1981 3171 enim

403 3205 825 3261 amaritudinem
878 3221 990 3261 non
1042 3205 1229 3273 habet,
1277 3217 1333 3262 et
1384 3206 1472 3262 lac
1501 3222 1612 3263 non
1652 3208 1805 3263 novit
1829 3209 1990 3265 mali-

407 3296 560 3350 tiam.

476 3388 600 3443 146.
632 3389 842 3444 Aurum
878 3390 1142 3459 probatur
1171 3389 1227 3446 in
1276 3390 1501 3447 fornace
1524 3391 1667 3463 ignis
1697 3392 1765 3459 ",
1794 3400 1988 3448 etmo-

406 3481 615 3534 nachus
658 3480 713 3534 in
747 3481 1100 3536 multitudine
1138 3484 1540 3543 monachorum
1566 3493 1937 3555 cognoscetur
1966 3504 1981 3539 :

405 3578 664 3624 caeterum
694 3569 788 3638 qui
820 3571 1074 3628 sincerus
1100 3570 1282 3639 fuerit,
1318 3573 1505 3633 salvus
1542 3574 1669 3630 erit.

476 3662 599 3715 147.
632 3661 824 3716 Manus
852 3665 1106 3719 monachi
1137 3675 1326 3721 sancte
1353 3682 1571 3737 semper
1596 3667 1651 3721 in
1676 3667 1847 3724 Deum
1874 3670 1988 3725 sint

386 3761 639 3808 extentae
670 3752 754 3808 ³⁸;
802 3753 984 3811 Moses
1028 3757 1177 3812 enim
1218 3757 1401 3813 crucis
1450 3758 1679 3828 figuram
1720 3775 1983 3816 manuum

402 3846 728 3901 extensione
778 3847 1067 3905 delineans
1100 3850 1434 3920 expugnavit
1458 3850 1768 3908 Amalec”.

478 3937 604 3991 148.
633 3931 991 4009 Bona'gratia
1022 3943 1299 3996 crucitixe
1338 3942 1633 4009 monacho,
1667 3943 1765 4013 qui
1797 3944 1982 4013 quoti-

406 4030 494 4083 die
545 4028 831 4085 moriatur.
886 4028 1142 4086 Gaudent
1181 4031 1327 4086 enim
1373 4046 1544 4102 super
1572 4047 1640 4087 eo
1663 4034 1864 4105 angeli,
1889 4035 1982 4103 qui

412 4122 717 4191 suscipiant
742 4122 797 4176 in
821 4138 1059 4193 regnum.
1092 4123 1380 4179 calorum.

480 4216 604 4271 149.
641 4217 954 4271 Libidinum
1006 4218 1248 4283 frenum,
1279 4218 1582 4287 jejunium;
1636 4234 1826 4275 earum
1855 4235 2003 4277 vero

409 4310 725 4375 exstinctio,
758 4310 1103 4381 eleemosyna
1138 4320 1193 4364 et
1217 4310 1416 4363 oratio.

482 4400 603 4455 150.
635 4399 770 4455 Nive
824 4402 1111 4455 candidior
1179 4401 1486 4456 invenietur
1540 4404 1869 4469 monachus,
1895 4409 1989 4474 qui

399 4492 723 4546 carnalibus
750 4491 1042 4546 desideriis
1085 4491 1316 4544 exsistat
1350 4494 1646 4562 superior;
1671 4496 1764 4565 qui
1796 4513 1991 4569 nempe

401 4584 689 4638 Christum
714 4597 814 4652 pro
842 4597 980 4636 auro
998 4591 1163 4649 amet,
1191 4582 1368 4652 ipsum
1398 4584 1601 4640 videbit
1621 4587 1676 4640 in
1706 4585 1797 4642 die
1818 4587 1986 4656 bona,

406 4674 506 4743 qui
537 4688 799 4728 coronant
837 4674 1132 4743 impertiat.

486 4762 613 4816 151.
644 4760 885 4816 Susurro
920 4762 1224 4819 monachus
1256 4762 1488 4819 fratrum
1536 4765 1752 4821 turbam
1788 4766 1990 4822 distur-

416 4855 528 4917 hat,
558 4868 623 4907 ac
652 4854 857 4909 amicos
886 4854 1140 4924 dissipat.

490 4944 613 4998 152.
646 4946 777 4998 Gate
809 4945 1046 5014 psallens
1095 4947 1415 5015 monachus,
1453 4947 1754 5019 spiritalem
1800 4948 1997 5002 amici-

418 5038 551 5092 tiam
579 5036 834 5091 conllabit
853 5072 870 5092 .

474 5131 599 5185 155.
649 5130 957 5186 Susurrans
996 5146 1242 5200 serpens,
1276 5130 1444 5186 Evam
1470 5148 1499 5187 e
1523 5132 1786 5202 paradiso
1818 5143 1994 5188 extor-

421 5239 536 5277 rem
578 5222 703 5277 fecit
731 5222 819 5290 ⁸⁰;
862 5239 1091 5278 susurro
1132 5226 1435 5280 monachus
1483 5226 1602 5295 ejus
1648 5226 1843 5279 similis
1867 5235 1991 5291 est;

419 5314 657 5376 proximi
701 5315 848 5368 enim
888 5313 1067 5384 perdit
1122 5314 1385 5382 animam,
1416 5332 1518 5372 nec
1574 5332 1729 5372 suam
1784 5318 1988 5371 salvam

426 5397 580 5453 facit.

502 5541 551 5615 ’ξ
570 5538 806 5615 Philipp:
839 5560 898 5615 tt,
928 5545 983 5603 8.

432 5604 483 5639 “
512 5606 647 5706 (ἰείη.
675 5604 827 5676 ιιὶίὲ.

2083 1734 2302 1807 γλώσσῃ
2336 1735 2524 1789 αὐτοῦ.
2785 1787 2788 1790 .
2916 1798 2923 1811 δ

2152 1827 2322 1890 Φόϐος
2349 1827 2558 1899 Κυρίου
2583 1827 2825 1897 συνέχων
2853 1827 3103 1898 μοναχὸν,
3126 1828 3206 1892 ὡς
3231 1827 3441 1899 πύργος
3459 1830 3663 1883 ἀκατα-

2089 1921 2328 1992 μάχητθς
2351 1934 2363 1949 ·
2410 1920 2574 1991 φόϐον
2601 1920 2658 1972 δὲ
2687 1920 2823 1973 Θεοῦ
2851 1923 2880 1974 6
2914 1921 2990 1992 μὴ
3031 1922 3367 1993 κεκτημένος
3409 1924 3659 1994 μοναχδς·

2084 2012 2355 2075 εὐάλωτος
2375 2010 2528 2065 ἔσται
2556 2014 2669 2075 τοῖς
2698 2011 3061 2076 ὑπεναντίοις.

2155 2190 2294 2254 Φάος
2333 2190 2573 2262 καθαρὸν
2604 2191 2698 2246 ἐπὶ
2726 2192 2853 2263 γῆς,
2900 2193 3134 2262 μοναχδς
3175 2193 3415 2264 ἀπαθὴς,
3456 2195 3589 2265 παρ’
3620 2188 3665 2260 ᾧ

2086 2284 2184 2354 οὐχ
2217 2283 2417 2353 εὑρὲοη
2454 2283 2820 2356 φιλαργυρίαν
2870 2288 3237 2355 Φιλαργυρία
3280 2289 3390 2357 γὰρ
3424 2286 3669 2341 πάντων

2087 2373 2293 2428 κακῶν
2314 2374 2466 2443 ῥίζα,
2497 2376 2531 2445 ἢ
2560 2376 2623 2429 οὐ
2654 2377 2830 2430 τίκτει
2859 2378 3072 2447 καρπὸν
3101 2377 3306 2447 ἀγαθόν
3333 2394 3486 2434 ποτε.

2158 2638 2339 2693 Καλὸν
2372 2641 2564 2706 φαγεῖν
2593 2640 2729 2710 κρέα
2760 2640 2855 2692 καὶ
2886 2642 3030 2693 πιεῖν
3057 2634 3219 2705 οἶνον,
3250 2640 3345 2695 καὶ
3372 2640 3447 2712 μὴ
3473 2643 3669 2711 φαγεῖν

2091 2730 2149 2783 ὲν
2180 2728 2478 2799 καταλαλιᾷ
2514 2729 2724 2800 σάρκας
2755 2729 3022 2799 ἀδελφῶν.

2158 2914 2326 2983 Φάγε,
2358 2914 2582 2985 μοναχὲ,
2622 2914 2715 2968 τὸν
2762 2912 2926 2985 ἄρτον
2961 2930 3055 2969 σου
3108 2914 3247 2985 μετὰ
3292 2913 3528 2984 μέλιτος,
3574 2931 3665 2968 πι-

2090 3010 2250 3078 κρίας
2272 3007 2606 3077 ἀπεχόμενος
2625 3024 2640 3038 ο
2675 3007 2771 3060 καὶ
2804 3006 2896 3060 πίε
2922 3001 3063 3060 οῑνον
3094 3005 3233 3076 μετά
3256 3006 3529 3075 γάλακτός
3550 3024 3664 3070 σου,

2090 3098 2370 3168 νηπιάζων
2400 3097 2480 3164 τῷ
2501 3095 2773 3167 πνεύματί
2812 3113 2929 3152 σου.
2976 3096 3115 3151 Μέλι
3156 3096 3267 3165 γὰρ
3300 3096 3528 3167 πικρίαν
3568 3094 3665 3150 οὐκ

2046 3188 2051 3193 ’
2088 3186 2222 3259 ἔχει.
2253 3189 2347 3241 καὶ
2371 3185 2514 3255 γάλα
2545 3185 2748 3240 κακίαν
2778 3186 2881 3239 οὐκ
2911 3181 3074 3241 οἶδεν.

2162 3385 2375 3458 Χρυσδς
2398 3384 2752 3457 δοκιμάζεται
2772 3386 2831 3440 ὲν
2853 3386 3068 3457 καμίνῳ
3096 3386 3288 3456 πυρὸς,
3316 3387 3413 3441 καὶ
3436 3386 3664 3457 μοναχδς

2087 3480 2145 3532 ὲν
2175 3478 2367 3550 πλήθει
2405 3480 2654 3550 μοναχῶν
2694 3478 3106 3551 γνωσθήσεταιδ
3160 3479 3279 3533 ἀλλ’
3312 3480 3341 3533 6
3380 3479 3668 3551 ἀκίϐδηλος

2088 3570 2414 3641 σωθήσεται.

2153 3663 2348 3734 Χείρες
2376 3662 2610 3734 μοναχοῦ
2638 3662 2880 3719 ἔστωσαν
2905 3664 3198 3726 διαπαντὸς
3224 3664 3388 3727 ὁσίως
3406 3664 3670 3717 ἀνατετα-

2089 3754 2247 3825 μέναι
2274 3755 2410 3824 πρὸς
2437 3754 2529 3809 τὸν
2559 3755 2694 3809 Θεόν
2712 3769 2731 3786 ⁸
2773 3755 2931 3827 χερσὶ
2959 3755 3067 3826 γὰρ
3096 3754 3461 3824 προτυπώσας
3504 3755 3564 3806 ὲν
3590 3753 3670 3822 τῷ

2087 3844 2305 3917 σταυρῷ
2332 3847 2593 3915 Μωῦσῆς,
2625 3846 3039 3917 κατηγωνίσατο
3069 3847 3161 3899 τὸν
3203 3844 3467 3916 Ἀμαλήχ.

2145 3939 2323 4009 Χάρις
2360 3938 2541 4009 ἀγαθή
2612 3940 2728 3993 ἐστι
2782 3937 3003 4010 μοναχῷ
3043 3938 3484 4008 ὲσταυρωμένῳ,
3528 3936 3668 3990 καθ·-

2084 4030 2299 4101 ημέραν
2323 4029 2749 4098 ἀποθνήσκοντιο
2777 4030 3027 4100 χαίρουσι
3054 4028 3164 4101 γὰρ
3204 4030 3291 4082 ἐπ’
3315 4028 3462 4098 αὐτῷ
3499 4028 3671 4096 ἄγγε-

2083 4121 2187 4182 λοι,
2215 4120 2577 4191 είσδεχόμενοι
2608 4120 2771 4174 αὑτὸν
2798 4121 2877 4184 είς
2911 4120 3188 4190 βασιλείαν
3220 4119 3485 4190 οὐρανῶν.

2156 4214 2385 4276 Χαλινδς
2406 4212 2594 4268 παθῶν
2617 4214 2842 4285 νηστεία
2862 4229 2878 4244 '
2912 4213 3193 4285 ἀναίρεσις
3211 4212 3269 4267 δὲ
3290 4212 3493 4278 αὐτῶν,
3517 4213 3672 4283 ἐλεη-

2023 4294 2064 4349 Β
2092 4304 2298 4376 μοσύνη
2330 4305 2423 4358 καί⁵
2453 4305 2750 4376 προσευχὴ.

2162 4398 2354 4459 Χιόνος
2400 4396 2784 4468 λαμπρότερος
2817 4396 3174 4468 εὑρεθήσεται
3227 4395 3485 4468 μοναχδς,
3526 4396 3673 4449 ἀνῶ-

2089 4505 2247 4558 τερος
2284 4488 2395 4541 τῶν
2427 4488 2708 4560 σαρκικῶν
2739 4488 3048 4559 ἐπιθυμιῶν
3080 4472 3353 4558 λὺπάρχων
3373 4503 3389 4519 ’
3436 4488 3673 4558 Χριστὸν

2091 4578 2217 4635 ἀντί
2249 4579 2452 4652 χρυσοῦ
2499 4580 2701 4646 ποθῶν,
2734 4579 2926 4650 ὕψεται
2967 4580 3131 4633 αὐτὸν
3159 4580 3217 4633 ὲν
3260 4578 3445 4650 ἡμέρᾳ
3471 4577 3672 4646 ἀγαθο-

2094 4670 2260 4740 σύνης
2289 4669 2655 4738 στεφανοῦντα
2684 4670 2871 4725 αὐτόν.

2159 4762 2406 4834 Ψιθυρὸς
2443 4763 2678 4834 μοναχδς
2722 4762 3102 4835 διασκορπίζει
3149 4761 3357 4834 πλῆθος
3400 4762 3671 4834 μοναχῶν,

2095 4853 2188 4907 καὶ
2212 4851 2553 4916 διασκεδάζει
2588 4853 2795 4921 φίλους.

2166 4944 2400 4998 Ψάλλων
2458 4944 2691 5015 μοναχὸς
2753 4944 3016 5011 συνετῶς,
3072 4944 3438 5017 συγκροτήσει
3491 4941 3675 5013 φιλίαν

2101 5038 2499 5107 πνευματικήν.

2166 5128 2477 5198 Ψιθυρίσας
2511 5129 2540 5181 6
2584 5128 2725 5197 ὄφις,
2768 5130 2867 5200 τὴν
2901 5128 3044 5183 Εὕαν
3076 5127 3171 5183 τοῦ
3211 5130 3542 5201 παραδείσου
3585 5127 3677 5191 ἐξ-

2104 5217 2267 5289 ώρισε
2306 5235 2318 5247 ·
2374 5218 2675 5289 ψιθυρίζων
2727 5222 2957 5291 μοναχὸς
3024 5221 3230 5274 ἐκείνου
3280 5221 3468 5291 ὅμοιός
3518 5222 3672 5272 ἐστι·

2102 5313 2201 5381 τὴν
2229 5311 2337 5381 γὰρ
2369 5311 2546 5382 ψυχὴν
2574 5310 2669 5364 τοῦ
2700 5314 2927 5380 πλησίον
2956 5314 3197 5379 ἀπόλλει,
3231 5315 3325 5367 καὶ
3352 5314 3453 5385 τὴν
3482 5310 3676 5366 ἑαυτοῦ

2101 5405 2163 5457 οὐ
2194 5401 2469 5466 διασώζει.

1082 5548 1125 5580 ³⁵
1152 5546 1171 5599 l
1198 5546 1338 5605 Tim.
1374 5565 1448 5618 vi,
1498 5552 1583 5611 l0.
1663 5555 1706 5586 ³⁵
1732 5555 1890 5609 Cant.
1925 5570 1976 5609 ν.

2120 5554 2156 5587 ³⁷
2187 5551 2573 5619 Prov.ml,5.
2652 5549 2698 5583 ³⁸
2730 5548 2749 5604 l
2776 5546 2919 5603 Tim.
2945 5562 3005 5617 ιι,
3031 5545 3083 5603 8.
3163 5548 3207 5582 ³³
3234 5546 3562 5615 Ειοό.ιι-ιι,
3584 5544 3677 5603 11.
