3998 6116
345 313 369 377 Ῑ
380 316 478 378 189

1419 311 1521 371 AD
1543 305 1953 370 MONACHOS
1986 307 2501 369 ADHORTATIO.

3432 279 3446 299 '
3466 304 3601 379 1-490

410 424 646 480 Ψάλλων
701 421 939 485 συνετῶς
992 420 1254 492 μοναχδς,
1306 419 1626 488 ἐπισυνάγει
1677 417 1903 488 πλῆθος,

2092 415 2215 471 154.
2255 416 2545 487 Sapienter
2579 416 2817 487 psallens
2859 416 3163 473 monachus
3195 416 3600 472 multitudinem

341 518 437 569 καὶ
483 517 542 570 ὲν
585 514 880 584 Ἐκκλησία
922 511 1335 582 ἐπαινεθήσεται
1357 528 1376 543 ο
1427 510 1645 582 ψάλλων
1686 510 1919 581 μοναχὸς

340 604 603 677 καθαρῶς
647 605 705 657 ἰν
754 603 953 675 καρδίᾳ
1007 601 1211 669 αὐτοῦ,
1271 602 1760 674 είσακουσθήσιται
1813 600 1919 655 ὑπὸ

338 694 495 749 Θεοῦ.

410 786 572 857 Ψυχὴ
640 783 876 857 μοναχοῦ
943 783 1336 856 ἀποταξαμένη
1405 782 1484 854 τῷ
1539 783 1731 854 κόσμῳ
1749 821 1766 846 ,
1822 782 1918 837 καὶ

340 878 765 949 νυμφευσαμένη
817 876 898 949 τῷ
946 876 1199 949 Χριστῷ,
1261 876 1372 932 τῶν
1429 876 1692 946 ἐπιγείων
1745 892 1919 931 κατα-

342 974 548 1041 φρονεῖ.

412 1062 805 1134 Ψελιοτρύπης
846 1063 940 1117 ἐπὶ
976 1064 1117 1146 ῥῖνα
1160 1060 1257 1116 τοῦ
1300 1061 1593 1135 δράκοντος
1610 1103 1627 1130 ,
1684 1061 1917 1134 μοναχὺς

342 1156 525 1227 ἔργοις
551 1155 778 1224 ἀγαθοῖς
808 1153 1275 1226 περιϐεϐλημένος
1297 1170 1312 1185 ⁸
1356 1154 1503 1227 ψυχὴ
1539 1154 1648 1227 γάρ
1680 1154 1917 1226 μοναχοῦ

342 1248 563 1319 καθαρά
603 1246 972 1312 εὐωδιάζουσα
1013 1246 1421 1318 πνευματικῶς,
1479 1246 1773 1318 σφραγίζιι
1817 1246 1919 1317 τὴν

342 1340 607 1410 ὄσφρησιν
633 1337 727 1392 τοῦ
755 1338 1068 1410 δράκοντος,
1097 1339 1245 1403 ὅπως
1274 1339 1350 1412 μὴ
1374 1339 1743 1443 ὀσφρανθῇχὶν
1769 1338 1918 1410 αὐτῷ

346 1429 621 1500 μολυσμὸς
650 1430 866 1501 ἡδονῆς.

420 1525 509 1587 Ὠς
559 1523 723 1577 καλὸν
771 1524 1021 1594 ἀδελφοῖς
1073 1526 1296 1597 κρατιῖν
1348 1523 1581 1596 ἡδονῶν,
1626 1526 1916 1597 ἀνωτέρων

341 1633 405 1684 γε
427 1617 596 1670 ὅντων
622 1615 903 1688 σαρκικῶν
930 1616 1234 1688 ἐπιθυμιῶν
1251 1634 1267 1650 ·
1294 1612 1339 1687 ᾧ
1364 1618 1474 1689 γάρ
1497 1617 1729 1688 πάρεστι
1752 1617 1917 1687 φόϐος

338 1707 472 1760 Θεοῦ
503 1709 561 1761 ὲν
591 1708 786 1781 καρδίᾳ
823 1707 1012 1774 αὐτοῦ,
1057 1708 1251 1765 τούτου
1289 1708 1568 1780 μολυσμὸς
1602 1708 1782 1779 ψυχῆς
1818 1709 1915 1780 οὐχ

341 1802 593 1855 ἅπτεται.
1272 1834 1277 1841 ι

421 1894 632 1960 Ὠραϊος
676 1889 825 1957 αἶνος
871 1894 932 1948 ὲν
983 1894 1211 1964 στόματι
1260 1895 1521 1965 μναχοῦ,
1574 1896 1640 1947 ὲκ
1690 1893 1916 1966 καρδίας

339 1987 796 2057 ἀναπεμπόμενος
829 1985 908 2056 τῷ
935 1986 1079 2057 Θεῷο
1125 1987 1202 2050 ὡς
1254 1988 1507 2058 Θυμίαμα
1550 1986 1779 2051 εὐωδίας
1815 1985 1914 2058 τὴν

339 2079 531 2131 τούτου
566 2078 747 2148 δέησιν
781 2076 1133 2148 προσδέξεται
1163 2078 1390 2149 Κύριος.

412 2170 476 2221 Ὢ
505 2170 724 2239 ποταπὴ
765 2168 910 2237 λύπη
945 2171 1004 2221 ὲν
1031 2170 1303 2238 ἀγγέλοις,
1339 2169 1577 2241 μοναχοῦ
1606 2171 1674 2224 δι’
1703 2171 1913 2241 ἀπροοι-

340 2259 488 2324 εξίαν
537 2258 642 2325 ἔξω
699 2258 1029 2330 βαλλομένου
1070 2261 1172 2331 τῆς
1223 2261 1545 2332 βασιλείαςι
1603 2261 1650 2316 ὣ
1696 2264 1913 2335 ποταπὴ

338 2357 498 2427 ὀδύνη
527 2358 585 2410 ὲν
628 2358 822 2426 ἁγίοις,
866 2354 1109 2426 ἀσκητοῦ
1157 2354 1223 2408 δι’
1259 2355 1638 2426 ὑπερηφανίαν
1677 2356 1753 2427 μὴ
1789 2373 1912 2411 συν-

340 2466 366 2499 ε
373 2448 633 2518 ρχομένου
661 2447 739 2518 τῷ
761 2447 977 2518 νυμφίῳ
1005 2448 1084 2510 είς
1101 2445 1201 2516 τὴν
1221 2446 1467 2499 παστάδα
1487 2446 1500 2498 !
1522 2446 1585 2498 Ὅ
1605 2448 1745 2519 πόση
1767 2449 1913 2521 χαρά

339 2540 401 2592 ἐν
428 2539 701 2607 ἀγγέλοις,
729 2538 1054 2610 ἁμαρτωλοῦ
1093 2539 1182 2592 διά
1213 2539 1502 2609 μετανοίας
1528 2541 1910 2612 εἰσερχομένου

341 2632 421 2693 εἰς
443 2630 541 2703 τὴν
570 2632 849 2702 βασιλείαν
877 2633 985 2685 τῶν
1012 2632 1292 2703 οὐρανῶνῐ
1344 2631 1390 2685 ὥ
1423 2627 1564 2701 πόση
1608 2633 1909 2707 εὐφροσύνη

339 2721 374 2789 ἡ
423 2722 480 2772 ὲν
529 2719 723 2788 ἀγίοις,
762 2720 1086 2791 ἀμαρτωλοῦ
1137 2721 1555 2793 ἐπιστρέφοντος
1600 2722 1665 2777 ἐκ
1707 2723 1914 2795 πλάνης

339 2811 489 2867 ὁδοῦ·
523 2806 598 2865 ὧν
630 2814 957 2884 μιμούμενοι
978 2813 1077 2886 τὴν
1103 2814 1306 2881 πίστιν,
1333 2814 1615 2887 ζηλώσατε
1647 2817 1746 2889 τὴν
1775 2821 1914 2890 μετά

338 2903 514 2955 ταῦτα
546 2904 903 2975 εὐφροσύνην.

412 2992 485 3046 Ὦ
508 2994 756 3065 μάκαρες
782 2997 931 3064 Θεοῦ⁸
946 2999 1135 3062 παῖδες
1165 3000 1409 3070 μοναχοὶ,
1439 2994 1514 3055 ὧν
1533 3000 1595 3055 οὐ
1616 3003 1915 3073 κατηγωνίρ

2021 518 2339 580 congregat.
2385 520 2439 564 et
2487 510 2542 565 in
2591 508 2855 565 Ecclesiis
2919 509 3252 565 laudabitur.
3300 509 3602 566 Monachus

2019 615 2157 670 pure
2176 601 2417 672 psallens
2452 601 2511 657 in
2533 601 2698 660 corde
2724 616 2855 667 suo,
2885 616 2918 659 a
2946 600 3059 657 Deo
3084 602 3428 656 exaudictur.

2091 780 2221 837 155.
2248 780 2445 837 Anima
2486 782 2766 848 monachi,
2797 796 2919 852 quae
2967 782 3173 837 muth
3212 779 3464 837 nuntium
3508 796 3597 835 rc-

2021 874 2191 937 misit,
2234 890 2304 932 ac
2344 875 2566 934 Christo
2612 877 2885 946 desponsa
2922 885 3028 941 est,
3060 889 3184 947 qua:
3224 883 3438 928 terrena
3473 882 3600 929 sunt

2019 965 2339 1021 contemnit.

2094 1057 2219 1114 156.
2251 1059 2479 1115 Arman
2514 1060 2799 1130 perforatis
2838 1076 3002 1118 nares
3025 1060 3284 1116 draconis
3308 1058 3376 1125 ¹⁶¹,
3409 1073 3599 1114 mom-

2019 1149 2160 1207 cltus
2207 1150 2372 1208 benis
2401 1152 2660 1223 operibus
2689 1152 2948 1209 amictus.
2988 1151 3187 1209 Munda
3226 1151 3374 1206 enim
3401 1164 3597 1204 mona-

2019 1242 2108 1297 chi
2131 1241 2337 1309 anima,
2369 1258 2593 1301 suavem
2616 1243 2934 1314 spiritaliter
2957 1243 3176 1313 spirans
3203 1241 3450 1306 odorem,
3468 1240 3595 1293 dra»

2017 1336 2175 1392 conis
2207 1337 2466 1394 olfactum
2496 1338 2772 1411 obsignat,
2808 1347 2868 1395 ut
2891 1354 2999 1395 non
3031 1338 3219 1394 eluant
3243 1335 3300 1392 in
3326 1337 3447 1406 ipso
3468 1349 3595 1391 sor-

2017 1428 2116 1491 des
2142 1431 2458 1501 voluptatis.

2090 1518 2215 1574 157.
2253 1519 2430 1586 Quam
2466 1521 2673 1578 bonum
2733 1522 3001 1579 fratribus
3041 1530 3103 1583 ut.
3128 1520 3480 1577 dominentur
3502 1532 3596 1570 vn-

2017 1609 2342 1679 luptatibus,
2377 1612 2599 1684 sintque
2619 1614 2937 1684 superiores
2951 1613 3268 1671 carnalibus
3283 1608 3591 1689 desideriis.

2018 1699 2076 1755 In
2131 1703 2291 1773 cujus
2342 1708 2489 1761 enim
2546 1708 2714 1763 corde
2741 1722 2986 1778 praesens
3014 1717 3096 1762 est
3134 1705 3229 1761 Dei
3262 1705 3447 1767 timor,
3472 1700 3595 1770 ejus

2021 1795 2264 1851 animum
2299 1798 2493 1854 sordes
2523 1815 2632 1855 non
2659 1799 2921 1855 alliciunt.
3088 1790 3095 1799 ’

2091 1886 2215 1944 158.
2242 1887 2502 1957 Speciosa
2517 1892 2637 1948 laus
2661 1891 2720 1948 in
2748 1906 2846 1947 ore
2875 1890 3156 1958 monachi,
3185 1904 3351 1961 quam
3372 1903 3436 1941 cx
3457 1898 3594 1953 puro

2017 1979 2184 2034 corde
2217 1978 2325 2036 Deo
2357 1982 2648 2053 depangit;
2681 1993 2739 2039 ut
2761 1984 3047 2041 incensum
3070 1980 3383 2039 suavissimi
3409 1977 3594 2034 odoris

2016 2067 2140 2137 ejus
2171 2068 2314 2125 Deus
2340 2073 2653 2131 orationem
2679 2074 2938 2129 admittit.

2048 2166 2057 2175 ‘
2088 2160 2213 2216 159.
2244 2160 2291 2216 Ο
2333 2172 2575 2233 quantus
2613 2168 2934 2236 angelorum
2970 2172 3195 2230 moerer,
3247 2177 3371 2219 cum
3403 2174 3593 2214 mona-

2016 2253 2180 2308 οικω
2243 2271 2361 2326 pra:
2397 2260 2628 2331 segnitie
2673 2260 2799 2330 ejici
2855 2276 2887 2317 a
2941 2272 3112 2330 regno
3183 2254 3509 2326 contigerit!
3547 2252 3592 2307 0

2014 2356 2256 2416 quantus
2281 2360 2597 2407 sanctorum
2635 2353 2813 2416 dolor,
2849 2361 3033 2409 asceta
3061 2365 3171 2420 pra:
3201 2348 3454 2419 superbia
3482 2361 3588 2399 non

2018 2455 2126 2495 una
2180 2457 2306 2497 eum
2362 2444 2579 2514 Sponso
2620 2445 2865 2502 admisso
2891 2447 2947 2500 in
2981 2443 3315 2500 thalamum!
3347 2440 3392 2497 Ο
3420 2455 3592 2510 quan-

2013 2545 2132 2592 tum
2185 2539 2444 2609 gaudium
2491 2542 2833 2611 angelorum,
2867 2550 3155 2611 peccatore
3194 2552 3293 2609 per
3324 2534 3591 2605 pmuiten-

2016 2630 2149 2684 tiam
2186 2631 2498 2687 introeunte
2532 2633 2588 2687 in
2613 2649 2843 2704 regnum
2890 2634 3158 2689 ctelorum
3188 2630 3234 2663 “
3266 2630 3279 2684 l
3312 2631 3353 2682 Ο
3383 2632 3587 2698 quanta

2015 2731 2329 2779 sanctorum
2359 2724 2569 2790 laetitia,
2594 2725 2726 2780 dum
2758 2732 3013 2795 peccator
3044 2724 3114 2778 ab
3132 2735 3324 2777 errore
3349 2721 3448 2774 viae
3475 2730 3589 2772 sua:

2014 2817 2388 2873 convertitur!
2424 2833 2658 2887 quorum
2712 2816 2948 2872 aennllati
3010 2817 3191 2879 tidem,
3255 2806 3587 2867 aemulamini

2014 2921 2137 2975 qua:
2163 2907 2510 2975 postmodum
2531 2908 2715 2961 futura
2747 2918 2851 2970 cst,
2883 2905 3146 2961 laetitiam.

2088 2999 2210 3055 160.
2243 2997 2459 3055 Obeati
2493 3001 2584 3055 Dei
2635 3000 2729 3054 lilii
2774 2998 3050 3063 monachi,
3098 3011 3239 3066 quos
3291 2989 3587 3049 certamine

340 3101 495 3138 σαιτο)
526 3085 728 3155 σαρκὸς
773 3086 1058 3158 ἐπιθυμία.
1103 3089 1281 3159 mea;
1310 3091 1372 3145 οὐ
1414 3091 1485 3162 γῆ
1519 3090 1754 3164 καλύψῃ,
1794 3090 1903 3146 ἀλλ’

2018 3109 2129 3149 non
2162 3095 2294 3151 vicit
2318 3096 2502 3151 carnis
2549 3095 2855 3165 cupiditas!
2894 3109 3003 3148 non
3040 3108 3138 3148 vos
3181 3100 3328 3146 terra
3352 3087 3585 3157 opvria'.

335 3175 562 3244 οὐρανὸς
596 3175 697 3228 σὺν
721 3177 974 3246 ἀγγέλοις
1002 3178 1346 3251 ἀποδέξηται.

421 3355 466 3388 ⁵⁸
496 3355 598 3409 Job
642 3372 723 3411 χι..
750 3359 843 3413 21.
911 3358 957 3391 δ’
987 3361 1121 3416 Luc.
1156 3377 1250 3427 xv,
1283 3362 1335 3419 7.

372 3593 2595 3626 Μ

2017 3183 2116 3242 sed
2150 3185 2350 3242 oculum
2377 3200 2501 3242 cum
2532 3186 2738 3258 angelis
2761 3175 3040 3254 suscipiat.

1580 3610 2595 3626 .-Ἥ

1461 3844 1979 3962 SANCTI
2138 3847 2445 3965 NIIJ

882 4110 1336 4175 ORATIONUM
1377 4112 1476 4172 ET
1523 4113 2019 4175 HOMILIARUM
2060 4114 2525 4176 FRAGMENTA
2566 4113 2667 4173 EX
2704 4115 3004 4177 ΡΗΟΤΙΟ.

1251 4322 1526 4392 (Biblioth.
1568 4325 1690 4381 cod.
1731 4324 1858 4391 276,
1900 4341 1956 4397 p.
1998 4322 2137 4381 1527
2175 4325 2264 4381 et].
2308 4324 2650 4396 Hmschelii.)

327 4675 437 4732 Τοῦ
495 4675 790 4746 μακαρίου
839 4675 1095 4757 Νείλου.
1131 4678 1219 4741 είς
1290 4675 1356 4729 τὸ
1424 4675 1637 4747 Πάσχα
1706 4678 1887 4748 λόγος

977 4761 1225 4813 πρωτος.

2225 4679 2410 4734 Sancti
2450 4681 2569 4736 Nili
2605 4682 2791 4739 Oratio
2819 4685 2991 4753 prima
3015 4686 3069 4738 in
3100 4685 3330 4741 Pascha.

399 4835 774 4898 Ἀναστάσεως
792 4834 970 4903 λόγοις
991 4874 1006 4897 ,
1038 4834 1136 4904 τὴν
1164 4834 1264 4905 τῆς
1292 4835 1642 4900 ἀναστάσεως
1671 4836 1887 4907 ἡμέραν

2061 4833 2500 4892 Resurrectionis
2528 4838 2709 4892 verbis
2736 4839 3158 4894 resurrectionis
3183 4841 3327 4897 diem
3379 4842 3557 4900 hono-

315 4927 657 4996 τιμήσωμεν.
706 4924 868 4995 Ψυχὴ
911 4924 1109 4994 [ψυχῆς
1174 4924 1310 4997 lego]
1358 4926 1443 4989 τίς
1487 4929 1602 4980 ἐστι
1652 4927 1884 4999 δευτέρα

313 5020 425 5080 τοῖς
457 5016 762 5085 ἀνθρώποις
807 5018 840 5085 ἡ
875 5015 1198 5079 ἀνάστασις,
1240 5018 1378 5086 πρὸς
1406 5016 1507 5079 τὰς
1541 5016 1642 5087 τῆς
1679 5018 1882 5087 ἀρετῆς

311 5109 652 5179 διεγείρουσα
693 5108 941 5178 πράξεις.
996 5109 1118 5161 Κᾶν
1170 5109 1372 5178 ταύτην
1419 5108 1528 5161 τῶν
1575 5109 1881 5180 ἀνθρώπων

309 5198 538 5271 ἀνέλῃς,
572 5199 766 5269 νεκρὸν
803 5200 940 5270 πρὸς
980 5198 1209 5269 πράξεις
1238 5201 1440 5270 ἀρετῆς
1469 5202 1792 5270 ἀπειργάσω
1819 5203 1881 5255 τὸ

311 5291 488 5360 σῶμα.
532 5292 622 5352 Ὠς
660 5287 754 5344 οὖν
797 5291 939 5362 ὑπὲρ
981 5291 1187 5363 βλάϐης
1219 5293 1406 5362 κοινῆς
1444 5292 1582 5364 πρὸς
1608 5293 1698 5348 τὸν
1736 5293 1878 5365 ὑπὲρ

304 5382 403 5450 τῆς
430 5383 780 5445 ἀναστάσεως
807 5381 1159 5452 ὁπλισὼμεοα
1186 5384 1440 5454 πόλεμον,
1471 5385 1599 5455 ὅλην
1623 5384 1878 5449 λαϐόντες

305 5475 435 5541 ἡμῖν
467 5474 923 5543 συνοπλιζομένην
950 5475 1049 5544 τὴν
1079 5475 1276 5529 κτίσιν.
1323 5476 1737 5546 Ἑπιστρατεύει
1769 5478 1876 5546 γὰρ

299 5564 528 5632 οὐρανὸς
555 5563 672 5632 μεθ’
693 5564 851 5632 ἡμῶν
878 5568 989 5627 τοῖς
1018 5565 1285 5629 ἀπίστοις.
1316 5568 1414 5618 Ὃν
1428 5569 1538 5636 γάρ
1564 5567 1623 5630 ἐξ
1644 5568 1877 5621 ἀναστά-

302 5671 441 5715 σεως
489 5655 768 5722 Δεσπότην
803 5655 1052 5721 ἐδέξατο,
1110 5660 1176 5726 τῇ
1219 5658 1315 5730 τῆς
1354 5658 1702 5722 ἀναστάσεως
1754 5660 1875 5728 βλέ⁴

1992 4923 2261 4979 rabimus.
2308 4925 2521 4981 Anima:
2541 4934 2626 4982 est
2652 4928 2924 4996 quedam,
2955 4930 3126 4984 altera
3159 4931 3445 4985 hominum
3470 4949 3563 4989 rc-

1992 5015 2282 5081 surrcCtio,
2320 5016 2388 5070 ad
2431 5018 2689 5072 virtutem
2717 5019 2988 5086 excitans,
3020 5034 3074 5075 et
3100 5022 3145 5076 si
3178 5022 3323 5076 illam
3354 5024 3424 5078 ab
3454 5023 3556 5078 ho-

1990 5108 2231 5163 minibus
2268 5109 2578 5176 sustuleris,
2608 5120 2887 5165 mortuum
2916 5114 2980 5165 ad
3012 5112 3255 5168 actiones
3294 5114 3554 5170 virtutum

1987 5214 2188 5269 corpus
2222 5200 2550 5256 reddideris.
2580 5201 2748 5271 Igitur
2779 5204 2939 5272 quasi
2979 5218 3074 5271 pro
3097 5208 3376 5261 communi
3405 5206 3553 5262 cala-

1987 5292 2173 5348 mitate
2206 5293 2272 5347 ad
2302 5294 2504 5349 bellum
2568 5309 2669 5363 pro
2721 5295 3123 5350 resurrectione
3180 5298 3550 5369 accingamur,

1979 5399 2198 5439 omnem
2249 5394 2558 5440 creaturam
2623 5386 2780 5442 nobis
2849 5397 3113 5441 armatam
3172 5390 3548 5460 adjungentes.

1979 5477 2193 5546 Pugnat
2214 5478 2359 5532 enim
2392 5478 2680 5531 nobiscum
2714 5477 2913 5532 malum
2966 5487 3157 5532 contra
3218 5479 3551 5537 incredulos.

1980 5568 2149 5631 Quem
2177 5569 2324 5624 enim
2350 5584 2380 5621 ο
2411 5568 2817 5623 resurrectione
2846 5569 3136 5624 Dominum
3173 5573 3432 5641 suscepit.
3469 5572 3551 5625 vi-

1980 5660 2069 5715 det
2102 5660 2531 5715 resurrectionis
2563 5661 2733 5743 gloria
2763 5661 2985 5731 privari.
3022 5660 3187 5717 Terra
3219 5679 3434 5734 quoque
3483 5663 3547 5715 ad
