3998 6116
402 291 538 356 1491

1880 283 1941 341 So
1979 280 2142 342 NILl

3534 273 3671 338 “9‘2

402 411 603 465 bellum
638 406 926 462 nobiscum
967 410 1174 472 parata.
1217 400 1360 455 Vidit
1420 399 1565 454 enim
1617 394 2008 450 resurrectioo.

2110 411 2169 448 εει
2229 393 2696 464 συναθετούμενον
2756 391 2905 464 δόξῃ.
2965 390 3308 460 Κοινωνήσει
3365 388 3668 461 προθύμως

404 510 528 556 nem
561 495 956 567 blasphemari,
995 511 1092 564 per
1133 509 1297 563 quam
1359 491 1559 561 sa’pius
1613 489 1713 560 ipsi
1773 486 1976 543 mortui

2081 489 2212 558 ὑμῖν
2245 486 2340 540 τοῦ
2378 486 2619 557 πολέμου
2649 486 2746 540 καὶ
2781 488 2816 555 ἡ
2851 486 2952 554 γ’ἠ.
2978 481 3512 553 Συκοφαντουμένην
3556 485 3663 550 γὰρ

403 604 532 650 sunt
572 592 847 663 praerepti.
907 589 1034 644 Ideo
1089 596 1142 642 et
1178 586 1382 641 Paulus
1415 592 1682 640 creaturae
1735 593 1978 636 amorem

2115 579 2181 649 ὴν
2225 579 2526 632 ἀνάστασιν
2553 573 2693 631 οἶδεν
2712 616 2728 642 ,
2754 576 2848 646 ἀφ’
2873 569 2948 630 ὧν
2978 576 3238 638 πολλάκις
3262 573 3491 643 νεκροὺς
3520 573 3666 643 aen-

405 687 598 742 tribuit
660 680 1136 739 resurrectionis:
1197 677 1339 730 Nam
1377 674 1722 745 exspectatio,
1776 672 1978 740 inquit,

408 792 689 840 creatum,
737 775 1107 830 reuelationem
1165 773 1403 840 ﬁliorum
1452 769 1550 824 Dei
1603 774 1874 836 exspectat
1939 765 1978 815 ⁸.

408 869 880 942 Quemadmodum
918 866 1064 922 enim
1106 865 1302 919 civitas
1336 862 1470 932 regii
1514 860 1783 914 adventus
1838 856 1979 911 reci-

406 968 564 1036 piens
595 973 984 1033 praecursores,
1009 956 1072 1011 ad
1103 956 1223 1026 ejus
1258 952 1603 1024 praesentiam
1625 959 1737 1005 tota
1767 964 1827 1004 se
1848 962 1985 1018 prae—

411 1063 607 1126 parat:
650 1053 732 1107 sic
792 1048 1196 1104 resurrectione
1246 1055 1506 1114 tanquam
1547 1043 1734 1111 regina
1777 1039 1982 1106 aliqua,

411 1157 677 1202 creaturae
710 1140 1096 1212 praenuntiata,
1134 1145 1245 1191 tota
1280 1136 1346 1189 ad
1372 1134 1520 1189 illius
1547 1131 1892 1204 praesentiam
1927 1145 1988 1186 se

415 1237 775 1307 comparavit.
817 1231 883 1286 Et
910 1247 977 1285 ne
1020 1229 1236 1284 mireris
1275 1237 1564 1282 creaturas
1594 1225 1765 1295 ipsam
1796 1238 1987 1278 resur-

417 1331 717 1385 rectionem
749 1325 1082 1380 desiderare.
1123 1320 1220 1375 Est
1252 1319 1397 1374 enim
1446 1316 1759 1371 hominibus
1816 1315 1990 1370 inStar

415 1420 669 1484 nutricis,
706 1431 827 1488 qua!
858 1414 1082 1470 festinat
1145 1411 1476 1483 promissum
1511 1421 1737 1478 regnum
1785 1406 1987 1472 videre,

415 1522 472 1567 et
502 1511 812 1565 futurorum
846 1506 1072 1561 tarditas
1102 1518 1211 1556 non
1245 1500 1494 1557 dissolvit
1527 1513 1678 1567 spem
1731 1495 1987 1550 nutricis.

421 1603 594 1657 llabet
618 1600 764 1656 enim
799 1600 855 1653 in
921 1613 981 1653 se
1028 1611 1245 1665 semper
1296 1591 1506 1648 semina
1549 1586 1990 1652 resurrectionis,

419 1709 654 1766 quorum
688 1707 858 1762 grana
889 1689 1129 1746 ostendit
1195 1688 1462 1746 viventes,
1501 1691 1844 1737 mortuorum
1901 1693 1991 1734 re-

423 1787 780 1843 surrectionis
806 1787 859 1839 in
893 1785 1076 1855 parvis
1109 1796 1258 1852 spem
1279 1781 1439 1835 nobis
1469 1776 1873 1833 conﬁrmantia.
1895 1773 1993 1828 Se-

423 1881 698 1949 peliuntur
727 1879 780 1931 in
831 1878 947 1942 illa,
986 1884 1046 1928 ut
1074 1874 1322 1927 videmus
1355 1871 1628 1926 seminum
1659 1882 1846 1939 grana,
1867 1881 1990 1919 cum

425 1971 561 2025 sulci
596 1970 706 2023 sint
732 1968 866 2022 satis
891 1980 989 2034 pro
1019 1963 1306 2033 sepulcris.
1341 1961 1457 2030 Ipsa
1487 1973 1636 2021 vero,
1693 1957 1996 2013 seminibus

427 2061 711 2133 acceptis”
742 2058 988 2112 imitatur
1022 2062 1394 2115 monumenta,
1427 2062 1482 2106 et
1527 2050 1817 2120 putrefacit
1871 2061 1996 2118 gra-

433 2168 584 2218 num,
611 2159 672 2205 ut
701 2151 878 2220 ipsum
905 2147 1218 2218 sepulcrum
1246 2159 1467 2213 corpus,
1501 2152 1555 2196 et
1587 2141 1864 2210 accipiens
1913 2139 1997 2192 vi-

429 2259 581 2304 vum,
618 2248 896 2294 mortuum
931 2237 1130 2303 reddit,
1161 2243 1216 2289 et
1250 2234 1490 2290 medium
1515 2234 1672 2305 grani
1705 2233 1866 2301 plane
1895 2246 1998 2300 pu-

429 2333 722 2389 trel'aciens
753 2328 1058 2392 corculum,
1091 2327 1254 2382 etiam
1293 2326 1428 2396 ipsis
1485 2324 1732 2379 formicis
1777 2324 2000 2378 inutiles

431 2427 496 2479 ad
535 2421 935 2479 comedendum
970 2418 1121 2472 facit.
1151 2416 1575 2486 Corruptionem
1633 2422 1815 2468 autem
1877 2421 2000 2466 tan-

432 2534 596 2589 quam
623 2513 1040 2584 conceptionem
1078 2509 1367 2582 quamdam
1395 2506 1704 2577 possidens,
1730 2513 2000 2558 mortuam

429 2611 707 2667 seminum
750 2606 986 2660 feturam
1029 2601 1424 2672 putrefactione
1444 2606 1640 2667 gestat,
1669 2605 1722 2651 et
1744 2596 1802 2650 fit
1833 2604 2004 2650 mater

431 2707 576 2759 vitm,
615 2693 803 2762 granis
831 2690 1138 2759 corruptio,
1177 2697 1233 2742 et
1256 2701 1403 2740 mors
1438 2694 1626 2755 partus
1677 2693 1829 2753 pater
1861 2683 2004 2737 desi-

431 2796 652 2858 gnatur.
685 2782 834 2836 Nova
860 2782 950 2835 illa
983 2780 1191 2834 doloris
1226 2787 1384 2832 terra:
1409 2776 1760 2846 parturientis
1793 2773 1874 2827 lex
1900 2782 2002 2838 est,

437 2881 542 2934 nisi
576 2879 670 2932 fiat
724 2884 975 2929 mortuus
1029 2870 1193 2934 fetus,
1247 2885 1355 2923 non
1409 2867 1740 2937 tingiturzsi
1788 2865 2004 2928 vixerit,

437 2990 543 3027 non
603 2972 893 3025 formatur.
960 2967 1099 3020 Hinc
1157 2966 1320 3033 igitur
1381 2971 1436 3016 ct
1485 2960 1730 3014 formicae
1773 2958 2009 3013 dissecta

2084 672 2218 742 ρέθη
2271 671 2362 725 ὑπ’
2410 671 2580 741 αὐτῆς
2632 668 2749 742 [ὑπ’
2791 669 2964 738 αὐτῆς
3006 668 3257 739 ἀφῃρέθη
3303 666 3376 720 Η.
3413 665 3528 736 81.}
3566 664 3665 718 Διά

2083 763 2241 816 τοῦτο
2274 764 2369 816 καὶ
2419 760 2632 824 Παῦλος
2676 760 2769 814 τὸν
2807 761 2909 831 τῆς
2957 759 3314 822 ἀναστάσεως
3361 762 3428 829 τῇ
3487 759 3666 811 κτίσει

2084 853 2429 924 περιτίθησιν
2482 853 2684 922 ἔρωτα.
2748 851 2820 906 Ἡ
2883 849 2992 920 γὰρ
3043 849 3501 917 ἀποκαραδοκία
3554 847 3667 914 τῆς

2084 945 2357 1011 κτίσεως,
2407 944 2542 1014 φησὶ
2565 984 2580 1009 ,
2633 943 2751 1012 τὴν
2786 942 3182 1010 ἀποκάλυψιν
3219 940 3340 994 τῶν
3382 938 3530 992 υἱῶν
3560 938 3666 994 τοῦ

2089 1037 2239 1092 Θεοῦ
2272 1036 2689 1107 ἀπεκδέχεται.
2718 1035 2988 1104 Καθάπερ
3032 1033 3141 1104 γὰρ
3187 1033 3343 1094 πόλις
3380 1031 3666 1102 βασιλικῆς

2087 1131 2383 1202 ἐπιδημίας
2414 1130 2683 1201 δεξαμένη
2720 1128 3098 1200 προδρόμους,
3131 1126 3267 1196 πρὸς
3311 1125 3413 1194 τὴν
3452 1123 3666 1190 ἐκείνης

2087 1225 2183 1294 ὅλη
2223 1223 2528 1292 παρουσίαν
2572 1221 2918 1290 ἐπτέρωται·
2965 1219 3108 1273 οὕτω
3141 1219 3236 1273 καὶ
3276 1217 3380 1286 τῆς
3433 1215 3664 1270 ἀναστά-

2092 1332 2228 1378 σεως
2253 1314 2443 1385 ὥσπερ
2471 1330 2616 1376 τινος
2647 1311 2918 1382 βασιλίδος
2949 1313 3017 1382 τῇ
3049 1309 3227 1362 κτίσει
3261 1304 3662 1375 προκηρυχθεί-

2093 1426 2193 1479 σης
2215 1447 2232 1474 ,
2262 1408 2358 1477 ὅλη
2389 1406 2527 1476 πρὸς
2565 1403 2665 1476 τὴν
2695 1403 2910 1473 ἐκείνης
2943 1403 3245 1471 παρουσίαν
3284 1398 3664 1452 συντέτακται.

2091 1500 2206 1552 Καὶ
2245 1498 2318 1569 μὴ
2373 1496 2660 1566 θαυμάσῃς
2705 1494 2796 1548 τὸν
2823 1493 2925 1564 τῆς
2965 1491 3320 1554 ἀναστάσεως
3349 1490 3669 1559 ἐγκείμενον

2092 1594 2158 1661 τῇ
2203 1590 2380 1642 κτίσει
2412 1588 2800 1656 διδασκόμενον
2832 1584 3016 1638 πόθον.
3059 1584 3273 1654 Τροφδς
3302 1583 3413 1652 γάρ
3451 1599 3537 1645 τις
3563 1582 3670 1634 τῶν

2094 1681 2398 1753 ἀνθρώπων
2428 1679 2751 1750 ὑπάρχουσα
2772 1717 2788 1741 .
2834 1676 3056 1730 σπεύδει
3097 1675 3195 1746 τὴν
3240 1672 3668 1742 ἐπαγγελθεῖσαν

2099 1774 2226 1827 ἰδεῖν
2261 1772 2538 1843 βασιλείαν
2563 1787 2578 1803 ⁸
2618 1771 2714 1824 καὶ
2759 1770 2820 1823 τὸ
2861 1769 3028 1841 βραδὺ
3065 1767 3176 1820 τῶν
3215 1767 3517 1838 μελλόντων
3569 1766 3668 1818 οὐκ

2095 1862 2276 1916 ἐκλύει
2299 1864 2365 1932 τῇ
2395 1858 2584 1932 τροφῷ
2605 1860 2704 1924 τὰς
2731 1859 2975 1922 ἐλπίδας.
3007 1859 3161 1928 Ἔχει
3183 1856 3290 1927 γάρ
3319 1857 3416 1933 ἀεὶ.
3444 1856 3669 1909 συνόντα

2096 1953 2234 2021 αὐτῇ
2277 1950 2344 2004 τὰ
2383 1951 2484 2020 τῆς
2513 1949 2862 2010 ἀναστάσεως
2905 1947 3228 2017 σπέρματα,
3273 1939 3350 2000 ὧν
3378 1945 3508 2008 τοὺς
3540 1944 3668 1997 κόκ-

2098 2060 2230 2106 κους
2258 2041 2604 2097 ἀναδείκνυσι
2638 2039 2871 2106 ζῶντας,
2897 2039 2996 2108 τῆς
3025 2038 3135 2091 τῶν
3164 2036 3376 2109 νεκρῶν
3403 2037 3670 2107 σωμάτων

2099 2135 2372 2204 ὲγέρσεως
2406 2134 2464 2186 ὲν
2511 2134 2727 2203 μικροῖς
2755 2134 2891 2202 ἡμῖν
2923 2129 3276 2201 βεϐαιοῦντας
3300 2129 3398 2193 τὰς
3429 2128 3668 2190 ἐλπίδας.

2099 2225 2408 2278 Θάπτονται
2445 2223 2544 2293 μὲν
2578 2224 2688 2294 γὰρ
2711 2223 2769 2276 ὲν
2796 2223 2932 2292 αὐτῇ
2951 2261 2966 2286 ,
2995 2223 3070 2284 ὡς
3096 2221 3313 2293 ὁρῶμεν
3336 2259 3352 2284 ,
3373 2220 3482 2273 τῶν
3507 2237 3674 2289 σπερ-

2105 2317 2292 2388 μάτων
2328 2318 2378 2370 οί
2413 2317 2624 2379 κόκκοι,
2650 2316 2760 2368 τῶν
2792 2315 3048 2369 αὐλάκων
3082 2313 3204 2368 ἀντὶ
3238 2313 3423 2382 τάφων
3455 2311 3677 2381 γινομέ-

2102 2426 2210 2462 νων
2247 2411 2362 2471 τοῖς
2408 2411 2726 2477 σπαρεῖσινο
2772 2409 2804 2478 ἡ
2847 2407 2904 2460 δὲ
2945 2405 3185 2460 λαϐοῦσα
3225 2405 3295 2458 τά
3347 2405 3676 2474 σπέρματα,

2107 2503 2353 2572 μιμεῖται
2393 2499 2464 2552 τὰ
2507 2501 2800 2570 μνήματα·
2835 2498 2928 2552 καὶ
2975 2500 3138 2569 σήπει
3168 2499 3261 2551 τὸν
3300 2498 3501 2550 κόκκον
3530 2496 3605 2558 ὡς
3650 2498 3677 2548 ὁ

2104 2593 2274 2662 τάφος
2321 2592 2382 2644 τὸ
2414 2591 2602 2661 σῶμα·
2641 2593 2734 2644 καὶ
2763 2591 3034 2660 δεξαμένη
3075 2590 3290 2654 ζῶντα,
3325 2587 3677 2658 καταφθείρει

2106 2684 2393 2755 νεκρότητι
2417 2701 2431 2716 ο
2481 2685 2658 2756 μέσην
2691 2702 2751 2738 τε
2783 2683 2971 2752 σαφῶς
3000 2684 3100 2755 τὴν
3141 2683 3236 2736 τοῦ
3267 2683 3467 2735 κόκκου
3495 2682 3678 2750 διασή-

2107 2776 2260 2844 ιζνασα
2288 2777 2553 2848 καρδίαν,
2591 2777 2865 2847 ἄχρηστον
2900 2776 3024 2830 καῖ’
3037 2775 3320 2846 μύρμηξιν
3357 2776 3437 2838 είς
3476 2776 3678 2844 τροφὴν

2110 2870 2504 2940 ἀπεργάζεται.
2543 2870 2756 2938 Ὠσπερ
2801 2868 2859 2922 δέ
2896 2886 3015 2923 τινα
3052 2867 3317 2938 σύλληψιν
3348 2869 3447 2936 τὴν
3477 2866 3679 2934 φθοράν

2112 2961 2462 3032 κτησαμένη,
2526 2962 2787 3029 κυοφορεῖ
2847 2957 3191 3043 νεκρωθέντα
3239 2960 3304 3028 τῇ
3359 2957 3520 3026 σήψει
3572 2955 3679 3008 τῶν

436 3082 606 3137 grana
636 3066 690 3119 in
724 3073 923 3118 terram
955 3058 1262 3124 defodiunt,
1300 3057 1540 3110 sectione
1568 3069 1787 3122 germen
1821 3067 1851 3107 e
1883 3067 2007 3107 cor-

2112 3053 2441 3124 σπερμάτων
2463 3053 2531 3106 τὰ
2553 3053 2768 3122 ἔμϐρυα
2792 3070 2804 3083 ·
2840 3052 2933 3104 καὶ
2957 3051 3168 3118 γίνεται
3195 3051 3378 3120 μήτηρ
3400 3047 3546 3116 ζωῆς
3572 3050 3680 3110 τοῖς

439 3160 693 3230 ruptionc
723 3154 1102 3226 impedientes.
1141 3148 1393 3219 Oportuit
1454 3147 1600 3200 enim
1635 3155 1690 3199 et
1754 3143 2011 3199 formica-

442 3270 563 3309 rum
596 3262 847 3307 naturam
880 3243 1184 3307 testificari,
1220 3250 1417 3295 terram
1455 3247 1576 3306 post
1604 3237 2010 3305 corruptionem

441 3343 746 3416 producere
778 3335 986 3393 semina
1015 3352 1028 3386 :
1065 3341 1119 3387 et
1148 3330 1269 3384 vide
1296 3327 1539 3397 pariendi
1573 3326 1665 3379 tali
1696 3326 1859 3378 modo
1911 3325 2014 3375 mi-

445 3451 560 3490 ram
586 3442 861 3487 naturam.
893 3425 1181 3493 Accipiens
1213 3421 1389 3474 solum
1448 3432 1702 3486 granum,
1763 3428 2012 3467 corrum-

442 3529 545 3595 pit,
576 3528 894 3589 corruptum
926 3530 1055 3569 vero
1100 3509 1478 3578 multipliciter
1541 3506 1810 3577 pullulare
1862 3506 2010 3568 facit,

445 3629 675 3685 granum
706 3612 758 3665 in
797 3607 976 3663 varias
1026 3613 1210 3676 partes
1237 3601 1502 3656 formans.
1535 3601 1817 3654 Calamum
1851 3597 2018 3666 spicis

446 3709 540 3761 dat
585 3721 685 3775 pro
727 3701 970 3766 ossibus,
1003 3708 1058 3753 et
1103 3706 1320 3751 tenuem
1346 3709 1446 3764 pro
1488 3693 1623 3764 pelle
1650 3692 1893 3746 exterius
1923 3691 2017 3744 ad-

447 3808 596 3870 aptat
628 3795 952 3858 tuniculam,
989 3792 1228 3847 radicem
1263 3787 1494 3842 inferius
1521 3785 1755 3840 vinculis
1789 3783 2019 3853 quibus-

448 3896 572 3947 dam
637 3900 897 3958 tanquam
928 3884 1134 3947 nervis,
1162 3892 1218 3936 et
1252 3881 1407 3935 venis
1434 3879 1627 3948 cingit,
1667 3891 1766 3946 pro
1825 3875 2020 3945 ungui-

449 3988 554 4041 bus
583 3983 770 4054 granis
799 3978 948 4034 addit
974 3976 1178 4032 aristas
1212 3969 1516 4044 spicarum;
1553 3985 1674 4041 quae
1707 3977 1898 4024 contra
1923 3981 2020 4020 vo-

453 4078 632 4128 lucres
661 4076 891 4126 certent.
919 4065 1208 4132 Quomodo
1239 4065 1353 4117 haec
1384 4060 1566 4114 omnia
1600 4073 1666 4112 ex
1701 4072 1810 4111 uno
1849 4069 2020 4124 grano

450 4173 710 4233 corrupto
749 4158 1050 4216 oriuntur?
1080 4155 1194 4210 Hoc
1227 4170 1356 4207 vero
1379 4162 1463 4207 est
1499 4150 1672 4204 multo
1717 4146 2022 4202 mirabilius

454 4253 881 4312 resurrectione.
913 4247 1048 4303 Nam
1075 4257 1206 4302 tunc
1236 4246 1454 4315 quidem
1486 4253 1731 4296 mortuos
1760 4254 1897 4308 quos
1929 4254 2023 4290 na-

453 4359 574 4403 tura
615 4343 841 4412 accepit,
886 4339 1101 4394 reddit:
1136 4352 1284 4390 nunc
1349 4349 1476 4387 vero
1533 4333 1704 4386 multa
1767 4347 1863 4400 pro
1911 4345 2022 4382 uno

452 4445 670 4491 mortuo
715 4435 781 4487 ad
815 4428 1278 4501 regenerationem
1336 4441 1504 4495 grana
1571 4423 1800 4492 profert.
1853 4422 1897 4474 0
1926 4423 2021 4475 de-
2055 4419 2097 4473 Ι)

454 4529 714 4585 mentiam
747 4524 990 4595 gentium
1030 4519 1418 4574 incurabilem!
1457 4515 1650 4571 Vident
1682 4527 1880 4570 terram
1915 4524 2024 4568 tra—

455 4626 670 4678 dentem
702 4616 976 4689 agricolae,
1009 4627 1132 4683 quae,
1172 4626 1278 4666 non
1309 4610 1517 4678 accepit
1545 4628 1556 4663 :
1608 4609 1847 4664 Creatori
1895 4622 2024 4661 vero

457 4714 813 4776 reddituram,
864 4723 1004 4778 quos
1035 4704 1114 4759 illi
1140 4705 1292 4774 prius
1324 4712 1572 4757 mortuos
1610 4703 1866 4765 credidit,
1898 4715 2023 4769 spe-

458 4822 582 4862 rare
611 4804 820 4859 nolunt.
853 4800 980 4854 Ideo
1011 4809 1064 4852 et
1091 4797 1293 4852 Paulus
1328 4796 1594 4851 sentinam
1635 4795 1888 4865 exemplo
1916 4793 2028 4848 uti-

461 4912 550 4954 tur
577 4898 620 4950 ¹.
657 4894 984 4962 Quanquam
1022 4891 1228 4944 clarius
1265 4890 1464 4944 habeat
1493 4890 1803 4956 exemplum
1843 4887 1911 4941 de
1942 4885 2027 4938 in-

461 4990 703 5044 fantibus
737 5001 766 5040 e
796 4984 951 5038 vulva
999 4981 1192 5035 matris
1262 4980 1681 5050 prodeuntibus.
1739 4976 2032 5032 Formatur

459 5082 606 5137 enim
654 5088 912 5146 tanquam
942 5074 995 5128 in
1045 5073 1332 5142 sepulcro,
1382 5073 1434 5126 in
1469 5084 1623 5125 utero
1660 5070 1901 5124 nondum
1937 5083 2033 5122 ex-

466 5177 666 5229 sistens
699 5169 900 5233 infans,
937 5177 1146 5221 natura:
1169 5163 1356 5219 fasciis
1386 5165 1681 5225 involutus,
1736 5172 1789 5216 et
1842 5161 2035 5216 similis

466 5275 548 5319 est
611 5269 850 5324 mortuo,
913 5257 1103 5312 fasciis
1149 5256 1546 5326 sepulcralibus
1604 5253 2025 5308 circumstricto.

464 5357 601 5409 Nam
635 5362 973 5406 mortuormn
1006 5348 1226 5417 quidem
1272 5347 1453 5402 vultus
1483 5346 1688 5400 arctius
1738 5345 2032 5400 conclusus

466 5455 568 5508 est,
608 5459 669 5496 os
717 5442 770 5495 in
796 5450 950 5494 utero
984 5446 1215 5500 mutum,
1256 5452 1450 5491 manus
1477 5447 1529 5489 ct
1556 5437 1716 5504 pedes
1773 5436 1824 5488 in
1850 5445 2034 5488 ventre

469 5543 727 5602 tanquam
759 5535 811 5586 in
839 5531 1048 5586 tumulo
1073 5529 1458 5583 extenduntur.
1502 5527 1687 5582 Matris
1758 5528 2032 5598 egregium

547 5689 564 5722 ⁸
593 5688 732 5743 Rom
783 5708 900 5758 mi,
938 5691 1015 5746 l9.
1096 5693 1112 5720 ¹
1146 5690 1311 5745 lCur.
1350 5709 1438 5760 xv,
1471 5695 1557 5748 56.

2113 3144 2334 3206 κόκκοις
2364 3143 2685 3214 ἠνέκρωσις
2709 3183 2723 3206 ,
2755 3144 2850 3195 καὶ
2880 3141 3107 3204 Θάνατος
3137 3141 3300 3193 τόκου
3344 3139 3526 3207 πατὴρ
3553 3139 3682 3191 ava-

2113 3235 2407 3289 δείκνυται.
2444 3234 2647 3297 Καινὸς
2672 3228 2825 3294 οὗτος
2853 3237 2919 3303 τῇ
2961 3235 3030 3303 γῇ
3059 3230 3168 3284 τῶν
3200 3230 3407 3284 ὠδίνων
3432 3233 3458 3282 ό
3481 3230 3642 3299 νόμος
3664 3246 3677 3260 ·

2117 3329 2182 3381 ἂν
2215 3327 2290 3397 μὴ
2322 3328 2548 3396 γένηται
2575 3326 2766 3393 νεκρὸν
2799 3325 2860 3377 τὸ
2891 3324 3091 3394 βρέφος
3111 3364 3124 3385 ,
3167 3325 3225 3375 ού
3260 3323 3586 3376 πλάττεται·
3618 3319 3680 3372 ἂν

2117 3417 2214 3488 ζῇ,
2261 3419 2321 3470 οὐ
2377 3416 2700 3487 μορφοῦται.
2745 3417 2930 3486 Ταύτῃ
2982 3415 3091 3484 ἄρα
3129 3415 3222 3467 καὶ
3262 3412 3551 3483 μύρμηκες
3600 3427 3684 3463 τε-

2114 3511 2430 3580 τμημένους
2481 3511 2606 3573 τοὺς
2644 3509 2876 3571 κόκκους
2920 3509 2998 3571 είς
3045 3507 3151 3574 γῆν
3185 3506 3573 3566 ἀποτίθενται,
3619 3504 3682 3572 τῇ

2116 3606 2258 3674 τομῇ
2288 3603 2386 3672 τὴν
2418 3603 2525 3655 ἀπὸ
2549 3601 2649 3671 τῆς
2679 3599 3000 3670 νεκρώσεως
3034 3597 3329 3668 βλάστησιν
3355 3595 3682 3655 κωλύοντες.

2123 3696 2268 3749 Ἔδει
2301 3694 2410 3764 γὰρ
2460 3695 2554 3747 καὶ
2599 3695 2904 3763 μυρμήκων
2949 3691 3112 3759 φύσιν
3145 3689 3494 3760 μαρτυρῆσαι
3520 3689 3586 3756 τῇ
3616 3687 3681 3755 γῇ

2123 3787 2261 3858 μετά
2291 3785 2497 3858 φθοράν
2520 3784 2767 3855 γεννώσῃ
2796 3783 2864 3836 τὰ
2892 3783 3204 3852 σπέρματα.
3235 3780 3346 3834 Καὶ
3371 3780 3563 3832 σκόπει
3598 3793 3684 3846 μοι

2118 3881 2220 3950 τῆς
2263 3879 2451 3941 ὠδῖνος
2495 3877 2554 3930 τὸ
2586 3875 2787 3946 θαῦμα.
2839 3873 3098 3928 Λαϐοῦσα
3136 3873 3298 3943 μόνον
3329 3871 3422 3923 τὸν
3450 3870 3682 3932 κόκκον,

2121 3973 2298 4042 φθορᾷ
2335 3970 2688 4042 παραδίδωσι,
2730 3965 3010 4036 φθαρέντα
3050 3965 3106 4017 δὲ
3134 3962 3426 4016 πολλοστὸν
3456 3958 3685 4016 ἀναθάλ-

2121 4065 2202 4116 λει
2255 4063 2391 4134 πρὸς
2434 4060 2654 4114 ποικίλα
2693 4059 2783 4112 τὸν
2829 4057 3030 4110 κόκκον
3072 4053 3488 4126 σχηματίζουσα
3532 4052 3686 4121 μέλη.

2122 4156 2233 4226 Τὴν
2285 4154 2538 4223 καλάμην
2577 4154 2691 4215 τοῖς
2731 4151 2992 4220 στάχυσιν
3023 4148 3137 4202 ἀντ’
3169 4145 3373 4200 ὀστέων
3413 4143 3686 4212 ἐντίθησι,

2122 4249 2218 4302 καὶ
2263 4247 2458 4298 λεπτὸν
2507 4243 2705 4308 ἔξωθεν
2748 4237 2861 4295 οἷον
2901 4242 3023 4294 ἀντὶ
3059 4240 3333 4308 δέρματος
3371 4235 3692 4302 καθυφαίνει

2124 4342 2354 4411 χιτῶνα·
2387 4340 2604 4409 δεσμοῖς
2633 4338 2782 4390 κάτω
2806 4336 2905 4406 τὴν
2938 4333 3093 4405 ῥίζαν
3121 4333 3196 4395 ὡς
3216 4331 3430 4401 νεύροις
3457 4329 3570 4382 τισὶ⁸
3601 4327 3694 4380 καὶ

2128 4431 2291 4501 φλεψὶ
2323 4429 2676 4499 περισφίγγει
2696 4466 2710 4490 ,
2743 4424 2859 4479 ἀντ’
2881 4423 3088 4492 ὀνύχων
3122 4424 3233 4484 τοῖς
3259 4419 3483 4481 κόκκοις
3513 4420 3694 4487 ἐμπη-

2127 4522 2300 4588 γνῦσα
2341 4520 2437 4582 τὰς
2487 4516 2803 4588 μαχομένας
2835 4515 2948 4575 τοῖς
2996 4512 3221 4580 πτηνοῖς
3258 4509 3367 4561 τῶν
3410 4505 3695 4575 ἀσταχύων

2128 4609 2336 4670 ἀκίδας.
2371 4605 2495 4669 Πῶς
2533 4606 2706 4660 ἅπασι
2738 4602 2950 4665 τούτοις
2987 4600 3044 4666 ἐξ
3072 4598 3188 4662 ἑνὸς
3222 4597 3423 4650 κόκκου
3466 4593 3697 4664 φθαρένο

2127 4720 2219 4764 τος
2253 4701 2286 4770 ἡ
2309 4700 2594 4766 γέννησιςς
2623 4695 2794 4748 Τοῦτο
2821 4694 2919 4763 τῆς
2945 4691 3297 4750 ἀναστάσεως
3328 4685 3699 4755 θαυμαστότε-

2135 4812 2248 4865 ρον.
2296 4794 2427 4845 Τότε
2465 4791 2560 4860 μὲν
2605 4788 2714 4858 γὰρ
2761 4785 2854 4848 οὒς
2900 4785 3090 4838 ἐλαϐεν
3129 4783 3163 4852 ἡ
3211 4780 3387 4842 κτίσις
3434 4777 3698 4848 νεκροὺς,

2131 4886 2450 4940 ἀναδίδωσισ
2497 4881 2591 4933 νῦν
2630 4881 2686 4933 δὲ
2735 4877 2967 4940 πολλοὺς
3025 4873 3143 4929 ἀνθ’
3178 4872 3296 4934 ένδς
3335 4868 3702 4939 νεκρωθέντος

2131 4981 2209 5041 εἰς
2243 4975 2600 5042 ἀναγέννησιν
2638 4971 2873 5032 κόκκους
2915 4964 3282 5037 προϐάλλεται
3312 4960 3413 5033 [αι.
3443 4957 3704 5026 περιϐάλ-

2133 5066 2331 5138 λεται].
2385 5067 2446 5117 Ὢ
2486 5064 2584 5133 τῆς
2643 5061 2912 5130 Ἑλλήνων
2967 5056 3188 5111 ἀνιάτου
3242 5049 3700 5123 φρενοϐλαϐείας·

2138 5161 2395 5230 βλέπουσι
2423 5157 2523 5225 τὴν
2555 5156 2658 5223 γῆν
2685 5149 2915 5222 γεωργῷ
2943 5146 3188 5202 διδοῦσαν
3217 5145 3252 5198 ἃ
3281 5145 3355 5213 μὴ
3389 5139 3670 5211 παρέλαϐε
3690 5153 3704 5167 °

2136 5255 2214 5324 τῷ
2246 5255 2440 5324 κτίστῃ
2459 5251 2514 5302 δὲ
2539 5247 2743 5316 ταύτην
2769 5242 3069 5318 ἀποδώσειν
3100 5237 3193 5300 οὓς
3218 5237 3353 5306 αὐτῇ
3394 5229 3710 5300 παρακατὲ-

2141 5348 2292 5409 θετο,
2326 5347 2428 5398 οὐκ
2474 5340 2773 5404 ἐλπίζουσι.
2810 5336 2908 5388 Διὰ
2939 5332 3098 5386 τοῦτο
3131 5330 3226 5382 καὶ
3257 5327 3466 5388 Παῦλος
3495 5323 3574 5391 τῷ
3603 5322 3708 5374 τῶν

2144 5436 2474 5506 σπερμάτων
2509 5427 2909 5501 παραδείγματι
2937 5424 3153 5493 χρῆται,
3183 5417 3427 5482 καίτοιγε
3463 5412 3711 5481 λαμπρόι

2144 5547 2298 5599 τερον
2331 5527 2467 5596 ἔχων
2503 5522 2870 5592 παράδειγμα,
2906 5515 3002 5585 τὴν
3028 5516 3088 5566 ὲκ
3118 5512 3327 5579 μήτρας
3360 5506 3466 5558 τῶν
3500 5498 3710 5572 ἀνθρώ-
