3998 6116
304 276 441 344 1493

1109 278 1563 363 ΟΒΑᾙΟΝΗΜ
1603 283 1698 343 ΕΤ
1737 278 2238 342 HOMILIARUM
2284 274 2781 337 FRAGMENTA.

3435 269 3571 336 1494

299 408 420 445 πων
448 389 697 463 πρόοδον.
754 388 1055 444 Πλάττεται
1091 390 1191 461 μὲν
1231 392 1339 463 γὰρ
1381 393 1457 456 ὡς
1502 394 1561 446 ἐν
1610 392 1768 463 τάφῳ
1813 395 1879 465 τῇ

2007 390 2190 446 'etibus
2221 386 2533 457 sepulcrum
2568 395 2673 450 est,
2721 397 2777 441 et
2810 386 3123 456 sepulcrum
3160 385 3377 457 quidem
3432 387 3570 442 leto--

303 485 490 555 μήτρᾳ
525 482 624 553 οὐχ
667 482 916 557 ὑπάρχον
948 481 1009 535 τὸ
1049 481 1249 553 βρέφος
1273 498 1289 514 '
1317 486 1430 548 τοῖς
1465 484 1622 556 napi
1642 483 1732 538 τὸν
1778 483 1879 554 φύ-

303 586 439 636 σεως
469 571 528 625 δέ
555 571 908 643 ἐνειλημένον
948 573 1317 643 σπαργάνοις,
1369 575 1657 645 προσέοικε
1698 573 1878 646 νεκρῷ

299 666 570 737 δεδεμένῳ
607 666 864 735 κειρίαις.
900 665 1235 721 Κέκλεισται
1268 668 1369 737 μὲν
1407 668 1517 737 γὰρ
1563 668 1624 721 τὸ
1662 667 1884 738 βλέμμα

304 746 525 829 νεκρῶν
567 758 990 830 ἀκριϐέστερον,
1050 758 1334 829 ἄπρακτον
1386 760 1445 813 ὲν
1495 764 1563 831 τῇ
1621 759 1776 830 νηδύϊ
1822 760 1885 814 τὸ

307 849 503 918 στόμα,
540 850 720 920 χεῖρες
753 849 846 902 καὶ
883 849 1063 914 πόδες,
1103 851 1179 912 ὡς
1216 847 1360 920 σορῷ
1393 851 1460 920 τῇ
1494 850 1696 918 γαστρὶ
1728 867 1885 904 συνε-

306 942 590 995 κτέτανται
611 956 628 972 ο
661 942 833 1010 τάφος
874 940 1112 1011 ἀκριϐὴς
1138 942 1252 1004 τοῖς
1295 941 1558 1012 ἐμϐρύοις
1594 943 1627 1012 ή
1666 943 1883 1014 μήτρα,

306 1032 478 1100 τάφος
515 1032 638 1085 οὐδὲ
667 1033 765 1102 τῆς
795 1029 902 1084 τῶν
936 1031 1237 1101 μνημάτων
1274 1030 1533 1095 δυσωδίας
1578 1030 1883 1105 ἐλεύθερος.

310 1128 629 1198 Τηλικούτῳ
661 1128 720 1181 δὲ
764 1128 826 1180 τὸ
864 1128 1064 1199 βρέφος
1102 1128 1558 1199 ἐμμορφούμενον
1608 1130 1888 1200 μνήματι,

308 1212 387 1283 τῷ
412 1212 506 1266 τοῦ
542 1213 880 1284 μορφοῦντος
925 1215 1118 1268 ἕπεται
1162 1216 1496 1287 καλούμενον
1532 1217 1783 1287 νεύματι.
1827 1219 1909 1285 'l‘i‘

309 1301 374 1370 δή
408 1301 664 1355 τοσοῦτον
700 1306 729 1356 ὁ
777 1304 1050 1374 μακάριος
1089 1304 1300 1369 Παῦλος
1327 1306 1665 1377 κεκτημένος
1711 1308 1894 1379 παρά-

311 1392 511 1462 δειγμα
532 1432 547 1457 ,
596 1397 726 1467 σιγᾷ
769 1396 869 1466 μὲν
908 1397 1010 1469 τὴν
1044 1400 1103 1454 ἐν
1131 1399 1210 1470 τῷ
1243 1400 1399 1471 τάφῳ
1421 1402 1521 1472 τῆς
1560 1403 1779 1473 μήτρας
1816 1404 1895 1467 εἰς

1986 484 2142 540 ribus
2176 496 2287 538 non
2311 494 2527 535 carens.
2557 476 2683 555 Tali.
2709 478 2853 534 fetus
2885 478 3153 535 formatus
3178 479 3232 534 in
3291 479 3570 551 sepulcro,

1989 576 2280 634 tormantis
2332 585 2525 632 nutum
2593 586 2826 630 vocatus
2886 573 3152 645 sequitur.
3212 572 3357 640 Quid
3408 575 3577 646 igitur

1993 670 2086 725 tali
2117 668 2179 723 B.
2203 668 2411 725 Paulus
2429 668 2680 739 exemplo
2705 667 2783 722 uti
2817 682 2943 721 cum
2973 668 3264 738 potuisset,
3285 675 3430 725 tacet
3460 667 3572 722 for-

1995 761 2290 817 mationem
2325 761 2394 817 ad
2422 760 2589 821 vitam
2648 762 2707 815 in
2737 760 2992 830 sepulcro
3047 760 3222 814 vulva:
3243 800 3258 825 ,
3300 759 3572 815 seminum

1993 867 2126 909 vero
2150 853 2510 909 similitudine
2538 852 3001 908 resurrectionem
3037 852 3324 907 conﬁrmat
3348 853 3371 906 ?
3402 851 3579 907 Scivit

1995 946 2181 1001 vivum
2224 945 2281 999 in
2332 952 2492 1000 utero
2524 957 2710 1000 semen
2774 944 3014 999 formare
3073 942 3243 998 l'etum
3271 982 3287 1007 .
3325 946 3577 1014 quaesivit

1997 1052 2128 1092 vero
2159 1045 2503 1094 mortuorum
2528 1036 2896 1107 quorumdam
2934 1036 3379 1093 reviviscentium
3413 1056 3576 1110 aspe-

1998 1128 2252 1185 ctabilem
2285 1128 2728 1195 similitudinem,
2762 1137 2817 1183 et
2837 1129 2960 1184 ideo
2989 1129 3280 1185 adsemina
3312 1133 3573 1201 respexit.

1999 1221 2181 1277 Grana
2210 1222 2354 1276 enim
2374 1230 2499 1290 post
2521 1228 2754 1276 mortem
2779 1230 2834 1276 et
2865 1221 3271 1292 corruptionem
3303 1238 3367 1278 ex
3395 1233 3581 1293 putre-

2001 1309 2242 1387 factione
2281 1310 2637 1377 reviviscunt,
2668 1321 2722 1367 et
2749 1321 2933 1382 aperte
2965 1322 3307 1367 mortuorum
3340 1327 3581 1369 resurre«

2000 1404 2241 1459 ctionem
2274 1402 2575 1459 declarant.

314 1487 464 1558 ζωὴν
513 1490 921 1564 πλαστουργίαν
945 1537 960 1561 ,
998 1497 1332 1567 σπερμάτων
1362 1498 1420 1552 δὲ
1454 1497 1645 1563 τύποις
1684 1497 1896 1570 βεϐαιοῖ
1929 1500 2030 1571 τὴν
2069 1500 2401 1573 ἀνάστησινς
2467 1503 2621 1576 ᾜδει
2651 1503 2834 1569 ζῶσαν
2868 1509 2933 1579 τῇ
2993 1505 3150 1577 νηδύϊ
3177 1507 3275 1578 τὴν
3308 1507 3376 1561 τὰ
3405 1507 3578 1579 βρέφη

316 1578 526 1648 σπορὰν
574 1579 1049 1648 διαπλάττουσαν,
1106 1586 1291 1656 ἐζήτει
1351 1587 1408 1640 δὲ
1461 1588 1674 1661 νεκρῶν
1726 1588 1889 1644 τινῶν
1922 1590 2139 1662 ὁρατῶς
2178 1591 2506 1658 ἀναζώντων
2535 1594 2756 1648 είκόναο
2822 1578 2918 1650 καὶ
2957 1597 3048 1650 διὰ
3108 1598 3268 1653 τοῦτο
3303 1578 3581 1669 ἀπέϐλεψε

316 1672 456 1743 πρὸς
505 1671 574 1727 τά
622 1673 934 1743 σπέρματα.
989 1677 1052 1728 Oi
1101 1677 1211 1748 γὰρ
1261 1679 1449 1733 κόκκοι
1497 1681 1637 1750 μετά
1681 1681 1778 1753 τὴν
1823 1683 1888 1733 ἐκ
1930 1682 2145 1751 σήψεως
2209 1680 2479 1756 νέκρωσιν
2502 1684 2598 1739 καὶ
2635 1684 2843 1756 φθοράν
2871 1688 3136 1754 ἀναζῶσι,
3174 1692 3268 1744 καὶ
3340 1692 3581 1759 γίνονται

316 1766 418 1834 τῆς
481 1764 591 1818 τῶν
645 1765 881 1835 νεκρῶνε
909 1769 1263 1838 ἀναϐιώσεως
1315 1775 1716 1847 ἐναργέστατον
1748 1775 2038 1846 σύμϐολον.

403 1859 637 1927 Ἀδικεῖς
661 1863 761 1935 τήν
798 1865 979 1938 ψυχὴν
1011 1869 1339 1940 συνηγορίας
1371 1872 1761 1942 προσχήματι,
1804 1873 1898 1927 καὶ

2073 1871 2338 1942 lnjuriam
2372 1873 2510 1931 facis
2551 1876 2747 1932 animae
2777 1887 3042 1948 praetextu
3078 1883 3392 1952 patrocinii,
3437 1896 3492 1940 et
3529 1888 3581 1940 in

315 1954 384 2022 τῇ
432 1955 570 2024 πρὸς
614 1957 676 2010 τδ
719 1958 880 2028 σῶμα
928 1961 1077 2032 μάχῃ
1106 1964 1229 2015 κατ’
1268 1964 1487 2034 ἐκείνης
1527 1966 1744 2038 ὁπλίζῃ.
1785 1967 1896 2032 Τάς

318 2047 431 2116 γὰρ
478 2047 589 2103 τῶν
647 2051 1038 2122 πραττομένων
1098 2055 1338 2127 ἀμοιϐὰς
1395 2056 1472 2130 μή
1538 2057 1777 2128 μερίζων
1827 2061 1895 2130 τῇ

318 2139 498 2210 ψυχῇ,
551 2141 646 2194 καὶ
687 2141 787 2213 τήν
811 2144 912 2213 τῆς
945 2147 1146 2217 σαρκὸς
1191 2147 1268 2211 ὡς
1316 2149 1454 2222 μόνῃ
1499 2148 1897 2224 πλημμελούσῃ

319 2234 593 2305 τιμωρίαν
623 2236 868 2304 εἰσάγεις
896 2235 1000 2308 [αι.
1054 2238 1444 2312 συνεισάγεις].
1487 2241 1551 2295 Εἰ
1583 2242 1693 2312 γάρ
1719 2243 1899 2315 ψυχῆς

323 2324 495 2395 μόνης
522 2328 577 2380 ai
612 2326 720 2381 τῶν
745 2328 924 2384 πόνων
962 2329 1059 2384 καὶ
1096 2331 1612 2406 ἀνδραγαθημάτων
1649 2336 1899 2407 ἀμοιϐαὶ,

321 2417 483 2488 δῆλον
510 2419 593 2473 ὅτι
629 2419 726 2473 καὶ
766 2416 842 2475 ὧν
877 2422 1127 2494 ἥμαρτεν
1152 2426 1180 2479 ὁ
1208 2424 1495 2498 ἄνθρωπος
1530 2428 1587 2482 αἱ
1617 2431 1899 2501 τιμωρίαι.

335 2511 478 2565 Ἀλλ’
513 2512 635 2583 δρα,
671 2513 747 2585 μὴ
776 2513 991 2585 σώματι
1029 2515 1123 2569 καὶ
1150 2514 1295 2589 ψυχῇ
1322 2516 1558 2592 καθίζῃς
1588 2521 1710 2574 κατ’
1738 2521 1904 2595 ἀλλή-

321 2602 432 2658 λων
470 2606 777 2678 κριτήριον.
827 2599 996 2678 Σῶμα
1034 2609 1134 2678 μέν
1161 2608 1270 2682 γὰρ
1304 2609 1533 2676 εἰκότως
1564 2613 1903 2686 καταϐοήσε-

323 2714 416 2750 ται
457 2696 560 2769 [αι.
610 2697 986 2773 διαϐοήσεται]
1028 2700 1241 2771 ψυχῆς,
1296 2701 1407 2756 τῶν
1454 2703 1903 2775 κατορθωμάτων

324 2787 492 2842 αὑτοῦ
519 2788 619 2851 τὰς
645 2789 813 2859 τιμὰς
832 2790 1188 2861 ἀρπαζούσης
1208 2809 1222 2823 ⁶
1252 2792 1402 2866 ψυχὴ
1431 2794 1477 2848 δ’
1509 2790 1577 2850 αὖ
1611 2795 1865 2868 σώματος
1886 2839 1904 2865 ,

324 2880 426 2942 τὰς
470 2880 830 2952 ὀφειλομένας
879 2883 1100 2954 πληγὰς
1143 2886 1338 2955 ἐκείνῳ
1393 2887 1530 2958 μόνη
1572 2889 1903 2962 εἰσπραττο-

330 2971 487 3042 μένη.
539 2972 759 3028 Μᾶλλον
799 2973 844 3026 δ’
884 2976 1148 3048 ἐκάτερον
1176 2976 1358 3032 αὐτῶν
1386 2979 1714 3052 παροξύνεις
1767 2982 1907 3037 κατά

219 3114 237 3127 _
326 3061 424 3115 τοῦ
458 3063 679 3134 κριτοῦ·
707 3065 771 3119 τὸ
807 3066 928 3136 μὲν,
961 3061 1042 3130 οἷς
1070 3067 1188 3123 δέον
1217 3068 1361 3140 ἔχειν
1389 3072 1626 3142 ἀμοιϐάς
1649 3067 1725 3127 ὧν
1751 3074 1904 3128 ἐστέ-

331 3171 495 3225 ρηται
514 3173 528 3187 ’
569 3156 668 3227 τὴν
702 3157 757 3212 δὲ
778 3199 793 3225 ,
834 3152 909 3213 ὧν
936 3160 1034 3232 οὐχ
1064 3161 1311 3226 ὑπαίτιος
1333 3205 1347 3231 ,
1378 3163 1495 3218 δέον
1523 3165 1651 3237 μήδ’
1683 3166 1906 3223 εὐθυνέ-

329 3242 458 3297 σθαι
516 3238 598 3309 οἷς
647 3247 1072 3319 εἰσπράττεται.
1125 3252 1350 3324 Σώματί
1408 3272 1478 3325 με
1534 3257 1805 3329 συνῆψας,
1860 3253 1905 3313 ὦ

326 3334 577 3386 Δεσπότα
597 3373 613 3398 ,
641 3335 743 3405 τὴν
765 3338 1078 3409 ἀσώματον,
1120 3344 1215 3398 καὶ
1247 3344 1387 3418 μόνῃ
1415 3346 1515 3409 τὰς
1555 3349 1646 3401 ἐπὶ
1673 3349 1773 3419 τῆς
1802 3350 1906 3419 γῆς

328 3425 432 3477 οὐκ
466 3423 800 3488 ἐπίστευσας
828 3429 1091 3499 πράξεις,
1122 3434 1217 3485 καὶ
1260 3436 1412 3504 παρά
1455 3438 1622 3507 μόνης
1657 3439 1907 3504 ἀπαιτεῖς

329 3513 430 3578 τὰς
468 3513 732 3579 εὐθύνας⁶
769 3519 863 3570 καὶ
901 3518 1095 3588 δίδωμι
1137 3521 1291 3585 δίκας
1335 3518 1408 3575 ὧν
1444 3527 1499 3576 αἱ
1548 3526 1775 3594 πράξεις
1811 3529 1906 3579 τοῦ

331 3606 621 3685 σώματος,
679 3609 880 3680 μέθης,
933 3613 1226 3687 πορνείας,
1275 3618 1743 3687 γαστριμαργίας.
1798 3618 1907 3671 Ποῦ

330 3700 440 3771 γὰρ
466 3701 642 3754 ταῦτα
684 3701 901 3772 ψυχῆς,
949 3702 1137 3774 ὥσπερ
1182 3704 1404 3772 φθόνος,
1454 3709 1649 3778 τυχὸν,
1684 3710 1716 3783 ἢ
1750 3710 1909 3780 δόξης

330 3792 575 3847 ἀσέϐεια.
628 3794 837 3866 Ὥσπερ
887 3795 999 3866 γὰρ
1041 3797 1104 3849 οὐ
1158 3796 1412 3869 σῶματος
1469 3801 1679 3866 ταῦτα,
1736 3802 1909 3869 οὕτως

331 3885 442 3939 οὐδ’
487 3885 673 3940 ἐκεῖνα
712 3885 892 3957 ψυχῆς
915 3903 931 3920 ο
967 3887 1017 3939 εί
1065 3887 1162 3941 καὶ
1195 3890 1364 3961 χωρὶς
1413 3889 1646 3962 θατέρου
1681 3893 1908 3966 θάτερον

330 3976 502 4046 ἀργὸν
534 3978 669 4048 πρὸς
709 3978 968 4048 ἑκάτερα.
1018 3978 1092 4032 Τὸ
1132 3980 1291 4051 σῶμα
1322 3981 1366 4034 δ’
1402 3981 1467 4037 ἂν
1501 3983 1637 4037 ἄλλα
1678 4003 1737 4038 τε
1774 3987 1906 4058 φαίη

330 4069 538 4131 δίκαια,
573 4071 667 4123 καὶ
719 4070 793 4132 ὡς
845 4070 988 4139 Ἐγὼ
1016 4072 1118 4139 τὴν
1168 4073 1308 4144 ὑπὲρ
1352 4072 1445 4127 σοῦ
1472 4075 1749 4149 τελευτὴν,
1793 4078 1907 4130 ἀλλ’

329 4162 429 4231 οὺχ
452 4159 656 4231 ἡψυχὴ
687 4160 926 4230 δέχεται.
951 4162 1085 4215 Οὑδέ
1119 4162 1231 4234 γὰρ
1257 4163 1507 4233 πέφυκεν
1536 4167 1691 4236 ἐμὸν.
1716 4168 1778 4221 τὸ
1808 4185 1909 4221 πο·-

330 4257 442 4307 νεῖν
470 4253 558 4307 διᾶ
601 4254 728 4316 τοὺς
761 4254 889 4317 σοὺς
929 4254 1130 4324 νόμους
1176 4256 1489 4325 νηστείαις,
1534 4258 1865 4328 ἀγρυπνίαις
1889 4277 1902 4289 ·

328 4344 418 4399 διὰ
449 4344 556 4397 τῶν
585 4344 733 4415 ἐμῶν
778 4345 956 4415 μελῶν
987 4346 1022 4415 ἡ
1050 4346 1339 4417 παρθενία.
1380 4344 1504 4411 Πῶς
1536 4346 1630 4402 οὖν
1664 4352 1765 4404 οῦκ
1790 4351 1907 4404 ἄδι-

262 4426 265 4431 ’
330 4453 448 4499 κον,
481 4436 626 4504 ἐμῶν
656 4436 767 4488 τῶν
799 4435 976 4490 ἄθλων
1010 4435 1201 4501 ὄντων,
1234 4435 1333 4507 τὴν
1354 4437 1534 4509 ψυχὴν
1567 4441 1737 4510 χωρὶς
1771 4440 1906 4510 ἐμοῦ

2000 1981 2180 2035 pugna
2208 1967 2475 2024 adversus
2507 1985 2710 2040 corpus
2737 1981 2928 2028 contra
2970 1975 3147 2044 ipsam
3201 1976 3444 2033 animam
3494 1997 3581 2033 ar-

2001 2059 2193 2115 maris.
2222 2057 2516 2116 Factorum
2549 2064 2693 2118 enim
2726 2069 3204 2126 rcmuncrationes
3250 2086 3374 2127 cum
3401 2074 3587 2128 anima

2002 2165 2111 2203 non
2146 2154 2583 2219 communicans,
2618 2166 2671 2211 et
2699 2162 2851 2213 carni
2873 2159 3117 2218 debitam
3145 2181 3363 2234 pcenam
3387 2170 3583 2224 anima:

2005 2249 2266 2311 tauquam
2298 2244 2413 2298 sola
2437 2258 2739 2315 peccasset,
2796 2250 3033 2323 irrogas.
3070 2253 3128 2308 Si
3188 2257 3336 2313 enim
3397 2261 3582 2315 anima

2004 2332 2119 2385 sola
2152 2337 2653 2393 remunerationem
2702 2341 2972 2399 bonorum
3014 2361 3242 2418 operum
3302 2349 3583 2408 laborum—

2004 2438 2110 2492 que
2145 2423 2364 2493 babeat,
2399 2437 2545 2498 patet
2572 2430 2736 2484 etiam
2763 2447 2955 2488 eorum
2989 2436 3193 2506 quibus
3234 2443 3402 2495 homo
3452 2459 3585 2514 pec~

2005 2516 2171 2583 cavit,
2209 2532 2425 2589 pamam
2459 2523 2633 2577 solam
2666 2540 2790 2581 esse
2839 2527 3112 2588 daturam.
3179 2530 3284 2589 Sed
3340 2537 3463 2592 vide
3519 2555 3584 2592 ne

2005 2625 2207 2681 corpus
2239 2624 2291 2668 et
2313 2614 2558 2671 animam
2586 2617 2850 2676 adversus
2882 2637 3003 2679 sese
3058 2623 3293 2681 invicem
3335 2628 3388 2682 in
3434 2630 3586 2700 judi-

2006 2695 2154 2751 cium
2200 2713 2384 2755 voces.
2433 2701 2627 2760 Merito
2661 2707 2810 2763 enim
2842 2725 3044 2781 corpus
3067 2728 3193 2769 cum
3246 2695 3450 2771 anima
3492 2737 3586 2774 ex-

2007 2788 2315 2856 postularit,
2342 2791 2388 2847 si
2418 2791 2658 2852 honores
2690 2806 2838 2854 recte
2861 2799 3131 2858 factorum
3165 2806 3267 2861 sibi
3299 2809 3585 2877 adimeret,

2010 2882 2307 2953 animaque
2338 2886 2580 2943 vicissim
2635 2906 2765 2949 cum
2824 2911 3077 2966 corpore,
3110 2902 3157 2956 si
3224 2903 3439 2961 debitas
3509 2909 3586 2962 illi
3675 2943 3687 2954 ρ

2007 2989 2202 3044 pmnas
2226 2994 2285 3034 se
2314 2981 2493 3036 solum
2534 2984 2745 3042 videret
2797 2990 3075 3048 sustinere
3105 3006 3379 3064 oportere.
3439 3000 3584 3067 Quin

2008 3069 2192 3136 potius
2223 3079 2523 3143 utrumque
2554 3086 2744 3134 contra
2785 3074 3028 3149 judicem
3088 3085 3286 3143 incitas
3318 3108 3331 3145 :
3384 3106 3588 3162 corpus

2010 3163 2257 3231 quidem,
2279 3165 2411 3236 quia
2441 3169 2822 3242 retributione,
2840 3188 3005 3245 quam
3030 3190 3295 3244 meretur,
3317 3185 3584 3252 privatur;

2009 3253 2247 3310 animam
2293 3274 2440 3325 vero,
2485 3261 2629 3331 quod
2660 3278 2851 3319 eorum
2901 3283 3137 3338 quorum
3172 3289 3281 3327 nou
3312 3283 3397 3331 est
3457 3292 3591 3332 cun-

2010 3348 2146 3412 scia,
2176 3365 2350 3420 pennae
2380 3352 2450 3406 ab
2475 3368 2539 3407 ea
2570 3354 3187 3430 cxigantur.CopulaSti
3213 3379 3320 3431 me,
3347 3383 3380 3420 ο
3405 3367 3590 3422 Domi-

2011 3454 2099 3505 ne,
2136 3442 2355 3511 corpori
2385 3444 2786 3516 incorporeum,
2820 3457 2875 3504 et
2896 3450 2999 3505 soli
3036 3453 3169 3508 mihi
3204 3471 3288 3512 res
3343 3466 3589 3514 terrenas

2010 3633 2203 3686 pinnas
2229 3637 2423 3678 eorum
2468 3628 2676 3691 quibus
2716 3647 2920 3702 corpus
2953 3638 3251 3709 peccavit,_
3281 3642 3589 3710 ebrietatis,

2010 3708 2418 3780 fornicationis,
2452 3719 2613 3787 gulae.
2650 3719 2749 3776 Ubi
2780 3726 2925 3778 enim
2959 3738 3088 3782 sunt
3112 3708 3449 3791 litecanimte
3471 3753 3590 3807 pro-

2011 3801 2149 3869 pria,
2192 3811 2253 3858 ut
2282 3804 2485 3862 invidia
2536 3808 2697 3878 forte,
2756 3817 2836 3869 vel
2891 3818 3157 3875 haeresis?
3213 3823 3587 3889 Quemadmo-

2010 3894 2139 3946 dum
2174 3895 2322 3950 cnim
2355 3897 2471 3953 haec
2506 3916 2614 3955 non
2643 3914 2772 3958 sunt
2821 3910 3090 3977 corporis,
3124 3912 3206 3969 sic
3258 3930 3440 3986 neque
3494 3921 3587 3977 illa

2009 3986 2227 4055 animze,
2260 3989 2363 4045 etsi
2390 3990 2624 4047 alterum
2665 3995 2783 4051 sine
2810 3998 2983 4053 altero
3043 4002 3108 4056 ad
3179 4015 3408 4077 utraque
3473 4011 3591 4066 inc-

2012 4090 2184 4148 ptum.
2223 4082 2435 4154 Corpus
2488 4104 2619 4142 vero
2663 4106 2787 4145 cum
2835 4095 2938 4148 alia
2984 4112 3085 4165 pro
3119 4114 3176 4154 sc
3223 4102 3371 4158 dicat
3414 4107 3587 4174 justa,

2016 4186 2127 4228 tum
2168 4190 2269 4247 ego
2318 4194 2418 4248 pro
2455 4189 2506 4235 te
2538 4192 2768 4237 mortem
2797 4188 3026 4255 nppetii,
3064 4205 3173 4245 non
3210 4195 3413 4249 anima.
3466 4197 3587 4253 Non

2010 4267 2156 4323 enim
2199 4285 2380 4325 meum
2431 4283 2516 4328 cst
2550 4274 2800 4332 laborare
2840 4280 2911 4334 ob
2942 4281 3087 4351 leges
3119 4294 3240 4341 tuas
3284 4287 3510 4357 jejuuiis
3536 4300 3591 4359 et

2009 4361 2233 4431 vigiliis.
2263 4363 2369 4419 Per
2399 4367 2644 4423 membra
2680 4386 2797 4426 mea
2823 4373 3128 4445 virginitas.
3169 4378 3462 4445 Quomodo
3487 4386 3590 4455 igi-

2014 4463 2100 4508 tur
2130 4469 2238 4509 nou
2280 4456 2552 4528 iniquum,
2592 4477 2717 4515 cum
2751 4480 2870 4519 mea
2919 4467 3030 4523 sint
3089 4474 3408 4538 certamina,
3466 4478 3591 4540 ani-g

330 4528 631 4599 λαμϐάνειν
673 4527 744 4581 τά
770 4528 980 4582 ἔπαθλα
1004 4545 1020 4594 ;
1053 4527 1147 4591 Τίς
1190 4528 1343 4593 λύσις
1381 4531 1559 4584 αὐτῶν
1585 4532 1683 4603 τῆς
1706 4531 1864 4602 δίκης
1890 4550 1900 4598 ;

2014 4561 2157 4600 mam
2186 4549 2304 4602 sine
2348 4565 2437 4605 me
2462 4566 2724 4608 coronam
2757 4557 3049 4628 accipere?
3080 4548 3211 4628 Quae
3240 4574 3323 4618 est
3374 4578 3591 4624 sentcn-

331 4621 544 4685 Κοινὸς
586 4624 618 4673 ὁ
662 4620 897 4688 μισθὸς,
944 4619 1139 4672 κοιναί
1187 4623 1248 4673 αἱ
1293 4621 1534 4684 ποιναί,
1580 4623 1669 4675 ὅτι
1708 4625 1905 4678 κοιναί

332 4711 534 4767 αὐτῶν
575 4715 636 4765 αὶ
694 4712 955 4780 πράξεις.
993 4712 1109 4765 Κᾶν
1159 4712 1246 4764 ἐπ’
1280 4713 1439 4766 ἐνίων
1475 4713 1537 4766 τὸ
1578 4713 1767 4785 ἕτερον
1811 4714 1909 4768 τοῦ

334 4805 708 4875 συγκρίματος
738 4796 1051 4856 πλεονεκτεῖ
1082 4803 1178 4856 τοῦ
1216 4803 1426 4874 ἐτέρου,
1461 4804 1556 4858 καὶ
1588 4804 1686 4876 τὴν
1718 4805 1910 4868 συζευ-

333 4897 557 4966 χθεῖσαν
578 4896 673 4948 ἀπ’
696 4896 870 4965 ἀρχῆς
899 4897 979 4957 εἰς
1008 4896 1222 4957 κοινοὺς
1252 4896 1450 4958 πόνους
1476 4895 1646 4949 δυάδα
1672 4895 1754 4948 δεῖ
1782 4897 1910 4965 όμο-

331 4985 541 5055 λογεῖν,
580 4987 672 5039 καὶ
701 4986 899 5039 εἰδέναι
919 5025 935 5050 ,
966 4986 1162 5039 κοινῶν
1194 4987 1289 5040 καὶ
1323 4987 1431 5039 τῶν
1461 4987 1743 5055 στεφάνων
1770 4989 1906 5040 ἀπο-

331 5076 518 5129 λαύειν
556 5075 642 5144 ἐφ’
679 5071 760 5137 οἷς
800 5075 1084 5143 νενίκηκε,
1118 5075 1213 5127 καὶ
1264 5076 1343 5138 εἰς
1373 5074 1559 5138 κοινὰς
1587 5073 1901 5142 ἀπάγεσθαι

329 5167 601 5239 τιμωρίας
631 5161 706 5223 ὧν
734 5166 1177 5238 ἐπλημμέλησεν.

335 5369 447 5426 Τοῦ
501 5370 722 5437 αὐτοῦ,
782 5372 850 5424 ἐκ
907 5371 1010 5424 τοῦ
1077 5374 1164 5436 εις
1216 5370 1282 5423 τὸ
1339 5371 1554 5440 Πάσχα
1621 5370 1901 5442 δευτέρου

1009 5442 1216 5510 λόγου.

413 5534 766 5597 ἰλνάστασις,
815 5533 911 5602 τῆς
943 5532 1034 5585 τοῦ
1082 5532 1289 5603 Κυρίου
1321 5533 1591 5602 προνοίας
1633 5534 1695 5586 τὸ
1734 5534 1907 5603 κεφάν

328 5625 515 5676 λαιον’
564 5624 658 5676 τοῦ
694 5625 988 5692 κεφαλαίου
1037 5624 1092 5676 δὲ
1122 5624 1271 5694 ψυχὴ
1311 5624 1754 5693 μνημονεύουσα,
1812 5628 1906 5678 καὶ

327 5720 394 5790 τῇ
428 5718 554 5788 περὶ
589 5718 678 5771 τὸν
710 5718 1002 5788 εὐεργέτην
1030 5719 1347 5789 εὐχαριστίᾳ
1384 5717 1634 5786 συζῶτα,
1668 5722 1784 5784 ταῖς
1813 5722 1904 5773 τοῦ

2011 4637 2084 4693 tia
2119 4653 2311 4694 corum
2343 4642 2537 4711 judicii
2581 4662 2595 4698 :
2631 4648 2938 4705 Communis
2968 4669 3186 4718 merces,
3221 4667 3269 4710 et
3295 4664 3588 4716 communis

2007 4747 2180 4799 paena,
2207 4735 2332 4803 quia
2360 4737 2524 4790 etiam
2553 4742 2792 4813 utrisque
2822 4746 3124 4800 communia
3146 4763 3305 4818 opera
3328 4751 3543 4820 fuerunt
3569 4757 3594 4807 ?

2008 4821 2336 4894 Quanquam
2373 4828 2426 4882 in
2464 4831 2742 4900 aliquibus
2774 4836 3127 4892 contentione
3161 4855 3329 4894 unum
3363 4856 3591 4911 supcrat

2008 4914 2242 4969 alterum
2273 4935 2284 4971 :
2319 4925 2374 4972 et
2404 4919 2505 4974 sibi
2539 4918 2773 4977 invicem
2808 4926 3101 4995 conjuncta
3148 4928 3320 4985 fuisse
3373 4933 3444 4987 ab
3482 4933 3590 4988 ini-

2015 5004 2093 5059 tio
2121 5009 2191 5060 ad
2223 5023 2546 5066 communes
2582 5013 2800 5070 labores
2845 5018 3146 5086 obeundos,
3196 5024 3588 5089 conﬁtendum,

2015 5108 2069 5153 ct
2100 5100 2409 5168 sciendum,
2460 5113 2516 5159 et
2558 5105 2672 5160 fore
2700 5116 2760 5161 ut
2792 5125 3113 5169 communes
3155 5132 3388 5173 coronas
3437 5131 3589 5189 parta

2015 5193 2246 5249 victoria
2283 5197 2577 5266 accipiant,
2610 5210 2665 5254 et
2694 5201 2967 5273 inquibus
2988 5217 3309 5275 peccarunt,
3345 5227 3591 5268 eonunu-

2013 5301 2109 5341 nes
2146 5305 2340 5358 pmnas
2374 5291 2548 5346 luant.

2292 5404 2546 5474 Ejusdem
2578 5408 2750 5463 altera
2778 5415 2953 5466 oratio
2986 5418 3041 5468 in
3070 5416 3304 5475 Pascha.

2089 5538 2436 5594 Rcsurrcetio
2467 5550 2552 5595 est
2580 5552 2745 5612 caput
2775 5548 3129 5614 providentiae
3197 5552 3407 5607 Domini
3445 5574 3455 5609 :
3498 5575 3596 5610 ea-

2015 5631 2145 5697 pitis
2203 5647 2327 5687 vero
2375 5634 2555 5688 anima
2597 5652 2840 5697 metnor.
2895 5649 2947 5692 et
2985 5643 3186 5709 gratias
3223 5662 3387 5713 agens
3428 5648 3607 5709 bene—_

2016 5722 2233 5790 iaelori,
2271 5722 2476 5781 inimici
2512 5727 2719 5797 laqueis
2765 5732 2882 5800 capi
2926 5748 3030 5787 non
3084 5746 3275 5803 potest.
3342 5738 3585 5792 Aseemle
