3998 6116
424 193 445 254 1
457 193 560 260 495

1913 193 1977 254 S.
2008 192 2173 253 NILI

3559 196 3696 263 1496

420 310 489 364 ad
520 309 876 380 antiquorum
913 308 1192 371 historias,
1248 315 1305 360 et
1335 306 1547 363 ridebis
1578 305 1996 363 resurrectionis

2102 303 2303 375 ἐχθροῦ
2337 304 2645 368 δυσάλωτος
2693 304 2902 374 γίνεται
2956 304 3185 376 πάγαις.
3238 308 3506 382 ’Δνάϐηθι
3552 313 3693 383 πρὸς

420 403 920 459 adumbrationem.
982 401 1275 457 Brutorum
1320 400 1468 455 enim
1518 410 1712 455 natura
1757 399 1999 454 animata

414 503 603 550 creata
634 501 739 554 est.
758 493 940 548 anima
966 507 1092 548 cum
1111 505 1343 562 corpore
1371 491 1536 547 simul
1560 491 1799 546 condita.
1823 488 1997 544 Adam

423 595 602 641 autem
629 585 749 640 sine
764 583 946 638 anima
965 599 996 638 e
1023 584 1140 637 luto
1160 583 1314 638 fictili
1337 581 1607 637 formatus
1636 590 1721 637 est
1736 580 1778 647 ³,
1797 580 1999 635 deinde

417 677 602 732 anima
647 676 1009 746 inspiratione
1041 674 1277 732 formata
1324 685 1430 738 est,
1484 674 1640 745 quin,
1699 681 1759 728 ut
1816 672 1998 729 verius

421 768 640 837 loquar,
679 768 1086 840 superinducta
1116 776 1222 824 est.
1260 766 1324 823 Et
1356 779 1697 822 mortuorum
1757 779 2001 820 resurre-

422 861 627 916 ctionis
656 860 890 916 Creator
915 861 1280 933 primordium
1310 860 1492 916 statim
1524 858 1671 915 fecit.
1707 856 1826 912 Non
1850 858 1998 913 enim

421 968 451 1005 c
489 952 664 1006 solida
695 938 1091 1022 protoplastum
1131 951 1257 1006 fecit
1284 952 1538 1017 materia,
1574 951 1854 1015 sedterra:
1882 952 2001 1022 pul-

420 1056 603 1097 verem
657 1043 711 1097 iu
758 1041 991 1097 formam
1024 1043 1269 1109 adduxit,
1323 1043 1519 1099 tollens
1571 1043 1641 1099 ab
1682 1043 1841 1097 initio
1897 1044 1999 1099 bo-

420 1132 632 1187 minum
664 1133 1064 1201 infidelitatem,
1097 1134 1252 1204 quia,
1281 1134 1384 1190 etsi
1405 1133 1586 1204 pulvis
1627 1138 1700 1189 sit
1744 1144 1999 1189 mortuus

420 1234 476 1280 et
509 1225 827 1293 immobilis,
863 1226 1023 1283 facile
1051 1227 1236 1282 anima
1273 1242 1565 1298 resurgere
1594 1226 1747 1291 facit,
1781 1237 1836 1283 et
1876 1226 2001 1282 nul-

418 1318 533 1373 lum
570 1321 753 1376 ferens
780 1321 1071 1391 vestigium
1103 1320 1508 1389 vivificationis,
1541 1336 1641 1378 nec
1699 1321 1998 1393 accipiens,

418 1414 742 1484 participem
775 1414 955 1471 reddit
1000 1416 1185 1471 vitalis
1214 1416 1644 1487 conjunctionis.
1684 1414 1804 1473 Non
1851 1417 1999 1472 enim

419 1507 779 1576 corruptibile
818 1522 1022 1578 corpus
1095 1506 1247 1575 fecit,
1310 1508 1406 1566 sed
1451 1518 1697 1581 tempore
1756 1510 1998 1581 quodam

420 1598 681 1654 solutioni
718 1600 913 1665 tradit,
945 1600 1298 1657 vitiositatem
1321 1601 1473 1658 vasis
1504 1618 1570 1657 ex
1612 1613 1839 1673 peccato
1872 1619 2000 1675 pur-

419 1707 557 1761 gans
588 1708 653 1747 ac
684 1708 912 1758 sanans,
944 1702 999 1751 et
1032 1692 1403 1764 putrefaCtum
1438 1698 1646 1764 peccati
1671 1695 2000 1750 mortalitate

421 1784 731 1852 inveniens,
766 1785 962 1842 mortis
985 1785 1210 1843 fornace
1257 1786 1533 1854 dissolvit,
1569 1795 1625 1842 et
1670 1786 1764 1841 ubi
1812 1786 1995 1851 solvit,

418 1890 516 1930 vas
554 1875 926 1945 putrefactum
959 1878 1028 1933 de
1082 1893 1226 1932 novo
1284 1877 1504 1944 format,
1568 1892 1635 1933 ne
1684 1877 1995 1943 admireris,

419 1968 578 2035 quasi
628 1968 879 2024 altiorem
928 1978 1089 2040 captu
1138 1980 1480 2024 mortuorum
1523 1970 1995 2025 reformationem.

418 2057 594 2116 Tanta
628 2059 772 2115 enim
811 2076 901 2117 ars
930 2071 1008 2116 est
1039 2060 1248 2116 lictoris
1291 2061 1343 2114 in
1370 2060 1646 2132 fingendo,
1709 2069 1767 2114 ut
1830 2060 1995 2114 etiam

418 2167 575 2221 aquae
607 2161 859 2207 naturam
893 2152 946 2206 in
983 2152 1282 2209 simulacra
1315 2152 1369 2206 in
1405 2161 1593 2206 ventre
1639 2151 1862 2218 formet,
1892 2152 1997 2207 hoc

417 2243 553 2298 milii
591 2243 764 2314 magis
810 2242 1127 2298 mirandum
1178 2242 1413 2307 videtur,
1455 2258 1619 2311 quam
1657 2243 1774 2313 ipsa
1812 2256 1998 2297 resur-

416 2336 622 2402 rectio;
654 2336 728 2391 ibi
761 2335 905 2391 enim
937 2350 968 2390 e
1007 2334 1228 2405 pulvere
1262 2342 1514 2390 mortuus
1546 2334 1837 2399 formatur,
1861 2334 1996 2388 etli-

416 2430 581 2498 gulus
629 2444 726 2482 vas
755 2442 784 2483 e
819 2436 963 2482 terra
995 2425 1220 2492 format,
1276 2427 1484 2482 n‘ostris
1538 2423 1751 2481 artibus
1790 2426 1994 2481 similia

415 2530 815 2591 repraesentans
849 2534 863 2573 :
896 2519 985 2573 bic
1018 2533 1147 2573 vero
1170 2519 1313 2573 nuda
1334 2517 1582 2589 quaedam
1612 2526 1762 2588 gutta
1790 2516 1995 2573 factum

415 2620 501 2668 est
540 2611 753 2677 lutum,
798 2622 852 2665 et
900 2625 929 2665 e
986 2619 1143 2681 gutta
1206 2609 1265 2663 fit
1323 2610 1528 2665 animal
1579 2611 1792 2665 ratione
1857 2625 1996 2680 pra:-

414 2704 617 2759 ditum.
649 2705 691 2755 0
720 2711 891 2756 artem
922 2717 990 2756 ex
1014 2716 1155 2771 aqua
1197 2700 1495 2756 simulacra
1539 2699 1901 2756 formantem!
1930 2699 1996 2755 Et

414 2810 523 2850 non
556 2793 661 2849 boe
710 2793 889 2849 solum
915 2792 1115 2846 mirum
1146 2799 1250 2853 est.
1286 2806 1487 2862 aquam
1544 2790 1720 2861 scalpi
1770 2790 1825 2844 in
1875 2791 1996 2845 ani-

331 2894 336 2898 ”
413 2901 631 2943 marum
677 2885 1059 2950 simulacrum,
1102 2883 1197 2939 sed
1236 2884 1384 2938 intus
1436 2881 1661 2938 fonnari
1727 2880 1995 2938 ﬂuctuans

2099 396 2198 468 τὴν
2236 398 2345 451 τῶν
2376 397 2680 470 ἀνθρώπων
2710 397 3095 469 ἀρχαιολογίαν
3117 439 3134 465 ,
3165 401 3257 454 καὶ
3288 403 3391 473 τὴν
3424 404 3525 474 τῆς
3550 406 3688 459 ἀνα-

2102 487 2346 551 στάσεως
2395 488 2768 559 σκιαγραφίαν
2820 490 3095 560 εὑρήσεις.
3155 491 3223 544 Ἡ
3284 492 3383 562 μὲν
3432 494 3543 564 γὰρ
3578 494 3690 548 τῶν

2099 577 2311 646 ἀλόγων
2342 577 2504 647 φύσις
2551 578 2795 650 ἔμψυχος
2830 581 3333 654 δεδημιούργηται,
3363 585 3439 654 τῷ
3471 590 3691 656 σώματι

2098 671 2200 742 τῆς
2256 671 2436 743 ψυχῆς
2491 673 3161 746 συγκατασκευασθείσης.
3236 677 3482 749 Ἀψυχος
3535 680 3597 733 δὲ
3657 685 3693 734 ὀ

2112 763 2286 835 Ἀδάμ
2334 763 2507 834 πηλοῦ
2556 764 2982 830 διαπλασθέντος
3034 769 3432 842 μεμόρφωται·
3478 767 3601 827 εἶτα
3652 776 3690 845 ἡ

2099 854 2248 929 ψυχὴ
2278 855 2356 927 τῷ
2390 859 2753 929 ὲμφυσήματι
2792 859 3150 931 μεμόρφωται
3171 903 3188 925 ,
3223 864 3425 933 μᾶλλον
3452 865 3511 919 δὲ
3550 867 3692 937 ἀληο

2103 947 2212 1012 θῶς
2241 948 2440 1015 εἰπεῖν,
2495 948 2869 1017 έπεισάγεται.
2895 952 3005 1006 Καὶ
3026 952 3126 1024 τὴν
3150 955 3215 1007 ἐκ
3241 956 3453 1025 νεκρῶν
3482 957 3688 1023 εὐθέως

2100 1039 2130 1092 ὁ
2164 1038 2421 1109 Πλάστης
2454 1040 2875 1112 προοιμιάζεται
2914 1040 3152 1113 ἔγερσιν.
3197 1046 3323 1099 Οὐδ’
3357 1048 3422 1099 ὲκ
3456 1051 3689 1118 στερεᾶς

2100 1130 2192 1185 τὸν
2222 1131 2651 1202 πρωτόπλαστον
2683 1133 2999 1205 συντίθησιν
3031 1135 3187 1208 ύλης,
3208 1138 3345 1192 ἀλλά
3375 1139 3477 1209 τῆς
3501 1141 3605 1209 γῆς
3624 1141 3685 1193 τὸ

2101 1222 2331 1294 χνοῶδες
2358 1224 2619 1296 χαλκεύει
2654 1226 2793 1297 πρὸς
2828 1228 3137 1298 μόρφωσιν,
3168 1230 3371 1283 πείθων
3405 1232 3475 1284 έκ
3508 1248 3684 1301 προοι-

2104 1316 2246 1385 μίων
2283 1317 2376 1370 τὸν
2409 1318 2638 1373 ἄπιστον
2657 1361 2672 1384 ,
2706 1319 2789 1373 ὅτι
2808 1358 2824 1385 ,
2853 1319 2959 1373 κᾶν
2995 1317 3183 1394 χοῦςῇ
3214 1322 3410 1393 νεκρὸς
3435 1325 3536 1377 καὶ
3568 1325 3685 1377 ἀκί-

2099 1424 2296 1480 νητος,
2331 1409 2463 1481 ῥᾷον
2498 1412 2532 1482 ἡ
2579 1409 2727 1482 ψυχὴ
2772 1411 2912 1481 πρὸς
2951 1413 3251 1466 ἀνάστασιν
3300 1415 3461 1484 ἄγει·
3495 1416 3592 1468 καὶ
3625 1416 3687 1470 τὸ

2104 1501 2227 1573 μηδ’
2254 1503 2378 1572 ίχνη
2417 1504 2556 1574 μήτε
2584 1503 2749 1557 λαὸὸν
2782 1505 2921 1576 μήτε
2944 1505 3109 1576 φέρον
3144 1505 3411 1572 ζωὼσεως
3433 1550 3447 1571 ,
3490 1526 3687 1562 κοινωο

2099 1592 2188 1647 νὺν
2218 1596 2456 1648 ποιεῖται
2489 1594 2779 1668 ζωηφόρου
2811 1596 3193 1668 συμϐιώσεως.
3228 1600 3303 1652 Οὐ
3337 1600 3447 1668 γὰρ
3478 1600 3687 1669 φθοράς

2100 1685 2161 1739 τὸ
2212 1685 2373 1757 σῶμα
2419 1685 2679 1740 διέπλασε
2724 1689 3139 1761 παρανάλωμα,
3172 1691 3309 1745 ἀλλά
3351 1694 3533 1763 χρόνῳ
3578 1696 3688 1748 τινὶ

2100 1774 2255 1829 λύσει
2295 1776 2653 1847 παραδίδωσι,
2680 1777 2777 1849 τὴν
2803 1780 2868 1832 ἐκ
2899 1780 2998 1849 τῆς
3023 1781 3297 1852 ἁμαρτίας
3319 1782 3416 1836 τοῦ
3453 1784 3683 1848 σκεύους

2099 1868 2384 1936 καθαίρων
2412 1886 2473 1922 τε
2500 1870 2593 1923 καὶ
2641 1868 2942 1940 ἐξιώμενος
2975 1874 3240 1935 κάκωσιν,
3281 1876 3378 1928 καὶ
3416 1879 3486 1946 τῇ
3533 1878 3685 1948 παρά

2101 1961 2201 2030 τῆς
2239 1963 2524 2033 ἁμαρτίας
2567 1961 2743 2033 εὑρὼν
2785 1963 3204 2036 σεσαθρωμένον
3232 1966 3562 2038 θνητότητι,
3605 1965 3681 2035 τῷ

2098 2050 2192 2104 τοῦ
2234 2051 2467 2106 θανάτου
2506 2052 2713 2107 διαλύει
2748 2055 3119 2128 χωνευτηρίῳ,
3169 2059 3264 2111 καὶ
3312 2058 3505 2125 λύσας,
3543 2063 3684 2132 πρὸς

2088 2140 2430 2196 νεόπλαστον
2457 2140 2651 2206 σκεῦος
2682 2144 2745 2197 τὸ
2776 2145 3057 2216 σαθρωθὲν
3080 2147 3434 2204 ἀναπλάττει.
3463 2152 3574 2206 Καὶ
3606 2154 3684 2223 μὴ

2099 2232 2412 2307 θαυμάσῃς,
2464 2234 2539 2298 ὡς
2570 2232 2848 2307 λογισμῶν
2875 2237 3172 2309 ἀνωτέραν,
3202 2239 3299 2311 τὴν
3331 2241 3440 2294 τῶν
3472 2243 3682 2313 νεκρῶν

2098 2327 2517 2396 ἀναχάλκευσιν.
2559 2328 2809 2399 Τοσαύτη
2864 2330 2973 2400 γάρ
3027 2332 3165 2401 πρὸς
3206 2332 3685 2402 ἀγαλματοποιίαν

2097 2420 2130 2487 η
2166 2419 2327 2491 τέχνη
2360 2419 2454 2474 τοῦ
2486 2420 2751 2486 πλάστου,
2783 2422 2859 2487 ὼς
2902 2424 2994 2475 καὶ
3045 2420 3207 2492 φύσὶν
3239 2424 3436 2490 ὓδατος
3471 2429 3552 2490 εἰς
3590 2429 3684 2480 ἀν-

2096 2512 2354 2583 δριάντας
2398 2515 2455 2568 έν
2493 2515 2694 2585 γαστρὶ
2736 2513 3107 2567 διαπλάττειν.
3144 2515 3316 2569 Τοῦτό
3357 2535 3449 2586 μοι
3499 2536 3687 2589 παραυ

2097 2605 2377 2678 δοξότερον
2410 2605 2507 2661 τοῦ
2553 2609 2682 2680 περὶ
2712 2608 2811 2679 τὴν
2839 2609 3137 2662 ἀνάστασιν
3176 2609 3483 2679 θαύματος.
3535 2612 3684 2667 Ἐκεῖ

2100 2698 2201 2768 μὲν
2231 2701 2340 2770 γάρ
2368 2702 2431 2753 ἐκ
2456 2699 2578 2771 χοὸς
2600 2701 2791 2771 νεκρὸς
2822 2701 3238 2772 πηλουργεῖται,
3271 2706 3368 2756 καὶ
3391 2704 3454 2758 τὸ
3486 2705 3681 2769 σκεῦος

2095 2790 2125 2843 ὀ
2164 2791 2441 2862 κεραμεὺς
2473 2792 2538 2845 ἐκ
2577 2792 2675 2862 τῆς
2702 2792 2804 2864 γῆς
2848 2793 3210 2857 ἀναπλάττει,
3262 2794 3536 2865 σύμφωνά
3564 2815 3681 2861 πως

2096 2891 2217 2952 ταῖς
2250 2890 2380 2960 παρ’
2424 2891 2554 2960 ἡμῖν
2590 2889 3006 2961 ἐνδεικνύμενος
3044 2892 3265 2962 τέχναις
3290 2910 3305 2924 ’
3350 2895 3589 2949 ἐνταῦθα
3624 2898 3681 2950 δὲ

414 2994 622 3034 semen.
657 2978 896 3048 Sanguis
924 2976 1070 3031 enim
1107 2975 1347 3044 undique
1383 2973 1637 3040 bulliens,
1671 2988 1857 3029 semen
1886 2976 1992 3029 buc

2099 2981 2281 3051 γυμνή
2316 2998 2399 3044 τις
2433 2980 2650 3049 σταγὼν
2677 2982 2786 3034 τῶν
2820 2984 3210 3054 πλαττομένων
3245 2984 3461 3053 γίνεται
3489 2989 3679 3059 πηλὸς,

413 3081 578 3143 atque
606 3071 736 3125 illuc
765 3078 967 3125 nutans
988 3075 1043 3124 et
1075 3083 1218 3138 aegre
1247 3067 1445 3122 stabile
1470 3065 1622 3131 facit,
1657 3075 1712 3120 et
1755 3064 1865 3120 illis
1899 3066 1993 3121 de-

413 3161 666 3216 cumanis
688 3160 950 3230 agitatum
986 3159 1267 3224 ﬂuctibus,
1300 3158 1541 3213 animata
1596 3167 1779 3212 tamen
1810 3166 1991 3213 statua

411 3251 712 3322 perficitur.
751 3248 794 3305 0
827 3251 1093 3320 pictorem
1128 3250 1183 3303 in
1236 3248 1521 3303 ﬂuctuanti
1573 3247 1741 3302 linteo
1800 3264 1992 3303 secure

413 3345 766 3417 pingenteml
802 3342 1040 3413 Sanguis
1069 3343 1216 3396 enim
1251 3351 1511 3410 tanquam
1544 3340 1773 3394 linteum
1805 3341 1993 3409 subia-

413 3446 499 3489 rct
552 3434 791 3488 formato
822 3433 979 3489 fetui.
1014 3431 1129 3487 lloc
1161 3431 1419 3486 Salomon
1460 3432 1627 3486 etiam
1691 3448 1815 3487 cum
1877 3443 1993 3488 stu-

409 3542 544 3599 pore
568 3525 874 3589 admirans,
911 3521 979 3577 In
1012 3532 1209 3590 ventre,
1240 3523 1442 3593 inquit,
1478 3525 1667 3578 matris
1728 3526 1990 3595 ﬁguratus

412 3634 532 3672 sum
566 3631 713 3681 caro,
749 3615 926 3668 decem
960 3615 1221 3668 mensium
1248 3624 1479 3684 tempore
1509 3614 1827 3685 coagulatus
1873 3631 1992 3669 sum

412 3710 470 3762 in
500 3709 754 3778 sanguine
780 3706 825 3762 ‘.
860 3705 1088 3763 Femina
1138 3709 1284 3762 enim
1328 3717 1587 3779 tauquam
1627 3708 1857 3779 pictoris
1909 3708 1992 3762 of-

417 3804 580 3857 ﬁcina
607 3801 888 3871 proposita
939 3810 1043 3865 est,
1095 3801 1339 3855 colorum
1378 3816 1509 3855 vero
1558 3801 1843 3856 materiam
1909 3802 1992 3855 vir

414 3896 589 3950 addit.
622 3894 716 3949 Est
746 3910 873 3949 vero
903 3893 1029 3964 quis
1056 3894 1234 3964 pictor
1266 3894 1320 3947 in
1352 3902 1531 3961 utero,
1566 3909 1631 3950 ex
1664 3909 1775 3948 uno
1805 3894 1993 3949 colore

413 4006 445 4043 e
492 3987 681 4043 multis
709 3987 1068 4058 compositam
1102 3986 1330 4057 pingens
1372 3987 1688 4056 imaginem.
1724 3985 1828 4042 Sed
1855 4000 1993 4056 quo-

416 4083 582 4136 modo
619 4096 649 4135 e
678 4080 951 4135 l'eculento
982 4079 1192 4135 semine
1224 4078 1398 4133 oculis
1448 4076 1658 4133 addidit
1716 4075 1993 4148 eleganter

414 4170 712 4244 pupillam?
760 4170 1038 4241 quomodo
1085 4184 1117 4223 e
1168 4168 1477 4223 substantia
1510 4165 1657 4221 fluxa
1697 4182 1825 4222 ossa
1856 4181 1990 4222 con-

412 4264 591 4320 didit?
611 4262 893 4332 quomodo
922 4277 988 4315 ex
1018 4261 1198 4316 soluto
1227 4260 1436 4314 semine
1462 4274 1660 4314 nervos
1689 4258 1993 4329 compegit?

2100 3072 2196 3126 καὶ
2229 3071 2446 3140 λογικὸν
2480 3074 2545 3126 ἐκ
2578 3073 2840 3140 σταγόνος
2879 3074 3187 3130 συντίθεται
3220 3078 3432 3141 ξώδιον.
3472 3080 3538 3132 Ὦ
3563 3081 3680 3149 τέχ-

2099 3182 2197 3235 νης
2232 3163 2292 3230 ἐξ
2320 3165 2516 3226 ὓδατος
2563 3166 2877 3237 γλυφούσης
2908 3167 3255 3237 ἀγάλματαο,
3286 3174 3381 3222 καὶ
3417 3171 3479 3223 οὐ
3523 3171 3678 3225 τοῦτο

2103 3258 2264 3327 μόνον
2305 3258 2603 3328 παρέχεται
2632 3258 2692 3312 τὸ
2720 3258 3024 3328 παράδοξον
3045 3301 3061 3324 ,
3093 3259 3177 3313 ὅτι
3206 3258 3406 3330 γλύφει
3434 3262 3497 3315 τὸ
3537 3261 3675 3333 ὕδωρ

2099 3351 2178 3410 εἰς
2213 3348 2453 3419 ἔμψυχον
2485 3349 2674 3413 ξόανον
2695 3366 2709 3380 ·
2747 3349 2862 3402 ἀλλ’
2895 3350 2977 3402 ὅτι
3011 3350 3109 3403 καὶ
3131 3352 3557 3422 κυματουμένην
3581 3353 3676 3422 τὴν

2099 3438 2265 3508 γονὴν
2300 3438 2449 3491 ἔνδον
2486 3437 2817 3493 τεκτονεύει.
2854 3439 3114 3504 Αἱμάτων
3144 3439 3255 3509 γάρ
3281 3439 3549 3494 πάντοθεν
3579 3457 3677 3492 πε-

2102 3527 2495 3600 ριῦράσσοντες
2552 3528 2880 3599 χείμαρροι,
2943 3528 3282 3599 περιρῤεπὲς
3339 3530 3557 3583 ποιοῦσι
3619 3529 3680 3583 τί)

2100 3621 2311 3693 σπαρὲν
2337 3624 2432 3674 καὶ
2462 3621 2819 3691 δυστήρικτον
2844 3637 2858 3650 ο
2885 3620 2979 3673 καὶ
3007 3618 3120 3692 [τῇ]
3152 3621 3392 3693 τοσαύτῃ
3414 3621 3682 3691 ναυαγού-

2103 3729 2262 3783 μενον
2293 3714 2558 3784 τρικυμία
2586 3713 2680 3766 καὶ
2707 3711 2867 3784 ζάλῃ,
2892 3713 3029 3783 πρὸς
3060 3711 3305 3783 ἔμψυχον
3325 3714 3475 3782 ὅμως
3505 3716 3678 3785 ἀπαρ-

2096 3806 2306 3870 τίζεται
2355 3805 2666 3876 ἀνδριάντα.
2724 3804 2788 3857 Ὠ
2844 3803 3106 3875 γραφέως
3158 3805 3253 3857 ἐπὶ
3309 3806 3679 3877 σαλευομένης

2100 3897 2337 3961 σινδόνος
2369 3897 2630 3966 ἀσφαλῶς
2652 3896 3092 3968 ζωγραφοῦντος.
3128 3897 3202 3950 Τὸ
3231 3897 3346 3967 γάρ
3382 3896 3544 3969 αἷμα,
3570 3895 3678 3955 οἷον

2100 3990 2290 4044 σινδὼν
2338 4006 2423 4053 τις
2456 3989 2744 4043 ὑπόκειται
2783 3991 2849 4060 τῇ
2900 3988 3260 4062 μορφούμενῃ
3294 3994 3453 4063 γονῇ.
3510 3991 3679 4046 Τοῦτο

2098 4083 2195 4137 καὶ
2241 4081 2495 4152 Σολομὼν
2537 4081 3017 4153 ἐκπληττόμενος,
3063 4081 3251 4150 ἔλεγεν
3273 4098 3286 4109 ·
3332 4083 3438 4138 Ἐν
3484 4085 3679 4152 κοιλίᾳ

2092 4177 2322 4245 μητρὸς
2353 4176 2628 4246 ἐγλύφην
2657 4175 2817 4244 σὰρξ
2836 4215 2851 4239 ,
2889 4175 3292 4245 δεκαμηνιαίῳ
3335 4178 3534 4245 χρόνῳ
3567 4194 3678 4231 za-

2097 4268 2224 4336 γεὶς
2249 4268 2321 4321 ἐν
2355 4267 2576 4337 αἵματι.
2619 4267 2916 4336 Πρόκειται
2965 4266 3065 4336 μὲν
3102 4265 3292 4336 ῶσπερ
3334 4267 3676 4337 ζωγραφεων

413 4358 692 4430 quomodo
723 4356 1009 4427 sanguinis
1032 4354 1253 4408 canales
1279 4367 1444 4409 venas
1474 4352 1812 4422 desculpsit?
1847 4366 1990 4422 quo-

2099 4377 2147 4413 τι
2178 4361 2241 4413 τὸ
2274 4359 2410 4430 θῆλυ
2431 4377 2446 4391 ο
2480 4359 2588 4412 τῶν
2619 4359 2931 4430 χρωμάτων
2978 4358 3176 4437 δὲτὴν
3219 4357 3375 4429 ὓλην,
3417 4359 3480 4412 τὸ
3513 4360 3675 4430 ἀρρεν

414 4450 581 4506 modo
619 4449 834 4505 cerebri
872 4448 926 4501 in
946 4447 1123 4515 capite
1162 4443 1467 4499 custodiam
1506 4444 1725 4499 ossibus
1758 4443 1997 4514 aptavit?

416 4542 693 4616 quomodo
728 4540 872 4596 fetus
910 4538 965 4592 in
993 4537 1230 4592 obscura
1260 4537 1510 4607 depictus
1544 4536 1782 4600 oﬂicina,
1809 4545 1995 4605 aptum

418 4636 788 4691 membrorum
821 4632 988 4689 situm
1020 4629 1266 4699 accepit?
1301 4628 1407 4683 Sed
1426 4640 1685 4699 tanquam
1708 4627 1862 4683 radio
1886 4636 1999 4682 ute-

417 4744 537 4781 rum
586 4726 916 4789 illustrante,
961 4722 1160 4791 cuique
1224 4720 1359 4790 parti
1393 4722 1675 4791 proprium
1722 4721 1999 4777 membro-

418 4838 538 4876 rum
562 4821 745 4876 locum
776 4819 953 4890 pictor
982 4816 1267 4872 distribuit
1293 4833 1307 4870 :
1343 4817 1584 4870 Amictus
1619 4816 1764 4871 enim
1795 4816 1995 4870 lumine

415 4916 555 4968 sicut
579 4913 882 4967 vestimento
918 4911 962 4976 ⁵,
993 4917 1076 4965 est
1102 4908 1350 4965 occultus
1370 4908 1575 4962 fetuum
1605 4906 1995 4977 pictor.Quem

418 5011 590 5066 David
631 5009 871 5065 celebrat
901 5007 1177 5063 dicendo:
1221 5004 1343 5059 Non
1365 5004 1691 5059 abscondisti
1728 5021 1784 5057 os
1826 5020 1998 5058 meum

420 5123 454 5158 α
496 5118 565 5168 te,
616 5104 755 5173 quod
783 5102 957 5172 fecisti
985 5103 1038 5155 in
1079 5100 1285 5153 occulto
1320 5101 1363 5152 ⁸.
1404 5097 1555 5152 Hanc
1581 5113 1611 5152 e
1641 5107 1793 5169 gutta
1848 5096 1999 5168 cogi-

421 5208 544 5251 tans
575 5192 794 5248 fictilem
828 5202 1022 5257 artem,
1065 5186 1317 5261 respectu
1354 5187 1596 5259 figmenti
1627 5204 1657 5242 e
1697 5198 1838 5242 terra
1889 5204 1996 5241 non

422 5288 657 5357 ambigo.
715 5285 940 5351 Quoties
1000 5284 1143 5337 enim
1206 5283 1363 5336 viden
1427 5280 1690 5334 artificem
1754 5297 1817 5333 ex
1851 5296 1994 5349 aqua

425 5376 745 5430 condentem
795 5383 1053 5436 statuam,
1115 5372 1309 5425 melius
1368 5370 1518 5424 illum
1578 5379 1850 5424 statuase
1886 5379 1997 5424 ter-

427 5483 492 5521 ra
543 5467 705 5520 credo
758 5466 958 5521 facere.
1015 5462 1489 5531 Quemadmodum
1521 5462 1740 5521 enimsi
1772 5464 1896 5533 quis
1946 5462 2001 5516 in

505 5623 522 5655 ³
547 5621 679 5677 Gen.
717 5640 775 5692 ll,
802 5626 850 5677 7.
931 5626 945 5656 ‘
983 5624 1109 5695 Sap.
1147 5641 1240 5692 vn,
1282 5628 1326 5678 ι.
1406 5625 1423 5654 ⁸
1456 5622 1602 5679 Psal.
1634 5639 1752 5689 cut,
1789 5623 1841 5675 2.

2096 4455 2403 4513 ἐπιϐάλλει.
2442 4454 2711 4525 Ἦνθηται
2746 4451 3026 4525 [κάθηται]
3070 4451 3130 4506 δέ
3168 4468 3253 4514 τις
3285 4452 3345 4504 ὲν
3374 4454 3443 4522 τῇ
3495 4453 3676 4522 μήτρᾳ

2096 4548 2422 4619 ζωγράφος,
2475 4547 2535 4613 ἐξ
2574 4545 2691 4609 ἑνὸς
2738 4545 3031 4616 χρώματος
3069 4542 3471 4597 πολυσύνθετον
3511 4558 3677 4594 κατα-

2096 4640 2391 4694 ποικίλλων
2419 4639 2626 4692 εἰκόνα.
2660 4637 2784 4700 Πῶς
2815 4637 2874 4704 ἐξ
2908 4635 3161 4699 ίλυώδους
3189 4635 3354 4704 γονῆς
3378 4633 3675 4703 ὀφθαλμοῖς

2097 4732 2391 4801 ἐνηγλάῖσε
2448 4730 2649 4802 κόρην;
2699 4728 2822 4793 Πῶς
2868 4730 2933 4781 ὲκ
2990 4725 3225 4797 posse»;
3267 4725 3461 4787 οὐσίας
3505 4723 3674 4777 ὀστῶν

2101 4820 2441 4890 συνεπήξατο
2467 4818 2666 4888 φύσινς
2701 4817 2819 4881 πῶς
2850 4817 2915 4869 ὲκ
2948 4815 3250 4885 λελυμένης
3294 4815 3525 4884 σπορᾶς,
3553 4812 3675 4865 veti-

2100 4928 2212 4982 ρων
2256 4910 2553 4981 ὲστερέωσε
2600 4908 2793 4975 τόνον;
2843 4906 2961 4970 πῶς
3003 4906 3254 4975 αἱμάτων
3309 4905 3556 4974 σωλῆνας
3593 4903 3673 4955 δι-

2101 5004 2305 5074 έγλυψε
2333 5001 2432 5066 τάς
2458 4999 2694 5070 φλέϐας
2732 4999 2848 5063 πῶς
2880 4999 2981 5063 τὰς
3008 4999 3117 5052 τῶν
3152 4998 3356 5052 ὀστέων
3391 4995 3676 5067 ἐγκεφάλῳ

2101 5096 2443 5166 περιήρμοσε
2476 5093 2691 5163 θήκας;”
2720 5091 2837 5155 πῶς
2861 5093 2919 5144 ὲν
2948 5092 3184 5161 ἀφεγγεί
3216 5090 3277 5144 τὸ
3310 5090 3509 5160 βρέφος
3542 5102 3676 5158 γρα-

2104 5188 2338 5257 φόμενον
2398 5185 2729 5255 ζωγραφείῳ
2783 5184 3128 5254 ἀσυγχύτους
3184 5183 3286 5246 τὰς
3338 5184 3447 5235 τῶν
3502 5180 3673 5252 μελῶν

2105 5278 2379 5347 ἀπείληφε
2402 5277 2747 5341 τοποθεσίας.
2787 5276 2929 5329 Ἀλλ’
2956 5275 3146 5346 ὥσπερ
3173 5276 3392 5337 ἀκτῖνός
3413 5290 3558 5335 τινος
3583 5273 3675 5342 τὴν

2107 5370 2270 5440 νηδὺν
2302 5369 2711 5439 ὲναυγαζούσης
2730 5409 2745 5432 ,
2773 5369 2870 5439 τὴν
2892 5368 3100 5421 οἰκείαν
3125 5368 3342 5429 ἑκάστῳ
3368 5366 3474 5418 τῶν
3508 5364 3676 5435 μελῶν

2111 5461 2139 5513 ὁ
2172 5460 2416 5530 γραφεὺί
2454 5461 2746 5515 ἀποδίδωσι
2782 5459 2996 5530 χώραν·
3041 5460 3103 5513 Ὀ
3133 5458 3239 5531 γὰρ
3270 5460 3674 5527 ἀναϐαλλόμε-

1931 5621 1949 5647 ⁶
1980 5619 2123 5676 I‘sal.
2154 5636 2412 5688 cxxuttt,
2456 5622 2537 5680 15.
