3998 6116
195 284 222 345 1
240 283 334 344 ίθἹ

963 279 1420 341 οΙιΑτιοΝωι
1457 279 1554 340 ET
1591 279 2092 342 HOMILIARUM
2128 245 2610 343 FRAGMENTA.

3314 277 3452 344 1498

195 415 304 464 νος
323 396 446 468 φῶς
471 397 551 460 ὡς
578 394 836 472 ἱμάτιον,
855 394 1120 466 κρυφαῖος
1145 395 1358 460 γίνεται
1379 393 1487 446 τῶν
1516 393 1774 464 ἐμϐρύων
1805 427 1814 454 λ

1901 409 2018 462 ιηιια
2053 394 2224 466 pingit
2257 395 2488 458 litteras,
2527 401 2582 450 et
2615 393 2785 450 lineas
2821 392 2995 456 ducit,
3053 393 3198 448 idem
3253 396 3451 451 melius

198 489 512 562 ζωγράφος.
549 491 646 542 “Ov
687 491 784 542 καὶ
832 487 995 540 Δαυῒδ
1032 487 1375 557 δημοσιεύων
1400 527 1414 548 ,
1457 487 1610 541 ἐσὸαο
1654 489 1776 541 Οὐκ

198 583 419 650 ἐκρύΰη
464 581 531 635 τὸ
585 565 811 635 ὀστοῦῦ
846 597 965 649 μου
993 579 1112 634 ἀπὸ
1138 580 1276 642 σοῦ,
1321 578 1352 632 ὃ
1381 578 1676 645 ἐποίησας
1710 579 1781 632 ἐν

181 673 404 744 ἳφυφῇ
441 672 538 746 [αι.
578 671 809 744 μορφῇ.
841 672 1060 740 Ταύτην
1095 672 1192 741 τὴν
1237 673 1300 723 ὲκ
1335 671 1597 738 σταγόνος
1635 673 1782 738 λογι-

201 766 430 836 ζόμενος
453 765 760 836 πλαστικὴν
781 765 918 834 πρὸς
953 765 1052 834 τὴν
1077 765 1142 816 ὲκ
1175 762 1280 830 γῆς
1306 762 1780 831 ἀγαλματοποιίαν

201 859 264 910 ού
310 857 656 927 διαφέρομαι.
694 856 864 908 Ὅταν
907 854 1017 924 γὰρ
1053 853 1148 906 ἴδω
1188 852 1440 920 τεχνίτην
1482 849 1543 916 ἐξ
1591 851 1782 916 ὓδατος

203 947 556 1016 πηγνύμενον
611 945 809 1012 ξόανα,
846 945 1103 1015 ὀξύτερον
1161 943 1324 996 αὑτὸν
1392 943 1516 1004 τοὺς
1564 945 1629 996 ὲκ
1681 945 1782 1012 γῆς

204 1039 573 1093 ἀναπλάττειν
624 1037 954 1108 ἀνδριάντας
1007 1036 1272 1089 πιστεύω.
1327 1035 1542 1104 Ὠσπερ
1583 1037 1692 1105 γὰρ
1735 1037 1789 1089 εί

205 1149 292 1194 τις
317 1130 400 1197 ἐρ’
425 1130 618 1214 ὓδατος
639 1129 838 1198 γράφει
869 1127 1200 1199 γράμματα,
1222 1126 1318 1179 καὶ
1340 1126 1610 1214 γραμμὰς
1635 1129 1790 1196 ὲγκο·

207 1223 439 1283 λάπτει,
481 1213 636 1283 οὗτος
685 1221 784 1284 τὰς
831 1221 910 1282 είς
963 1218 1133 1290 κηρὸν
1192 1213 1582 1288 εὐχερέστερον
1619 1221 1784 1290 ἐγχα-

213 1313 441 1385 ράττει·
475 1311 648 1375 οὔτως
693 1313 722 1364 ὁ
755 1314 822 1382 τῇ
869 1311 1058 1383 ῥοώδει
1096 1313 1226 1379 γονῇ
1275 1311 1651 1381 καταγράφων
1695 1313 1788 1366 καὶ

207 1403 526 1472 διαγλύφων
555 1404 624 1456 τὰ
659 1402 822 1473 μέλη,
861 1403 991 1473 ῥᾷον
1022 1403 1102 1464 είς
1141 1403 1270 1471 χοῦν
1303 1403 1430 1464 τοὺς
1466 1401 1572 1455 τῶν
1610 1402 1790 1472 μελῶν

209 1495 626 1567 ὲγκαταγράψει
661 1511 721 1547 τε
759 1495 852 1547 καὶ
883 1493 1254 1564 διαμοριρώσει
1283 1496 1663 1565 χαρακτῆρας·
1699 1495 1792 1548 καὶ

214 1589 243 1640 ὁ
280 1589 388 1658 πρὸ
441 1588 539 1656 τῆς
566 1587 766 1658 ἀρετῆς
799 1584 942 1640 οὕτω
985 1585 1080 1638 τοῦ
1113 1583 1364 1656 σώματος
1403 1587 1697 1654 φροντίσας
1734 1587 1792 1639 ὲν

210 1678 400 1748 νηδύϊ,
437 1681 574 1748 μετὰ
615 1679 715 1748 τὴν
766 1676 1030 1748 ἐργασίαν
1079 1677 1181 1746 τῆς
1213 1677 1416 1748 ἀρετῆς
1453 1677 1572 1740 πῶς
1602 1677 1669 1738 ἂν
1711 1679 1793 1742 είς

211 1745 316 1840 γῆν
333 1745 588 1840 διαρρυὲν
615 1745 810 1840 ἄτιμον
834 1745 1142 1840 καταλείψῃ
1167 1745 1511 1841 [καταλείψει
1545 1767 1616 1823 Η.
1646 1767 1790 1840 81.];
1826 1745 1866 1800 Β

215 1860 406 1914 Ἀνελε
429 1861 489 1913 τὸ
507 1861 686 1930 σῶμα,
713 1863 808 1914 καὶ
837 1861 936 1930 τὴν
958 1861 1137 1914 κτίσιν
1153 1862 1488 1932 ὲνέκρωσαςο
1517 1861 1618 1914 οὑκ
1638 1861 1794 1915 ἔσται

213 1955 422 2011 πλοῖον,
444 1953 643 2022 χειρῶν
657 1953 756 2006 οὑκ
769 1952 938 2006 ὅντων
951 1951 1034 2025 [οὑ
1045 1952 1176 2024 σῶνῘ
1193 1965 1207 1981 ’
1225 1955 1286 2005 οὑ
1306 1953 1516 2006 πλωτὸν
1533 1953 1790 2022 πέλαγος,

214 2040 465 2104 σώματος
503 2041 804 2111 οἰχομένου.
851 2043 931 2094 Τὰ
967 2041 1137 2110 μυρία
1171 2042 1303 2112 γένη
1342 2041 1452 2094 τῶν
1481 2038 1638 2106 ζώων
1685 2042 1794 2111 μά-

211 2151 332 2204 την,
362 2133 487 2186 οὑτε
516 2133 724 2204 τροφῆς
752 2131 811 2198 ἐξ
835 2133 1015 2186 αὑτῶν
1039 2132 1165 2187 οὔτε
1198 2133 1497 2205 θεραπείας
1519 2133 1683 2204 ἄλλης
1711 2133 1796 2204 τῷ

215 2224 428 2294 σώματι
461 2225 900 2294 χορηγουμένης.
933 2225 1131 2295 Τέχναι
1161 2225 1218 2277 δὲ
1250 2225 1375 2290 ποῦ,
1411 2224 1666 2294 σώματος
1693 2226 1795 2279 οὑκ

213 2315 394 2380 δντος;
447 2311 614 2386 Ὧραι
657 2315 714 2368 δὲ
765 2317 861 2369 καὶ
907 2315 1113 2385 καιρῶν
1157 2315 1414 2369 εὔτακτοι
1454 2317 1792 2386 μεταϐολαὶ,

213 2405 309 2458 καὶ
355 2404 616 2474 οὐρανίας
644 2405 914 2473 κινήσεως
939 2406 1179 2474 apparo,-
1207 2405 1368 2473 σοφία
1388 2445 1402 2468 ,
1429 2407 1554 2458 τίνα
1585 2407 1652 2460 ἂν
1687 2425 1796 2462 πα-

219 2501 408 2568 ράσχοι
454 2499 646 2569 χρείαν
671 2539 686 2563 ,
721 2501 821 2569 τῆς
861 2501 1182 2570 σωματικῆς
1230 2501 1444 2569 φύσεως
1479 2502 1540 2554 ού
1593 2501 1797 2572 παρούο

216 2606 354 2658 σης;
392 2591 502 2644 Καὶ
535 2590 677 2644 πόσα
709 2592 775 2644 ἄν
813 2607 898 2654 τις
939 2591 1101 2662 ἕτερα
1137 2591 1444 2664 θεωρήσας
1489 2593 1660 2646 Πόθεν
1704 2589 1796 2647 οὖν

215 2683 364 2754 εὕρω
393 2685 454 2736 τὸ
503 2686 661 2754 σῶμα
707 2685 816 2737 τῶν
860 2685 1167 2755 μελλόντων
1209 2685 1430 2754 δωρεῶν
1461 2685 1705 2750 ἀνάξιον,
1753 2679 1798 2754 ᾧ

213 2776 488 2846 τοσαύτην
539 2777 651 2846 6ρῶ
712 2777 800 2830 διὰ
859 2779 1080 2830 πάντων
1140 2777 1527 2849 δεδωρημένην
1594 2779 1794 2848 τιμήν;

229 2867 372 2918 Ἀλλ’
407 2868 514 2933 ἄρα
549 2869 707 2934 ὑμεῖς
749 2867 1114 2938 ἰχθυόσρωτον
1147 2868 1486 2928 ὑποπτεύετε
1516 2869 1678 2939 σῶμα
1705 2869 1801 2922 τὸν

217 2957 355 3009 Θεὸν
385 2956 657 3027 ζητοῦντα
701 2959 776 3026 μὴ
807 2957 1093 3028 εὑρήσειν;
1131 2959 1228 3010 καὶ
1262 2959 1378 3021 πῶς
1411 2961 1441 3012 ὑ
1479 2960 1710 3031 μυρίους
1741 2962 1802 3013 ἐν

1881 485 1932 538 ἰιι
1968 500 2092 538 cera
2136 501 2230 542 eas
2259 484 2590 550 eﬂ‘ormabit,
2619 485 2702 542 sic
2728 485 2878 540 ﬂuxo
2901 485 3110 542 semine
3139 485 3370 556 pingens
3399 496 3455 540 et
3537 495 3543 554 ζ

1880 581 2135 648 sculpeus
2164 580 2428 643 membra,
2461 578 2678 634 facilius
2725 579 2780 633 in
2843 589 3046 633 terram
3081 579 3452 633 membrorum

1880 675 2082 740 ﬁguras
2103 674 2306 743 pinget,
2343 685 2397 726 et
2424 671 2725 736 formabit;
2761 678 2818 726 et
2853 671 2947 741 qui
2978 681 3104 725 ante
3131 671 3300 724 ullum
3331 669 3458 723 ~vir-
3530 685 3546 724 ι

1884 765 2014 818 tutis
2063 765 2316 817 meritum
2347 763 2430 820 sic
2461 762 2710 833 corporis
2734 763 2790 816 in
2827 772 2984 818 utero
3027 777 3215 816 curam
3265 762 3453 829 gessit,

1884 864 2004 925 post
2037 870 2176 924 opus
2203 855 2420 909 virtutis
2451 854 2729 923 quomodo
2751 864 2948 908 terram
2989 853 3314 908 dissolutam
3337 852 3458 907 sine

1885 946 2094 1000 honore
2133 947 2444 1017 relinquet?
2470 945 2724 1002 lnterime
2763 959 2984 1014 corpus,
3040 952 3096 999 et
3147 955 3456 999 creaturam

1884 1037 2150 1098 occideris
2181 1057 2196 1093 :
2225 1054 2332 1092 non
2361 1039 2471 1093 erit
2507 1038 2661 1093 navis
2689 1037 2810 1097 sine
2843 1037 3120 1097 manibus.
3151 1051 3330 1106 neque
3358 1050 3460 1089 tta--

1889 1130 2120 1200 vigahile
2149 1130 2250 1185 etit
2285 1145 2454 1196 mare,
2486 1145 2716 1198 corpore
2770 1139 3010 1184 mortuo.
3054 1126 3200 1182 Mille
3245 1128 3460 1181 anima-

1889 1222 2020 1275 lium
2052 1237 2249 1290 genera
2273 1219 2475 1276 frustra
2507 1231 2688 1286 erunt,
2726 1237 2902 1291 neque
2944 1219 3336 1274 nutrimentum
3393 1233 3461 1273 ex

1889 1313 1996 1367 illis
2021 1320 2184 1378 esset,
2222 1327 2396 1382 neque
2420 1313 2567 1366 aliud
2601 1313 2847 1368 alimenti
2890 1311 3278 1366 ministerium.
3308 1311 3466 1363 Artes

1889 1419 2022 1458 vero
2053 1404 2144 1458 uhi
2175 1413 2359 1467 erunt,
2396 1419 2627 1474 corpore
2655 1420 2760 1458 non
2792 1401 3136 1457 exsistente?
3164 1398 3322 1452 Hora:
3368 1413 3464 1448 ve-

1891 1510 1954 1548 ro
1989 1505 2040 1550 et
2069 1503 2372 1564 temporum
2396 1495 2663 1549 ordinata:
2698 1495 3051 1554 mutationes,
3084 1502 3138 1546 et
3166 1488 3465 1545 ineffabilia

1891 1589 2129 1643 cmlestis
2153 1596 2334 1642 motus
2381 1587 2668 1658 sapientia,
2697 1601 2860 1657 quam
2913 1585 3204 1639 utilitatem
3257 1581 3466 1652 praebe-

1894 1687 2039 1745 rent,
2072 1679 2117 1735 si
2151 1694 2383 1748 corpora
2431 1694 2540 1733 non
2585 1677 2827 1734 essent?
2883 1676 2950 1732 Et
2984 1685 3115 1746 quot
3171 1675 3275 1728 alia
3341 1673 3466 1743 quis

1895 1771 2298 1828 considerarit?
2327 1771 2480 1828 Unde
2509 1772 2675 1842 igitur
2702 1771 2974 1826 inveniam
3009 1783 3209 1838 corpus
3265 1766 3467 1820 futuris

1893 1865 2057 1919 donis
2091 1863 2393 1932 indignum,
2426 1863 2513 1918 cui
2545 1871 2758 1918 tantum
2795 1863 2864 1916 ab
2923 1861 3180 1916 omnibus
3241 1873 3468 1912 conces-

1894 1971 2016 2012 sum
2047 1957 2311 2012 honorem
2345 1957 2540 2010 video?
2567 1955 2754 2010 Utrum
2789 1953 3116 2009 existimatis
3147 1950 3315 2004 Deum
3345 1964 3469 2002 cor—

1905 2063 2010 2118 pus
2035 2049 2180 2118 quod
2212 2048 2392 2117 pisces
2420 2047 2778 2102 comederunt
2809 2043 3053 2100 invenire
3104 2059 3212 2096 non
3271 2037 3470 2111 posse?

1896 2149 1948 2194 et
1973 2139 2250 2206 quomodo
2271 2140 2362 2208 qui
2391 2138 2631 2193 inﬁnitas
2649 2137 3005 2208 cogitationes
3025 2135 3192 2188 animi
3213 2134 3466 2204 agitatas,

1897 2225 2166 2286 immistas
2197 2239 2250 2286 et
2283 2232 2632 2292 incontusas,
2662 2230 2824 2283 habet
2881 2227 3152 2298 cognitas,
3214 2234 3466 2278 naturam

1895 2337 2185 2391 corporum
2237 2321 2456 2377 mistam
2497 2337 2604 2375 non
2633 2320 2832 2390 poterit
2859 2315 3212 2373 discernere?
3266 2311 3470 2367 Facitis

1895 2415 2154 2468 nimirum
2179 2413 2518 2468 divinitatem
2581 2411 2894 2466 inferiorem
2964 2407 3170 2463 nostris
3231 2403 3467 2459 artibus.

1894 2505 2006 2561 Nos
2051 2507 2195 2561 enim
2226 2522 2256 2560 e
2291 2518 2449 2560 terra:
2481 2520 2647 2560 arena
2679 2504 2903 2568 vitrum,
2943 2515 3140 2555 aurum
3206 2494 3468 2568 (exempli

1898 2599 2116 2671 gratia),
2147 2614 2242 2662 ms,
2273 2607 2585 2670 argentum,
2620 2591 2732 2667 igni
2759 2596 2976 2657 dantes,
3003 2591 3293 2662 scrupulos
3315 2602 3473 2656 sepa-

1898 2708 2106 2759 ramus,
2137 2702 2192 2747 et
2219 2692 2540 2756 deterimus,
2573 2688 2784 2744 tametsi
2817 2687 2950 2742 nihil
2975 2687 3168 2740 horum
3194 2685 3247 2737 in
3278 2680 3473 2751 lapidis

1897 2791 2092 2838 natura
2130 2783 2464 2854 apparuerit,
2498 2793 2552 2838 et
2582 2783 2771 2837 vinum
2823 2795 2977 2849 aquae
3011 2777 3318 2832 immistum
3372 2774 3472 2827 itc-

1903 2891 2020 2928 rum
2064 2875 2117 2928 in
2156 2875 2431 2944 propriam
2466 2882 2717 2927 naturam
2747 2871 3149 2930 discernentes,
3181 2875 3476 2932 utrumque

1903 2965 2268 3020 restituimus.
2303 2963 2408 3019 Sed
2442 2963 2532 3018 Dei
2565 2972 2804 3034 potestas
2841 2971 2896 3016 et
2945 2957 3212 3028 sapientia
3251 2955 3477 3010 infinitis

217 3047 369 3117 ψυχῇ
395 3047 692 3116 λογισμοὺς
719 3049 1122 3119 στρεφομένους
1149 3049 1228 3116 τῷ
1251 3053 1350 3119 τῆς
1375 3051 1633 3118 γνώσεως
1658 3051 1798 3121 ἔχων

1903 3058 2081 3112 modis
2132 3059 2426 3112 humanam
2459 3065 2628 3111 artem
2664 3065 2717 3110 et
2748 3053 3082 3109 intellectum
3109 3049 3402 3110 excedens,
3423 3056 3479 3102 et

219 3142 442 3210 ἀμιγεῖς
474 3140 569 3194 καὶ
585 3141 926 3210 ἀσυγχύτους
958 3141 1214 3211 ταμιείῳ,
1243 3141 1343 3212 τὴν
1385 3142 1494 3193 τῶν
1527 3143 1798 3212 σωμάτων

223 3235 480 3304 μιγεῖσαν
515 3235 616 3287 οὐκ
656 3234 996 3304 ἀναλήψεται
1036 3234 1322 3304 διακρίνας
1353 3235 1551 3304 φύσιν;
1613 3237 1800 3289 Ἀσθε-

220 3325 478 3396 νέστερον
503 3327 564 3378 τὸ
592 3327 750 3380 Θεῖον
782 3330 884 3396 τῆς
923 3329 1054 3398 παρ’
1098 3329 1232 3397 ἡμῖν
1264 3327 1634 3382 ἀναπλάττετε
1678 3327 1802 3398 τέχ-

221 3437 338 3487 νης.
373 3421 484 3472 Καὶ
527 3420 636 3488 γὰρ
675 3422 838 3489 ἡμεῖς
875 3421 940 3472 ὲκ
971 3420 1206 3486 γεώδους
1237 3420 1471 3490 ψάμμου
1517 3420 1612 3475 καὶ
1647 3421 1802 3475 ὕελον

221 3512 319 3564 καὶ
375 3511 577 3579 χρυσδν
639 3508 958 3578 (εἰτύχοι)
1011 3511 1106 3561 καὶ
1155 3511 1356 3578 χαλκὸν
1409 3512 1504 3563 καὶ
1559 3512 1801 3580 ἄργυρον

221 3603 361 3672 πυρὶ
389 3603 590 3665 δόντες,
637 3602 708 3655 τὰ
735 3601 934 3653 λιθίδια
961 3601 1312 3671 διακρίνομεν
1356 3619 1414 3654 τε
1448 3603 1542 3654 καὶ
1574 3602 1799 3654 ἀποθλί-

223 3694 392 3763 ϐομεν
416 3733 431 3756 ,
469 3693 635 3763 μηδὲν
667 3693 850 3746 αὑτῶν
883 3691 1270 3762 καθορώμενον
1309 3693 1366 3744 ὲν
1397 3695 1464 3764 τῇ
1511 3693 1605 3746 τοῦ
1651 3693 1800 3748 λίθου

221 3783 418 3854 φύσειο
453 3785 548 3837 καὶ
579 3779 720 3838 οἶνον
750 3783 902 3838 ὕδατι
927 3784 1204 3854 κραθέντα
1237 3783 1401 3837 πάλιν
1435 3783 1802 3854 διακρίνοντες

1901 3149 2279 3203 universorum
2317 3158 2566 3214 naturam
2603 3147 2656 3200 in
2683 3161 2742 3200 se
2766 3141 3234 3214 comprehendens
3265 3147 3318 3194 ct
3345 3154 3480 3191 con-

1900 3241 2102 3300 tinens.
2143 3248 2196 3294 et
2229 3239 2433 3293 variam
2465 3237 2714 3308 corporis
2749 3235 3232 3305 compositionem,
3289 3238 3344 3284 et
3377 3228 3481 3282 mi-

1901 3333 2134 3387 stionem
2174 3332 2227 3386 in
2259 3338 2472 3386 naturae
2527 3329 2909 3401 promptuario
2939 3341 3131 3397 puram
3165 3328 3478 3378 conservat.

1901 3423 2018 3478 Non
2071 3423 2216 3478 cnim
2247 3433 2404 3478 extra
2435 3432 2688 3475 naturam
2720 3421 2772 3474 in
2801 3428 3072 3482 creatura,
3107 3414 3358 3484 corporis
3384 3427 3481 3464 ua-

1909 3529 2030 3570 tura
2066 3526 2168 3580 est,
2205 3517 2306 3570 etsi
2339 3532 2436 3584 per
2467 3515 2614 3570 mille
2639 3527 2844 3569 mortes
2870 3512 3003 3566 ﬂuat
3043 3510 3242 3566 soluta.
3277 3507 3403 3561 ideo
3426 3505 3480 3557 in

1909 3607 2182 3675 propriam
2225 3605 2386 3661 facile
2416 3607 2649 3660 formam
2687 3605 3001 3667 revertitur,
3050 3612 3105 3655 et
3143 3599 3210 3654 de
3273 3598 3484 3652 honore

1908 3695 2218 3762 participat,
2251 3695 2411 3764 cujus
2443 3696 2593 3750 illam
2653 3694 2970 3764 participem
3037 3693 3151 3746 ﬁeri
3215 3688 3482 3760 oportuit,

1907 3798 2031 3838 cum
2065 3786 2230 3840 etiam
2259 3803 2368 3840 una
2393 3786 2700 3841 certaverit.
3278 3775 3286 3782 ’

221 3882 303 3944 είς
323 3880 422 3949 τὴν
450 3879 588 3933 [δίαν
613 3877 796 3948 φύσιν,
820 3877 1282 3946 ἀποκαθιστῶμεν
1310 3877 1590 3947 ἑκάτερον.
1637 3875 1798 3928 Ἀλλὰ
1839 3875 1946 3946 γὰρ
1995 3878 2028 3949 ἡ
2073 3875 2170 3930 τοῦ
2223 3876 2358 3931 Θεοῦ
2441 3878 2672 3947 δύναμις
2723 3877 2818 3930 καὶ
2863 3875 3026 3943 σοφία
3105 3872 3486 3941 ἀνεπινοήτοις

225 3975 447 4044 μέτροις
479 3975 580 4044 τῆς
655 3974 1002 4044 ἀνθρωπίνης
1052 3975 1148 4026 καὶ
1193 3972 1390 4042 τέχνης
1428 3973 1524 4025 καὶ
1597 3972 1870 4036 συνέσεως
1904 3973 2271 4044 ὑπερέχουσα,
2304 3973 2396 4026 καὶ
2429 3973 2527 4043 τὴν
2557 3971 2663 4025 τῶν
2689 3971 2828 4024 ὅλων
2856 3971 3046 4023 οὑσίαν
3077 3971 3135 4021 ὲν
3161 3967 3326 4035 ἑαυτῇ
3354 3963 3483 4016 συλ-

219 4065 463 4118 λαϐοῦσα
499 4067 593 4119 καὶ
646 4065 1010 4135 περιέχουσα,
1059 4066 1154 4120 καὶ
1186 4065 1286 4136 τὴν
1317 4065 1658 4138 πολύτροπον
1687 4064 1797 4118 τῶν
1838 4069 2107 4138 σωμάτων
2155 4068 2462 4140 σύγκρασιν
2527 4067 2624 4121 καὶ
2697 4063 2846 4137 μίξιν
2890 4068 2949 4118 ἐν
2978 4067 3091 4127 τοῖς
3122 4063 3220 4132 τῆς
3266 4055 3484 4139 φύσεως

223 4159 452 4230 εὐκρινῆ
487 4162 746 4231 συντηρεῖ
777 4159 1064 4230 ταμιείοις.
1105 4161 1181 4213 Uti
1212 4159 1320 4232 γὰρ
1370 4159 1474 4226 ἔξω
1543 4159 1640 4228 τῆς
1699 4160 1758 4212 ὲν
1789 4163 1854 4231 τῇ
1897 4162 2074 4214 κτίσει
2111 4162 2328 4230 φύσεως
2375 4163 2409 4232 ἡ
2447 4160 2544 4213 τοῦ
2592 4158 2848 4230 σώματος
2878 4157 3064 4226 φύσις,
3104 4155 3209 4208 κᾶν
3240 4153 3330 4206 διὰ
3379 4169 3486 4220 μυ-

223 4252 358 4323 Ρίων
411 4253 508 4324 ῥέῃ
539 4253 774 4323 λυομένη
823 4253 1090 4307 θανάτωνο
1136 4255 1227 4308 Διὸ
1259 4253 1396 4326 πρὸς
1441 4253 1542 4323 τὴν
1587 4254 1795 4307 οἰκείαν
1831 4257 2071 4320 εὐκόλως
2113 4257 2448 4324 ἐπανάγεται
2525 4255 2774 4325 μορφὴν,
2810 4254 2905 4306 καὶ
2969 4250 3222 4304 κοινωνεῖ
3251 4246 3362 4299 τῶν
3406 4260 3487 4296 τι·

225 4347 365 4416 μῶν,
413 4339 491 4399 ὧν
542 4345 678 4416 αὐτῇ
716 4344 816 4416 [αι.
848 4345 982 4398 αὐτὸ
1017 4346 1112 4398 καὶ
1141 4345 1316 4418 αὐτῷ]
1373 4347 1667 4416 μετασχεῖν
1693 4334 1802 4401 East
1842 4350 2296 4420 συνδιενεγκούσῃ
2323 4350 2568 4411 καὶτοὺς
2594 4347 2810 4412 ἄθλους.

227 4455 342 4510 Τοῦ
381 4453 601 4519 αὐτοῦ,
648 4455 717 4507 ἐκ
761 4455 868 4508 τοῦ
914 4457 1002 4518 εις
1044 4455 1162 4522 τὴν
1205 4456 1518 4525 ἀνάληψιν
1567 4456 1802 4524 πρώτου
1835 4464 1878 4518 D

909 4527 1118 4592 λόγου.

797 4615 866 4667 Τὸ
901 4616 1230 4683 προοίμιον.

292 4705 390 4768 Είς
419 4705 649 4775 οὐρανὸν
687 4705 788 4774 μὲν
818 4706 912 4758 καὶ
945 4707 1048 4776 γῆν
1085 4709 1118 4776 ἡ
1149 4705 1251 4774 τῆς
1285 4707 1516 4772 κτίσεως
1545 4709 1805 4780 διαμεμέ-

224 4813 408 4868 ρισται
461 4796 650 4864 φύσιςο
694 4797 796 4848 οὑκ
827 4797 894 4867 ἐᾷ
923 4797 978 4849 δέ
1015 4814 1084 4865 με
1129 4797 1231 4868 τὴν
1265 4797 1536 4868 διαίρεσιν
1583 4801 1804 4870 βλέπειν

220 4892 254 4960 ἡ
286 4889 572 4956 συνάψασα
607 4890 851 4958 σήμερον
883 4889 980 4955 τὴν
1018 4889 1198 4942 κτίσιν
1238 4890 1421 4962 χάρις.
1454 4892 1551 4956 Τίς
1581 4895 1691 4960 γὰρ
1736 4894 1804 4948 ἂν

219 4979 366 5032 εἴποι
397 4979 604 5043 λοιπὸν,
639 4978 868 5049 οὐρανὸν
899 4979 994 5032 καὶ
1026 4980 1130 5049 γῆν
1165 4979 1494 5053 διῃρῆσθαι,
1525 4985 1622 5037 καὶ
1652 4985 1803 5039 κάτω

219 5066 324 5134 τῆς
372 5065 586 5134 φύσεως
619 5067 718 5136 τῆς
757 5067 936 5136 ἐμῆς,
991 5069 1086 5120 καὶ
1137 5067 1250 5122 ἄνω
1303 5069 1406 5138 τῆς
1455 5072 1594 5142 ἐμῆς
1645 5072 1802 5142 βασι.

217 5157 520 5226 λευούσης;
569 5158 729 5210 Ἀλλὰ
758 5159 908 5210 κάτω
936 5157 1054 5228 μὲν,
1087 5158 1168 5210 ἔτι
1199 5161 1264 5230 τῇ
1298 5161 1476 5232 φθορᾷ
1501 5164 1803 5228 τυραννού-

221 5251 397 5322 μεθα·
435 5251 564 5303 ὅταν
611 5249 668 5302 δὲ
703 5251 782 5312 εἰς
815 5249 1046 5319 οὐρανὸν
1081 5250 1511 5320 ἀναϐλέψωμεν,
1543 5255 1642 5324 τὴν
1675 5254 1804 5323 φθο·

219 5343 324 5413 pinv
365 5343 397 5410 ἡ
455 5342 616 5409 φύσις
649 5341 969 5395 ἀποτίθεται
1017 5339 1403 5413 [ὑποτίθεται].
1450 5343 1645 5398 Βλέπει
1693 5345 1802 5417 γὰρ

219 5436 335 5487 ἅνω
361 5435 464 5504 τὴν
491 5435 599 5486 τῶν
649 5435 800 5486 κάτω
855 5433 1066 5504 νεκρῶν
1105 5433 1478 5502 ἀναστάσιμον
1519 5437 1696 5504 ῥίζαν.
1744 5439 1809 5490 Ὢ

221 5526 451 5595 κέρδους
485 5525 690 5593 ζημίας
731 5527 1109 5596 προελθόντος.
1151 5525 1606 5594 Κατενεχθέντες,
1633 5531 1805 5600 ῆρθη-

228 5633 328 5686 μεν
359 5617 438 5676 εἰς
469 5615 598 5682 ὕψος
621 5632 632 5645 ·
665 5617 929 5679 ὠσθέντες
950 5659 964 5680 ,
992 5619 1072 5676 εἰς
1115 5615 1340 5684 οὐρανὸν
1373 5615 1470 5684 Iul.
1519 5619 1804 5690 οὐρανοῦςι

224 5706 628 5776 ἀνηνέχθημεν.
653 5709 799 5760 "Em
833 5709 921 5760 τοῦ
958 5705 1288 5776 παραδείσου
1343 5707 1660 5780 πληγέντες,
1694 5712 1798 5778 ἔξω

2015 4459 2268 4531 Ejusdem
2300 4462 2520 4516 Itomt'lia
2545 4463 2718 4534 prima
2742 4461 2807 4514 de
2836 4458 3037 4514 Clu-isti
3057 4456 3380 4510 ascensione.

2525 4613 2868 4668 Prooemium.

1983 4707 2036 4760 In
2069 4706 2266 4762 coelum
2292 4716 2346 4760 et
2374 4715 2576 4760 terram
2607 4715 2880 4758 creatura:
2915 4711 3111 4756 natura
3141 4703 3315 4758 divisa
3361 4709 3485 4758 est:

1911 4813 2017 4851 non
2051 4797 2318 4866 permittit
2341 4811 2428 4850 me
2461 4797 2782 4851 divisionem
2815 4794 3001 4848 videre
3041 4795 3371 4862 gratia,qu:e
3393 4794 3490 4846 ho-

1910 4891 1996 4942 die
2021 4898 2330 4944 creaturam
2363 4889 2656 4944 connectit.
2721 4887 2984 4952 Quisnam
3040 4887 3298 4954 deinceps
3333 4886 3488 4937 dixe-

1911 4981 1980 5035 rit
2008 4981 2204 5035 ctelum
2237 4987 2292 5034 et
2327 4989 2524 5035 terram
2561 4979 2736 5032 divisa
2759 4994 2898 5039 esse,
2936 4994 3060 5032 cum
3087 4992 3250 5046 supra
3286 4986 3340 5030 et
3399 4975 3486 5027 iu-

1909 5073 1993 5126 lra
2027 5081 2220 5126 natura
2255 5087 2370 5126 mea
2405 5072 2628 5141 regnet?
2667 5069 2772 5124 Sed
2808 5070 2946 5124 intra
3011 5069 3233 5138 quidem
3289 5082 3486 5121 corru-

1909 5164 2091 5234 ptione
2140 5165 2320 5219 adhuc
2351 5163 2674 5232 premimur.
2707 5161 2938 5227 Quando
2993 5176 3122 5213 vero
3181 5159 3234 5211 in
3283 5159 3486 5212 cmlum

1909 5256 2103 5310 oculos
2133 5258 2528 5316 convertimus,
2565 5255 2976 5323 corruptionem
3015 5261 3208 5305 natura
3240 5250 3482 5320 deponit.

1910 5347 2069 5402 Videt
2101 5348 2247 5402 enim
2278 5361 2442 5415 supra
2478 5361 2667 5399 eorum
2729 5346 2820 5412 qui
2872 5346 3014 5398 infra
3051 5343 3248 5396 mortui
3306 5359 3343 5393 l’l
3367 5357 3482 5394 sur-

1909 5439 2169 5494 rectionis
2203 5439 2437 5492 radicem
2487 5437 2835 5506 (Christum).
2869 5436 2912 5490 Ο
2951 5439 3161 5489 lucrum
3199 5451 3229 5487 ρ
3284 5435 3486 5485 danmo

1909 5533 2237 5601 provenieus
2265 5532 2278 5584 !
2316 5531 2577 5584 Deorsum
2611 5530 2764 5584 missi
2800 5531 3042 5583 tollimur
3077 5529 3129 5581 in
3163 5529 3355 5588 altum,
3386 5543 3484 5578 ex-

1910 5624 2048 5690 pulsi
2082 5625 2134 5677 in
2171 5623 2369 5676 ctelutn
2405 5622 2740 5675 reduciutur.
2783 5619 2922 5674 Intra
2952 5622 3263 5686 paradisum
3294 5619 3479 5672 \‘ttittr-

1907 5713 2032 5778 rati,
2069 5725 2220 5768 extra
2252 5713 2400 5766 illum
2440 5714 2738 5768 remedium
2767 5713 3094 5768 invenimus.
3127 5710 3225 5766 Ubi
3255 5711 3371 5776 tibi,
3401 5709 3478 5778 pi-
