3998 6116
495 211 634 281 1499

1990 230 2053 295 S.
2085 231 2263 301 lNILI
2311 239 2318 245 '

3621 225 3753 289 1500

487 341 633 400 rata,
673 334 1004 394 maleficium
1034 342 1163 396 est?
1187 342 1336 400 Crux
1372 358 1538 417 quam
1602 348 1957 419 gubernatori
2006 351 2068 405 ﬁ-

2177 353 2270 422 τὴν
2304 349 2606 422 θεραπείαν
2642 349 2979 419 εὑρήκαμεν.
3016 342 3129 399 Ποῦ
3159 361 3269 411 σοι,
3302 342 3755 402 καταποντιστά,

488 424 641 493 xisti,
675 429 899 485 vertitur
926 441 1140 490 naturae
1171 436 1452 509 naufraga:
1487 441 1541 494 in
1569 440 1781 496 clavum
1810 443 1987 509 navis,
2012 454 2067 498 et

490 519 557 574 ad
583 519 863 576 caelestem
883 538 981 580 nos
1006 536 1225 596 portum
1249 532 1580 589 ﬂuctuantes
1611 534 1785 599 ducit,
1805 549 1870 590 ac
1897 535 2063 591 sistit.

490 609 959 676 Quemadmodum
990 621 1362 688 apostolorum
1395 624 1538 679 oculi
1571 639 1603 679 e
1629 634 1776 679 terra
1825 626 1893 679 ad
1954 640 2068 681 coe-

487 698 603 754 lum
635 702 836 757 sublati
849 715 1026 773 erant,
1052 724 1219 766 carne
1237 713 1499 782 paulatim
1528 730 1749 770 sursum
1773 718 2062 782 translata,

490 789 573 845 sic
596 797 652 845 et
678 794 934 852 caelestes
965 801 1193 869 spiritus
1225 803 1538 875 incorporei
1569 808 1638 860 de
1665 806 1807 861 coelo
1847 807 1900 861 in
1953 823 2069 864 cce-

490 882 577 939 los
608 885 946 955 aspiciebant
980 905 1075 947 ore
1104 893 1313 962 biante,
1346 898 1599 968 corporis
1649 908 1845 955 natura
1901 915 2064 969 supra

492 974 641 1045 ipsos
672 980 1027 1047 ascendente,
1083 986 1259 1043 donec
1290 989 1345 1043 in
1378 990 1559 1045 sinum
1593 989 1773 1048 Patris
1812 1001 2067 1062 suscepta

491 1079 598 1157 est.
629 1068 675 1125 Ο
709 1086 904 1128 secura
931 1076 1216 1134 hominum
1248 1096 1398 1151 spes,
1425 1083 1481 1138 in
1513 1085 1639 1140 caeli
1670 1100 1853 1157 regem
1913 1084 2068 1154 ejus-

491 1156 614 1213 dem
652 1170 863 1219 naturaa
887 1167 1194 1234 possidens,
1227 1171 1321 1241 qui
1341 1172 1543 1230 iterum
1574 1156 1765 1232 eadem
1798 1190 1925 1232 cum
1948 1190 2073 1230 car-
2112 1184 2115 1189 ‘

493 1264 563 1303 ne
587 1254 845 1311 omnibus
874 1260 1188 1327 apparebit!

2166 446 2228 499 τὸ
2270 444 2676 514 κακούργημα;
2739 442 2835 493 Ὃν
2865 435 3075 509 ἔπηξας
3104 435 3184 507 τῷ
3226 434 3542 504 κυϐερνήτῃ
3592 448 3756 484 σταυ-

2170 536 2284 606 ρὸν,
2317 535 2509 603 γέγονε
2533 536 2601 604 τῇ
2630 529 2940 598 ναυαγοὺσῃ
2971 527 3134 597 φύσει
3166 524 3431 594 πηδάλιον
3457 539 3470 550 ⁸
3494 523 3592 577 καὶ
3619 521 3755 590 πρὸς

2167 625 2456 696 οὐρανίους
2494 621 2731 685 οἱακίζει
2759 620 2988 690 λιμένας
3035 614 3482 686 κυμαινομένους
3524 611 3756 684 [κυϐερ-

2168 717 2447 786 νωμένους
2508 715 2579 769 Η.
2626 711 2735 783 St.]
2780 712 2930 782 ήμᾶς
2973 709 3067 763 καὶ
3114 705 3575 772 ἀποκαθίστησιν.
3623 703 3754 755 Ὠσ-

2168 822 2275 875 περ
2307 806 2364 859 αί
2393 804 2502 858 τῶν
2532 803 2790 872 μαθητῶν
2816 803 2882 854 ὲκ
2906 799 3008 869 τῆς
3031 802 3134 869 γῆς
3164 798 3301 866 πρὸς
3330 796 3561 867 οὐρανὸν
3593 795 3755 863 ἀνήρ-

2168 895 2342 965 θησαν
2387 894 2558 964 ὄψεις,
2592 895 2692 963 τῆς
2738 890 2942 963 σαρκὸς
2974 889 3116 944 κατά
3153 888 3353 959 μικρὸν
3395 885 3715 954 ὑψουμένης
3738 899 3751 911 ν

2167 988 2309 1041 οὕτω
2339 987 2434 1041 καὶ
2471 985 2583 1040 τῶν
2608 988 2666 1039 ὲν
2694 985 2946 1055 οὐρανοῖς
2974 981 3285 1051 ἀσωμάτων
3313 981 3343 1032 ὁ
3373 978 3546 1048 δῆμος
3575 976 3637 1041 ἐξ
3661 977 3749 1027 οὐ·

2174 1078 2337 1152 ρανοῦ
2367 1079 2504 1151 πρὸς
2533 1076 2762 1148 οὐρανὸν
2792 1076 3061 1145 έκεχήνει,
3095 1072 3197 1141 τῆς
3231 1068 3326 1124 τοῦ
3365 1067 3620 1139 σώματος
3651 1068 3753 1135 φύ-

2173 1189 2311 1236 σεως
2355 1173 2613 1224 ἐπέκεινα
2645 1170 2739 1223 καὶ
2773 1167 2954 1221 αὐτῶν
2991 1164 3270 1233 ἀνιούσης,
3298 1162 3406 1225 ἕως
3445 1162 3506 1213 ὲν
3530 1160 3749 1221 κόλποις

2180 1263 2281 1335 [αι.
2323 1260 2533 1335 κόλπῳ]
2577 1260 2672 1314 τοῦ
2725 1259 2941 1329 Πατρδς
3006 1256 3299 1326 ὑπεδέχθη.
3354 1251 3646 1321 Ἀσφαλεῖς
3692 1250 3744 1302 σε

493 1343 590 1397 τοῦ
645 1346 841 1415 γένους
910 1351 1125 1419 ἐλπίδες
1150 1401 1164 1425 ,
1236 1359 1295 1413 ὲν
1338 1360 1557 1434 οὐρανῷ
1609 1361 1835 1433 βασιλέα
1884 1361 2123 1433 συγγενῆ
2161 1361 2522 1432 κεκτημέναι,
2555 1357 2613 1421 ὃς
2659 1355 2757 1410 καὶ
2799 1355 2964 1410 πάλιν
3012 1352 3152 1425 μετά
3198 1351 3299 1421 τῆς
3328 1349 3504 1419 αὐτῆς
3556 1347 3746 1417 6292b;

496 1439 664 1492 πᾶσιν
697 1441 1015 1512 ὀφθήσεται.

634 1576 890 1647 Ejusdem
927 1583 1149 1638 homilia
1179 1587 1408 1642 secunda
1436 1589 1499 1643 de
1526 1589 1706 1644 eodem
1736 1590 1894 1660 festo.

565 1754 613 1813 Ο
640 1759 955 1833 religionem
978 1767 1236 1825 omnibus
1253 1771 1474 1841 regibus
1486 1773 1661 1845 magis
1682 1776 1884 1845 regiam
1908 1777 1922 1830 !
1942 1775 2074 1843 Quae

495 1848 641 1903 enim
659 1852 830 1908 armis
841 1870 995 1926 reges
1009 1860 1440 1928 acquisiverunt,
1456 1864 1547 1919 illa
1562 1865 1683 1922 sine
1703 1866 1870 1922 armis
1885 1876 2076 1923 osten-

495 1936 575 1990 dit
595 1953 654 1993 se
677 1949 940 1998 evertere.
961 1944 1094 2011 Qua:
1118 1958 1421 2008 mactantes
1436 1952 1717 2019 vetabant,
1738 1956 1853 2012 haec
1875 1966 2075 2012 macta-

494 2035 547 2082 ta
567 2030 828 2101 applausu
854 2036 1082 2106 excepit,
1096 2045 1150 2092 et
1164 2041 1402 2098 caedibus
1431 2053 1620 2100 contra
1639 2056 1938 2101 mactantes
1962 2057 2075 2102 tro—

495 2135 608 2187 paea
629 2125 848 2179 'statuit.
874 2125 1133 2184 Ecclesiae
1165 2131 1417 2200 palmites
1450 2135 1651 2191 succisi
1677 2146 1856 2201 erant,
1887 2146 1943 2192 et
1959 2136 2073 2191 frn-

495 2217 618 2267 ctus
631 2211 752 2269 ﬁdei
772 2216 947 2288 magis
976 2224 1411 2290 progressus'est,
1427 2234 1481 2279 et
1506 2224 1690 2281 florem
1703 2226 2073 2283 immarcesci-

497 2302 657 2357 bilem
672 2304 997 2374 proferebat.
1022 2309 1064 2363 E
1092 2311 1276 2368 radice
1319 2315 1463 2370 enim
1484 2317 1734 2385 palmites
1755 2319 1898 2373 enati
1920 2325 2068 2383 sunt,

493 2408 614 2462 quze
628 2409 752 2451 vere
772 2397 911 2453 dixit
935 2417 948 2453 :
967 2398 1080 2472 Ego
1102 2404 1201 2457 vici
1225 2407 1539 2475 mundum";
1571 2425 1662 2480 ego
1682 2426 1797 2462 sum
1819 2410 1966 2477 vitis,
1983 2426 2072 2464 vos

492 2498 616 2536 vero
650 2485 898 2552 palmites
930 2490 971 2542 ⁸.
1004 2492 1312 2562 Stephanus
1343 2505 1602 2566 tanquam
1644 2514 1830 2555 ramus
1863 2500 1931 2553 ab
1967 2500 2073 2553 Ec-

492 2573 658 2628 clesia
691 2579 911 2634 excisus
935 2589 1041 2644 est,
1072 2591 1126 2636 ct
1153 2585 1296 2637 alius
1321 2587 1529 2655 palmes
1562 2597 1861 2659 martyrum
1888 2591 2070 2660 pullu-

493 2663 643 2718 lavit.
699 2663 935 2724 Jacobus
960 2678 1015 2724 et
1046 2671 1240 2728 Petrus
1269 2678 1533 2744 amputati
1566 2687 1695 2732 sunt
1729 2698 1742 2733 :
1773 2681 1915 2736 alius
1942 2697 2069 2736 tur-

494 2771 616 2810 sum
645 2767 856 2830 martyr
884 2764 1164 2818 enascitur
1191 2784 1204 2820 :
1237 2782 1347 2837 quo
1403 2769 1609 2836 exciso,
1678 2772 1845 2826 alium
1878 2789 2071 2831 rursus

494 2849 717 2906 uberem
751 2853 1028 2923 palmitem
1064 2858 1220 2911 radix
1249 2860 1495 2928 protulit.
1538 2860 1828 2919 Vindemia
1877 2865 2065 2922 decer—

493 2952 621 3011 ptus
643 2952 727 2999 est
755 2943 979 3011 Paulus,
1009 2961 1063 3003 et
1086 2950 1227 3005 alius
1264 2967 1513 3008 racemus
1563 2956 1823 3026 martyrio
1886 2967 2066 3012 matu-

494 3047 714 3089 rescens
742 3034 981 3101 Thomas
1009 3036 1281 3108 apparuit,
1334 3049 1389 3095 et
1419 3042 1660 3112 undique
1695 3045 1845 3099 radix
1879 3045 2097 3100 vinde—‘

497 3125 663 3180 miata
702 3126 940 3184 fructum
971 3131 1094 3185 tulit
1130 3132 1462 3197 uberiorem,
1499 3145 1553 3188 et
1578 3150 1798 3202 germen
1836 3136 2069 3191 durabi-

495 3214 623 3282 lins,
654 3233 818 3288 quam
845 3222 937 3291 qui
970 3222 1397 3278 vindemiaruut.
1450 3224 1661 3279 Etenim
1713 3227 1808 3295 qui
1854 3226 2069 3282 exscin-

495 3307 697 3364 debaut
724 3313 984 3379 paulatim
1013 3326 1322 3371 arescentes
1351 3318 1604 3371 exstincti
1647 3327 1796 3372 sunt.
1824 3316 2068 3373 Ecclesia

496 3415 626 3455 vero
677 3401 950 3459 fructibus
979 3407 1129 3459 omni
1174 3417 1422 3475 tempore
1457 3417 1679 3472 onusta,
1732 3410 1871 3464 lines
1913 3417 2071 3464 terra:

497 3493 614 3549 suis
644 3495 843 3562 plantis
877 3498 1312 3566 comprehendit.

2094 1584 2139 1640 B
2168 1582 2280 1638 Τοῦ
2313 1580 2522 1648 αὑτοῦ,
2572 1580 2642 1635 ἐκ
2680 1578 2788 1633 τοῦ
2824 1580 2912 1643 εἰς
2956 1574 3072 1642 τὴν
3100 1573 3298 1641 αὐτὴν
3331 1570 3554 1641 ἑορτὴν
3606 1569 3741 1624 δευ-

2749 1648 2924 1715 τέρου
2964 1648 3175 1715 λόγου.

2247 1768 2310 1820 ’Ὠ
2349 1765 2612 1837 βασιλέων
2666 1765 2887 1820 πάντων
2925 1759 3359 1832 βασιλικωτέρας
3405 1754 3748 1827 θρησκείαςέ

2179 1858 2250 1913 ’Δ
2284 1858 2397 1929 γὰρ
2422 1859 2611 1920 ὅπλοις
2657 1856 2902 1926 βασιλεῖς
2951 1851 3347 1920 συνεκρότουν,
3385 1849 3526 1919 αὐτὴ
3579 1848 3755 1917 χωρὶς

2171 1952 2352 2006 ὃπλων
2378 1950 2657 2005 ἐδείκνυτο
2689 1946 3057 2003 καταλύουσα.
3096 1945 3166 1996 Ἀ
3196 1943 3528 2012 σφάττοντες
3557 1939 3754 1992 διεκώ-

2173 2042 2321 2107 λυον,
2352 2043 2495 2113 αὐτὴ
2543 2040 2889 2111 σφαττομένη
2922 2036 3274 2108 συνεκρότει·
3302 2034 3399 2087 καὶ
3444 2034 3571 2095 ταῖς
3615 2047 3757 2098 σφα-

2171 2135 2298 2201 γαῖς
2327 2131 2470 2186 κατά
2500 2132 2610 2186 τῶν
2647 2130 2998 2200 σφαττόντων
3027 2129 3220 2198 ἀνίστη
3253 2127 3323 2181 τὰ
3359 2125 3624 2197 τρόπαια.
3670 2122 3758 2174 Τά

2170 2224 2269 2294 τῆς
2308 2222 2637 2295 Ἐκκλησίας
2664 2222 3034 2278 κατεκόπτετο
3063 2220 3339 2295 κλήματα,
3368 2217 3464 2271 καὶ
3484 2218 3512 2269 ὁ
3532 2215 3636 2284 τῆς
3656 2214 3760 2266 πί-

2173 2292 2343 2377 στεως
2392 2292 2597 2385 μᾶλλον
2648 2301 2901 2368 ἀπεδίδου
2953 2292 3223 2385 [ἐπεδίδου
3276 2309 3479 2380 μᾶλλον
3529 2305 3606 2359 η.
3641 2301 3762 2378 δα]

2171 2407 2419 2476 καρπὸς,
2474 2405 2571 2460 καὶ⁵
2605 2404 2669 2460 τὸ
2716 2405 2877 2468 ἄνθος
2927 2404 3247 2474 ἀμάραντον
3308 2398 3492 2469 ἔφερε.
3564 2394 3763 2464 Ῥίζης

2172 2498 2272 2569 [αι.
2302 2496 2449 2569 ῥίζα]
2496 2497 2607 2568 γάρ
2638 2495 2943 2566 έκπεφύκει
2967 2494 3036 2548 τὰ
3063 2494 3340 2564 κλήματα,
3366 2490 3471 2561 τῆς
3501 2487 3763 2557 ἀψευδῶς

2171 2589 2455 2659 εἰπούσης
2505 2588 2656 2657 Ἐγὼ
2682 2589 2792 2641 τὸν
2838 2588 3074 2655 κόσμον
3104 2585 3428 2650 νενίκηκασ
3469 2578 3588 2649 ἐγώ
3636 2580 3764 2646 ειμι

2171 2684 2211 2751 ἡ
2257 2682 2562 2751 ἄμπελος,
2602 2680 2774 2750 ὑμεῖς
2802 2680 2876 2734 τὰ
2917 2678 3214 2747 κλήματα.
3268 2673 3547 2743 Στέφανος
3592 2669 3763 2724 ἔκλα·

2171 2776 2384 2841 δεύετο,
2442 2778 2537 2831 καὶ
2596 2776 2725 2831 ἄλλο
2779 2774 2969 2844 κλῆμα
3032 2771 3332 2842 μαρτύρων
3391 2767 3757 2821 ὲϐλάστανεν.

2186 2868 2440 2932 Ἰάκωϐος
2495 2868 2865 2937 ἀπετέμνετο,
2924 2866 3021 2919 καὶ
3076 2865 3318 2933 Πέτρος·
3372 2860 3535 2919 ἄλλος
3596 2857 3763 2910 πάλιν

2176 2960 2386 3030 μάρτυς
2441 2956 2727 3026 ἀνεφύετο.
2785 2950 2953 3019 Οὗτος
3005 2953 3366 3020 ἐξεκόπτετο,
3409 2948 3506 3001 καὶ
3542 2946 3762 3000 Παῦλον

2174 3050 2275 3121 [aL
2331 3048 2515 3119 πάλιν]
2553 3048 2681 3103 ἄλλο
2721 3048 2909 3119 κλῆμα
2938 3045 3294 3115 πολύκαρπον
3328 3044 3364 3110 ἡ
3406 3037 3534 3110 ῥίζα
3583 3037 3751 3106 πρού-

2173 3141 2418 3197 ϐάλλετο.
2487 3140 2848 3212 Ἐτετρύγητο
2905 3139 3150 3201 Παῦλοςσ
3195 3135 3293 3189 καὶ
3359 3132 3557 3203 βότρυς
3597 3127 3757 3190 me;

2176 3233 2477 3304 μαρτυρίου
2537 3231 2865 3303 περκάζων,
2913 3233 2942 3284 ὁ
2988 3231 3215 3300 Θωμᾶς,
3264 3224 3623 3293 ἀνεφαίνετο,
3662 3218 3764 3272 καὶ

2174 3324 2515 3395 πανταχόθεν
2582 3327 2618 3395 ἡ
2675 3324 2800 3396 ῥίζα
2836 3321 3196 3393 -τρυγωμένη
3259 3317 3372 3371 τῶν
3427 3310 3761 3384 τρυγώντων

2178 3414 2342 3484 ἔφερε
2390 3416 2489 3485 τὴν
2543 3415 2717 3485 φορὰν
2769 3412 3185 3482 ἁπληστοτέραν
3216 3411 3312 3464 καὶ
3371 3403 3762 3479 μονιμωτέραν

2175 3507 2276 3578 τὴν
2308 3506 2623 3577 βλάστησιν.
2666 3508 2774 3559 Καὶ
2810 3506 2860 3558 οἱ
2899 3505 2998 3575 μὲν
3026 3504 3353 3566 κόπτοντες,
3393 3499 3539 3553 κατά
3568 3492 3764 3565 μικρὸν

496 3582 877 3653 ἠφανίσθησαν
952 3586 1379 3658 μαραινόμενοι·
1435 3589 1469 3659 η
1520 3588 1578 3641 δὲ
1632 3589 1713 3661 τῷ
1752 3588 1955 3661 καρπῷ
1994 3590 2084 3645 διὰ
2146 3597 2346 3660 παντὸς
2397 3595 2695 3667 βρίθουσα,
2748 3596 2818 3648 τὰ
2897 3594 3116 3665 πέρατα
3161 3592 3261 3661 τῆς
3310 3590 3414 3660 γῆς
3468 3582 3765 3656 περιέλετιὗε

496 3675 609 3737 τοῖς
641 3672 1041 3745 βλαστήμασιν.

693 3784 945 3853 Ejusdem
970 3786 1192 3841 Itomilia
1218 3787 1375 3842 tertia
1401 3788 1453 3842 in
1481 3788 1618 3842 idem
1647 3788 1863 3859 festum.

1110 3965 1455 4021 Prooemium.

569 4077 778 4132 Divina:
804 4077 1066 4133 bonitatis
1092 4078 1269 4134 imber
1305 4079 1575 4148 incipiens
1620 4079 1941 4135 hominibus
1989 4082 2071 4137 ef-
2105 4090 2146 4144 D

501 4169 676 4232 fundi,
728 4171 891 4226 hodie
920 4187 1086 4240 supra
1116 4171 1339 4226 modum
1379 4182 1574 4239 auctus
1621 4180 1725 4238 est,
1782 4182 1837 4227 et
1875 4188 2074 4241 magna

498 4263 629 4316 olim
671 4260 960 4334 [exhibita]
985 4262 1245 4317 beneﬁcia
1280 4262 1583 4332 majoribus
1622 4263 1781 4318 hodie
1805 4264 2074 4319 obscura-

499 4354 596 4406 vit.
626 4352 759 4407 Nam
790 4362 948 4407 erant
993 4352 1212 4423 quidem
1278 4361 1404 4408 ante
1435 4353 1541 4408 hoc
1586 4353 1911 4408 beneﬁcium
1948 4355 2074 4409 illu-

500 4441 657 4507 stria,
694 4449 748 4495 et
777 4442 977 4495 summi
1029 4441 1237 4495 amoris
1267 4441 1464 4512 signa:
1518 4441 1690 4497 Adam
1741 4457 1772 4497 e
1826 4443 2074 4513 virgineo

502 4533 769 4603 sanguine
795 4547 971 4587 novus
998 4531 1196 4598 factus,
1228 4548 1520 4604 corporum
1560 4532 1735 4589 morbi
1774 4532 1969 4604 fugati,
2022 4545 2079 4590 et

500 4641 573 4683 ex
594 4626 886 4681 animabus
914 4625 1185 4681 daemonia
1211 4626 1404 4695 ejecta.
1456 4625 1721 4684 Latrones
1771 4629 2076 4700 principem

501 4717 775 4772 latronum
814 4706 1065 4781 vincunt,
1089 4726 1143 4772 et
1166 4718 1234 4772 de
1276 4733 1342 4772 eo
1402 4718 1776 4789 triumphant:
1835 4736 2080 4776 resurre-

446 4812 449 4813 ⁷
503 4808 613 4864 ctiu
642 4808 807 4863 morti
846 4807 1113 4863 succedit.
1145 4806 1251 4863 Sed
1284 4808 1554 4865 hactenus
1586 4809 1703 4864 haec
1753 4811 1914 4879 plena
1950 4819 2081 4865 sunt

504 4901 732 4957 honoris
759 4909 815 4956 et
842 4900 1174 4971 splendoris,
1205 4902 1300 4956 sed
1334 4901 1537 4956 donum
1592 4902 1739 4972 quod
1781 4919 1926 4958 nunc
1982 4919 2074 4958 ce-

504 4995 803 5061 lebramus,
838 5010 945 5049 non
1004 4994 1243 5049 admittit
1275 4995 1761 5064 comparationem.
1800 4995 1868 5049 Et
1925 5012 2080 5052 amor

505 5086 784 5142 Creatoris
814 5102 943 5157 erga
981 5102 1086 5142 nos
1120 5087 1290 5140 vincit
1328 5086 1591 5155 seipsum,
1622 5093 1676 5140 et
1708 5101 1816 5140 una
1845 5102 1969 5140 cum
1998 5089 2079 5142 vi-

506 5180 678 5234 ctoria
732 5189 1010 5234 ornatur:
1069 5190 1122 5234 et
1150 5194 1271 5248 quae
1328 5179 1474 5232 illam
1511 5177 1662 5243 vicit,
1719 5178 2080 5235 nihilominus

505 5286 669 5339 Quam
698 5271 743 5326 si
773 5271 968 5325 horum
1010 5270 1225 5339 singula
1258 5269 1502 5323 victoriae
1527 5284 1786 5323 coronam
1835 5281 2077 5339 reporta-

507 5357 958 5427 rent.Terrigcua
990 5368 1181 5411 natura
1203 5367 1401 5412 terram
1440 5360 1782 5427 relinquens,
1816 5361 1947 5428 quin
1985 5378 2082 5432 po-

510 5450 615 5503 tius
650 5449 853 5514 ferens,
883 5449 935 5502 in
966 5451 1167 5504 caelum
1205 5448 1551 5504 transfertur.
1583 5449 1646 5503 Et
1678 5448 1779 5503 huc
1813 5454 1959 5520 qnml
1995 5455 2078 5507 dio

587 5629 607 5659 ⁷
638 5637 795 5693 Joan.
843 5647 1067 5711 “1,35.
1147 5648 1166 5673 “
1196 5646 1347 5701 luan.
1390 5666 1478 5713 xv,
1522 5651 1575 5703 5.

2181 3793 2294 3849 Τοῦ
2340 3792 2568 3858 αὑτοῦ,
2614 3792 2685 3847 ἐκ
2740 3791 2847 3846 τοῦ
2865 3795 2989 3917 λιὲς
3041 3791 3158 3859 τὴν
3203 3787 3404 3856 αὐτὴν
3447 3782 3672 3854 ἑορτὴν
3710 3777 3764 3851 1'

2946 3878 3075 3917 του.

2946 3878 3075 3931 του.

2757 3978 2827 4032 Τὸ
2864 3977 3196 4045 προοίμιον.

2255 4092 2317 4145 '0
2346 4092 2489 4155 θεῖος
2532 4090 2632 4158 τῆς
2658 4088 2999 4159 ἀγαθὸτητος
3040 4085 3246 4157 ὄμϐρος
3295 4082 3612 4153 ἀρξάμενος
3652 4081 3765 4140 τοῖς

2181 4178 2492 4252 ἀνθρώποις
2519 4179 2805 4251 ὲκχεῖσθαι
2825 4218 2841 4243 ,
2874 4178 3012 4248 πρὸς
3054 4176 3341 4267 ἀμήχανον
3377 4174 3629 4267 σήμερον
3660 4170 3763 4267 δω-

2182 4273 2321 4344 ρεῶν
2365 4271 2650 4344 ὑπερήρθη
2698 4269 3039 4342 πλημμύραν
3058 4307 3074 4332 ,
3106 4261 3204 4321 καὶ
3227 4266 3298 4319 τὰ
3344 4264 3566 4336 μεγάλα
3596 4261 3764 4314 κατέ-

2180 4368 2360 4436 κρυψε
2387 4365 2651 4435 μείζοσιν.
2678 4358 2786 4416 Ἦν
2814 4363 2911 4433 μὲν
2938 4361 3048 4432 γὰρ
3077 4360 3174 4415 καὶ
3200 4358 3274 4412 τὰ
3304 4357 3413 4428 πρὸ
3434 4356 3540 4426 τῆς
3558 4351 3761 4425 παρού-

2184 4475 2285 4526 σης
2327 4438 2652 4526 εὐεργεσίας
2685 4454 2936 4524 λαμπρά,
2971 4453 3066 4506 καὶ
3104 4452 3202 4521 τῆς
3232 4452 3410 4520 ἄκρας
3445 4446 3763 4516 φιλοτιμίας

2181 4548 2486 4615 ἀπόδειξις·
2530 4545 2705 4616 Ἀδὰμ
2742 4547 2808 4599 ὲκ
2835 4543 3185 4615 παρθενικῶν
3220 4541 3474 4609 αἱμάτων
3508 4553 3759 4605 καινουρ-

2180 4640 2479 4711 γούμενος,
2539 4638 2811 4707 σωμάτων
2850 4638 2908 4690 αἱ
2941 4637 3087 4688 νόσοι
3133 4631 3617 4702 φυγαδευόμεναι,
3673 4627 3764 4679 καὶ

2178 4729 2370 4800 ψυχῶν
2395 4727 2732 4797 ἐλαυνόμενα
2761 4725 2833 4779 τὰ
2878 4724 3136 4795 δαιμόνια
3161 4739 3176 4755 ο
3205 4720 3409 4793 λῃσταὶ
3449 4720 3545 4773 τὸν
3595 4720 3765 4789 ἀρχι-

2178 4822 2384 4892 λῃστὴν
2409 4817 2701 4881 νικῶντες,
2730 4817 2829 4870 καὶ
2869 4815 3327 4887 θριαμϐεύοντες’
3360 4812 3597 4875 θάνατος
3629 4812 3767 4878 λαμο

2181 4910 2360 4964 ϐάνων
2403 4909 2653 4979 διάδοχον
2691 4908 2792 4975 τὴν
2831 4906 3153 4960 ἀνάστασιν.
3200 4904 3343 4959 Ἀλλ’
3389 4903 3497 4966 ἕως
3528 4904 3632 4973 μὲν
3673 4901 3766 4954 νῦν

2184 5001 2361 5054 ταῦτα
2390 5000 2554 5071 γέμει
2581 4999 2679 5054 καὶ
2698 4998 3014 5068 φιλοτιμίας
3039 4998 3135 5050 καὶ
3163 4995 3554 5066 λαμπρότητος
3574 5010 3589 5022 ·
3621 4994 3686 5046 τὸ
3710 4993 3765 5044 δὲ

2181 5091 2276 5146 νῦν
2318 5091 2714 5161 έορταζόμενον
2758 5090 2930 5160 δῶρον
2969 5089 3072 5142 οὐκ
3103 5087 3362 5156 ἀνέχεται
3415 5084 3765 5154 συγκρίσεως

2180 5180 2430 5245 ἐξέτασιν
2471 5179 2849 5245 ἐπιδέξασθαι.
2897 5180 3007 5232 Καὶ
3040 5179 3170 5248 νικᾷ
3199 5177 3297 5247 μὲν
3330 5176 3536 5243 ἑαυτὴν
3564 5176 3600 5243 ἡ
3642 5173 3764 5240 περὶ

2181 5276 2330 5344 ἡμᾶς
2366 5272 2461 5325 τοῦ
2493 5272 2741 5326 Πλάστου
2788 5271 3102 5343 φιλοτιμία,
3142 5266 3669 5337 συγκαλλωπίζεται
3712 5266 3763 5316 δὲ

2180 5368 2248 5435 τῇ
2279 5365 2436 5434 νίκη’
2486 5364 2581 5417 καὶ
2625 5364 2662 5418 ἃ
2703 5363 2804 5434 τὴν
2855 5362 2994 5433 πρὸς
3030 5361 3250 5430 ἐκείνην
3283 5355 3456 5431 ἧτταν
3495 5360 3759 5428 ἤνεγκεν,

2183 5457 2337 5510 οὐδὲν
2383 5457 2603 5510 ἔλαττον
2623 5496 2635 5520 ,
2664 5456 2697 5526 ἧ
2729 5455 2886 5526 εἴπερ
2917 5454 3119 5508 τούτων
3151 5454 3389 5507 ἕκαστον
3419 5452 3514 5505 τον
3543 5451 3650 5521 τῆς
3690 5448 3758 5501 vi-
