3998 6116
217 310 345 378 1501

1005 313 1460 376 ORATIONUM
1497 314 1592 376 ET
1632 313 2131 376 HOMILIARUM
2174 313 2661 376 FRAGMENTA.
3322 306 3459 371 1502

210 445 310 498 κης
338 426 639 497 ἀνεδήσατο
665 425 947 498 στέφανον.
990 428 1055 481 Ἦ
1086 429 1325 501 γηγενὴς
1352 429 1513 499 φύσις
1549 429 1647 500 τὴν
1679 430 1783 500 γῆν

1889 436 2031 483 ctum
2058 440 2182 483 est:
2223 427 2516 482 Faciamus
2556 428 2817 482 hominem
2852 427 2921 481 ad
2979 425 3263 497 imaginem
3307 437 3355 479 et
3386 426 3451 477 si-

210 520 438 587 ἀφεῖσα,
474 519 676 590 μᾶλλον
708 519 772 571 δὲ
808 519 1081 591 φέρουσα,
1118 524 1199 586 εἰς
1232 524 1495 594 οὐρανοὺς
1538 525 1779 593 μετοικίο

211 609 383 672 ζεται.
416 611 526 665 Καὶ
556 610 637 674 τό,
667 610 1020 680 Ποιήσωμεν
1058 610 1372 680 ἄνθρωπον
1411 614 1539 667 κατ’
1573 615 1780 668 εἰκόνα

210 701 504 770 ἡμετέραν
562 702 663 756 καὶ
707 703 837 757 καθ’
895 705 1214 773 ὁμοίωσιν,
1268 706 1369 775 τῆς
1420 707 1780 772 ἀναπλάσεως

215 792 411 862 μᾶλλον
444 793 628 865 ἔργον,
678 794 711 865 ἦ
758 795 859 865 τῆς
906 795 1160 860 πλάσεως
1204 797 1594 851 ἐπιδείκνυται.
1655 801 1779 869 Ἀρ-

212 902 445 955 χετυπον
494 886 594 956 τῆς
655 887 957 951 ἀθανασίας
1003 891 1039 959 ὴ
1109 890 1351 960 σήμερον
1406 890 1781 959 ἀναληφθεῖσα

216 980 394 1050 μορφή
422 995 435 1009 ⁸
492 980 836 1049 σκιαγραφία
876 980 932 1033 δὲ
963 981 1060 1033 καὶ
1089 982 1444 1051 προτύπωσις
1477 983 1669 1036 τούτου
1691 1023 1707 1047 ,
1746 985 1780 1054 ή

215 1069 347 1139 πρὸς
375 1072 470 1139 τὴν
506 1070 657 1124 Θείαν
692 1070 878 1123 εἰκόνα
910 1070 1011 1139 τῆς
1047 1072 1187 1150 ἐμῇς
1216 1071 1577 1143 δημιουργίας
1614 1090 1782 1126 κατα-

215 1161 363 1232 ϐολή.
414 1162 681 1231 Ἐμελλεν
725 1160 845 1223 ὄνος
889 1162 1073 1216 λαλεῖν
1100 1182 1113 1195 ο
1169 1164 1255 1217 ίνα
1307 1164 1496 1235 μηδεὶς
1539 1166 1779 1235 ἀπιστῇ,

214 1252 584 1324 προελάλησεν
612 1253 756 1320 ὄφις.
793 1254 1067 1327 Παρθένος
1095 1256 1270 1309 τίκτει
1297 1272 1310 1286 ⁸
1355 1257 1442 1310 ἵνα
1474 1258 1550 1328 μή
1584 1275 1666 1310 σοι
1697 1257 1782 1323 ξέ-

213 1362 300 1400 νον
339 1345 556 1417 δειχθῇ,
607 1347 782 1400 τίκτει
838 1348 1204 1419 προφθάσασα
1260 1352 1470 1420 στεῖρα.
1515 1351 1782 1419 Ἐμελλεν

224 1438 393 1508 Ἀδὰμ
440 1437 674 1492 θανάτου
721 1439 1003 1493 τίκτεσθαι
1053 1438 1319 1511 κρείττων
1342 1457 1355 1470 ³
1405 1442 1491 1496 ῐνα
1546 1442 1621 1513 μὴ
1684 1441 1784 1495 κά-

220 1545 328 1602 μῃς
357 1529 629 1601 ἐπιζητῶν
658 1531 971 1595 πιστεῦσαι,
1000 1533 1031 1585 ό
1060 1532 1281 1603 πρῶτος
1330 1533 1503 1604 Ἀδὰμ
1537 1534 1638 1597 τάς
1692 1534 1781 1586 ἐπ’

213 1621 482 1692 ἀθανασίᾳ
513 1622 728 1692 δέχεται
751 1623 993 1694 ψήφους·
1030 1627 1124 1678 καὶ
1153 1625 1245 1677 τὸν
1291 1623 1461 1695 Ἐνὼχ
1493 1624 1658 1694 ἔχεις,
1694 1627 1783 1679 ναὶ

207 1717 271 1787 δὴ
295 1718 390 1771 καὶ
427 1717 518 1770 τὸν
561 1718 769 1782 Ἠλίαν,
799 1718 862 1771 τὸ
902 1719 999 1787 τῆς
1028 1719 1331 1782 ἀθανασίας
1378 1721 1784 1790 σκιαγραφοῦνο

1880 521 2237 574 militudiuem
2271 529 2512 573 nostram
2546 522 2602 585 ⁸,
2647 518 2819 589 magis
2860 517 3268 573 reformationis
3294 532 3459 586 quam

1881 611 2230 667 formationis
2254 626 2378 667 esse
2410 612 2648 667 videtur.
2679 611 2971 681 Exemplar
3026 609 3460 665 immortalitatis

1880 713 1963 759 est
1992 703 2166 756 forma
2195 703 2356 757 hodie
2389 712 2692 773 assumpta,
2727 702 3075 766 adumbratio
3096 701 3257 769 hujus
3289 710 3344 755 et
3377 710 3459 770 ty-

1881 809 1984 863 pus
2014 804 2097 849 est
2126 793 2340 847 initium
2372 794 2667 847 creatiunis
2694 804 2895 848 nostrae
2927 794 2994 847 ad
3017 792 3307 864 imaginem
3344 790 3460 846 Dei.

1883 881 2052 951 Loqui
2080 883 2243 937 debet
2269 884 2478 949 asinus,
2511 898 2579 937 ne
2611 884 2737 952 quis
2771 884 2843 939 sit
2885 885 3200 939 incredulus
3230 884 3296 948 ⁸⁸,
3335 893 3462 945 ante

1883 971 2100 1027 locutus
2132 982 2215 1027 est
2241 988 2467 1042 serpens
2507 974 2573 1039 ιι,
2603 973 2937 1044 Virgoparit
2967 975 3032 1028 ι’.
3075 972 3153 1029 Ne
3206 974 3303 1028 tibi
3363 990 3461 1029 no-

1884 1078 2010 1116 vum
2041 1062 2307 1131 videatur,
2335 1066 2617 1135 paritquze
2646 1076 2805 1120 antea
2846 1066 3051 1121 sterilis
3085 1066 3206 1131 fuit,
3244 1066 3461 1135 parien-

1883 1154 1986 1209 dus
2018 1165 2135 1210 erat
2164 1156 2408 1213 Adamus
2447 1167 2622 1213 morte
2652 1160 2924 1228 superior,
2955 1174 3020 1213 ne
3058 1161 3352 1228 quaerendo
3401 1169 3461 1213 ut

1883 1249 2074 1302 credas
2111 1248 2444 1317 defatiget-is.
2504 1249 2720 1306 Primus
2774 1252 2947 1305 Adam
2999 1252 3195 1320 accipit
3242 1261 3462 1306 senten-

1885 1340 2014 1394 tiam
2048 1340 2117 1396 de
2145 1341 2593 1410 immortalitate;
2619 1353 2674 1399 et
2704 1344 2888 1399 Enoch
2918 1344 3083 1399 habes
3111 1345 3156 1377 “
3199 1354 3253 1398 et
3286 1344 3458 1399 filiam

1884 1435 1977 1505 qui
2021 1435 2453 1492 immortalitatis
2486 1438 2806 1509 mysterium
2837 1439 3169 1493 adumbrant
3200 1438 3263 1492 “.
3292 1437 3460 1492 Crea-

1885 1537 1971 1582 tor
1998 1529 2145 1583 enim
2193 1532 2293 1585 hos
2325 1529 2504 1586 adhuc
2536 1539 2680 1586 tenet
2714 1532 2767 1584 in
2799 1546 3047 1601 corpore,
3080 1541 3328 1585 naturam
3368 1547 3463 1599 ex-

1883 1620 2153 1675 sulantem
2181 1622 2497 1686 consolans,
2520 1624 2614 1693 qui
2638 1624 2803 1679 etiam
2830 1635 2951 1694 post
2972 1625 3227 1679 exsilium
3257 1625 3457 1678 iterum

1884 1713 2281 1767 imm‘ortalilati
2316 1714 2387 1770 sit
2431 1715 2579 1769 illam
2606 1717 2981 1771 restituturus.
3013 1715 3174 1786 Lapsi
3207 1718 3454 1786 parentis

207 1824 306 1871 τας
343 1810 665 1879 μυστήριον.
704 1809 941 1880 Κατέχει
986 1809 1096 1880 γὰρ
1123 1810 1349 1873 τούτους
1373 1813 1402 1863 ὁ
1438 1810 1691 1876 ιΙλάστης
1725 1812 1783 1864 ὲν

1889 1820 2007 1873 qua:
2046 1804 2269 1874 irrepsit
2311 1808 2637 1871 mortalitas,
2671 1824 2779 1862 non
2811 1809 3090 1877 peccantis
3126 1808 3218 1862 ﬁlii
3267 1809 3320 1861 in
3371 1824 3462 1862 so-

211 1899 458 1968 σὼματι,
509 1900 854 1970 ψυχαγωγῶν
895 1901 995 1971 τὴν
1037 1902 1316 1973 ἐξόριστον
1368 1902 1530 1972 φύσιν
1567 1902 1641 1966 ὡς
1689 1905 1782 1957 καὶ

212 1993 348 2063 μετὰ
379 1993 480 2064 τὴν
530 1993 819 2066 ὑπερόριον
868 1996 1047 2065 φυγὴν
1079 1995 1241 2050 πάλιν
1270 1998 1351 2060 εἰς
1385 1996 1486 2067 τήν
1510 1996 1780 2051 ἀθάνατον

209 2084 548 2152 ὲπαναγάγοι
606 2086 905 2142 πολιτείαν.
979 2086 1041 2141 ἸΙ
1101 2088 1522 2152 διαπταίσαντος
1574 2091 1780 2161 πατρὸς

209 2174 603 2229 ἐπεισελθοῦσα
656 2177 953 2245 θνητότης,
1017 2178 1408 2249 ἀναμαρτήτου
1467 2180 1659 2243 παιδὸς
1701 2182 1782 2244 είς

208 2266 448 2321 διάλυσιν
482 2268 655 2321 ἐδεῖτο
690 2270 790 2339 τῆς
819 2270 1115 2340 τιμωρίας,
1148 2270 1208 2325 ὃν
1235 2272 1529 2342 ἀναμένειν
1557 2275 1591 2343 ή
1623 2274 1786 2342 φύσις

208 2358 299 2413 διά
325 2377 386 2413 τε
431 2359 601 2432 Ἑνὼχ
640 2363 734 2415 καὶ⁵
790 2362 969 2416 Ἠλίου
1004 2363 1368 2435 διδασκομένη
1418 2367 1784 2433 προειθίζετο.

211 2458 335 2510 Ὅτι
385 2456 479 2509 σοῦ
540 2456 927 2527 βουληθέντος,
990 2459 1091 2511 οὐκ
1152 2459 1492 2529 ἀποθνήσκει
1550 2459 1782 2530 θνητὸς,

222 2546 390 2615 Ἑνὼχ
420 2546 489 2614 με
519 2546 610 2599 καὶ
663 2546 846 2609 Ἠλίας
877 2545 1225 2601 διδάσκουσι·
1256 2549 1350 2601 καὶ
1378 2548 1576 2617 γένοιτ’
1604 2549 1671 2603 ἀν
1715 2550 1783 2603 δι’

210 2637 389 2691 αὐτῶν
424 2637 726 2701 ἀθανασίας
761 2639 939 2703 ἐλπὶς,
971 2641 1086 2701 τοῖς
1135 2638 1289 2693 οὔπω
1317 2641 1532 2711 θανάτῳ
1581 2659 1781 2710 προσο-

214 2731 527 2801 μιλήσασιν.
565 2733 799 2803 Νεκροῖς
828 2733 885 2786 δὲ
921 2733 1045 2786 τίνα
1079 2733 1146 2787 ἂν
1184 2735 1520 2806 παράσχοιεν
1544 2736 1593 2788 oi.
1618 2738 1785 2806 μήπω

210 2822 467 2886 θανόντες
520 2824 849 2894 προσδοκίαν
910 2826 1299 2896 ἀναϐιώσεωςς
1363 2828 1504 2881 ’Λλλ’
1564 2829 1658 2882 ὲάν
1704 2846 1788 2890 τις

210 2915 277 2966 ὲκ
317 2913 527 2982 νεκρῶν
568 2916 809 2977 ἀναστάς
839 2916 897 2968 ὲν
943 2916 1161 2987 ούρανῷ
1191 2917 1453 2991 βασιλεύῃ
1474 2956 1488 2981 ,
1529 2913 1686 2983 οὗτος
1712 2919 1788 2989 τῷ

210 3004 331 3075 ὲμῷ
367 3007 531 3058 παντὶ
568 3007 712 3072 γένει
746 3006 928 3078 τὸτῆς
956 3010 1260 3076 ἀθανασίας
1294 3012 1665 3080 ἀναμφίϐολον
1690 3011 1792 3065 δῶ-

212 3114 309 3167 ρον
359 3099 678 3170 παρέχεται.
733 3100 831 3153 Διὰ
872 3099 1033 3154 τοῦτο
1078 3103 1304 3156 πλάττει
1350 3107 1417 3174 τῇ
1450 3104 1612 3172 φύσει
1652 3104 1785 3166 Θεὸς

210 3189 516 3254 ἀθανασίας
550 3192 614 3243 ὲκ
646 3192 747 3263 τῆς
778 3192 996 3261 φύσεως
1038 3195 1351 3265 πρόσωπον,
1380 3196 1478 3249 καὶ
1515 3197 1786 3250 δείκνυσιν

211 3280 352 3351 ὑπὲρ
386 3282 548 3350 φύσιν
578 3286 643 3337 ὲκ
678 3286 777 3352 τῆς
816 3286 1032 3354 φύσεως
1065 3289 1380 3359 προστάτην
1412 3290 1514 3360 τῆς
1548 3290 1785 3359 φύσεως.

221 3373 285 3428 Ὀ
313 3372 545 3426 θανάτου
588 3377 927 3444 γευσάμενος
965 3379 1023 3430 ἐν
1050 3380 1300 3450 οὐρανοῖς
1349 3382 1413 3434 ἐκ
1451 3382 1663 3453 νεκρῶν
1698 3383 1789 3435 ὲν-

210 3467 560 3537 θρονίζεται·
608 3467 684 3528 ὼς
724 3466 790 3520 ἂν
834 3470 1081 3522 κάτωθεν
1123 3474 1156 3540 ή
1208 3473 1372 3539 φύσις
1412 3474 1553 3542 πρὸς
1590 3474 1681 3525 τὸν
1732 3476 1790 3526 ὲν

210 3559 467 3627 οὐρανοῖς
533 3556 893 3623 ἀτενίζουσα,
961 3559 1128 3628 μηδὲν
1198 3561 1520 3632 ὲπιδιστάξῃ
1598 3562 1793 3633 [ἐπιδι-

217 3648 425 3719 στάζῃ,
458 3650 533 3704 Μ.
568 3648 670 3721 Μ.]
701 3652 765 3720 τῇ
812 3649 1115 3722 ἀθανασίᾳ,
1151 3651 1242 3705 τὸν
1286 3652 1347 3716 ἐξ
1388 3653 1561 3723 αὐτῆς
1607 3653 1793 3717 ἀῖδίως

213 3742 275 3792 ὲν
307 3740 557 3810 οὐρανοῖς
597 3737 869 3810 βλέπουσα
904 3739 1280 3809 βασιλεύοντα.
1312 3742 1409 3805 Τίς
1440 3742 1667 3813 λαλήσει
1696 3741 1795 3805 τὰς

214 3830 541 3895 δυναστείας
582 3833 827 3900 Κυρίου;
859 3832 1255 3903 Συμϐασιλεύει
1288 3834 1517 3903 Θεότητι
1547 3834 1729 3903 φύσις,
1761 3836 1794 3904 ή

215 3921 351 3991 πρὶν
376 3922 433 3973 ὲν
462 3921 781 3992 παραδείσῳ
812 3923 949 3993 μηδὲ
976 3924 1078 3993 τῆς
1107 3924 1257 3987 θείας
1283 3925 1471 3995 φωνῆς
1498 3924 1596 3997 τὴν
1622 3926 1795 3994 ἀκοὴν

218 4010 510 4079 στέγουσα,
542 4011 677 4064 ἀλλά
705 4010 784 4080 τῷ
816 4012 968 4084 φόὅῳ
1001 4013 1410 4083 δραπετεύουσα
1440 4015 1535 4067 καὶ
1561 4030 1798 4085 κρυπτο-

219 4104 384 4173 μένη.
417 4105 481 4156 Ὢ
506 4105 605 4172 τῆς
639 4104 770 4174 περὶ
797 4105 899 4175 ἐμὲ
929 4107 1315 4177 χρηστότητος.
1351 4107 1427 4159 Οὐ
1467 4105 1797 4178 μνημονεύει

214 4195 319 4263 τῆς
348 4195 746 4264 παραϐάσεως,
791 4196 853 4249 ού
890 4200 1223 4267 μνησικακεῖ
1250 4197 1346 4250 τοῦ
1388 4198 1526 4267 πρὸς
1553 4200 1645 4252 τὸν
1676 4198 1798 4268 ὅφιν

218 4283 590 4353 συνθήματος,
646 4284 740 4337 τοῦ
772 4287 967 4352 γένους
1002 4286 1100 4357 τὴν
1128 4286 1523 4356 ἀγνωμοσύνην
1563 4289 1623 4340 οὐ
1652 4288 1799 4355 λογί-

217 4374 400 4438 (erat,
425 4374 523 4444 τὴν
556 4374 765 4427 πτῶσιν
797 4376 898 4428 οὐκ
923 4375 1241 4447 ὲπῃσχύνθη
1271 4377 1370 4446 τῆς
1401 4377 1647 4446 φύσεωςο
1682 4377 1797 4431 ἀλλ’

218 4466 282 4517 ὲν
310 4465 494 4526 αὐτοῖς
528 4468 641 4528 τοῖς
682 4465 775 4518 τοῦ
807 4467 1037 4519 θανάτου
1073 4469 1347 4536 κειμένοις
1376 4467 1694 4538 βαράθροις,
1738 4471 1795 4521 ὲν

1891 1898 2151 1953 lutioncm
2181 1900 2385 1970 indiget
2415 1901 2704 1970 supplicio,
2725 1918 2886 1971 quem
2921 1913 3236 1971 exspectare
3266 1912 3461 1956 natura

1893 1998 1988 2058 per
2020 1988 2204 2044 Euoch
2245 1999 2299 2044 et
2346 1990 2519 2045 Eliam
2556 2002 2712 2046 antea
2754 1994 3060 2047 consuevit.
3118 1992 3196 2047 Te
3225 1994 3463 2047 'voleute

1892 2095 2000 2133 nou
2050 2081 2284 2135 moritur
2315 2083 2560 2138 mortalis
2585 2122 2600 2148 ,
2633 2092 2693 2137 ut
2736 2082 2920 2139 Enoch
2950 2094 3003 2138 et
3036 2084 3184 2139 Elias
3231 2100 3318 2139 me
3359 2084 3459 2139 do-

1892 2177 2036 2232 cent,
2072 2179 2126 2223 et
2164 2186 2259 2240 per
2288 2172 2414 2226 illos
2462 2173 2915 2227 resurrectionem
2969 2187 3276 2242 speramus,
3332 2174 3460 2242 quia

1888 2260 2132 2314 nondum
2164 2263 2364 2316 mortui
2416 2273 2562 2318 sunt.
2594 2261 2790 2317 Mortui
2844 2278 2994 2329 vero,
3027 2279 3213 2332 quam,
3250 2279 3457 2332 quasso,

1888 2354 2164 2424 praebeant
2198 2358 2658 2425 exspectationem
2701 2358 3121 2413 resurrectionis
3148 2359 3182 2411 ii
3205 2358 3298 2427 qui
3320 2374 3461 2411 uou-

1889 2447 2018 2499 dum
2057 2450 2258 2501 mortui
2305 2448 2477 2503 sunt?
2508 2447 2612 2503 Sed
2638 2450 2685 2505 si
2721 2450 2848 2518 quis
2902 2466 2932 2503 a
2977 2450 3212 2504 mortuis
3254 2449 3459 2503 excita-

1893 2546 1981 2594 tus
2012 2541 2064 2593 in
2108 2542 2250 2603 cmlo
2302 2550 2509 2611 regnat,
2547 2541 2636 2596 ille
2669 2541 2926 2596 omnibus
2964 2541 3279 2597 hominibus
3337 2557 3460 2596 cer-

1893 2639 2006 2685 tum
2038 2632 2466 2689 immortalitatis
2515 2635 2840 2689 beneficium
2888 2636 3000 2689 dat.
3064 2634 3189 2689 Ideo
3248 2644 3461 2689 natura:

1893 2722 2092 2779 format
2127 2724 2271 2780 Deus
2306 2727 2740 2783 immortalitatis
2788 2743 2819 2782 ο
2875 2740 3073 2782 natura
3130 2727 3347 2794 faciem,
3408 2736 3461 2782 et

1891 2817 2131 2872 ostendit
2183 2833 2348 2888 supra
2391 2829 2647 2874 naturam
2695 2837 2725 2876 e
2756 2831 2947 2875 natura
2998 2830 3207 2875 naturae
3240 2820 3458 2877 ducem.

1892 2908 1993 2974 Qui
2022 2921 2252 2964 mortem
2272 2914 2530 2979 gustavit,
2562 2912 2613 2964 in
2636 2913 2776 2967 ccelo
2807 2929 2836 2965 a
2868 2914 3101 2967 mortuis
3135 2916 3453 2979 collocatur,

1892 3011 1952 3054 ut
1982 3017 2013 3055 e
2039 3003 2200 3056 terris
2228 3010 2419 3055 natura
2469 3002 2536 3056 ad
2581 3019 2705 3057 eum
2737 3004 2830 3073 qui
2872 3004 2923 3058 in
2969 3006 3120 3059 caelis
3153 3014 3237 3060 est
3287 3008 3461 3075 respi-

1894 3096 2070 3157 ciens,
2105 3091 2243 3146 nihil
2273 3094 2339 3147 de
2371 3093 2785 3149 immortalitate
2829 3096 3131 3160 addubitet,
3162 3097 3349 3152 videns
3377 3114 3462 3150 re-

1890 3199 2013 3256 gem
2054 3184 2106 3238 in
2132 3195 2393 3239 aeternum
2428 3185 2481 3238 in
2510 3186 2663 3240 caelis
2691 3202 2721 3239 e
2753 3202 2810 3241 se
2832 3197 3017 3241 natum
3047 3204 3296 3257 regnare.
3326 3189 3461 3254 Quis

1889 3276 2163 3345 potentias
2196 3274 2410 3330 Domini
2438 3277 2754 3331 enarrabit?
2779 3278 2986 3349 Reguat
3021 3293 3148 3333 cum
3180 3280 3462 3334 divinitate

1892 3378 2109 3427 natura,
2142 3381 2265 3435 qua:
2289 3368 2442 3435 prius
2486 3367 2538 3421 in
2564 3367 2823 3437 paradiso
2852 3384 2951 3422 nec
2977 3370 3216 3424 divinam
3270 3386 3458 3425 vocem

1892 3462 2084 3516 audire
2113 3462 2397 3527 sustinuit,
2441 3463 2535 3517 sed
2560 3478 2667 3531 prze
2698 3463 2894 3516 timore
2934 3462 3089 3532 fugit,
3115 3476 3168 3517 et
3206 3479 3325 3518 sese
3363 3480 3461 3518 oc—

1894 3551 2139 3604 cultavit.
2168 3550 2214 3604 0
2262 3552 2357 3606 Dei
2388 3569 2515 3623 erga
2566 3570 2653 3609 me
2686 3555 2983 3609 bonitatem
3013 3557 3026 3609 !
3056 3555 3173 3610 Non
3217 3556 3465 3610 meminit

1896 3643 2384 3709 transgressionis,
2434 3660 2542 3697 non
2578 3646 2901 3699 recordatur
2950 3647 3093 3714 pacti
3141 3649 3286 3717 quod
3339 3662 3462 3701 cum

1896 3719 2150 3803 serpente
2177 3735 2378 3788 malum
2416 3736 2741 3805 pepigimus,
2776 3737 3225 3806 ingratitudinem
3288 3738 3465 3792 homi-

1896 3841 2023 3879 num
2051 3841 2160 3879 non
2193 3835 2428 3895 reputat,
2455 3827 2669 3895 lapsum
2732 3835 2942 3881 natura}
3004 3843 3111 3881 non
3169 3830 3462 3894 erubescit,

1897 3918 1991 3971 sed
2034 3917 2087 3970 in
2117 3917 2377 3971 barathro
2404 3918 2594 3971 mortis
2621 3918 2916 3987 iacentem,
2958 3919 3009 3972 in
3044 3919 3178 3988 ipsis
3216 3920 3467 3989 impieta-

1898 4009 1968 4064 tis
1998 4009 2177 4079 adytis
2205 4008 2594 4078 complectitur
2641 4009 3099 4065 inenarrabilibus
3149 4012 3355 4066 amoris
3386 4012 3468 4064 di-

1898 4102 2066 4168 vitiis,
2115 4111 2169 4157 et
2208 4100 2355 4155 illam
2408 4116 2475 4155 ex
2534 4100 2833 4157 inferorum
2880 4103 3249 4170 penetralibus
3303 4112 3469 4157 retra-

1899 4194 2057 4256 hens,
2107 4209 2215 4247 una
2266 4209 2391 4247 cum
2418 4194 2702 4248 divinitate
2735 4210 2834 4249 sua
2872 4194 3101 4249 Creator
3154 4204 3466 4249 creaturam

1898 4288 2138 4348 elevans,
2165 4293 2390 4353 paterno
2417 4284 2561 4339 sinui
2592 4286 2876 4354 imposuit.
2913 4287 3035 4341 Ideo
3096 4286 3300 4342 Paulus
3353 4288 3470 4342 cla-

1901 4389 2014 4432 mat
2041 4397 2054 4432 :
2088 4376 2562 4442 Couresuscilavit,
2594 4387 2644 4431 et
2671 4380 2949 4432 consedere
2972 4394 3064 4433 nos
3094 4378 3211 4448 fecit
3245 4379 3299 4431 in
3316 4379 3469 4432 caete-

1902 4470 2069 4523 stibus
2107 4471 2171 4522 ".

218 4555 407 4619 αὐτοῖς
431 4559 542 4619 τοῖς
570 4557 671 4626 τῆς
700 4558 960 4621 ἀσεϐείας
1018 4559 1233 4622 ἀδύτοις
1284 4558 1708 4631 περιδράττεται
1762 4561 1968 4631 ταύτης
2012 4563 2235 4633 ἀρρήτῳ
2267 4562 2678 4632 φιλανθρωπίας
2738 4564 2976 4635 πλούτῳ,
3011 4564 3238 4617 καὶτῶν
3288 4565 3475 4633 μυχῶν

217 4650 428 4719 ταύτην
450 4652 774 4715 ἀνασπάσας
802 4652 894 4706 τοῦ
957 4652 1107 4722 ᾅδου,
1147 4654 1536 4723 συνανυψώσας
1605 4655 1770 4707 αὑτοῦ
1802 4659 1867 4727 τῇ
1908 4656 2124 4727 θεότητι
2178 4658 2206 4709 ό
2264 4656 2647 4728 Πλαστουργδς
2708 4660 2771 4712 τὸ
2836 4659 3308 4729 πλαστούργημα,
3362 4660 3472 4718 ἰοῖς

218 4746 511 4810 πατρικοῖς
557 4743 781 4807 κόλποις
827 4744 1095 4815 ἐνίδρυσε.
1131 4744 1230 4799 Διά
1276 4746 1434 4800 τοῦτο
1476 4748 1573 4801 καὶ
1628 4746 1841 4811 Παῦλος
1879 4749 2007 4802 ἐϐόα
2039 4765 2054 4781 ·
2097 4749 2417 4820 iur-tireth
2468 4752 2568 4805 καὶ
2614 4750 3018 4806 συνεκάθισεν
3051 4750 3209 4821 ἡμᾶς
3256 4751 3475 4817 ἐντοῖς

218 4833 620 4900 ἐπουρανίοις.

294 4986 319 5019 ⁹
352 4984 487 5041 Gen.
535 5002 571 5049 I,
613 4985 706 5043 26.

225 5056 315 5112 li.
396 5055 440 5087 “’
469 5054 671 5126 Ephes.
712 5072 772 5123 It,
809 5058 862 5114 6.

801 4988 844 5059 Ψ
878 4987 1043 5045 Num.
1086 5005 1222 5059 χχιι,
1256 4990 1347 5045 28.
1426 4991 1467 5023 “
1507 4990 1642 5054 Gen,
1719 5006 1799 5058 tu,
1854 4993 1904 5048 l.

2016 4991 2058 5022 ”
2091 4989 2225 5047 Luc.
2268 5008 2308 5060 ι,
2343 4993 2431 5048 36.
2545 4991 2587 5024 “
2622 4991 2761 5047 Gen.
2789 5006 2843 5057 v,
2865 4990 2959 5045 24.
3038 4989 3080 5021 ⁸⁵
3120 4988 3182 5041 IV
3213 4988 3345 5059 Reg.
3408 5002 3470 5055 ιι,
