4044 6336
287 353 346 408 17
1068 346 1136 404 ΙΝ
1174 348 1442 408 PRIMUM
1480 348 1725 407 REGUM
1763 348 1869 406 EX]

1975 348 2274 408 ilTIONES.
2314 349 2736 410 ΡΒοοΕΜιυΜ.
3118 402 3121 405 λ
3492 360 3559 416 18

280 463 491 545 aquilis
527 464 738 545 paginas
765 463 1047 545 subjectis,
1094 465 1181 545 vel
1230 465 1406 545 varias
1427 464 1692 545 lectiones
1715 462 2078 545 exhibuimus,
2134 465 2221 519 vel
2242 468 2507 545 quaedam
2548 468 2933 524 Commentarii
2980 469 3101 525 loca
3156 469 3558 532 illustravimus.

282 533 497 619 Utinam
527 533 728 619 laboris
770 533 949 619 nostri
967 551 1098 619 sane
1128 536 1358 619 improbi
1384 537 1617 606 optimos
1646 543 1701 590 et
1725 535 1989 619 jucundos
2013 535 2218 619 fruetus
2242 533 2413 592 lector
2433 554 2658 619 carpere
2684 541 2852 619 possit
2881 548 2936 594 et
2965 542 3273 610 degustare.

305 676 333 687 ﬂ
351 605 428 659 De
456 609 799 687 espositione
828 607 887 687 ir_1_
909 604 1131 687 gantica
1159 604 1494 687 canticorum
1520 622 1638 687 quae
1665 607 1901 687 excipiet
1930 607 2074 662 hunc
2094 604 2578 687 Commentariun},
2613 604 2756 687 etde
2785 611 2904 664 aliis
2934 604 3190 680 Operibus
3219 613 3562 683 subsequen-

278 676 435 760 tibus,
463 676 552 760 hic
595 678 775 760 dicere
815 678 950 760 nihil
980 678 1192 760 attinet,
1222 693 1345 760 cum
1376 677 2010 760 singulis-.pmfationes,
2049 686 2153 760 aut
2181 678 2576 760 admonitiones
2600 676 3010 760 praelixerimus.
3054 682 3121 736 At
3168 684 3223 737 in
3253 676 3460 750 praefat.
3495 686 3565 740 ad

280 745 923 835 Rspositionemganti'c‘i
955 765 1071 835 no‘nr
1094 748 1281 835 d'cbuit
1310 749 1491 835 omitti
1516 745 1883 835 testimonium
1912 750 2081 835 sancti
2108 747 2447 835 Columbam,
2479 751 2573 820 qui
2600 745 2754 833 inter.
2771 753 2943 835 sancti
2972 752 3220 835 (iregorii
3239 745 3416 835 Opera
3443 769 3566 808 eam

277 828 526 895 recenset
547 834 671 895 eum
699 819 1083 895 libroljegulac
1115 817 1413 895 Pastor._et
1448 818 1696 895 llomiliis
1744 820 1799 874 in
1826 817 2187 887 Ezechielem,
2211 826 2271 875 ut
2298 820 2482 876 videre
2497 817 2595 877 est
2619 821 2675 877 in
2705 821 2947 895 ejusdem
2979 817 3304 880 Columbani
3331 824 3564 895 epistola

279 888 419 942 inter
447 888 809 960 Gregorianas
840 888 979 961 (Lib.
1012 906 1086 956 ιχ,
1111 890 1262 961 epist.
1288 890 1515 962 ultima).

387 1069 710 1076 "——

297 1069 3542 1079 um

748 1268 1430 1386 SANC'I‘I
1506 1267 2417 1386 GREGORII
2492 1270 3114 1387 MAGNI

1516 1508 1829 1574 ROMANI
1878 1508 2326 1574 PONTIFICIS

487 1688 687 1835 IN
779 1688 1558 1836 LIBRUM
1645 1690 2462 1838 PRIMUM
2559 1608 3589 1901 REGUM."

1477 1963 1585 2027 QUI
1619 1964 1699 2018 ET
1732 1963 2050 2017 SAMUELIS
2085 1964 2379 2028 DICITUR,

935 2141 1464 2227 VARIARUM
1518 2144 2301 2228 EXPOSITIONUM
2356 2146 2625 2228 LIBRI
2681 2143 2897 2227 SEX.

1491 2577 2342 2761 ῆβτοωηῐὶωη.

350 2912 394 2983 ι
422 2908 556 2964 Post
600 2904 773 2980 Moysi
801 2913 856 2962 et
902 2903 1031 2963 Jesu
1080 2904 1229 2962 Nave
1266 2904 1454 2970 libros,
1491 2908 1550 2959 et
1585 2902 1829 2959 Judicum
1852 2939 1868 2965 ,
1900 2893 1949 2953 A
1976 2899 2317 2957 altitudinem
2366 2900 2944 2977 intuens,--Synagogae
2990 2906 3179 2977 typum
3218 2919 3364 2973 una,
3406 2904 3579 2964 altera

275 3013 304 3042 ι
333 3013 555 3058 octavus
596 2999 711 3055 sive
738 3014 914 3055 nonus
947 2999 1003 3054 in
1028 3012 1236 3055 canone
1278 3002 1589 3054 sanctarum
1630 2993 1873 3063 Scriptu-

282 3109 463 3149 rarum
492 3091 698 3164 primus
725 3092 863 3149 liber
890 3091 1099 3161 Regum
1127 3090 1448 3147 ostenditur.
1498 3088 1600 3156 Qui
1628 3087 1873 3158 proiecto

277 3186 434 3253 liber,
465 3184 605 3240 sicut
633 3192 689 3239 et
714 3184 975 3255 pleraque
1002 3183 1277 3239 volumina
1306 3180 1445 3237 sacri
1475 3180 1698 3249 eloquii,
1727 3177 1873 3247 quod

276 3275 303 3315 ιο
331 3292 362 3331 a
388 3282 589 3332 sanctae
609 3274 858 3331 Ecclesiae
880 3274 1191 3332 doctoribus
1217 3274 1455 3330 nondum
1478 3273 1548 3328 sit
1574 3272 1870 3342 expositus,

274 3366 518 3424 nonnulli
546 3366 898 3438 simpliciores
926 3366 1071 3423 hunc
1106 3381 1215 3421 non
1241 3378 1362 3420 esse
1401 3364 1687 3435 mysticum
1724 3359 1873 3416 arbi-

271 3467 510 3524 trantur,
544 3467 597 3515 et
622 3473 688 3515 eo
720 3458 1032 3515 sublimiora
1072 3473 1170 3528 per
1198 3456 1447 3527 spiritum
1486 3454 1633 3509 nulla
1658 3454 1868 3519 dicere,

270 3568 379 3624 quo
402 3551 646 3621 planiora
670 3566 767 3622 per
785 3550 1017 3606 litteram
1046 3548 1258 3604 videtur
1278 3560 1553 3603 enarrare.
1576 3542 1685 3599 Sed
1708 3543 1755 3597 si
1783 3557 1868 3608 ea,

272 3659 394 3716 quae
421 3643 476 3698 in
505 3643 625 3701 aliis
649 3642 1091 3713 explanationum
1118 3640 1266 3695 libris
1294 3639 1548 3695 doctores
1577 3633 1751 3690 sancti
1788 3632 1873 3688 lo-

271 3737 384 3793 cuti
430 3742 556 3793 sunt
591 3735 855 3806 legerent,
901 3732 1061 3803 hujus
1088 3744 1304 3803 quoque
1331 3727 1573 3784 historiae
1611 3738 1773 3794 quam
1801 3722 1874 3779 sit

271 3829 538 3885 immensa
566 3827 897 3899 profunditas
929 3825 1254 3881 invenirent.
1299 3821 1434 3876 Nam
1464 3819 1782 3891 plerumque
1816 3815 1871 3869 in

272 3921 492 3977 illorum
522 3919 949 3991 expositionibus
978 3915 1121 3987 quod
1152 3914 1239 3969 hic
1265 3913 1487 3985 planum
1510 3925 1608 3981 per
1635 3909 1871 3964 litteram

272 4011 471 4067 dicitur
500 4010 659 4066 valde
688 4026 809 4066 esse
840 4008 1066 4064 arduum
1100 4021 1198 4079 per
1239 4003 1532 4075 spiritalem
1562 4000 1871 4069 intelligen-

271 4102 401 4157 tiam
445 4101 766 4169 declaratur,
799 4110 854 4158 et
884 4109 1072 4171 aperte
1110 4097 1387 4154 insinuant
1415 4096 1540 4165 quia
1589 4094 1749 4164 longe
1778 4107 1872 4147 su-

270 4200 490 4257 blimius
510 4199 577 4255 de
607 4210 763 4255 sacra
785 4192 1012 4250 historia
1043 4190 1347 4259 intelligunt
1372 4201 1532 4259 quam
1556 4186 1609 4240 in
1636 4185 1754 4254 ejus
1779 4198 1871 4238 su-

1978 3004 2111 3045 vero
2141 2992 2265 3060 quia
2296 2992 2522 3063 ﬁguram
2562 3002 2763 3051 sancta:
2811 2994 3061 3054 Ecclesia:
3102 2996 3362 3063 haberet,
3402 3012 3578 3069 expo-

1978 3083 2105 3138 suit.
2145 3081 2376 3140 Sanctus
2412 3102 2628 3158 quoque
2668 3087 3025 3161 Hieronymus
3056 3088 3304 3161 (Advers.
3352 3088 3579 3162 Pelag.,

1978 3173 2069 3229 lib.
2095 3178 2132 3242 i,
2163 3192 2210 3229 ε.
2242 3174 2306 3242 8;
2328 3186 2377 3231 et
2408 3186 2589 3233 contra
2614 3179 2788 3234 Jovin.
2812 3180 2903 3234 lib.
2935 3196 2971 3246 ι,
2998 3198 3048 3237 c.
3067 3178 3154 3250 10)
3178 3179 3297 3235 Heli
3319 3180 3577 3236 sacerdo-

1978 3266 2047 3323 tis
2076 3275 2130 3321 et
2156 3266 2285 3323 Saul
2308 3278 2557 3337 mortem,
2580 3285 2691 3327 non
2721 3271 2792 3327 ad
2820 3272 2923 3328 hoc
2943 3271 3119 3328 solum
3148 3272 3202 3327 in
3229 3288 3381 3329 sacra
3402 3272 3579 3327 histo-

1975 3359 2057 3413 ria
2083 3360 2336 3429 positam,
2366 3369 2425 3416 ut
2449 3362 2824 3420 inobedientes
2847 3366 3166 3436 praepositos
3196 3380 3383 3421 eorum
3407 3373 3581 3420 terre-

1974 3464 2059 3506 ret
2079 3469 2263 3523 pmna,
2293 3454 2386 3509 sed
2410 3455 2573 3529 etiam
2593 3464 2672 3522 ut,
2703 3456 2833 3510 dum
2852 3464 3096 3511 veterum
3126 3465 3182 3510 et
3210 3465 3580 3525 transgresso-

1974 3559 2095 3597 rum
2125 3553 2397 3599 rectorum
2433 3546 2668 3615 repulsio
2699 3545 2917 3614 legitur,
2950 3546 3183 3617 antiquae
3222 3546 3355 3617 legis
3402 3553 3459 3603 et
3489 3562 3583 3603 sa-

1975 3634 2203 3689 cerdotii
2256 3634 2509 3692 interitus
2557 3636 2888 3708 designetur.
2937 3636 3104 3693 Sacra
3162 3638 3325 3709 igitur
3370 3638 3579 3708 Regum

1974 3725 2196 3782 historia
2246 3743 2355 3783 non
2399 3727 2602 3785 idcirco
2650 3729 2981 3798 Spiritalibus
3025 3729 3379 3786 sacramentis
3405 3742 3580 3783 vacua

1972 3820 2237 3876 credenda
2264 3828 2366 3889 est,
2397 3823 2523 3892 quia
2568 3836 2600 3877 a
2639 3823 3038 3879 venerabilibus
3066 3823 3312 3894 patribus
3334 3822 3581 3879 seriatim

1972 3927 2081 3967 non
2111 3920 2195 3968 est
2223 3914 2490 3984 exposita,
2523 3914 2617 3970 sed
2664 3930 2733 3971 eo
2768 3916 2931 3971 altior
2974 3924 3030 3970 et
3068 3914 3404 3987 profundior,
3434 3914 3580 3986 quo,

1970 4002 2118 4056 velut
2143 4001 2391 4058 immensi
2419 4004 2643 4061 vastitas
2670 4002 2926 4073 ﬂuminis,
2958 4020 3027 4061 ex
3054 4013 3209 4076 parte
3238 4007 3428 4075 quavis
3456 4005 3575 4061 exi-

1970 4108 2075 4164 gua
2096 4095 2301 4150 hauriri
2327 4096 2653 4167 exponendo
2676 4099 2875 4167 potuit,
2908 4103 2964 4153 et
2990 4096 3212 4167 repletis
3236 4111 3425 4152 eorum
3453 4111 3579 4151 vas-

1971 4186 2128 4253 culis,
2152 4202 2263 4242 suae
2288 4188 2638 4259 plenitudinis
2662 4189 2865 4259 impetu
2884 4187 3127 4257 quotidie
3148 4187 3435 4257 implendis
3458 4188 3579 4245 aliis

273 4295 496 4367 perﬁcie
525 4292 655 4349 foris
696 4291 900 4360 legunt.
932 4285 1155 4340 Planum
1196 4296 1429 4351 namque
1468 4288 1552 4337 est
1590 4278 1733 4351 quod
1776 4276 1868 4333 El-
1896 4268 1946 4330 Β
1974 4280 2230 4336 decurrit.
2261 4282 2398 4337 Dum
2426 4296 2557 4351 ergo
2585 4281 2833 4351 quaedam
2859 4279 3023 4352 hujus
3048 4294 3216 4336 sacrae
3242 4279 3480 4335 historirc
3508 4279 3579 4334 ad

272 4404 409 4446 cana
435 4388 517 4442 vir
539 4385 855 4457 prrataeus
877 4394 1076 4436 uxores
1105 4378 1242 4433 duas
1268 4374 1520 4431 habuisse
1548 4370 1870 4428 describitur

275 4478 340 4548 (Ι
366 4478 498 4550 Reg.
524 4494 567 4544 ι,
599 4476 650 4545 l,
681 4474 772 4545 2);
804 4472 946 4543 quod
970 4469 1088 4525 lleli
1111 4466 1394 4532 sacerdos,
1424 4463 1552 4519 dum
1580 4478 1610 4517 a
1639 4476 1869 4518 censura

274 4568 632 4641 correptionis
661 4566 893 4621 ﬁliorum
937 4561 1225 4616 affectione
1265 4555 1608 4621 dissolvitur,
1641 4552 1709 4607 de
1737 4551 1867 4607 sella

272 4664 440 4730 cadit,
470 4670 525 4716 et
550 4660 723 4715 fracta
748 4656 962 4713 cervice
997 4652 1182 4708 interit
1223 4647 1422 4721 (Ibid.,
1467 4644 1696 4713 1v,18);
1724 4643 1868 4713 quod

273 4769 372 4809 rex
400 4752 530 4807 Saul
555 4749 779 4808 obedire
820 4748 931 4803 Deo
972 4744 1027 4800 in
1056 4741 1474 4797 Amalecitarum
1519 4735 1869 4792 demolitione

273 4846 449 4902 noluit
473 4842 527 4916 (1
557 4842 689 4914 Reg.
713 4857 804 4907 xv,
827 4839 902 4911 9),
934 4836 1031 4893 sed
1066 4850 1175 4890 non
1203 4831 1375 4889 multo
1402 4837 1527 4902 post
1548 4836 1602 4884 et
1628 4828 1793 4882 vitam
1814 4832 1869 4880 et

272 4951 501 5006 regnum
541 4934 721 4989 amisit
759 4931 813 5004 (Ι
858 4930 990 5002 Reg.
1020 4942 1168 4992 xxxi,
1202 4923 1277 4997 5).
1310 4924 1415 4978 Sed
1471 4923 1585 4977 haec
1614 4920 1866 4975 nimirum

271 5030 451 5101 plana,
475 5028 617 5086 sicut
644 5027 825 5098 placet
846 5028 895 5096 2
924 5019 1367 5092 simplicioribus,
1399 5017 1650 5071 doctores
1671 5011 1865 5077 sancti,

274 5128 332 5175 ut
357 5120 521 5189 digna
546 5115 876 5174 sublimitate
906 5112 1285 5184 perciperent,
1313 5123 1500 5164 eorum
1531 5105 1862 5160 intellectum

274 5228 381 5268 non
411 5212 467 5266 in
506 5210 849 5279 simplicitate
872 5205 1197 5278 quaesierunt
1233 5202 1444 5264 litterae,
1480 5198 1574 5253 sed
1603 5197 1657 5252 in
1682 5196 1863 5251 volatu

274 5304 570 5373 allegoriae.
601 5301 737 5359 llinc
763 5310 845 5357 est
871 5299 1016 5355 enim
1042 5297 1185 5368 quod
1215 5312 1336 5351 cum
1364 5301 1583 5350 sanctus
1611 5288 1866 5362 Augusti-

274 5411 375 5453 nus
402 5394 489 5467 (L.
522 5409 636 5450 xvu
664 5395 727 5449 de
756 5392 905 5448 Civit.
931 5391 1067 5459 Dei,
1094 5407 1140 5443 ε.
1184 5388 1240 5459 4)
1267 5386 1400 5441 duas
1430 5386 1639 5441 Elcanae
1669 5396 1865 5438 uxores

1971 4378 2139 4433 robur
2165 4392 2387 4433 suorum
2429 4393 2657 4448 operum
2695 4377 2969 4445 tollerent,
3010 4374 3395 4445 plenitudinem
3441 4389 3575 4430 vero

1970 4467 2114 4523 illius
2141 4468 2195 4522 in
2221 4484 2331 4523 suae
2355 4467 2701 4524 sublimitatis
2725 4474 2937 4523 secreto
2968 4465 3319 4522 indiscussam
3343 4471 3576 4534 prmter-

1971 4559 2145 4627 irent,
2182 4559 2311 4629 quid
2340 4558 2484 4613 aliud
2513 4573 2674 4628 agere
2715 4558 2818 4613 visi
2851 4564 2996 4621 sunt,
3020 4571 3181 4626 quam
3211 4556 3277 4611 de
3305 4556 3574 4611 immenso

1971 4664 2131 4705 amne
2175 4649 2377 4719 aliquid
2426 4663 2644 4719 capere,
2689 4646 2835 4718 quod
2880 4646 3185 4703 sitientibus
3235 4642 3470 4699 ﬁdelium
3518 4643 3574 4713 3

1973 4742 2243 4799 mentibus
2270 4741 2658 4812 propinarent?

2043 4834 2097 4890 2.
2128 4833 2372 4902 Quorum
2406 4832 2651 4904 profecto
2690 4844 2900 4887 morem
2928 4844 3029 4884 nos
3076 4842 3291 4899 quoque
3328 4829 3385 4883 in
3426 4839 3572 4897 prae-

1970 4923 2111 4979 senti
2155 4938 2319 4994 opere
2346 4921 2639 4993 sequimur,
2671 4919 2763 4990 qui
2793 4920 2860 4974 ad
2908 4919 3182 4988 ingentem
3219 4918 3361 4971 hanc
3396 4915 3572 4971 histo-

1969 5016 2105 5071 riam
2136 5015 2310 5085 gratia
2337 5012 2643 5085 aperiendae
2672 5011 3043 5082 intelligentia:
3083 5008 3200 5078 ejus
3234 5007 3568 5073 accedimus,

1971 5112 2123 5181 cujus
2178 5118 2362 5165 tamen
2412 5108 2816 5164 universitatem
2872 5103 3247 5175 exponendam
3295 5100 3573 5170 suscipere

1971 5218 2082 5259 non
2107 5200 2383 5268 audemus,
2411 5199 2516 5255 hoc
2556 5198 2807 5254 videlicet
2840 5211 2873 5250 a
2911 5192 3146 5264 praefatis
3174 5189 3571 5247 venerabilibus

1972 5294 2220 5349 Patribus
2244 5293 2526 5357 distantes,
2577 5290 2701 5361 quia
2732 5304 2841 5343 non
2880 5287 3107 5359 sparsim
3145 5292 3201 5340 et
3229 5284 3299 5339 de
3344 5282 3570 5339 diversis

1972 5386 2107 5441 locis
2151 5384 2397 5454 eligimus
2435 5381 2581 5452 quod
2612 5378 2907 5450 exposituri
2936 5393 3146 5444 sumus,
3180 5390 3305 5431 cum
3349 5373 3426 5428 illi
3455 5389 3569 5430 non

272 5505 371 5564 per
393 5464 679 5548 historiam
707 5489 929 5559 legeret,
958 5486 1011 5541 in
1041 5483 1264 5557 planitie
1292 5481 1539 5539 lectionis
1565 5478 1862 5551 spiritalem
1888 5471 1936 5533 C
1968 5493 2036 5535 ex
2065 5479 2254 5534 ordine
2282 5477 2515 5546 aliquam
2545 5486 2710 5529 sacra:
2737 5471 2896 5541 hujus
2929 5469 3168 5526 historiae
3194 5476 3402 5540 partem
3421 5506 3437 5534 ,
3469 5464 3567 5522 sed

347 5678 374 5706 ι
403 5667 565 5722 Liber
583 5665 788 5735 primus
806 5662 1035 5731 Regum,
1056 5663 1171 5718 sive
1194 5659 1481 5727 Samuelis,
1501 5658 1703 5735 siliber
1722 5657 1867 5711 Ruth
2041 5655 2069 5694 δ
2094 5654 2288 5735 Mirum
2312 5649 2576 5735 excidisse
2625 5649 2751 5735 huic
2784 5645 3065 5735 scriptori
3080 5639 3563 5735 sanctum‘llilero:

276 5754 307 5793 a
350 5710 615 5794 ludi-curri,
632 5710 1177 5801 libro-disfinguavtur,
1210 5710 1863 5801 e'siﬁéiiié'iifcanone.
1970 5740 2189 5801 nymum
2236 5725 2429 5779 librum
2461 5723 2603 5801 hunc
2632 5710 3275 5801 S.an1uelis:ex_posuisse..
3309 5710 3562 5801 intelligit

275 5782 767 5869 ἓίῖῖὲἷηὸἿῖἒῶἷῖεἷ
800 5782 1597 5875 ﬁiiii'iiﬁﬁpe'nd’idé"iibii‘
1623 5782 1867 5859 iudicum
1972 5782 2241 5875 fortasse;
2253 5802 2310 5875 ut
2348 5801 2535 5862 postea
2565 5791 2839 5875 insinuare
2862 5782 3558 5875 )νίἀθιί1ςεΑ2‹ΞιιΞξξι-Ξξξιηξεξιέ-

975 5849 1069 5875 rw
1119 5849 1414 5875 “unum”
1456 5849 1578 5860 πυ
1625 5849 1867 5859 “ww—
1973 5849 2186 5925 ctorum
2201 5849 2421 5922 Patrum
2443 5861 2623 5920 omnia
2642 5860 2763 5918 libri
2782 5857 2941 5928 hujus
2962 5849 3215 5927 mysteria
3234 5849 3549 5920 explicasse.
