4044 6336
473 340 539 394 19
1645 334 1894 392 SANCTI
1932 333 2260 392 GREGORII
2300 337 2517 396 MAGNI
3671 352 3747 410 20

468 453 696 524 sparsim
714 449 1021 506 testimonia
1047 447 1289 519 quzedam
1317 447 1669 519 susciperent,
1696 464 1815 521 quae
1836 450 1903 504 ad
1927 465 2049 505 eru-
2082 452 2131 511 Α
2153 465 2410 544 aquarum
2441 455 2802 526 appellatione
2828 458 2932 516 illae
2958 476 3204 534 supernae
3240 464 3591 538 designantur
3626 486 3749 544 pro-

466 548 727 603 ditionem
763 546 1001 601 lldelium
1041 559 1309 616 exponere
1356 553 1382 582 ι
1414 544 1741 601 habuissent.
1785 546 1879 601 Dei
1921 559 2048 613 ergo

467 637 851 709 omnipotentis
878 634 1150 705 adjutorio
1184 634 1388 700 conﬁsi,
1415 651 1444 689 a
1482 635 1743 706 principio
1764 635 2048 690 voluminis

465 746 635 801 usque
674 730 741 786 ad
768 728 932 784 David
958 728 1099 798 regis
1127 728 1436 783 unctionem
1464 729 1751 799 explanare
1786 728 2047 798 proponi-

463 840 601 890 mus,
626 832 688 879 ut
705 822 856 879 brevi
876 822 999 888 isto,
1026 820 1171 891 quod
1189 821 1441 888 cernitur,
1466 822 1698 892 experiri
1717 821 1981 891 possimus
2000 822 2047 877 si

464 916 604 970 ultra
630 914 877 986 progredi
906 912 1225 983 exponendo
1253 912 1560 967 debeamus.
1578 912 1825 981 Plerique
1848 912 2046 967 etenim

461 1005 587 1060 dum
656 1003 1011 1060 immoderata
1059 1012 1404 1073 proponunt,
1451 1010 1795 1058 cxsecutores
1850 1018 2046 1072 propo-

459 1101 545 1155 siti
575 1100 656 1155 sui
682 1098 796 1154 ﬁeri
819 1115 1090 1168 nunquam
1120 1106 1361 1169 possunt,
1389 1099 1620 1154 maxime
1644 1115 1763 1154 cum
1787 1107 2045 1154 tractator

458 1192 598 1245 sacri
628 1190 825 1259 eloquii
870 1206 1076 1245 morem
1103 1198 1254 1259 gerat
1288 1190 1385 1244 viri
1415 1191 1466 1245 in
1508 1191 1613 1245 alta
1651 1191 1868 1260 specula
1909 1207 2041 1245 con-

457 1284 722 1349 sistentis,
756 1282 1033 1353 Scriptura
1062 1298 1191 1339 vero
1220 1297 1371 1339 sacra
1400 1282 1544 1340 silva:
1580 1286 1830 1342 vastioris
1857 1284 2045 1341 simili-

375 1423 378 1426 .
457 1374 716 1429 tudinem.
742 1374 843 1440 Qui
874 1374 1113 1443 profecto
1141 1375 1223 1429 vir
1248 1375 1297 1428 in
1329 1376 1437 1430 alto
1464 1377 1616 1444 situs,
1647 1377 1747 1431 etsi
1777 1386 1932 1433 acuta
1961 1379 2041 1432 vi-

454 1468 609 1524 sione
660 1469 894 1524 nemoris
947 1469 1249 1523 vastitatem
1296 1469 1637 1539 considerat,
1683 1478 1865 1527 tamen
1915 1472 2043 1527 dum

455 1575 667 1615 summa
740 1562 1049 1627 montium,
1101 1562 1227 1615 dum
1281 1569 1521 1617 extrema
1578 1563 1840 1631 collium,
1916 1565 2042 1619 dum

454 1651 711 1707 arborum
768 1654 939 1719 celsa,
968 1654 1021 1708 in
1075 1654 1304 1723 quadam
1352 1656 1657 1723 aequalitate
1699 1658 1803 1712 sibi
1842 1673 2042 1713 conve-

454 1742 657 1798 nientia
686 1745 929 1815 respicit,
961 1758 1122 1814 quam
1153 1758 1359 1815 magna:
1386 1746 1571 1814 valles,
1605 1762 1763 1816 quam
1796 1746 2042 1805 distenta:

2153 542 2325 599 funda:
2351 546 2717 617 intelligentiae
2742 552 3074 624 angelorum,
3104 555 3229 612 dum
3257 558 3396 615 sacri
3427 542 3641 632 eloquii
3660 566 3743 620 al-

2152 632 2431 689 titudinem
2461 636 2600 693 Deus
2629 638 2682 693 in
2708 641 2861 710 aquis
2893 650 3073 712 tegere
3101 646 3315 716 dicitur,
3338 658 3555 707 constat
3582 654 3748 710 nimi-

2150 738 2269 777 rum
2292 725 2416 795 quia
2437 728 2597 783 bomo
2617 744 2829 801 semper
2849 732 2939 787 illa
2964 736 3034 790 sit
3055 736 3277 795 inferior
3293 742 3380 797 cui
3418 743 3591 799 solum
3615 748 3733 816 ejus

2150 815 2403 872 inferiora
2430 820 2755 878 revelantur.
2801 823 2935 881 Hinc
2976 828 3138 883 etiam
3167 842 3263 901 per
3294 832 3513 906 Moysen
3540 839 3739 907 praci-

2149 907 2293 978 pitur
2305 917 2364 963 ut
2380 911 2498 978 agni
2518 912 2787 968 residuum
2806 915 2926 985 igne
2940 919 3284 976 comburatur
3297 921 3605 993 (Exod.‘xn,
3629 928 3743 999 l0),

2150 999 2274 1069 quia
2304 1000 2555 1057 videlicet
2583 1004 2871 1075 Scriptura:
2914 1024 3108 1078 sacrae,
3138 1028 3258 1083 qua:
3297 1016 3363 1069 ad
3407 1032 3745 1087 cognoscen-

2148 1089 2275 1145 dum
2315 1091 2735 1163 Redemptorem
2767 1108 2893 1153 sunt
2918 1101 3094 1169 editaz,
3127 1121 3227 1175 pro
3254 1108 3595 1166 sublimitatis
3634 1128 3747 1169 sua:

2148 1182 2407 1251 dignitate
2438 1189 2759 1243 venerandae
2799 1198 2927 1247 tunc
2955 1194 3117 1249 etiam
3147 1205 3271 1251 sunt
3297 1214 3418 1253 cum
3448 1216 3551 1255 non
3587 1202 3749 1258 intel-

2149 1272 2403 1340 ligantur.
2432 1273 2621 1345 itaque
2648 1279 2753 1333 etsi
2796 1279 2928 1335 nihil
2959 1291 3216 1353 pensatur
3239 1287 3384 1356 quod
3414 1302 3443 1341 a
3481 1304 3568 1344 me
3605 1291 3745 1347 dici-

2148 1373 2254 1430 tur,
2289 1367 2636 1424 nihilominus
2692 1374 3019 1439 pensandum
3094 1386 3177 1431 est
3227 1378 3351 1447 quia
3417 1380 3533 1437 haec
3585 1400 3742 1441 sacra

2148 1454 2446 1526 Scriptura,
2479 1475 2598 1530 quae
2630 1476 2659 1515 a
2684 1478 2767 1517 me
2795 1463 3011 1533 indigne
3034 1468 3338 1535 exponitur,
3366 1470 3414 1524 ei
3447 1474 3531 1527 cui
3561 1477 3739 1531 omni-

2150 1556 2342 1617 potens
2367 1550 2506 1605 Deus
2534 1563 2737 1608 secreta
2774 1556 2982 1624 aperire
3013 1558 3239 1614 voluerit
3281 1561 3422 1617 bona
3470 1573 3524 1620 et
3563 1568 3738 1623 subli-

2150 1638 2256 1692 mia
2288 1640 2452 1693 multa
2485 1641 2632 1696 dicit.
2665 1642 2939 1713 Scriptura
2970 1648 3169 1702 etenim
3204 1666 3355 1706 sacra
3388 1661 3495 1708 tam
3522 1658 3746 1713 mirabi-

2151 1728 2275 1803 liter
2303 1732 2371 1787 ab
2394 1732 2772 1803 omnipotente
2804 1736 2912 1793 Deo
2955 1738 3172 1795 condita
3201 1751 3281 1796 est
3299 1782 3314 1807 ,
3342 1753 3401 1799 ut
3430 1747 3528 1803 etsi
3556 1749 3741 1804 multi—

451 1833 701 1903 planities
727 1834 777 1890 in
808 1836 985 1890 medio
1013 1836 1237 1900 lateant,
1276 1852 1383 1890 non
1414 1838 1659 1892 attendit.
1694 1838 1797 1895 Sed
1826 1841 1870 1896 si
1912 1858 2038 1912 per-
2070 1836 2117 1897 B
2149 1820 2362 1889 ΡῙῘθίίθτ
2390 1823 2635 1879 Videam"
2660 1828 2905 1895 exposm
2928 1870 2943 1896 ν
2989 1845 3094 1885 ηοη
3140 1832 3333 1887 desum
3366 1844 3547 1892 tamen
3576 1840 3625 1893 εἰ
3652 1856 3742 1896 sc-
3783 1861 3789 1864 '

451 1923 726 1979 ambulare
770 1926 913 1995 quod
959 1925 1008 1979 ei
1048 1924 1213 1980 breve
1264 1926 1477 1980 videtur
1511 1928 1777 1997 coeperit,
1818 1940 2042 2000 repente

449 2016 727 2083 cognoscit
754 2017 878 2085 quia
908 2018 999 2086 qui
1027 2032 1086 2073 se
1116 2024 1288 2073 totum
1317 2019 1512 2077 vidisse
1540 2029 1851 2093 putaverat,
1886 2026 2041 2083 valde

447 2104 604 2174 plura
627 2116 1000 2163 remanserant
1015 2123 1132 2177 quae
1155 2125 1262 2163 non
1286 2109 1511 2166 viderat.
1533 2110 1689 2168 Unde
1705 2124 1760 2168 et
1780 2129 1921 2185 saepe
1942 2118 2041 2172 im-

448 2195 763 2253 moderatus
791 2196 969 2253 viator
987 2200 1268 2270 decipitur,
1302 2210 1361 2256 ut
1384 2210 1531 2258 tanto
1561 2205 1913 2274 periculosius
1938 2210 2042 2264 iter

447 2288 683 2358 expleat,
717 2300 918 2359 quanto
966 2300 1020 2347 et
1051 2308 1173 2347 eum
1204 2295 1257 2349 in
1300 2295 1406 2363 via,
1460 2298 1677 2367 expleto
1715 2299 1822 2367 die,
1867 2302 2040 2357 noctis

455 2395 611 2437 error
637 2382 941 2453 intercipit,
969 2386 1059 2454 qui
1088 2387 1232 2441 velut
1256 2387 1309 2441 in
1340 2389 1491 2458 parvi
1512 2389 1721 2445 itineris
1742 2392 1917 2461 spatio
1942 2408 2041 2449 nec

446 2473 555 2528 diei
578 2482 786 2544 partem
806 2490 864 2531 se
886 2477 1104 2547 explere
1120 2479 1393 2548 cogitavit.
1421 2481 1509 2537 Sic
1528 2482 1607 2538 sic
1620 2483 1890 2547 nimirum,
1913 2484 2039 2539 dum

448 2578 621 2619 sacrae
651 2566 886 2621 historia:
916 2567 1242 2625 intellectum
1278 2572 1333 2625 in
1369 2572 1595 2641 quadam
1626 2588 1880 2629 sensuum
1922 2576 2039 2645 ejus

444 2656 755 2712 summitate
794 2659 1219 2730 consideramus,
1268 2664 1649 2733 omnipotentis
1692 2664 1787 2720 Dei
1830 2667 2037 2735 gratia,

442 2745 592 2800 velut
622 2746 760 2802 altos
785 2748 1050 2816 opacioris
1080 2750 1229 2805 silvae
1256 2752 1485 2808 vertices
1513 2754 1580 2808 de
1609 2753 1842 2824 quadam
1870 2756 2039 2811 subli-

441 2835 632 2891 mitate
652 2836 995 2892 attendimus.
1027 2837 1135 2893 Sed
1165 2841 1289 2910 quia
1312 2840 1437 2897 dum
1468 2842 1627 2898 iidem
1657 2860 1845 2901 sensus
1868 2845 2043 2902 subti-

439 2920 545 2977 lius
573 2922 901 2980 considerari
930 2934 985 2981 ct
1011 2927 1241 2997 proferri
1279 2931 1559 3001 cmperint,
1592 2933 1727 2990 alios
1755 2952 1814 2991 se
1855 2936 2037 2992 multi~

441 3011 697 3084 pliciores
724 3016 974 3086 gignunt,
1003 3019 1149 3075 velut
1186 3021 1237 3076 in
1266 3022 1567 3093 superﬁcie,
1602 3036 1661 3082 ut
1690 3028 1919 3098 videtur,
1951 3040 2037 3087 to-

441 3105 549 3162 tius
575 3106 800 3180 inspecti
840 3111 1103 3179 nemoris,
1130 3120 1188 3169 at
1224 3115 1443 3171 vallium
1472 3132 1708 3175 concava
1736 3130 1791 3176 et
1818 3122 2036 3179 distenti

439 3195 471 3236 b
502 3197 688 3255 Matini
715 3200 885 3256 latent
909 3205 1102 3273 spatia,
1126 3220 1245 3274 quae
1270 3222 1377 3263 non
1403 3208 1670 3266 videntur.
1698 3210 1885 3269 Tutius
1910 3230 2038 3285 ergo
2065 3223 2115 3287 ο

440 3290 733 3361 gradimur,
757 3294 803 3348 si
844 3295 923 3349 sic
952 3297 1206 3354 metimur
1233 3315 1296 3355 ea
1328 3316 1445 3371 qua:
1470 3304 1760 3372 cernimus,
1788 3314 1847 3361 ut
1875 3308 2039 3363 etiam

440 3398 506 3439 ea
550 3398 669 3453 quae
706 3386 1049 3455 procedendo
1079 3388 1246 3446 visuni
1287 3408 1471 3449 sumus
1518 3398 1879 3465 percurrenda
1922 3415 2040 3456 esse

441 3475 761 3544 cogitemus.
790 3474 983 3547 Itaque
1005 3478 1130 3533 dum
1154 3481 1383 3549 ingentis
1405 3483 1642 3542 historiae
1669 3504 1892 3558 parvam
1916 3506 2040 3561 par-

443 3572 552 3619 tem
578 3566 871 3636 explanare
900 3571 1272 3643 proponimus,
1295 3590 1393 3645 pro
1416 3577 1633 3634 modulo
1656 3580 2040 3641 imbecillitatis

446 3664 647 3710 nostrm
694 3672 907 3713 cursum
956 3660 1164 3718 itineris
1192 3664 1244 3718 in
1286 3665 1483 3722 vicinio
1524 3670 1896 3737 terminamus,
1928 3682 2038 3729 tam

444 3742 699 3802 videlicet
742 3748 939 3817 ingenii
982 3754 1245 3811 tenuitate
1294 3756 1474 3824 difﬁsi,
1507 3775 1667 3831 quam
1699 3765 1839 3819 sacri
1878 3766 2038 3821 vuln-

445 3837 605 3895 minis
633 3841 997 3911 profunditate
1016 3848 1311 3916 perterriti.

513 3926 567 3983 3.
594 3929 700 3987 Sed
727 3941 781 3987 et
814 3935 1046 4003 primum
1076 3954 1182 3992 non
1227 3946 1336 3995 tam
1367 3940 1645 4001 instituere
1670 3961 1828 4017 quam
1876 3951 2036 4007 obsc-

443 4035 598 4079 crare
625 4024 887 4081 lectorem
919 4030 1124 4097 censui,
1155 4040 1214 4086 ut
1243 4033 1502 4093 inanitate
1531 4042 1879 4111 expositionis
1905 4062 2036 4103 mea:

440 4116 651 4187 pondus
681 4135 849 4176 sacra:
874 4121 1112 4179 historia:
1157 4141 1493 4198 nequaquam
1534 4143 1752 4202 penset,
1786 4140 1906 4207 quia
1951 4140 2036 4194 di-

354 4246 361 4249 -
441 4208 565 4264 vina
592 4210 807 4281 eloquia
838 4230 903 4270 ex
933 4232 1185 4273 mensura
1213 4228 1563 4279 tractatorum
1596 4243 1866 4299 nunquam
1896 4232 2039 4287 aesti-

440 4299 637 4356 manda
665 4312 810 4359 sunt.
833 4302 967 4359 Nam
992 4323 1092 4362 nec
1118 4307 1318 4365 idcirco
1339 4320 1463 4367 sunt
1494 4313 1888 4389 vilipendenda,
1911 4322 2035 4392 quia

441 4405 551 4444 non
582 4391 852 4448 subtiliter
894 4396 1342 4468 considerantur;
1377 4418 1477 4458 nec
1524 4406 1666 4461 celsa
1711 4417 1765 4462 et
1805 4391 2033 4467 venera-

440 4479 568 4534 bilia
592 4479 737 4550 ideo,
764 4484 889 4551 quia
912 4483 1138 4542 facunde
1165 4495 1219 4542 et
1243 4490 1514 4547 subtiliter
1534 4505 1891 4565 exponuntur.
1918 4498 2035 4555 Alia

2147 1921 2296 1967 creta
2331 1912 2524 1982 quibus
2546 1925 2726 1971 servet
2755 1918 2997 1987 occulta,
3036 1921 3159 1990 quia
3185 1921 3297 1978 fere
3345 1940 3616 1995 nunquam
3665 1932 3744 1987 sic

2146 2003 2455 2073 exponitur,
2488 2012 2547 2059 ut
2585 2006 2637 2061 ei
2676 2022 2785 2062 non
2828 2009 2979 2078 plura
3011 2023 3324 2069 remaneant
3351 2030 3471 2085 qua:
3499 2021 3742 2090 quotidie

2146 2102 2505 2160 exponentur.
2538 2093 2654 2161 Qua
2682 2096 2929 2165 profecto
2957 2100 3072 2170 ejus
3100 2101 3743 2175 incomprehensibilitate

2146 2185 2484 2255 omnipotens
2504 2186 2647 2243 Deus
2668 2190 2914 2247 humanm
2945 2197 3286 2253 mutabilitati
3315 2216 3507 2270 magna
3528 2203 3742 2275 dispen-

2145 2277 2355 2333 satione
2388 2280 2685 2347 consuluit;
2719 2298 2863 2348 nam,
2896 2293 2955 2339 ut
2975 2286 3232 2345 vilescere
3266 2299 3391 2346 nota
3419 2309 3525 2365 non
3547 2298 3737 2365 possit,

2144 2369 2222 2422 sic
2251 2369 2387 2424 mire
2418 2372 2677 2442 disposita
2703 2383 2805 2439 est,
2835 2386 2895 2430 ut
2916 2381 3131 2447 cognita
3155 2385 3426 2440 nesciatur
3443 2427 3457 2453 ,
3494 2395 3549 2443 et
3575 2404 3641 2445 eo
3664 2392 3741 2447 le-

2142 2468 2300 2527 gatur
2326 2462 2551 2531 gratius,
2581 2477 2690 2533 quo
2720 2467 2961 2533 quotidie
2990 2470 3251 2541 discitur;
3281 2490 3344 2532 ac
3373 2477 3499 2534 dum
3526 2496 3742 2554 semper

2144 2553 2379 2605 recentia
2410 2552 2641 2621 intimat,
2677 2558 2895 2612 suavius
2920 2559 3177 2618 oblectet.

2216 2641 2270 2698 ι.
2304 2641 2540 2701 Historia
2578 2662 2708 2718 ergo
2752 2649 2981 2719 Regum,
3012 2656 3139 2723 quia
3183 2671 3249 2713 eo
3291 2661 3483 2730 spiritu
3526 2665 3741 2722 condita

2143 2749 2252 2803 quo
2272 2743 2326 2791 et
2346 2745 2537 2793 caatera
2559 2739 2851 2812 Scriptum
2879 2754 3079 2802 sanctae
3101 2750 3377 2809 volumina
3401 2772 3741 2828 cognoscun-

2144 2836 2252 2891 tur,
2287 2844 2395 2884 non
2443 2831 2602 2887 debet
2632 2835 2778 2889 credi
2822 2837 2901 2893 eis
2956 2854 3074 2895 esse
3123 2843 3299 2900 minor
3345 2852 3740 2920 sacramentis,

2144 2919 2341 2988 quibus
2369 2936 2477 2976 non
2512 2930 2595 2977 est
2623 2922 2846 2982 inferior
2872 2928 3029 2985 titulo
3056 2935 3414 2994 auctoritatis.
3444 2938 3574 2995 Nam
3619 2919 3739 2998 om?

2143 3024 2240 3067 nes
2285 3010 2721 3099 scriptores‘ejus
2745 3019 3028 3090 prapbeta:
3057 3023 3221 3081 fuisse
3264 3027 3599 3101 referuntur,
3643 3035 3736 3105 qui

2144 3114 2269 3156 cum
2293 3101 2547 3160 historica
2578 3116 2831 3170 narrant.
2863 3112 3161 3182 spiritualia
3189 3118 3437 3189 signant;
3467 3101 3738 3183 exteriora

2145 3194 2458 3265 loquuntur,
2482 3207 2535 3255 et
2564 3200 2752 3258 intima
2783 3203 3043 3276 innuunt;
3071 3216 3285 3266 terrena
3316 3226 3645 3286 proponunt,
3678 3226 3739 3275 ut

2147 3292 2387 3348 caelestia
2434 3304 2815 3366 exsequantur.
2848 3298 3002 3357 Unde
3048 3312 3103 3359 et
3128 3304 3215 3361 hic
3256 3305 3393 3363 liber
3437 3310 3639 3379 primus
3682 3320 3740 3368 et

2144 3385 2413 3441 secundus
2435 3385 2674 3456 ejusdem
2696 3390 2935 3449 historice
2964 3394 3029 3449 ad
3052 3396 3155 3453 hoc
3175 3399 3455 3468 prophetae
3499 3402 3739 3459 Samueli

2145 3476 2460 3547 ascribitur,
2498 3488 2560 3534 ut
2604 3496 2672 3535 ex
2718 3486 2954 3541 auctoris
3002 3486 3156 3544 titulo
3204 3490 3467 3546 sentiatur
3514 3493 3738 3550 historia

2143 3578 2305 3633 quam
2349 3569 2579 3637 scribit,
2628 3587 2735 3627 non
2783 3582 2893 3631 tam
2941 3575 3164 3632 historia
3208 3592 3369 3648 quam
3415 3583 3737 3653 prophetia;

2143 3658 2371 3729 simplex
2398 3678 2635 3735 veraque
2678 3664 2879 3735 littera,
2911 3668 3007 3723 sed
3052 3671 3161 3726 alta
3191 3672 3351 3729 nimis
3378 3681 3434 3730 et
3476 3676 3738 3749 multipli-

2142 3749 2307 3804 citate
2333 3753 2669 3809 occultorum
2696 3771 2955 3814 sensuum
2984 3761 3270 3830 profunda.
3302 3764 3411 3823 Nos
3450 3775 3630 3823 autem
3669 3770 3740 3826 de

2144 3849 2297 3897 tanto
2328 3844 2442 3913 ejus
2470 3845 2711 3915 pondere
2752 3864 2853 3916 pro
2882 3850 3043 3906 modo
3071 3855 3378 3922 pusillitatis
3411 3867 3608 3915 nostra:
3646 3876 3737 3916 as—

2140 3935 2402 3989 sumimus
2448 3934 2664 3990 ferenda
2712 3952 2831 4006 qua:
2859 3954 3163 4008 possumus.
3213 3944 3346 3998 Nam
3387 3962 3509 4002 cum
3557 3952 3740 4009 suavis

2141 4024 2211 4080 sit
2237 4027 2290 4081 in
2316 4027 2597 4095 superﬁcie
2621 4026 2833 4097 litterm,
2856 4028 3016 4084 altior
3042 4031 3097 4086 in
3128 4032 3267 4103 typis
3291 4035 3583 4105 allegoriae,
3614 4056 3735 4095 mo-

2140 4123 2291 4178 ribus
2327 4120 2656 4176 instruendis
2686 4121 2863 4188 utilis,
2894 4122 3071 4179 lucida
3102 4125 3157 4180 in
3184 4128 3443 4199 exemplis
3473 4133 3736 4189 exhiben-

2143 4212 2246 4282 dis,
2278 4213 2332 4268 in
2363 4213 2496 4268 locis
2526 4220 2706 4268 tamen
2753 4214 2978 4283 singulis
3022 4222 3077 4269 et
3105 4216 3360 4274 historica
3390 4234 3652 4287 asserere,
3682 4232 3751 4280 et

2142 4305 2320 4377 typica
2368 4301 2632 4374 proferre,
2664 4311 2719 4359 et
2765 4302 3013 4359 conferre
3041 4306 3301 4376 moralia,-
3339 4318 3394 4363 et
3428 4326 3737 4382 proponere

2140 4397 2389 4469 exempla
2419 4397 2625 4467 refugio
2652 4414 2666 4464 ;
2689 4413 2995 4467 quanquam
3024 4399 3126 4454 alia
3156 4402 3255 4456 sub
3284 4417 3393 4458 uno
3422 4403 3696 4461 intellectu
3715 4445 3731 4470 ,

2140 4488 2429 4559 adjuvante
2446 4488 2691 4551 Domino,
2716 4488 2815 4544 sim
2835 4490 3196 4559 expositurus,
3214 4492 3319 4547 alia
3338 4509 3469 4550 vero
3489 4496 3587 4550 sub
3615 4497 3733 4566 plu-

440 4570 641 4641 quippe
684 4572 850 4629 virtus
888 4585 969 4631 est
1008 4591 1125 4647 qua:
1162 4579 1303 4649 apud
1351 4583 1529 4639 saeculi
1570 4588 1841 4656 sapientes
1886 4598 2034 4647 tanta
2063 4607 2118 4667 D
2141 4584 2310 4639 ribus.
2342 4584 2573 4641 Maxime
2593 4602 2714 4641 cum
2745 4586 2828 4641 his
2850 4588 3184 4656 temporibus
3214 4590 3482 4646 scribendi
3509 4607 3733 4662 operam

438 4662 688 4733 habetur,
713 4677 971 4736 quantum
994 4685 1112 4726 eam
1143 4674 1403 4733 extollere
1430 4689 1654 4749 possunt
1674 4686 1928 4754 praeclara
1953 4688 2033 4745 in-

439 4756 614 4823 genia.
647 4756 810 4814 Sacra
840 4776 969 4818 vero
1003 4762 1300 4837 Scriptura,
1331 4770 1457 4839 quia
1496 4771 1749 4832 divinitus
1778 4777 2033 4849 inspirata

440 4855 540 4913 est,
567 4855 719 4904 tanto
742 4850 1022 4910 sublimius
1043 4857 1205 4912 etiam
1234 4861 1489 4929 praeclara
1518 4864 1793 4921 hominum
1822 4869 2035 4937 ingenia

441 4947 681 5007 superat,
714 4955 917 5012 quanto
948 4946 1048 5016 ipsi
1076 4949 1320 5018 prarclari
1345 4953 1591 5013 homines
1617 4956 1729 5013 Deo
1753 4956 2035 5018 inferiores

440 5035 585 5093 sunt,
617 5036 673 5084 et
703 5031 834 5087 nihil
858 5033 911 5088 in
938 5036 1028 5091 illa
1059 5039 1286 5108 spiritali
1308 5044 1635 5102 sublimitate
1663 5051 2032 5119 conspiciunt,

438 5119 542 5173 nisi
571 5119 716 5189 quod
740 5122 819 5178 eis
844 5122 1013 5195 ipsius
1037 5129 1228 5186 divinze
1251 5132 1576 5202 dignationis
1604 5136 1848 5197 bonitate
1877 5158 2033 5200 reve-

439 5209 599 5266 latur.
632 5211 802 5272 Nemo
832 5216 993 5287 igitur
1022 5220 1076 5277 in
1107 5224 1223 5294 ejus
1252 5227 1473 5285 scicntia
1502 5229 1577 5285 ita
1621 5231 1891 5301 perfectus
1915 5246 2030 5305 est,

440 5297 495 5369 4
517 5309 572 5353 ut
593 5305 859 5372 prolicere
884 5310 1025 5367 ultra
1050 5328 1156 5369 non
1181 5317 1373 5384 possit,
1407 5318 1531 5385 quia
1558 5297 1780 5377 inferior
1808 5334 1891 5380 est
1920 5297 2036 5383 orn;

444 5388 527 5441 nis
551 5390 821 5458 profectus
836 5397 1088 5469 hominis,
1109 5403 1398 5460 divinitatis
1422 5408 1703 5467 altitudine
1726 5428 1842 5469 eam
1868 5418 2036 5487 inspi-

444 5480 631 5567 rantis.
666 5478 819 5542 Unde
864 5497 919 5543 et
947 5506 1042 5559 per
1069 5489 1405 5551 Psalmistam
1435 5498 1501 5553 de
1532 5498 1760 5559 Domino
1800 5478 1993 5564 dicitur
2019 5530 2032 5567 :

449 5563 546 5629 Qui
578 5574 699 5643 tegit
718 5575 773 5630 in
802 5580 951 5649 aquis
978 5582 1248 5648 superiora
1269 5588 1381 5656 ejus
1408 5586 1531 5656 (Ps.
1565 5605 1675 5660 cm,
1695 5590 1772 5663 5).
1806 5594 1864 5651 Si
1892 5563 2036 5656 enim

518 5752 543 5818 ξ*
576 5746 742 5804 αίιοι.
764 5793 781 5818 ,
799 5754 1113 5812 debuissent.

522 5815 546 5854 ι)
576 5815 808 5877 Matinus
838 5838 992 5884 mons
1026 5839 1106 5885 est
1132 5829 1413 5892 Calabriae.
1444 5834 1663 5912 Horat.,
1694 5844 1840 5912 epod.
1872 5843 1959 5901 16:

2141 4675 2271 4730 dare
2296 4678 2620 4745 censuerim,
2650 4677 2703 4733 in
2732 4679 2925 4749 quibus
2956 4683 3080 4735 dum
3107 4683 3357 4739 cordibus
3376 4685 3732 4755 quorumdam

2141 4771 2628 4827 ecclesiasticorum
2656 4772 2894 4828 virorum
2923 4782 3075 4829 vetus
3104 4776 3410 4833 sollicitudo
3448 4779 3732 4836 mundana:

2140 4860 2457 4916 intentionis
2482 4862 2836 4932 immergitur,
2862 4879 3003 4920 nova
3026 4866 3292 4923 scribendi
3313 4870 3489 4925 studia
3516 4885 3584 4925 eo
3612 4886 3732 4928 esse

2140 4951 2410 5023 superﬂua
2449 4953 2723 5024 judicant,
2776 4970 2883 5026 quo
2927 4966 2983 5013 et
3029 4959 3311 5017 doctorum
3345 4964 3731 5020 venerabilium

2140 5043 2415 5100 abundare
2444 5054 2624 5102 vetera
2651 5063 2759 5103 non
2789 5049 3055 5119 ignorant.
3098 5051 3200 5118 Qui
3241 5052 3491 5109 nimirum
3520 5058 3733 5113 ratione

2139 5137 2494 5194 convincendi
2526 5148 2738 5205 essent,
2769 5140 2871 5195 nisi
2900 5142 3110 5209 signum
3142 5145 3444 5212 calumnim,
3484 5149 3729 5218 exposita

2138 5226 2337 5295 fronte,
2368 5232 2782 5299 praetenderent.
2816 5232 2949 5287 Nam
2972 5236 3062 5302 qui
3094 5250 3231 5290 nova
3258 5236 3403 5291 velut
3430 5254 3567 5294 nova
3595 5257 3731 5297 con-

2140 5327 2403 5385 temnunt,
2438 5321 2525 5375 illa
2569 5339 2687 5393 qua:
2719 5325 2949 5394 probant
2976 5334 3176 5391 vetera,
3211 5343 3461 5383 curarum
3498 5332 3726 5388 saecula-

2140 5413 2279 5467 rium
2300 5415 2581 5469 saturitate
2602 5416 2897 5471 fastidiunt.
2923 5417 3068 5484 Quos
3092 5434 3221 5475 sane
3248 5421 3425 5488 plures
3450 5423 3549 5478 sub
3570 5423 3727 5479 unius

2140 5504 2493 5561 denotatione
2519 5505 2797 5577 Scriptura
2822 5510 3057 5577 exponit,
3096 5512 3317 5568 dicens:
3350 5513 3538 5567 Anima
3577 5524 3721 5569 satu—

2140 5610 2261 5658 rata
2286 5600 2505 5657 calcabit
2526 5605 2696 5673 favum
2714 5601 2891 5673 (Prov.
2917 5619 3079 5670 xxvu,
3103 5606 3180 5677 7).
3207 5606 3378 5664 Favus
3398 5610 3597 5681 quippe
3616 5608 3724 5667 mel

2326 5839 2486 5891 Padus
2510 5815 2699 5895 Matina.
2712 5786 3176 5898 ιᾶγὶίιιἙῖἮωθ.
