4044 6336
294 384 361 440 ει
1118 373 1183 428 ΙΝ
1218 372 1483 429 PRIMUM
1525 372 1763 430 REGUM
1802 372 2311 433 EXPOSITIONES.
2352 377 2773 437 PROG‘IMIUM.
3487 394 3558 449 22

297 509 499 556 novum
524 494 787 552 continet.
814 492 978 558 Quasi
1004 505 1134 561 ergo
1159 490 1305 548 dicat
1335 510 1350 547 :
1381 491 1516 547 Dum
1545 498 1881 548 terrenarum
1908 494 1959 554 Α
1986 489 2095 546 Sed
2120 500 2175 547 et
2197 493 2289 549 ubi
2319 495 2372 564 Β
2397 497 2576 553 minus
2602 498 2780 567 placet
2802 502 2947 569 quod
2986 504 3191 574 peritus
3216 505 3384 565 lector
3407 510 3555 567 inve-

296 605 475 650 rerum
496 600 628 645 cura
658 583 1061 640 immoderatius
1089 585 1344 654 pascitur,
1359 584 1416 639 in
1431 598 1493 640 ea
1516 585 1567 657 5
1585 597 1705 653 quae
1727 582 1886 643 valde

296 682 513 746 placere
559 676 701 734 solet
743 674 952 731 recenti
1005 673 1400 746 Scripturarum
1450 674 1731 732 dulcedine
1775 690 1885 731 non

295 777 531 833 lzetatur.
576 771 683 830 Sed
726 770 852 842 quia
900 768 1061 838 hujus
1086 782 1254 826 sacrae
1296 767 1537 824 historia:
1582 778 1887 827 commenta

295 878 538 925 veterum
558 863 706 921 nulla
728 860 1028 932 reperiunt,
1055 860 1254 917 rectius
1273 868 1459 929 agunt,
1479 858 1527 917 si
1556 874 1693 931 opus
1713 860 1886 919 nostri

294 959 501 1019 laboris
543 971 610 1012 ea
654 954 919 1011 charitate
958 967 1063 1023 qua
1091 951 1159 1007 ad
1204 951 1490 1008 utilitatem
1541 952 1887 1022 parvulorum

294 1058 494 1105 sancta:
519 1045 772 1103 Ecclesiae
797 1043 1126 1115 impenditur
1152 1044 1563 1113 amplectantur,
1591 1054 1648 1102 et
1675 1060 1776 1116 pro
1800 1059 1887 1103 re-

294 1143 717 1216 prehensionum
735 1138 983 1197 molestia
1010 1138 1166 1196 nobis
1189 1138 1243 1195 in
1273 1146 1422 1195 tanta
1451 1137 1742 1210 Scriptum
1761 1154 1887 1210 pro-

294 1234 559 1293 funditate
583 1231 732 1289 velut
755 1230 1015 1288 altissimo
1032 1230 1225 1301 pelago
1252 1230 1620 1289 laborantibus
1640 1232 1886 1302 praesidia

294 1327 604 1384 orationum
632 1321 826 1379 ferant.
854 1320 996 1376 Hinc
1030 1321 1282 1379 nimirum
1311 1322 1481 1378 nostri
1506 1321 1715 1379 sudoris
1742 1321 1886 1379 fruc-

296 1422 415 1473 tum
437 1428 597 1471 sunm
625 1410 849 1477 faciunt,
878 1410 1005 1481 quia
1027 1410 1155 1467 dum
1183 1427 1252 1468 ex
1280 1412 1614 1482 benignitate
1633 1412 1884 1483 diligunt,

297 1504 369 1562 ad
392 1513 608 1561 aeternae
634 1502 1085 1559 remunerationis
1104 1502 1208 1559 sibi
1230 1503 1506 1560 cumulum
1533 1512 1790 1570 vertunt,
1828 1511 1887 1561 et

297 1594 442 1667 quod
462 1592 627 1649 tantis
647 1590 982 1663 temporibus
1005 1599 1115 1646 tam
1136 1591 1317 1649 clausa
1341 1598 1395 1648 et
1416 1592 1718 1664 inexposita
1742 1591 1886 1648 Scri-

296 1694 456 1760 ptura
483 1684 551 1739 ad
581 1696 922 1741 communem
952 1681 1360 1752 intelligentiam
1390 1682 1618 1750 ducitur,
1645 1690 1700 1738 et
1737 1682 1883 1752 quod

1986 582 2126 638 nerit
2146 622 2163 651 ,
2195 583 2501 642 consideret
2522 587 2665 655 quod
2692 589 2820 645 dum
2845 591 3142 660 spiritalem
3188 594 3466 653 historiam
3504 610 3559 657 et

1985 675 2109 766 altis
2132 677 2374 736 sensibus
2410 681 2729 750 profundam
2757 726 2774 753 ,
2816 687 2965 744 velut
3003 691 3181 760 magni
3219 693 3395 766 pelagi
3433 711 3559 766 pro-

1984 765 2151 822 cellas
2194 775 2359 823 nauta
2405 771 2723 840 peregrinus
2761 777 3080 845 aggredior,
3137 765 3561 851 reprehensibile

1986 862 2141 919 valde
2169 879 2276 922 non
2315 872 2398 921 est
2425 866 2472 922 si
2507 868 2933 937 gubernaculum
2967 871 3181 930 dicendi
3200 877 3425 946 pulchre
3451 896 3560 936 non

1987 952 2223 1022 ducitur,
2247 970 2369 1012 cum
2396 965 2709 1027 spumantes
2749 961 3015 1018 undarum
3054 965 3283 1022 vertices
3312 968 3520 1023 irrunnt
3542 1011 3560 1037 ,

1985 1049 2078 1117 qui
2118 1050 2500 1119 peritissimum
2539 1055 2780 1124 regimen
2806 1071 2949 1127 saepe
2975 1058 3187 1116 solvere
3223 1061 3433 1121 clavum
3470 1078 3565 1120 co-

1984 1148 2137 1212 gunt.
2160 1141 2249 1199 Sic
2276 1143 2355 1200 sic
2382 1144 2632 1201 nimirum
2658 1162 2759 1204 nec
2778 1148 2977 1206 silvosa
3001 1151 3181 1207 colere
3201 1152 3425 1211 devotus
3450 1171 3565 1211 ara-

1987 1244 2074 1293 tor
2100 1236 2403 1305 ingrediens
2425 1247 2603 1296 rectas
2624 1242 2894 1298 sulcorum
2922 1243 3160 1314 disponit
3187 1244 3357 1301 lineas
3380 1285 3396 1312 ,
3423 1247 3471 1302 si
3499 1260 3565 1302 ea

1984 1333 2134 1404 prius
2179 1333 2404 1391 reducto
2431 1328 2655 1391 vomere
2698 1339 2893 1407 sapius
2928 1353 3037 1395 non
3082 1338 3392 1405 rescindat,
3440 1340 3566 1409 quia

1985 1432 2161 1481 artem
2189 1425 2422 1483 facilitas
2450 1425 2596 1481 nulla
2627 1428 2887 1497 sequitur,
2917 1430 2965 1484 si
2993 1429 3237 1487 eamdem
3265 1429 3450 1485 arandi
3471 1444 3568 1499 pe~

1985 1517 2165 1574 ritiam
2206 1518 2538 1574 consuetudo
2583 1520 2811 1575 culturae
2862 1521 3054 1589 praeire
3100 1522 3246 1577 nulla
3298 1522 3562 1577 videatur.

1985 1608 2185 1666 Verum
2224 1624 2324 1666 nec
2350 1610 2625 1681 planitiem
2663 1609 2902 1668 historiae
2929 1610 3051 1679 quis
3082 1612 3184 1668 hac
3210 1612 3567 1672 aestimatione

1984 1701 2313 1766 consideret,
2340 1700 2465 1770 quia
2491 1701 2809 1771 plerumque
2836 1709 2988 1757 tanto
3015 1701 3283 1758 difﬁcilius
3307 1702 3375 1757 ad
3404 1702 3566 1773 spiri-

296 1775 505 1851 parvuli
541 1781 741 1831 sanctae
781 1771 1030 1831 Ecclesia:
1073 1772 1201 1829 dum
1250 1773 1306 1828 in
1356 1774 1553 1831 veteris
1594 1773 1884 1846 Scripturae

1987 1790 2174 1845 talium
2200 1804 2459 1846 sensuum
2485 1799 2697 1846 secreta
2724 1790 3105 1860 pertingimus,
3153 1803 3357 1863 quanto
3397 1771 3454 1847 in
3479 1792 3567 1846 lit-

297 1863 619 1934 tegminihus
645 1876 799 1919 nova:
825 1861 1099 1932 religionis
1119 1862 1461 1933 splendorem
1480 1865 1796 1938 suscipiunt,
1822 1867 1879 1924 in

1987 1887 2096 1938 tera
2110 1881 2338 1952 planiori
2359 1890 2691 1938 secretorum
2717 1881 2959 1938 adituum
2985 1882 3150 1938 situm
3174 1861 3390 1953 longius
3414 1882 3567 1938 vide-

298 1953 546 2024 profectu
566 1968 677 2010 suae
699 1952 1005 2011 devotionis
1032 1951 1373 2024 adjuvantur.

367 2044 423 2099 5.
465 2044 572 2101 Sed
593 2043 719 2116 quia
738 2042 791 2100 in
812 2042 1038 2100 diversis
1056 2051 1365 2100 sanctorum
1389 2044 1607 2101 Patrum
1628 2047 1882 2119 operibus

302 2134 519 2192 diversa
544 2135 703 2206 hujus
728 2136 961 2192 historiae
1000 2135 1309 2192 testimonia
1337 2137 1682 2193 inveniuntur
1709 2155 1880 2211 expo-

300 2224 431 2292 sita,
464 2233 653 2281 notare
678 2225 845 2283 lector
872 2226 1031 2283 debet
1058 2228 1185 2297 quia
1208 2227 1505 2299 aliquando
1545 2244 1733 2285 eorum
1761 2247 1882 2288 sen-

301 2328 412 2370 sus
427 2313 707 2370 tractando
732 2314 1033 2385 subsequor
1054 2354 1073 2383 ,
1120 2316 1408 2386 aliquando
1437 2324 1615 2373 autem
1649 2318 1883 2375 enodare

302 2404 585 2460 historiam
613 2404 767 2461 aliter
792 2405 1016 2473 insudo,
1050 2415 1181 2461 utet
1210 2422 1347 2477 opus
1381 2408 1525 2478 quod
1561 2423 1657 2479 spe
1693 2408 1884 2466 divinae

306 2495 670 2567 inspirationis
698 2497 999 2567 aggredior,
1027 2506 1082 2554 et
1101 2499 1441 2569 antiquorum
1465 2507 1677 2571 patrum
1698 2509 1882 2557 aucto-

307 2588 468 2645 ritate
493 2589 564 2646 sit
590 2589 845 2658 validum,
876 2599 931 2647 et
958 2591 1145 2647 lectori
1167 2606 1503 2665 nequaquam
1526 2592 1882 2662 fastidiosum,

308 2678 433 2735 dum
463 2680 603 2736 inter
630 2696 693 2737 ea
714 2696 834 2754 quae
869 2682 1021 2737 novit
1050 2690 1231 2738 vetera
1261 2697 1325 2738 ea
1364 2683 1525 2738 etiam
1554 2683 1604 2739 ei
1632 2698 1750 2755 quae
1778 2700 1888 2739 non

310 2771 458 2826 novit
485 2787 627 2827 nova
668 2781 1040 2844 repraesentat.
1081 2773 1161 2828 Ad
1191 2788 1352 2846 quam
1399 2773 1640 2846 profecto
1669 2782 1888 2833 senten-

310 2864 506 2919 tiarum
532 2864 1026 2935 pronuntiationem
1048 2865 1334 2937 aliquando
1358 2881 1427 2922 ex
1453 2866 1773 2924 necessitate
1791 2867 1889 2923 du-

310 2968 424 3022 cor,
474 2955 599 3025 quia
645 2962 701 3012 et
729 2955 919 3013 Patres
946 2957 1282 3013 venerabiles
1320 2957 1365 3014 si
1416 2958 1653 3013 seriatim
1696 2969 1889 3017 cuncta

310 3054 647 3116 exponerent
672 3061 792 3116 quae
820 3061 887 3102 ex
911 3053 1063 3118 parte
1092 3047 1401 3118 tetigerunt,
1434 3063 1553 3103 eam
1582 3049 1779 3106 seriem
1808 3050 1889 3107 lo-

312 3137 543 3192 cutionis
570 3152 731 3207 quam
758 3144 943 3193 tenere
969 3138 1067 3193 visi
1092 3146 1214 3194 sunt
1240 3127 1524 3194 observare
1549 3155 1888 3212 nequaquam

1978 1987 2135 2040 mus;
2167 1982 2223 2029 et
2249 1987 2316 2029 eo
2342 1971 2461 2041 ejus
2486 1981 2708 2041 tangere
2732 1986 2944 2029 summa
2972 1989 3080 2029 non
3103 1989 3386 2043 possumus
3411 2015 3428 2042 ,
3458 1988 3567 2042 quo

1980 2062 2179 2130 gradus
2205 2070 2289 2118 est
2314 2061 2536 2119 inferior
2560 2061 2701 2118 unde
2725 2071 2947 2132 tangere
2992 2077 3202 2118 summa
3233 2063 3557 2132 cogitamus.

1984 2151 2124 2218 Quid
2153 2153 2297 2207 enim
2329 2160 2413 2207 est
2442 2152 2745 2209 intellectus
2767 2153 3096 2222 divinitatis,
3137 2152 3238 2210 nisi
3286 2152 3569 2210 ineﬁ‘abilis

1983 2242 2230 2312 quaedam
2274 2258 2484 2299 summa
2524 2243 2898 2301 celsitudinis?
2942 2242 3006 2298 Et
3052 2244 3179 2312 quia
3226 2244 3570 2313 omnipotens

1985 2336 2129 2392 Deus
2150 2352 2247 2406 per
2265 2334 2570 2405 Scripturas
2596 2336 2922 2404 agnoscitur,
2950 2334 3078 2404 quid
3099 2342 3181 2390 est
3200 2333 3387 2389 eadem
3415 2348 3568 2389 sacra

1985 2426 2261 2499 Scriptura
2285 2468 2302 2496 ,
2345 2427 2447 2485 nisi
2473 2428 2669 2496 gradus
2694 2427 2911 2496 quidam
2930 2467 2946 2493 ,
2976 2427 3070 2495 qui
3097 2425 3482 2481 conscenditur
3510 2432 3570 2480 nt

1988 2520 2079 2575 illa
2125 2521 2429 2575 sublimitas
2482 2520 2858 2589 contingatur?
2900 2518 3127 2585 Quoties
3169 2531 3299 2587 ergo
3348 2517 3571 2573 historia

1990 2610 2203 2681 planior
2231 2617 2334 2678 est,
2360 2609 2455 2666 sed
2483 2611 2645 2667 altior
2667 2610 2993 2677 intellectus,
3018 2610 3145 2680 quid
3170 2617 3254 2668 cst
3277 2609 3442 2674 aliud,
3467 2609 3571 2664 nisi

1989 2703 2116 2773 quia
2144 2704 2305 2761 talem
2333 2701 2559 2773 gradum
2589 2703 2679 2761 illa
2716 2703 3015 2759 sublimitas
3042 2703 3206 2758 habet
3226 2716 3255 2756 ε
3283 2716 3393 2771 quo
3414 2700 3573 2757 facile

1992 2795 2232 2863 contingi
2260 2810 2365 2850 non
2397 2795 2614 2864 potest?
2642 2793 2700 2851 Si
2728 2808 2858 2863 ergo
2895 2793 3095 2864 aliquid
3124 2792 3378 2848 indecens
3408 2793 3571 2847 etiam

1994 2883 2048 2938 in
2078 2882 2334 2952 planioris
2356 2882 2596 2939 historiae
2632 2880 3009 2951 explanatione
3039 2882 3211 2937 lector
3236 2880 3570 2949 inspexerit,

1998 2980 2149 3028 tanto
2181 2972 2456 3043 benignius
2482 2972 2611 3028 dare
2635 2971 2845 3027 veniam
2873 2970 3110 3041 poterit,
3154 2977 3360 3039 quanto
3404 2970 3573 3025 ratio-

1993 3064 2224 3120 nabilius
2261 3064 2506 3133 agnoscit
2533 3063 2681 3133 quia,
2728 3063 2854 3118 dum
2880 3076 2914 3117 a
2944 3062 3106 3133 plano
3159 3062 3305 3131 quod
3332 3061 3571 3118 cernitur

1996 3152 2064 3208 ad
2092 3153 2182 3208 illa
2210 3153 2460 3209 sublimia
2493 3153 2631 3209 ultra
2673 3168 2781 3209 non
2821 3151 3091 3209 tendimus
3114 3192 3128 3216 ,
3172 3149 3328 3206 facile
3358 3149 3573 3206 vacilla-

308 3226 627 3297 potnissent.
661 3227 794 3281 Dum
824 3228 985 3297 igitur
1008 3236 1316 3284 sanctorum
1344 3227 1564 3285 Patrum
1585 3231 1889 3289 intellectus
1914 3248 1961 3312 ο
1993 3259 2131 3301 mus,
2168 3243 2352 3300 priora
2396 3244 2559 3315 igiwr
2583 3244 2868 3301 voluminis
2888 3281 2908 3311 ,
2952 3243 3079 3313 quia
3108 3250 3218 3297 tam
3243 3250 3443 3299 sancta,
3470 3240 3573 3297 Ec.

311 3325 575 3388 praetereo
598 3356 613 3384 ,
646 3318 968 3373 necessitate
997 3318 1312 3388 aliquando,
1344 3319 1631 3395 aliquando
1653 3338 1890 3379 commo-

312 3407 480 3464 ditate
506 3418 646 3476 utor,
673 3410 796 3479 quia
820 3417 874 3465 et
903 3410 1172 3467 fastidium
1203 3411 1394 3469 lectori
1414 3428 1660 3478 amoveo,
1685 3423 1739 3470 et
1764 3416 1891 3471 dum

312 3506 484 3555 totum
514 3500 752 3555 seriatim
784 3501 1031 3571 discutio,
1061 3503 1227 3558 multa
1265 3519 1333 3559 ex
1368 3506 1559 3562 mediis
1587 3516 1776 3561 contra
1804 3521 1892 3562 me

310 3598 533 3653 veniunt
556 3612 677 3667 qua:
701 3598 915 3655 illorum
937 3600 1089 3671 sequi
1111 3601 1402 3656 sententias
1422 3617 1528 3657 non
1551 3601 1887 3671 permittunt.

315 3686 371 3743 ln
400 3706 507 3761 quo
535 3705 668 3747 sane
689 3706 853 3761 opere
887 3692 1143 3749 lectorem
1174 3694 1377 3763 ﬂagito,
1404 3702 1464 3749 ut
1492 3711 1603 3749 non
1633 3695 1794 3749 verba
1823 3711 1892 3750 ex

314 3780 679 3852 eloquentium
734 3792 1009 3839 oratorum
1056 3792 1255 3838 sancta:
1308 3782 1559 3839 Ecclesize
1609 3800 1891 3857 compara-

308 3868 458 3926 tione
485 3872 809 3937 consideret,
841 3870 936 3928 sed
963 3873 1348 3928 sententiarum
1377 3872 1679 3930 intellectus
1701 3891 1767 3930 ex
1796 3891 1887 3933 ec-

314 3959 623 4017 clesiasticae
675 3963 967 4034 disciplinae
1013 3966 1307 4021 rationibus
1352 3975 1580 4038 penset,
1624 3968 1748 4038 quia
1787 3970 1889 4025 etsi

309 4048 459 4121 juxta
482 4051 577 4107 Dei
603 4054 1018 4123 prohibitionem
1041 4056 1094 4111 in
1117 4057 1234 4127 ejus
1249 4057 1408 4113 domo
1437 4073 1626 4115 nemus
1646 4059 1889 4129 plantare

311 4144 494 4200 nescio
525 4144 700 4215 (Deut.
730 4162 819 4202 xv:
840 4189 855 4216 ,
885 4146 998 4219 21),
1030 4148 1269 4219 regulam
1315 4158 1493 4205 tamen
1515 4194 1530 4222 ,
1560 4165 1666 4223 qua
1704 4160 1891 4207 sancta

313 4233 593 4308 Scriptura
642 4238 874 4296 ﬁdeliter
912 4240 1219 4312 exponitur,
1262 4240 1318 4297 in
1362 4242 1511 4299 nullo
1552 4242 1889 4315 derelinquo.

1996 3341 2173 3397 clesia:
2203 3348 2542 3396 sacramenta
2571 3339 2870 3405 continent,
2902 3352 3064 3408 quam
3092 3352 3271 3393 mores
3293 3335 3452 3392 electi
3473 3336 3572 3390 ho-

1994 3432 2154 3487 minis
2181 3432 2575 3496 demonstrant,
2606 3429 2767 3498 positi
2800 3428 2856 3481 in
2898 3426 3077 3481 studio
3102 3426 3257 3480 home
3282 3436 3573 3480 conversa-

1997 3523 2178 3589 tionis,
2207 3523 2305 3578 sub
2336 3532 2566 3590 utroque
2593 3519 2871 3575 intellectu
2898 3517 3167 3586 sigillatim
3207 3517 3475 3582 edissere,
3514 3523 3576 3571 ut

1995 3628 2118 3669 cum
2144 3614 2199 3668 in
2224 3612 2430 3667 actibus
2457 3619 2701 3666 veterum
2728 3624 2880 3666 novae
2904 3608 3028 3665 ﬁdei
3064 3608 3301 3664 rationes
3325 3606 3572 3676 agnosci-

1994 3720 2133 3770 mus,
2168 3702 2221 3759 in
2258 3702 2337 3757 eis
2364 3702 2525 3757 etiam
2556 3700 2982 3757 conversationis
3024 3707 3221 3755 nostra:
3257 3698 3572 3754 aediﬁcatio-

1994 3806 2117 3847 nem
2144 3791 2438 3862 capiamus.
2463 3789 2571 3847 Sed
2596 3797 2654 3847 et
2697 3789 2823 3860 quia
2868 3789 2922 3844 in
2970 3788 3144 3845 salute
3169 3787 3405 3845 ﬁdelium
3442 3786 3575 3844 ﬁdes

1995 3885 2248 3956 operibus
2295 3883 2441 3954 prior
2481 3891 2601 3949 est,
2634 3882 2867 3954 typicam
2905 3882 3348 3951 signiﬁcationem
3373 3920 3389 3946 ,
3426 3880 3568 3936 veld

1994 3973 2219 4030 solidum
2250 3970 2674 4039 luridamentum,
2707 3971 3077 4042 praemittimus
3095 4010 3112 4038 ,
3141 3971 3233 4027 cui
3261 3970 3428 4026 totius
3452 3984 3572 4026 sus-

1998 4063 2141 4133 cepti
2172 4062 2352 4133 operis
2378 4060 2583 4119 fabrica
2631 4062 2685 4116 in
2728 4061 2921 4121 morali
2948 4062 3036 4119 vel
3073 4061 3329 4119 historica
3357 4060 3574 4131 exposi-

1996 4155 2145 4212 tione
2171 4154 2480 4229 imponatur
2510 4153 2596 4211 vel
2624 4153 3000 4224 subsequatur.

319 4400 3565 4435 mm

1509 4514 1855 4625 LIBER
1895 4540 2381 4626 PRIMUS.

791 4724 842 4797 5
879 4720 1105 4780 CAPUT
1141 4721 1429 4781 PRIMUM.

385 4819 446 4892 (1.
475 4819 610 4889 Reg.
638 4836 676 4886 ι,
710 4819 787 4889 1.)
828 4818 953 4873 Fuit
981 4820 1057 4873 vir
1101 4835 1234 4873 unus
1262 4818 1325 4872 de
1355 4817 1614 4872 Ramatha
1638 4817 1892 4888 Sophim,

308 4912 373 4967 de
398 4920 570 4967 monte
590 4909 866 4981 Ephraim,
898 4918 947 4964 et
976 4924 1158 4964 nomen
1183 4911 1293 4980 ejus
1323 4908 1583 4977 llelcana,
1604 4909 1742 4979 ﬁlius
1765 4907 1895 4963 Ilie-

305 5004 537 5067 roboam,
568 5002 669 5072 ﬁlii
696 5000 873 5067 Ileliu,
894 5001 991 5072 ﬁlii
1017 5000 1182 5069 Thau,
1205 5000 1304 5073 ﬁlii
1327 4999 1493 5070 Suph,
1524 4997 1888 5069 Ep/iralliazus.

378 5093 430 5148 l.
472 5094 641 5161 Quem
672 5108 800 5163 ergo
836 5094 918 5149 vir
942 5094 1042 5149 iste
1073 5093 1228 5147 nobis
1267 5092 1534 5157 insinuat,
1567 5092 1668 5147 nisi
1704 5091 1888 5146 Domi-

308 5202 436 5243 num
466 5202 532 5242 ac
562 5185 977 5256 Redemptorem
1000 5192 1265 5253 nostrum,
1297 5184 1386 5255 qui
1416 5192 1468 5239 et
1496 5184 1551 5239 in
1574 5183 1882 5239 inﬁrmitate

311 5286 509 5334 nostrae
537 5278 711 5332 carnis
737 5277 1019 5349 apparuit,
1051 5284 1106 5330 et
1137 5284 1315 5330 tamen
1345 5273 1587 5329 eamdem
1626 5282 1886 5344 susceptae

312 5379 516 5424 natum
562 5368 925 5425 inﬁrmitatem
973 5369 1093 5424 vitae
1133 5368 1453 5423 remissioris
1482 5367 1750 5422 blanditiis
1777 5382 1887 5423 non

310 5462 555 5532 subegit?
582 5461 675 5517 Vir
703 5463 899 5533 quippe
928 5478 959 5517 a
986 5462 1183 5517 virtute
1212 5460 1515 5515 nominatur
1541 5476 1553 5512 :
1586 5458 1759 5515 llomo
1789 5474 1886 5513 au-

315 5560 420 5605 tem
452 5551 505 5604 in
534 5550 782 5621 paradiso
808 5550 1085 5618 conditus,
1126 5550 1326 5605 bellum
1354 5564 1473 5603 cum
1515 5556 1759 5619 apostata
1789 5563 1885 5601 an-

314 5642 432 5712 gelo
462 5642 686 5713 habuit,
717 5642 803 5699 cui
845 5650 1022 5698 tamen
1067 5659 1163 5713 per
1190 5642 1605 5699 conditionalem
1634 5641 1886 5695 virtutem

315 5736 568 5789 resistere
608 5749 716 5789 non
748 5733 973 5790 curavit.
1002 5736 1056 5805 6
1082 5736 1257 5791 Fortis
1296 5748 1424 5803 ergo
1470 5733 1744 5798 conditus,
1793 5729 1885 5786 sed

290 5840 291 5845 ‘
318 5824 459 5885 hosti
487 5827 756 5885 enerviter
782 5826 1127 5899 subiugatus,
1156 5828 1238 5884 vir
1274 5842 1381 5885 non
1411 5824 1511 5884 fuit
1538 5840 1605 5883 ex
1631 5836 1883 5894 congres-

1923 4704 1978 4767 Ῐ)
2001 4720 2175 4789 sione,
2196 4720 2295 4793 qui
2317 4719 2421 4777 fuit
2440 4734 2509 4777 ex
2534 4732 2776 4776 munere.
2801 4718 2898 4775 Sic
2915 4719 3097 4791 itaque
3135 4720 3309 4776 factus
3331 4726 3416 4777 est
3455 4718 3568 4773 for-

1996 4814 2085 4882 tis,
2114 4823 2172 4873 ut
2196 4814 2448 4873 damnata
2468 4812 2701 4869 humana
2725 4818 2937 4879 natura,
2964 4811 3157 4867 victori
3180 4811 3322 4866 hosti
3357 4822 3567 4879 praeva-

1992 4906 2107 4961 lere
2135 4920 2241 4960 non
2267 4911 2486 4974 posset,
2527 4903 2571 4958 si
2598 4903 2736 4958 hanc
2763 4903 2853 4959 ille
2879 4917 2987 4957 non
3012 4906 3328 4965 assumeret,
3360 4898 3452 4967 qui
3481 4914 3571 4954 su-

1990 5011 2089 5067 pra
2116 4994 2362 5049 homines
2384 4993 2694 5049 exstitisset.
2724 4992 2923 5048 Factus
2964 4998 3050 5048 est
3091 4991 3273 5058 itaque
3300 4987 3571 5059 praeliator

1990 5096 2194 5152 noster,
2225 5086 2483 5142 Conditor
2510 5094 2714 5142 noster.
2754 5084 2861 5142 Sed
2887 5093 3065 5140 utrum
3087 5083 3170 5139 vir
3198 5081 3397 5149 fuerit,
3436 5094 3567 5135 nos-

1990 5177 2147 5243 citur,
2177 5177 2220 5233 si
2264 5192 2335 5232 ex
2362 5183 2577 5232 ostensa
2618 5176 2817 5232 virtute
2842 5174 3232 5232 consideretur.
3262 5170 3566 5239 Assumpsit

1993 5280 2232 5327 nostram
2260 5278 2525 5337 naturam,
2556 5284 2673 5339 quae
2702 5270 2828 5325 dum
2856 5268 2911 5324 in
2937 5268 3055 5339 ipso
3080 5267 3337 5331 vinceret,
3365 5262 3565 5318 nobili-

1958 5368 2156 5433 ,tatem
2186 5361 2454 5416 conditam
2480 5367 2792 5431 repararet,
2838 5365 2898 5413 et
2936 5358 3088 5412 ﬁeret
3113 5356 3168 5410 in
3206 5352 3566 5423 Redemptore

1992 5450 2198 5505 inﬁrma
2229 5451 2421 5517 valida,
2450 5466 2569 5521 quae
2598 5451 2650 5504 in
2674 5448 2840 5503 Adam
2871 5448 3009 5503 facta
3036 5446 3211 5502 fuerat
3236 5445 3389 5501 fortis
3411 5444 3563 5500 inﬁr-

1991 5536 2183 5611 ma°(M
2193 5543 2322 5597 att/1.
2353 5541 2448 5612 IV).
2474 5540 2568 5597 Cui
2592 5539 2859 5603 nimirum,
2891 5538 3017 5592 dum
3042 5536 3328 5607 jejunaret,
3353 5537 3406 5590 in
3437 5549 3559 5589 erc-

1992 5648 2081 5686 mo
2104 5640 2246 5687 tenta
2256 5640 2337 5688 tor
2357 5632 2543 5699 adfuit,
2573 5631 2804 5699 antiqua:
2825 5629 3058 5684 victoria:
3080 5643 3188 5683 sum
3208 5627 3317 5683 tela
3344 5639 3563 5694 repara-

1992 5725 2106 5791 vit,
2137 5726 2271 5794 gula:
2292 5766 2307 5791 ,
2338 5729 2386 5796 7
2418 5724 2663 5779 elationis
2707 5737 2769 5778 ac
2813 5722 3073 5792 superbiae
3097 5720 3272 5790 jacula
3316 5716 3558 5779 intorsit;

1990 5816 2086 5874 sed
2114 5832 2234 5874 eum
2257 5817 2355 5876 sibi
2386 5831 2478 5888 per
2504 5816 2685 5873 omnia
2711 5816 3049 5875 resistentem
3069 5812 3287 5883 reperit.
3318 5808 3412 5865 Vir
3432 5820 3558 5876 eri;0
