4044 6336
468 380 544 436 25
1672 376 1915 437 SANCTI
1953 376 2274 434 cusconu
2314 382 2526 442 MAGNI
3670 402 3743 459 ei

469 492 669 548 claruit
696 505 794 563 per
811 491 1110 559 victoriam,
1135 491 1224 563 qui
1249 491 1441 549 fortem
1468 490 1577 562 iam
1599 491 1862 548 victorem
1893 504 2049 559 apos-
2076 487 2131 549 A
2155 487 2353 547 Paulus
2398 496 2510 550 ait:
2554 497 2939 559 Abundantium
2980 506 3201 576 gratim,
3236 515 3286 562 et
3321 507 3617 566 donationis
3644 556 3660 583 ,
3698 521 3750 570 et

469 590 640 640 tatam
670 584 916 654 angelum
943 598 1220 653 superans,
1254 600 1363 640 non
1384 585 1433 639 ei
1461 585 1755 655 potentiam
1784 601 1892 640 suze
1917 585 2051 640 divi-

468 675 654 731 uitatis
682 675 939 741 exhibuit,
970 676 1063 731 sed
1093 676 1455 733 inﬁrmitatem
1486 678 1853 733 humanitatis.
1898 678 2050 735 Hunc

467 766 641 821 virum
673 768 933 837 propheta
976 766 1232 823 Jeremias
1259 769 1606 825 considerans
1629 810 1644 835 ,
1687 771 1797 825 ait:
1830 770 2050 825 Femina

468 856 803 913 circumdabit
832 860 996 911 cirum
1018 858 1229 927 (Jerem.
1267 877 1413 925 χχιι,
1437 861 1548 930 9-2).
1583 860 1733 919 Hunc
1764 861 2049 918 Zacharias

464 956 748 1014 monstrat,
771 948 954 1004 dicens
978 966 991 1002 :
1024 948 1157 1004 Ecce
1182 952 1275 1017 vir,
1305 951 1491 1005 Oriens
1520 969 1703 1006 nomen
1726 955 1836 1019 eius
1860 953 2043 1022 (Zach.

463 1055 537 1106 vr,
572 1040 680 1109 12).
713 1040 870 1097 Hunc
900 1041 1089 1097 beatus
1118 1042 1306 1098 Petrus
1330 1044 1602 1113 apostolus
1627 1044 1821 1099 Judteis
1852 1045 2046 1116 praedi-

464 1144 615 1195 cans,
647 1131 776 1185 dicit
803 1149 816 1184 :
847 1132 1025 1186 Jesam
1055 1132 1389 1188 Nazarenam
1416 1177 1429 1201 ,
1458 1137 1622 1190 virum
1651 1138 1986 1207 approbatum
2014 1155 2047 1191 a

460 1219 574 1275 Deo
601 1223 654 1276 in
684 1224 841 1287 vobis,
873 1224 1141 1279 virtutibus
1165 1265 1180 1289 ,
1218 1236 1266 1279 et
1295 1228 1564 1298 prodigiis,
1596 1238 1645 1281 et
1672 1231 1835 1298 signis
1867 1246 1885 1283 :
1915 1232 2049 1284 hanc

460 1315 722 1383 prwﬁnito
751 1315 987 1379 consilio,
1013 1326 1060 1370 et
1085 1320 1406 1387 prazscientia
1430 1318 1525 1373 Dei
1558 1321 1804 1373 traditum
1825 1340 1916 1390 per
1938 1342 2050 1377 ma-

461 1418 559 1458 nus
576 1406 869 1475 iniquorum
884 1409 1165 1478 aﬂigentes,
1189 1411 1517 1464 interemistis
1536 1412 1671 1481 (Act.
1696 1429 1752 1477 ιι,
1777 1412 1845 1464 22
1865 1423 1914 1466 et
1935 1414 2049 1485 25).

458 1494 599 1552 Hinc
626 1498 798 1553 eidem
832 1500 1176 1570 Redemptori
1207 1502 1260 1556 in
1294 1504 1378 1556 via
1418 1504 1730 1572 colloquens
1759 1504 2046 1575 Cleophas,

460 1590 536 1643 ait
564 1608 577 1644 :
612 1592 687 1645 De
705 1592 829 1646 Jesu
861 1593 1141 1649 Nazarene
1166 1636 1181 1663 ,
1209 1598 1296 1667 qui
1326 1599 1424 1669 fuit
1453 1600 1734 1669 propheta,
1775 1610 1954 1671 potens
1994 1604 2048 1657 in

458 1697 612 1751 apere
640 1694 689 1736 et
713 1701 945 1739 sermone
968 1684 1119 1755 (Luc.
1148 1703 1292 1753 xxrv,
1328 1689 1437 1757 i9).
1474 1690 1567 1744 Vir
1591 1692 1790 1746 etenim
1815 1693 1930 1757 fuit,
1956 1694 2047 1762 qui

458 1783 512 1826 et
541 1773 594 1825 in
625 1775 728 1828 hoc
757 1777 954 1831 mundo
982 1779 1049 1831 ab
1080 1776 1320 1833 Ecclesia
1344 1781 1549 1848 expulit
1594 1784 1868 1852 antiquum
1914 1786 2044 1840 hos-

2147 586 2368 655 justitice
2393 591 2695 659 accipientes
2718 611 2734 659 ;
2764 595 2817 648 in
2834 597 2937 651 vita
2962 598 3249 669 regnabant
3277 618 3367 671 per
3386 619 3543 658 unum
3569 604 3752 662 Iesum

2152 676 2410 735 Christum
2439 682 2613 752 (Rom.
2646 702 2696 751 ν,
2731 686 2842 759 17).
2876 687 3028 745 Hanc
3053 692 3390 749 excellentiae
3432 710 3543 751 suae
3573 698 3748 769 digni-

2152 776 2319 823 tatem
2350 787 2444 841 per
2484 776 2829 845 semetipsqu
2859 777 3057 836 ludatis
3087 782 3477 853 improperans.
3511 790 3587 843 ait
3628 810 3639 844 :
3684 792 3748 847 Si

2152 876 2310 929 Opera
2337 879 2438 917 non
2468 866 2700 931 fecissem
2737 870 2791 923 in
2818 872 2914 934 eis,
2946 890 3063 945 qua:
3091 891 3238 931 nemo
3270 879 3404 931 alius
3435 882 3588 950 fecit,
3623 900 3746 951 pec-

2151 964 2323 1008 catum
2368 972 2470 1010 non
2519 958 2763 1013 haberent
2814 962 2992 1033 (Joan.
3045 982 3133 1033 xv,
3183 967 3306 1039 24).
3361 968 3749 1030 Excellentiam

2151 1061 2367 1118 quoque
2417 1050 2825 1118 pulchritudinis
2886 1056 3002 1125 ejus
3054 1058 3337 1117 Psalmista
3396 1065 3765 1125 considerans

2149 1137 2286 1193 dixit
2318 1158 2329 1192 :
2365 1140 2641 1213 Speciosus
2666 1146 2836 1214 forma
2860 1149 2915 1218 8
2936 1166 3045 1217 prw
3072 1152 3197 1220 ﬁliis
3232 1153 3517 1220 hominum,
3552 1158 3750 1227 diffusa

2150 1239 2226 1284 est
2275 1234 2444 1302 gratia
2473 1234 2525 1287 in
2572 1234 2721 1290 labiis
2768 1241 2867 1292 tuis
2898 1240 3017 1309 (Ps.
3050 1258 3195 1309 xuv,
3233 1244 3310 1313 3).
3336 1246 3618 1315 Singulare
3648 1251 3748 1306 bo-

2149 1336 2276 1375 num
2304 1322 2706 1393 Redemptionis
2738 1328 2901 1385 Isaias
2931 1332 2983 1386 in
3014 1349 3079 1387 eo
3108 1335 3419 1405 testiﬁcans,
3454 1341 3529 1393 ait
3559 1360 3570 1392 :
3602 1327 3746 1398 Vere

2151 1413 2429 1484 languores
2458 1428 2661 1472 nostros
2690 1421 2801 1491 ipse
2831 1423 2966 1491 tulit,
2998 1433 3047 1477 et
3077 1426 3377 1498 iniquitates
3406 1443 3615 1487 nostras
3634 1435 3747 1504 ipse

2151 1508 2371 1575 portavit
2395 1507 2528 1578 (lsa.
2552 1526 2661 1578 un,
2704 1510 2781 1581 4).
2819 1513 3160 1584 Singularcm
3185 1533 3399 1587 quoque
3423 1521 3745 1588 dignitatem

2152 1596 2288 1666 ejus,
2320 1608 2550 1655 mternus
2578 1602 2792 1671 genitor
2821 1607 3131 1673 ostendens,
3178 1624 3208 1663 a
3250 1612 3529 1679 magniﬁca
3570 1616 3744 1683 gloria

2151 1690 2403 1745 clamavit
2428 1693 2611 1749 dicens
2638 1713 2649 1747 :
2687 1695 2791 1749 Hic
2828 1708 2901 1752 est
2931 1701 3069 1769 ﬁlias
3097 1719 3239 1757 meus
3267 1705 3480 1759 dilectus
3503 1750 3518 1775 ,
3560 1710 3611 1762 in
3641 1727 3745 1780 quo

2150 1785 2275 1837 mihi
2304 1785 2429 1839 bene
2457 1788 2764 1851 complacui.
2787 1789 3003 1862 (Matth.
3030 1810 3107 1861 nt,
3134 1794 3223 1861 i7;
3242 1813 3371 1864 xvn,
3398 1795 3457 1864 5;
3490 1798 3519 1852 Ι
3544 1800 3661 1854 Pet.
3680 1818 3743 1871 il,

458 1870 594 1927 tem,
643 1875 697 1919 et
737 1868 789 1921 in
820 1868 1051 1930 inferno,
1085 1870 1339 1937 moriens,
1373 1871 1629 1940 alligavit.
1680 1872 1746 1926 Et
1786 1876 1909 1946 quia
1950 1878 2042 1946 qui
2077 1878 2123 1936 Β
2148 1872 2261 1945 17).
2296 1873 2444 1930 Unus
2473 1878 2556 1931 vir
2581 1888 2714 1945 erat,
2746 1897 2909 1951 quem
2940 1882 3128 1941 Petrus
3158 1886 3439 1956 conﬁtens,
3471 1890 3582 1944 ait:
3615 1891 3744 1948 Non

454 1956 693 2010 moriens
732 1958 925 2011 inferni
967 1959 1110 2012 vires
1157 1961 1510 2027 comminuit,
1558 1978 1843 2032 resurgens
1891 1969 2045 2024 nobis

454 2042 659 2097 aditum
688 2046 951 2101 reseravit
978 2050 1327 2113 aeternitatis,
1379 2054 1801 2122 magnitudinem
1831 2058 2045 2115 virtutis

454 2151 565 2191 suae
591 2153 698 2193 non
727 2140 899 2195 solum
928 2141 1157 2199 vivendo
1186 2149 1508 2203 monstravit
1535 2149 1689 2203 nobis
1716 2193 1731 2218 ,
1755 2151 1850 2206 sed
1881 2154 2042 2209 etiam

452 2228 735 2285 moriendo
756 2238 811 2286 et
831 2234 1179 2302 resurgendo.
1204 2235 1335 2302 Quia
1358 2253 1487 2308 ergo
1510 2238 1837 2311 Redemptor
1860 2255 2044 2300 noster

455 2330 554 2387 per
580 2318 996 2386 humanitatem,
1035 2338 1194 2391 quam
1224 2329 1545 2396 assumpsit,
1591 2344 1795 2399 magna:
1831 2335 2042 2391 virtutis

453 2421 620 2477 opera
651 2411 824 2478 egisse
866 2415 1228 2482 cognoscitur,
1260 2424 1408 2473 recte
1450 2418 1492 2473 is
1531 2420 1621 2488 qui
1649 2436 1771 2475 eum
1802 2432 1929 2494 typo
1967 2426 2041 2481 si-

451 2499 671 2568 gniﬁcat
698 2504 776 2558 vir
804 2504 968 2562 fuisse
994 2509 1326 2577 perhibetur.

522 2592 574 2646 2.
619 2593 723 2649 Sed
750 2601 1095 2664 quaerendum
1124 2609 1226 2669 est,
1259 2619 1355 2657 cur
1378 2604 1589 2659 dicatur
1618 2609 1695 2660 vir
1721 2624 1871 2663 unus.
1904 2610 2039 2667 Nam

450 2682 497 2739 si
526 2685 701 2739 unitas
726 2687 842 2743 hanc
871 2689 1133 2746 referatur
1156 2693 1223 2747 ad
1252 2709 1532 2749 numerum
1559 2738 1572 2763 ,
1602 2700 1929 2769 superﬂuum
1956 2705 2041 2759 vi-

449 2773 647 2828 detur:
679 2779 1047 2850 unusquisque
1090 2783 1232 2837 enim
1263 2800 1417 2852 unus,
1450 2796 1504 2843 et
1543 2805 1651 2845 non
1683 2791 1809 2859 duo,
1843 2803 1943 2850 est.
1976 2795 2041 2850 Et

447 2873 670 2922 sanctus
696 2868 931 2938 Samuel,
960 2888 990 2926 a
1018 2889 1125 2943 quo
1146 2876 1247 2931 ista
1269 2879 1593 2950 scribuntur,
1616 2893 1803 2941 contra
1835 2904 2040 2943 morem

447 2957 776 3027 scriptorum
802 2972 999 3018 sancta:
1028 2965 1284 3023 Ecclesia:
1324 2970 1520 3028 frustra
1551 2974 1835 3033 inchoasse
1864 2982 2037 3036 nulla-

448 3054 609 3103 tenus
636 3052 934 3109 credendus
958 3065 1061 3112 est.
1108 3057 1241 3113 Nam
1279 3062 1511 3132 scriptor
1548 3065 1688 3122 illius
1730 3070 2034 3141 voluminis,

447 3151 573 3192 cum
604 3139 745 3194 beati
773 3140 874 3198 Job
903 3144 1066 3200 vitam
1097 3148 1164 3202 ad
1192 3152 1497 3222 exemplum
1529 3154 1761 3211 ﬁdelium
1785 3139 2032 3229 duceret,

446 3226 530 3281 sic
557 3243 782 3287 exorsus
806 3242 888 3287 est
914 3253 926 3287 :
970 3234 1064 3290 Vir
1090 3247 1205 3292 erat
1232 3241 1285 3294 in
1332 3251 1468 3296 terra
1506 3244 1623 3300 Has
1642 3286 1657 3312 ,
1707 3255 1914 3307 nomine
1942 3254 2040 3309 Job
2070 3254 2118 3320 C
2148 3259 2246 3311 erit
2271 3262 2394 3315 mihi
2424 3264 2475 3318 in
2506 3266 2675 3335 ﬁlium
2728 3226 2916 3341 (Ilebr’.
2945 3290 2983 3339 ι,
3015 3274 3069 3342 '5,
3101 3276 3151 3344 4,
3177 3278 3210 3333 5

453 3318 613 3344 Ιῐ-ι.-
662 3324 710 3344 Ιι
760 3324 860 3344 In,”
917 3342 940 3344 μ
978 3328 1013 3344 ν
1049 3338 1061 3344 -
1164 3332 1197 3344 ,ι
1324 3333 1345 3344 ιι
1697 3342 1704 3344 Α

447 3318 574 3390 (Job
597 3338 634 3388 ι,
659 3324 734 3393 1).
758 3324 1101 3396 Evangelista
1126 3332 1288 3387 etiam
1322 3333 1514 3403 Lucas,
1547 3355 1668 3393 cum
1692 3342 1744 3396 in
1776 3346 2039 3419 principio

445 3410 534 3464 sui
560 3410 834 3483 Evangelii
858 3417 988 3485 justi
1019 3424 1315 3480 sacerdotis
1344 3430 1611 3496 prteconia
1658 3410 1887 3503 diceret,
1923 3410 1997 3495 ait
2028 3461 2039 3495 :

448 3498 582 3577 Fuit
601 3504 653 3557 in
678 3506 855 3561 diebus
875 3508 1100 3566 Herodis
1120 3516 1255 3584 regis
1277 3520 1518 3574 sacerdos
1538 3527 1744 3580 nomine
1755 3528 2044 3589 Zacharias

450 3588 608 3659 (Luc.
639 3607 677 3654 ι,
710 3592 786 3665 5).
811 3595 944 3651 Nam
971 3615 1070 3655 nec
1100 3603 1191 3657 ille
1219 3605 1296 3658 ait
1324 3625 1335 3660 :
1366 3609 1460 3663 Vir
1489 3627 1652 3679 unus;
1684 3632 1785 3672 nec
1814 3636 2045 3691 evange-

452 3677 580 3735 lista
606 3699 620 3735 :
653 3681 775 3737 Fuit
810 3688 1063 3743 sacerdos
1092 3707 1248 3746 unus.
1282 3695 1420 3761 Quid
1450 3709 1531 3756 est
1559 3677 1689 3773 ergo
1728 3710 1868 3776 quod
1897 3677 2043 3769 elec-

449 3778 543 3826 tus
571 3775 834 3844 propheta
865 3787 1053 3834 contra
1084 3797 1239 3838 usum
1268 3789 1614 3862 scriptorum,
1645 3775 1912 3856 scribendi
1938 3805 2046 3861 tale

453 3863 622 3931 erepit
647 3866 964 3923 exordium?
993 3869 1101 3926 Sed
1121 3876 1246 3942 quia
1276 3892 1384 3932 non
1429 3882 1603 3937 solum
1635 3888 1866 3958 scriptor
1902 3906 2040 3964 erat,

452 3953 554 4009 sed
585 3954 747 4010 etiam
776 3960 1060 4030 prOpheta,
1085 3975 1311 4022 noverat
1333 3970 1399 4025 de
1426 3986 1534 4042 quo
1563 3953 1786 4034 historia
1809 3953 2038 4053 diceret;

449 4054 511 4100 et
538 4047 630 4116 qui
654 4063 747 4117 per
771 4050 1050 4109 historiam
1083 4057 1379 4127 dicebatur,
1421 4077 1649 4123 noverat
1674 4084 1834 4140 quem
1863 4047 2043 4147 signa;

452 4147 554 4193 ret.
598 4139 752 4208 Quod
779 4159 908 4214 ergo
937 4147 1005 4203 de
1045 4150 1268 4208 historia
1298 4164 1495 4226 praeter
1521 4178 1676 4218 usum
1701 4139 2041 4231 narratvhis-

452 4231 625 4297 toritc,
659 4234 765 4289 hoc
794 4236 861 4290 ad
892 4254 1047 4294 usum
1078 4245 1359 4302 catholica:
1381 4248 1524 4319 ﬁdei,
1560 4254 1614 4308 in
1642 4255 1917 4318 intellectu
1955 4264 2039 4320 lo-

448 4320 633 4390 quitur
662 4324 949 4394 allegorize.
995 4329 1148 4388 Unde
1195 4344 1252 4390 et
1297 4339 1398 4396 hac
1427 4358 1567 4400 nova
1612 4356 2037 4426 consuetudine,

446 4410 609 4467 simul
640 4422 751 4470 tota
780 4417 1069 4476 conﬁtetur
1096 4422 1368 4495 Ecclesia,
1402 4441 1423 4467 ιι
1450 4436 1574 4502 quia
1606 4437 1744 4495 Deus
1792 4454 1841 4498 et
1887 4410 2037 4503 hami;

422 4521 581 4562 .unus
609 4518 684 4563 est
706 4510 959 4569 Christus.
991 4517 1131 4574 Dicit
1159 4537 1286 4591 ergo
1316 4542 1329 4579 :
1358 4526 1485 4582 Fuit
1510 4532 1586 4586 vir
1607 4551 1739 4591 unus
1762 4557 1782 4604 ;
1814 4544 1939 4610 quia
1972 4547 2039 4603 de

445 4597 561 4655 Deo
590 4601 807 4658 homine
835 4605 1175 4677 loquebatur,
1209 4622 1268 4668 ut
1292 4616 1547 4675 deitatem
1570 4664 1585 4689 ,
1633 4636 1688 4681 et
1731 4597 2037 4692 humanita-

446 4697 557 4746 tem
587 4692 702 4762 ejus
730 4709 1023 4769 assereret,
1058 4711 1115 4758 et
1144 4720 1253 4762 non
1298 4710 1455 4766 aliam
1483 4718 1823 4788 suscipientis
1852 4731 2031 4798 verbi,

444 4788 500 4835 et
540 4787 776 4855 suscepti
815 4789 1048 4847 hominis
1094 4810 1411 4866 personam,
1456 4806 1551 4860 sed
1591 4787 1685 4864 Dei
1716 4821 1771 4867 et
1800 4787 2037 4877 hominis

444 4888 627 4942 unam,
658 4880 1012 4952 eamdemque
1040 4900 1159 4943 esse
1182 4894 1420 4960 apertius
1446 4896 1845 4961 demonstraret
1870 4929 1882 4963 :
1916 4926 2035 4980 qum

443 4970 627 5021 tamen
654 4970 865 5039 unitas,
899 4974 969 5029 ad
997 4980 1373 5040 excellentiam
1404 4987 1677 5057 dignitatis
1702 4996 1819 5065 ejus
1841 4970 2034 5060 referri

441 5058 825 5115 convenienter
867 5073 1062 5134 potest.
1114 5069 1249 5128 Nam
1279 5077 1381 5131 etsi
1424 5058 1840 5154 Redemptorem
1870 5058 2034 5151 alium

441 5154 627 5202 sancta
657 5146 896 5210 Ecclesia
925 5173 1034 5213 non
1059 5160 1264 5231 habuit,
1294 5182 1361 5222 ex
1390 5170 1602 5228 virtutis
1627 5182 1937 5241 ostensione
1955 5188 2035 5243 vi-

442 5252 534 5294 ros
582 5244 871 5302 nonnullos
910 5248 1115 5307 habuit.
1168 5255 1305 5311 Dum
1345 5274 1474 5329 ergo
1506 5280 1643 5323 unus
1681 5271 1893 5343 dicitur,
1945 5280 2031 5336 in-

376 5372 381 5377 .
442 5336 820 5401 comparabilis
847 5340 1267 5404 demonstratur.

513 5418 567 5523 5..
609 5422 1025 5536 Naui‘acqualem
1046 5454 1154 5493 non
1178 5440 1381 5511 habuit,
1413 5447 1504 5518 qui
1526 5449 1651 5507 dum
1680 5456 1916 5519 humano
1936 5480 2029 5536 ge-

442 5511 560 5568 neri
593 5517 877 5578 excellenti
928 5527 1077 5597 vita,
1123 5539 1178 5585 et
1205 5534 1371 5589 verbo
1412 5542 1719 5614 consuluit,
1772 5511 2029 5623 singulari

442 5616 665 5661 munere
710 5608 841 5667 dare
885 5619 1060 5685 potuit
1100 5621 1237 5677 dona
1285 5608 1715 5701 Redemptionis.
1766 5608 2027 5715 Unde-“et

513 5768 539 5871 ξι
556 5763 1047 5871 ἒὶιξέὶρὲξξηῐίἑςξυε
1070 5781 1461 5871 confessionem
1494 5809 1591 5852 seu
1630 5801 1931 5871 symbolum
1962 5817 2023 5871 ﬁ-

515 5833 527 5845 .
847 5820 1035 5856 .--τω
1071 5820 1461 5846 ,ωηωοοιυιιυω
1494 5820 1591 5852 seu
1630 5820 1655 5856 s
1693 5820 1931 5869 mnotum
1962 5820 2022 5871 ﬁ.

442 5828 530 5892 det
555 5836 655 5893 sub
693 5838 975 5901 Athanasni
1014 5851 1234 5910 nomine
1263 5857 1483 5933 editum,
1516 5820 1741 5939 quodyin
1783 5878 2022 5947 Ecclesia

2148 1977 2225 2019 est
2255 1968 2397 2021 aliud
2422 1986 2603 2024 nomen
2640 1972 2814 2026 datum
2846 1975 2938 2027 sub
2969 1976 3126 2042 calo,
3173 1978 3226 2031 in
3257 1997 3354 2052 quo
3384 1992 3616 2051 oporteat
3647 2003 3743 2041 nos

2148 2059 2317 2113 salvos
2344 2061 2458 2129 ﬁeri
2514 2063 2649 2132 (Act.
2682 2081 2759 2133 ιν,
2790 2065 2899 2137 12).
2933 2066 3085 2123 Hanc
3115 2072 3447 2129 excellentia:
3477 2077 3594 2145 ejus
3624 2095 3741 2135 ma-

2146 2147 2484 2217 gnitudinem
2514 2152 2710 2209 Paulus
2740 2157 2952 2222 asserit,
2986 2160 3169 2217 dicens
3203 2180 3215 2215 :
3248 2161 3504 2221 Dominus
3535 2171 3738 2225 exalta-

2146 2242 2214 2293 rit
2240 2241 2404 2308 illum,
2438 2253 2486 2295 et
2517 2245 2657 2299 dedit
2686 2248 2764 2300 illi
2793 2264 2997 2314 nomen,
3032 2253 3167 2323 quod
3188 2264 3264 2309 est
3291 2273 3446 2327 super
3474 2275 3626 2314 onme
3646 2279 3742 2317 no-

2144 2328 2261 2387 men
2296 2333 2513 2407 (Philip.
2558 2354 2615 2403 n,
2647 2339 2722 2408 9).
2756 2340 2823 2394 Et
2869 2344 2994 2413 quia
3024 2348 3342 2404 excellentia
3373 2351 3585 2408 virtutis
3623 2355 3741 2424 ejus

2145 2442 2254 2481 non
2284 2428 2459 2483 solum
2490 2430 2692 2487 electos
2722 2434 2990 2505 homines,
3033 2438 3131 2492 sed
3161 2440 3321 2495 etiam
3353 2450 3577 2499 cunctos
3604 2445 3736 2501 bea-

2146 2527 2231 2574 tos
2253 2522 2473 2591 angelos
2500 2533 2736 2593 superat,
2764 2526 3002 2586 Hebraeis
3032 2530 3175 2588 hunc
3197 2535 3496 2603 praedicans
3517 2535 3735 2609 Paulus,

2144 2613 2275 2669 dicit
2308 2634 2319 2668 :
2354 2617 2454 2680 Qui
2483 2635 2597 2673 cum
2623 2622 2691 2674 sit
2720 2624 2963 2694 splendor
2993 2629 3193 2699 glorior,
3222 2642 3271 2686 et
3299 2634 3471 2705 ﬁgura
3491 2635 3739 2693 substan-

2145 2706 2231 2760 tite
2252 2709 2385 2777 ejus,
2416 2722 2727 2784 portansquc
2759 2719 2929 2771 omnia
2959 2720 3108 2775 verba
3140 2722 3339 2778 virtutis
3365 2742 3471 2780 sate
3493 2767 3507 2791 ,
3539 2746 3737 2801 purga-

2144 2799 2334 2852 tionem
2360 2812 2683 2870 peccatorum
2706 2809 2902 2876 faciens
2926 2850 2941 2877 ,
2974 2813 3113 2865 sedet
3143 2815 3210 2867 ad
3252 2816 3515 2872 dexteram
3544 2823 3736 2892 majes-

2144 2892 2266 2944 tatis
2293 2894 2344 2945 in
2377 2895 2614 2963 excelsis,
2646 2907 2789 2954 tanto
2820 2903 3002 2957 melior
3031 2907 3229 2977 angelis
3259 2910 3468 2978 effectus
3495 2954 3510 2980 ,
3541 2924 3735 2985 quanto

2144 2984 2465 3053 di/j‘erentins
2494 3009 2604 3061 pra:
2626 2994 2730 3047 illis
2760 3013 2944 3051 nomen
2974 3000 3423 3061 hwreditavit.Cai
3444 3012 3580 3064 enim
3600 3013 3738 3069 dixit

2144 3079 2427 3150 aliquando
2481 3088 2828 3155 angelorum:
2860 3091 2909 3144 F
2911 3094 3030 3147 ilius
3059 3114 3204 3152 meus
3250 3118 3303 3155 es
3344 3111 3416 3169 tu,
3448 3121 3541 3175 ego
3584 3106 3737 3162 hodie

2144 3172 2297 3239 genui
2326 3174 2419 3224 te?
2448 3173 2517 3227 Et
2544 3193 2748 3233 rursum
2777 3198 2794 3235 :
2825 3181 2941 3254 Ego
2970 3203 3057 3241 ero
3089 3189 3168 3243 illi
3196 3192 3248 3245 in
3273 3172 3500 3263 patrem,
3552 3207 3601 3251 et
3629 3198 3737 3269 ipse

3216 3280 3255 3350 ).
3289 3280 3458 3338 Recte
3495 3300 3623 3356 ergo
3655 3291 3739 3345 vir

2152 3369 2291 3410 unus
2318 3356 2532 3426 dicitur,
2565 3362 2648 3418 cui
2679 3378 2840 3421 nemo
2879 3380 3245 3440 comparatur.
3283 3374 3388 3430 Sed
3427 3394 3587 3448 quem
3618 3389 3739 3439 tan-

2150 3450 2263 3499 tum
2291 3451 2626 3521 agnovimus,
2657 3456 2937 3514 audiamus
2961 3459 3072 3529 jam
3100 3464 3239 3519 unde
3263 3476 3424 3522 esset.

2222 3535 2275 3591 4.
2317 3537 2395 3591 De
2421 3540 2682 3599 [iamut/ta
2705 3548 2941 3619 Sophim,
2962 3552 3024 3607 de
3050 3565 3219 3610 monte
3241 3556 3512 3628 Ephraim.
3538 3562 3739 3623 Rama-

2148 3626 2259 3693 tha,
2310 3629 2533 3701 Sophim
2565 3646 2621 3691 et
2646 3636 2941 3711 Ephraim,
2992 3644 3258 3704 Ilebraica
3290 3626 3520 3710 nomina
3568 3669 3737 3730 sunt,

2147 3733 2375 3788 quorum
2419 3728 2650 3795 primum
2682 3732 2733 3787 in
2767 3735 2943 3804 lingua
2991 3749 3174 3797 nostra
3215 3755 3393 3813 sonat,
3426 3746 3569 3805 Visio
3604 3768 3739 3809 eon-

2147 3823 2412 3870 summata
2437 3859 2451 3884 ,
2492 3822 2783 3877 secundum
2829 3842 2976 3894 vero,
3015 3830 3276 3902 Specula;
3320 3839 3537 3895 tertium
3582 3842 3739 3899 deni-

2146 3919 2271 3974 que,
2304 3907 2565 3979 Frugifer,
2609 3915 2722 3970 sive
2767 3917 3089 3978 fruetiﬁcans
3113 3966 3129 3991 ,
3161 3926 3566 3999 interpretatur.
3606 3935 3738 4003 Qua:

2146 4005 2325 4052 autem
2357 4008 2439 4055 est
2464 4003 2601 4057 visio
2629 4019 2999 4065 consummata
3026 4054 3042 4081 ,
3090 4015 3192 4070 nisi
3228 4017 3321 4073 Dei
3350 4023 3738 4095 omnipotentis

2145 4090 2380 4158 cognitio
2414 4095 2695 4162 perfecta?
2732 4098 2880 4156 Hanc
2918 4105 3161 4173 profecto
3199 4090 3627 4172 consummatam
3653 4119 3737 4173 vi-

2145 4183 2353 4238 sionem
2385 4188 2580 4244 doctor
2604 4189 2855 4248 Gentium
2887 4196 3157 4267 insinuat,
3200 4203 3387 4260 dicens
3432 4225 3444 4260 :
3488 4208 3736 4268 Videmus

2145 4289 2280 4328 nunc
2309 4294 2399 4346 per
2426 4282 2689 4349 speculum
2716 4286 2771 4339 in
2799 4289 3094 4359 amigmale,
3126 4301 3245 4348 tunc
3293 4305 3462 4351 autem
3489 4302 3622 4374 facie
3665 4304 3739 4358 ad

2145 4366 2374 4435 faciem;
2407 4387 2543 4425 nunc
2569 4390 2819 4444 cognosco
2855 4397 2921 4432 ea:
2952 4391 3102 4450 parte
3122 4425 3136 4449 ,
3173 4395 3294 4441 tunc
3320 4400 3489 4445 autem
3518 4409 3737 4464 cognos-

2144 4478 2276 4527 cam,
2309 4465 2441 4518 sicut
2467 4478 2514 4519 et
2544 4472 2777 4541 cognitas
2808 4490 2917 4528 sum
2959 4477 3011 4547 (Ι
3057 4478 3174 4535 Cor.
3209 4497 3322 4546 xm,
3356 4485 3467 4555 19).
3514 4486 3580 4541 Et
3603 4490 3738 4559 quid

2145 4557 2382 4623 specula,
2431 4559 2532 4613 nisi
2563 4561 2653 4615 illa
2700 4566 3014 4632 angelormn
3044 4572 3342 4631 sublimitas
3372 4557 3689 4648 intelligitur
3714 4584 3739 4638 ?

2064 4641 2372 4715 DSpeeula
2419 4653 2617 4722 quippe
2664 4654 2716 4709 in
2747 4659 2991 4727 sublimi,
3033 4666 3099 4717 ad
3151 4668 3433 4726 clariorem
3470 4674 3736 4732 visionem

2144 4738 2376 4808 eligitur.
2411 4731 2675 4800 Ramatha
2697 4757 2876 4804 autem
2906 4750 3131 4824 Sophim
3163 4769 3310 4816 recte
3341 4762 3536 4819 dicitur
3563 4784 3576 4819 :
3605 4768 3735 4837 quia

2141 4830 2233 4887 illa
2262 4833 2570 4894 Conditoris
2602 4842 2769 4895 nostri
2807 4844 3045 4912 perfecta
3088 4852 3325 4919 cognitio
3346 4896 3363 4923 ,
3403 4871 3434 4910 a
3472 4858 3600 4915 solis
3622 4830 3735 4917 illis

2140 4923 2312 4982 beatis
2351 4928 2553 4987 civibus
2583 4931 2769 4989 haberi
2799 4947 3011 5008 potest,
3042 4942 3133 5009 qui
3164 4941 3216 4998 in
3246 4962 3476 5016 superna
3524 4952 3611 5007 Illa
3641 4971 3734 5013 su-

2140 5016 2404 5075 blimitate
2432 5023 2754 5080 consistunt.
2777 5025 2946 5083 Jubar
2973 5032 3173 5102 quippe
3212 5038 3400 5091 aeterni
3431 5038 3647 5097 luminis
3675 5045 3731 5100 in

2140 5110 2223 5164 sui
2250 5110 2601 5180 plenitudine,
2634 5132 2745 5172 non
2775 5119 2828 5173 in
2864 5120 2973 5175 imo
3001 5126 3282 5192 prmsentis
3307 5129 3492 5197 exilii,
3535 5134 3627 5187 sed
3664 5136 3735 5195 de

2137 5205 2282 5255 statu
2310 5205 2599 5273 respicitur
2620 5218 2835 5265 mternac
2864 5214 3229 5274 sublimitatis.
3264 5216 3416 5276 Unde
3455 5224 3595 5281 bene
3624 5226 3734 5284 Ra-

2137 5293 2319 5347 matha
2348 5294 2571 5366 Sophim
2619 5301 2673 5355 in
2714 5312 2899 5360 monte
2940 5305 3194 5377 Ephraim
3243 5311 3344 5366 sita.
3391 5317 3729 5383 perhibetur.

2137 5383 2265 5451 Quis
2310 5397 2390 5443 est
2434 5392 2578 5446 enim
2626 5410 2781 5451 mons
2829 5396 3121 5471 Ephraim,
3165 5402 3265 5457 nisi
3306 5404 3536 5461 ccelum?
3575 5408 3732 5469 Mons

2134 5477 2333 5547 quippe
2357 5489 2437 5536 est
2467 5481 2705 5555 frugifer,
2737 5490 2829 5560 qui
2852 5498 3065 5546 :eternze
3092 5494 3504 5564 pulchritudinis
3533 5500 3719 5571 ﬂores,

2133 5575 2188 5623 et
2217 5570 2420 5627 fructus
2446 5574 2803 5636 indelicientis
2828 5582 3026 5653 gaudii,
3060 5600 3275 5658 semper
3302 5586 3526 5657 profert.
3572 5570 3720 5651 Bene

2130 5670 2332 5727 autem,
2364 5671 2419 5717 et
2448 5663 2712 5723 Ramatha
2736 5710 2754 5743 ,
2795 5680 2850 5728 et
2876 5672 3201 5754 Sophimin
3242 5678 3497 5750 Ephraim
3538 5693 3728 5749 monte

2131 5824 2467 5884 decantatur.
