4044 6336
214 395 280 449 25
1050 381 1116 435 IN
1158 378 1419 436 PRIMUM
1457 374 1700 433 REGUM
1739 374 2256 435 EXPOSITIONES.
2296 406 2367 421 -—
2403 378 2534 436 LIB.
2574 380 2617 435 I.
3422 384 3494 439 26

214 506 314 562 sita
345 478 692 573 perhibetur,
734 495 859 564 quia
901 492 992 549 illa
1030 492 1415 564 omnipotentis
1456 490 1550 546 Dei
1593 497 1796 546 aeterna
1825 494 2060 562 Aquem
2084 492 2250 562 Virgo
2281 493 2514 564 peperit,
2560 509 2669 550 non
2690 495 2938 566 concepit
2991 496 3263 554 materiali
3305 512 3497 572 opere:

214 596 370 661 visio,
398 600 456 647 et
484 588 709 645 altitudo
735 587 823 641 illa
862 586 1054 641 civium
1086 586 1387 649 beatorum,
1428 597 1539 639 non
1568 582 1621 637 in
1656 590 1800 639 terra

214 687 462 746 habetur,
492 681 583 736 sed
614 680 666 733 in
706 678 864 734 cmlo.
908 678 983 733 De
1026 677 1287 731 Ramatha
1312 691 1546 745 namque
1585 690 1645 731 se
1681 688 1802 730 esse

215 777 510 839 insinuans,
543 773 657 825 ait:
689 770 838 825 Sicut
866 770 1002 823 novit
1026 785 1106 822 me
1135 768 1324 833 Pater,
1373 777 1423 821 et
1448 784 1542 838 ego
1580 781 1802 837 agnoseo

215 870 430 925 Patrem
474 866 656 938 (Joan.
682 881 736 929 ι,
771 861 884 931 15).
920 860 1056 916 Ilinc
1084 861 1279 916 iterum
1308 859 1438 914 dicit
1467 876 1478 912 :
1510 856 1681 913 Nemo
1710 875 1801 913 no-

215 963 282 1016 rit
302 959 501 1014 Filium
528 958 630 1011 nisi
663 956 843 1020 Pater,
873 962 920 1007 et
950 953 1164 1007 Patrem
1213 970 1361 1007 nemo
1401 953 1539 1007 norit
1579 953 1679 1006 nisi
1709 950 1807 1007 Fi-

215 1054 333 1116 lius,
364 1059 415 1105 et
437 1051 518 1104 cui
545 1048 759 1103 voluerit
780 1046 949 1100 Filius
972 1046 1197 1100 revelare
1219 1043 1433 1116 (Matth.
1453 1061 1528 1110 x1,
1556 1043 1648 1110 27;
1673 1042 1803 1099 Luc.

214 1160 269 1209 ι,
296 1141 413 1208 22).
463 1140 539 1194 De
563 1137 799 1209 specula,
830 1138 935 1193 hoc
976 1145 1060 1191 est
1104 1137 1317 1191 sublimi
1350 1136 1465 1200 fuit,
1501 1136 1591 1205 qui
1621 1144 1677 1190 et
1714 1133 1800 1189 .Iu-

215 1235 357 1289 datos
384 1234 686 1303 increpans,
719 1230 886 1285 dicit:
920 1229 1023 1285 Vos
1053 1230 1117 1283 de
1142 1229 1381 1283 deorsum
1418 1231 1562 1297 estis,
1597 1245 1688 1299 ego
1716 1244 1808 1279 au—

217 1333 314 1379 tem
342 1324 403 1377 de
433 1324 665 1393 supernis
693 1338 807 1376 sum
835 1338 853 1375 :
884 1337 969 1375 vos
998 1320 1062 1375 de
1083 1321 1178 1375 hoc
1202 1320 1392 1374 mundo
1421 1322 1563 1383 estis,
1593 1336 1688 1390 ego
1707 1334 1807 1371 au-

217 1425 317 1470 tem
338 1432 443 1469 non
467 1431 578 1468 sum
609 1410 672 1467 de
702 1414 796 1467 hoc
818 1412 1007 1466 mundo
1031 1413 1210 1483 (Joan.
1241 1427 1357 1477 v1",
1389 1410 1501 1481 25).
1530 1410 1607 1465 De
1626 1416 1810 1464 monte

216 1506 469 1577 Ephraim
502 1505 619 1571 fuit,
647 1504 739 1573 qui
767 1503 900 1558 dicit
928 1520 942 1558 :
972 1502 1087 1573 Ego
1108 1520 1219 1557 sum
1265 1504 1416 1573 panis
1442 1503 1602 1567 vivus,
1633 1502 1720 1572 qui
1747 1501 1811 1555 de

218 1597 342 1650 melo
373 1596 607 1650 descendi
634 1593 811 1665 (Joan.
834 1610 907 1659 v1,
931 1592 1044 1663 51).
1083 1594 1155 1648 De
1179 1599 1362 1647 monte
1384 1591 1640 1662 Ephraim
1680 1605 1804 1645 eum

220 1688 384 1745 fuisse
412 1689 644 1744 Joannes
672 1687 911 1757 Baptista
953 1686 1245 1751 alﬁrmans,
1275 1687 1351 1740 ait
1389 1704 1401 1740 :
1449 1684 1548 1749 Qui
1577 1685 1639 1739 de
1683 1685 1808 1739 coelo

220 1784 375 1851 venit,
413 1799 566 1852 super
592 1798 767 1835 omnes
797 1790 873 1834 est
903 1779 1080 1851 (Joan.
1105 1796 1181 1845 111,
1208 1779 1320 1848 51).
1363 1777 1499 1834 Hinc
1523 1778 1808 1834 Psalmista

1900 585 1994 641 sed
2019 587 2190 642 sancti
2218 586 2448 659 Spiritus
2475 588 2889 645 obumbratione
2946 588 3096 660 (Luc.
3124 608 3165 658 1,
3196 590 3307 661 '55).
3360 591 3499 650 Ilinc

1902 676 2076 732 eidem
2105 677 2217 746 regi
2241 687 2295 733 et
2317 679 2595 750 propheta:
2621 695 2652 733 a
2680 679 2906 735 Domino
2928 679 3127 736 dicitur
3160 700 3172 735 :
3220 680 3301 735 De
3324 680 3513 754 fructu

1902 772 2093 823 ventris
2125 771 2197 824 tui
2219 788 2405 842 ponam
2433 788 2585 842 super
2605 772 2777 825 sedem
2802 781 2942 827 tuam
2971 771 3145 844 (Psal.
3176 790 3358 843 cxxx1,
3386 774 3499 844 li).

1902 859 2042 916 Hinc
2069 860 2232 917 Isaias
2259 864 2333 917 ait
2359 881 2373 918 :
2416 862 2532 918 Erit
2562 866 2761 936 fructus
2790 873 2941 921 terra:
2971 865 3202 921 sublimis
3257 864 3393 936 (Isa.
3418 881 3497 936 1v,

1904 951 1982 1023 2).
2025 951 2159 1007 Nam
2189 969 2347 1024 quem
2398 954 2559 1025 Virgo
2588 954 2795 1025 genuit,
2847 972 2956 1013 non
2980 956 3153 1012 solum
3185 957 3348 1013 homo
3373 972 3501 1011 san-

1907 1052 2025 1101 ctus
2046 1045 2163 1113 fuit,
2206 1047 2303 1102 sed
2323 1048 2484 1103 etiam
2514 1056 2707 1120 potens
2743 1048 2903 1104 Deus.
2960 1048 3035 1104 De
3082 1048 3184 1104 hoc
3230 1049 3403 1104 fructu
3433 1047 3502 1103 ad

1907 1138 2151 1194 eamdem
2176 1138 2393 1193 beatam
2418 1139 2715 1209 Virginem,
2746 1140 3021 1196 Elisaheth
3049 1140 3338 1205 salutante,
3371 1139 3506 1195 dici-

1908 1236 1996 1285 tur
2025 1248 2037 1283 :
2071 1228 2351 1284 Benedicta
2380 1238 2433 1283 tu
2461 1232 2514 1285 in
2547 1232 2867 1297 mulieribus,
2900 1241 2948 1286 et
2981 1232 3275 1286 benedictus
3306 1233 3507 1303 fructus

1907 1326 2096 1381 ventris
2120 1328 2191 1381 tui
2223 1326 2372 1399 (Luc.
2406 1344 2442 1394 1,
2477 1327 2592 1399 42).
2640 1328 2809 1384 Recte
2860 1328 3021 1398 igitur
3048 1344 3204 1385 mons
3246 1326 3504 1398 Ephraim

1909 1415 2126 1483 dicitur,
2153 1431 2272 1487 quae
2300 1416 2427 1471 dum
2459 1416 2719 1472 ineffabili
2750 1417 3010 1487 dignitate
3042 1418 3235 1473 divinae
3279 1432 3507 1493 genera-

1911 1506 2073 1562 tionis
2097 1508 2383 1574 attollitur,
2410 1508 2464 1563 in
2487 1507 2604 1576 ejus
2633 1506 2829 1575 fructu,
2864 1509 3014 1566 arida
3047 1510 3293 1565 humana:
3314 1508 3507 1566 condi-

1912 1600 2075 1655 tionis
2104 1601 2347 1668 germina
2400 1600 2753 1655 revirescunt.
2812 1599 2908 1655 Vir
2931 1600 3092 1669 igitur
3133 1600 3202 1655 de
3244 1599 3509 1654 Ramatha

1910 1689 2136 1761 SOphim
2156 1689 2331 1746 factus
2354 1698 2437 1745 est
2465 1691 2534 1745 de
2564 1699 2750 1746 monte
2774 1689 3029 1760 Ephraim
3064 1710 3077 1745 :
3129 1692 3259 1761 quia
3287 1692 3379 1761 qui
3409 1704 3509 1760 per

1912 1782 2208 1837 divinitatis
2238 1797 2349 1837 suae
2377 1781 2677 1853 potentiam
2707 1781 2930 1852 angelos
2958 1782 3215 1849 condidit,
3249 1781 3316 1837 de
3347 1796 3511 1837 carne

220 1875 294 1927 ait
326 1891 339 1926 :
372 1876 414 1927 A
443 1890 637 1927 summa
664 1872 789 1926 cmlo
818 1872 1044 1942 egressio
1082 1872 1193 1941 ejus
1225 1869 1343 1940 (Ps.
1383 1886 1531 1935 xvul,
1563 1868 1641 1940 7).
1673 1868 1809 1925 Hinc
1840 1885 1887 1944 Β
1913 1875 2182 1947 praecelsas
2208 1874 2457 1944 Virginis,
2509 1875 2735 1929 formam
2761 1875 2997 1947 suscepit
3025 1874 3392 1930 humanitatis.
3440 1871 3511 1928 Et

222 1965 477 2020 Gentium
503 1965 692 2021 doctor
719 1965 794 2019 ait
826 1982 839 2016 :
876 1962 1144 2017 Secundus
1174 1964 1325 2017 homo
1347 1963 1409 2016 de
1438 1963 1563 2017 εωΙο
1587 2001 1603 2027 ,
1631 1961 1811 2015 cretes-

221 2057 287 2110 tis
312 2055 365 2125 (I
391 2056 511 2110 Cor.
535 2072 622 2119 xv,
646 2054 756 2126 47).
779 2055 872 2109 Vir
893 2068 1042 2123 ergo,
1066 2054 1157 2124 qui
1175 2070 1311 2109 unus
1338 2054 1503 2109 fuisse
1531 2054 1809 2119 asseritur,

219 2148 290 2203 de
314 2147 583 2201 Ramatha
612 2146 830 2216 Sophim
871 2146 937 2201 de
965 2154 1149 2201 monte
1180 2145 1436 2215 Ephraim
1462 2145 1734 2201 exstitisse
1758 2146 1815 2215 9

217 2237 543 2309 perhibetur
575 2253 588 2290 :
622 2236 745 2305 quia
773 2236 863 2306 qui
889 2235 1030 2290 inter
1059 2250 1250 2290 omnes
1285 2243 1450 2289 natus
1489 2249 1653 2303 supra
1693 2249 1813 2289 om-

221 2346 317 2386 nes
343 2330 575 2395 enituit,
626 2329 750 2385 inde
777 2336 954 2385 tantus
996 2328 1053 2384 in
1090 2336 1232 2384 terra
1262 2329 1550 2400 apparuit,
1590 2328 1717 2399 quia
1745 2328 1816 2383 de

222 2420 361 2477 coelo
390 2421 557 2475 venit.
590 2418 666 2475 De
708 2419 969 2475 Ramatha
995 2420 1195 2491 quippe
1238 2420 1461 2491 Sophim
1508 2419 1647 2490 fuit,
1688 2419 1816 2490 quia

223 2513 325 2568 etsi
350 2512 784 2581 incomparabilis
810 2512 898 2567 hic
922 2513 1154 2582 refulsit,
1184 2512 1498 2582 magnitudo
1522 2522 1702 2569 tamen
1722 2528 1816 2567 ex-

223 2605 487 2659 cellentiae
517 2604 633 2674 ejus
657 2621 765 2661 non
788 2607 1020 2676 capitur,
1048 2608 1147 2664 nisi
1174 2608 1260 2662 ubi
1294 2607 1415 2677 ejus
1445 2604 1685 2677 perfecta
1715 2621 1814 2662 eo-

221 2699 389 2766 gnitio
436 2699 653 2754 aeternis
698 2700 905 2755 civibus
952 2700 1257 2755 exhibetur.
1300 2699 1435 2753 Nam
1478 2700 1567 2753 hic
1601 2714 1724 2754 eum
1760 2698 1813 2753 in

222 2788 541 2843 excellentia
566 2790 780 2845 virtutis
805 2800 1112 2861 aspexerat,
1145 2791 1237 2860 qui
1269 2790 1482 2847 dicebat
1509 2809 1522 2845 :
1560 2790 1716 2855 Quod
1738 2793 1817 2845 ui-

224 2878 413 2944 dimus,
443 2889 494 2932 et
519 2880 827 2947 audivimus,
857 2889 906 2934 et
930 2897 1111 2934 manus
1142 2889 1335 2937 nostra:
1375 2888 1816 2936 contrectaverunt

223 2971 286 3025 de
310 2973 460 3027 verbo
489 2974 604 3027 vita:
630 2971 695 3044 (1.
712 2972 869 3027 Joan.
904 2990 941 3039 1,
973 2973 1049 3043 l).
1080 2973 1187 3029 Sed
1224 2975 1349 3044 quia
1392 2974 1815 3043 magnitudinem

225 3064 556 3119 excellentia:
584 3065 700 3134 ejus
721 3080 829 3119 non
859 3065 1083 3131 viderat,
1126 3066 1179 3120 in
1208 3066 1473 3121 Ramatha
1499 3082 1620 3121 eam
1658 3066 1816 3122 nobis

224 3158 573 3228 repromittit,
606 3157 827 3212 dicens:
861 3157 989 3212 Cum
1018 3160 1357 3230 apparuerit,
1403 3160 1599 3214 similes
1625 3162 1672 3215 ei
1711 3162 1814 3215 eri-

1915 1965 2041 2035 quia
2068 1980 2165 2035 per
2190 1965 2601 2033 humanitatem,
2630 1980 2793 2034 quam
2837 1964 3145 2035 assumpsit,
3185 1980 3293 2019 non
3323 1979 3389 2019 ex
3425 1963 3513 2017 in-

1916 2057 2186 2123 ﬁdelibus,
2233 2056 2326 2112 sed
2367 2073 2435 2111 ex
2478 2056 2724 2113 ﬁdelibus
2767 2056 2917 2113 nasci
2964 2056 3177 2125 voluit,
3224 2055 3511 2125 sequitur:

1916 2149 2089 2205 Filius
2120 2151 2458 2219 Hieroboam,
2488 2151 2588 2221 ﬁlii
2610 2149 2788 2217 Helia,
2816 2151 2916 2220 ﬁlii
2948 2149 3112 2217 Thau,
3141 2151 3241 2221 lilii
3268 2149 3439 2219 Suph.

1986 2243 2038 2297 6.
2088 2241 2330 2309 Quatuor
2375 2242 2576 2312 quippe
2605 2250 2818 2311 patrum
2862 2241 3080 2296 nomina
3108 2242 3450 2311 assignantur
3493 2258 3507 2295 :

1916 2336 2043 2408 quia
2071 2335 2200 2391 dum
2230 2352 2298 2392 ex
2320 2335 2461 2390 ﬁdeli
2490 2334 2691 2407 populo
2719 2334 2978 2391 Dominus
3003 2350 3221 2391 carnem
3263 2332 3512 2403 sumpsit,

1916 2444 2011 2486 eos
2055 2445 2152 2501 per
2197 2428 2590 2485 humanitatem
2631 2436 2813 2499 patres
2853 2428 3064 2496 habuit,
3104 2443 3240 2497 quos
3287 2427 3512 2483 totidem

1915 2520 2292 2593 principalium
2319 2520 2580 2574 virtutum
2608 2518 2779 2589 gloria
2810 2519 3116 2574 illustravit.
3146 2516 3295 2573 Unde
3325 2526 3379 2572 et
3404 2532 3513 2573 non

1916 2610 1986 2665 ad
2018 2609 2287 2665 inﬁdelem
2317 2610 2570 2680 aliquem,
2590 2608 2685 2665 sed
2701 2608 2768 2662 ad
2796 2607 3007 2663 ﬁdelem
3037 2608 3306 2663 Abraham
3334 2607 3515 2663 divina

1916 2702 2275 2775 promissione
2302 2701 2497 2755 dicitur
2516 2718 2530 2754 :
2562 2698 2628 2754 In
2645 2702 2840 2754 semine
2856 2710 2940 2754 tuo
2953 2699 3315 2753 benedicentur
3332 2712 3511 2753 omnes

1916 2801 2089 2865 gentes
2106 2800 2255 2846 terra:
2269 2788 2426 2861 (Gen.
2450 2806 2581 2856 χχιι,
2603 2788 2716 2859 18).
2734 2788 2870 2844 llinc
2888 2788 3215 2857 evangelista
3230 2787 3511 2841 Matthaeus

1922 2884 2027 2954 ιο
2038 2880 2401 2951 generationis
2420 2879 2536 2949 ejus
2552 2879 2798 2934 ordinem
2825 2886 3034 2942 texens,
3050 2879 3127 2932 ait
3147 2896 3159 2931 :
3178 2876 3333 2931 Liber
3352 2894 3509 2949 gene-

1916 2973 2137 3029 rationis
2157 2971 2187 3025 J
2196 2989 2284 3027 esu
2315 2969 2528 3039 Christi,
2559 2969 2860 3041 ﬁliiDavid,
2886 2970 2987 3041 ﬁlii
3008 2968 3508 3039 Abraham(lllatth.

1914 3081 1951 3133 1,
1986 3064 2061 3137 I).
2094 3064 2229 3118 Hinc
2259 3078 2356 3132 per
2392 3061 2739 3129 semetipsum
2790 3060 3142 3115 Samaritana:
3185 3058 3396 3113 mulieri
3427 3058 3509 3112 lo-

1915 3158 2116 3228 quitur,
2150 3156 2336 3211 dicens
2367 3173 2380 3208 :
2442 3154 2600 3210 Salus
2622 3170 2686 3208 ea:
2733 3152 2932 3208 Iudaeis
2956 3162 3031 3207 est
3084 3152 3262 3223 (Joan.
3292 3168 3363 3217 1v,
3391 3150 3507 3220 22).

224 3269 358 3320 mus,
387 3252 630 3324 quoniam
659 3252 937 3307 videbimus
958 3269 1096 3318 eum;
1120 3255 1271 3307 sicuti
1288 3263 1364 3309 est
1384 3253 1439 3326 (Ι
1453 3253 1612 3310 Joan.
1631 3271 1709 3322 111,
1732 3254 1812 3325 2).
1840 3263 1889 3329 ο
1919 3252 2055 3307 Hinc
2085 3249 2281 3306 Paulus
2304 3250 2379 3304 ait
2411 3265 2425 3303 :
2461 3246 2691 3313 Quorum
2714 3248 2925 3318 adoptio
2954 3256 3029 3302 est
3050 3248 3303 3318 ﬁliorum,
3326 3253 3374 3299 et
3404 3244 3511 3315 glo-

296 3342 351 3397 5.
396 3341 582 3398 Potest
609 3350 788 3398 autem
820 3344 976 3414 hujus
1002 3346 1201 3401 montis
1227 3346 1465 3411 nomine,
1499 3347 1809 3401 beatissima

224 3449 441 3505 semper
469 3435 621 3505 virgo
652 3433 819 3490 Maria
865 3436 962 3491 Dei
1002 3434 1248 3491 Genitrix
1293 3436 1563 3505 designari
1595 3453 1608 3489 :
1652 3452 1811 3492 mons

223 3529 424 3599 quippe
447 3528 566 3595 fuit,
589 3544 707 3599 qua:
737 3544 950 3585 omnem
980 3531 1164 3586 electa:
1191 3539 1453 3585 creaturae
1476 3528 1812 3583 altitudinem

224 3620 507 3677 electionis
551 3636 663 3677 suae
690 3620 951 3691 dignitate
995 3620 1346 3678 transcendit.
1399 3620 1480 3674 An
1521 3635 1630 3673 non
1660 3634 1814 3676 mons

222 3712 470 3768 sublimis
514 3711 714 3781 Maria,
777 3726 895 3781 quae
938 3720 998 3766 ut
1052 3710 1121 3766 ad
1170 3711 1581 3781 conceptionem
1626 3710 1814 3765 aeterni

223 3804 389 3860 Verbi
417 3805 764 3875 pertingeret,
796 3804 1111 3859 meritorum
1140 3803 1398 3858 verticem
1436 3818 1597 3874 supra
1626 3818 1813 3857 omnes

224 3897 541 3966 angelorum
567 3898 780 3963 choros,
827 3910 995 3966 usque
1021 3897 1087 3952 ad
1131 3895 1322 3952 solium
1353 3896 1565 3951 deitatis
1594 3895 1812 3950 erexit?

224 3988 397 4057 Hujus
445 3990 585 4043 enim
639 3988 841 4044 montis
897 3988 1444 4059 przecellentissimam
1500 3988 1813 4058 dignitatem

224 4079 393 4134 Isaias
421 4080 741 4144 vaticinans,
780 4080 892 4133 ait:
937 4079 1054 4133 Erit
1077 4080 1132 4133 in
1163 4080 1453 4133 novissimis
1475 4079 1649 4135 diebus
1677 4095 1813 4150 pra:-

224 4178 441 4242 paratus
461 4189 606 4225 mons
637 4170 816 4226 domus
844 4170 1056 4226 Domini
1091 4172 1145 4225 in
1172 4173 1355 4224 vertice
1394 4171 1645 4225 montium
1669 4169 1809 4241 (Isa.

224 4277 282 4329 11,
306 4262 386 4333 2).
418 4261 571 4317 Mons
597 4262 798 4331 quippe
818 4260 873 4316 in
900 4261 1103 4317 vertice
1127 4261 1391 4317 montium
1420 4260 1538 4328 fuit,
1585 4260 1709 4330 quia
1736 4261 1812 4313 al~

227 4354 399 4409 titudo
428 4354 606 4408 Mariae
635 4369 795 4424 supra
817 4369 1004 4410 omnes
1032 4361 1248 4410 sanctos
1270 4352 1498 4409 refulsit.
1521 4353 1654 4407 Nam
1676 4353 1813 4407 sicut

226 4460 381 4501 mons
407 4446 765 4513 altitudinem,
822 4447 896 4501 ita
916 4446 1106 4503 domus
1135 4447 1380 4515 designat
1400 4447 1808 4503 habitationem.

223 4538 380 4595 Mons
408 4541 607 4611 quippe
626 4548 682 4594 et
704 4526 895 4596 domus
910 4548 1038 4610 apte
1056 4540 1271 4606 dicitur,
1312 4555 1431 4610 qua:
1448 4541 1573 4595 dum
1602 4541 1810 4597 incom-

1914 3346 2015 3412 ria,
2046 3352 2093 3398 et
2126 3352 2502 3408 testamentum,
2527 3351 2576 3396 et
2598 3343 2945 3413 legislatio,et
2970 3340 3359 3409 obsequium,-et
3385 3352 3511 3405 pro—

1912 3439 2108 3491 missa:
2138 3452 2353 3506 quorum
2376 3442 2571 3505 patres,
2594 3448 2658 3485 ea:
2678 3431 2859 3501 quibus
2883 3439 2958 3485 est
2973 3428 3206 3482 Christus
3230 3428 3511 3482 secundum

1914 3546 2142 3594 carnem,
2167 3531 2250 3600 qui
2281 3537 2354 3581 est
2382 3544 2535 3596 super
2556 3526 2732 3580 omnia
2753 3524 2894 3578 Deus
2920 3524 3212 3577 benedictus
3232 3523 3288 3576 in
3316 3521 3509 3575 swcula

1916 3621 2095 3695 (liam.
2123 3637 2197 3687 1x,
2222 3619 2257 3673 4
2283 3629 2329 3674 et
2358 3618 2434 3691 5).
2467 3618 2670 3687 Quibus
2697 3618 2961 3691 profecto,
2992 3631 3118 3687 quia
3147 3624 3201 3672 et
3225 3615 3510 3686 prudentia

1914 3715 2089 3770 adfuit
2136 3714 2189 3768 in
2239 3713 2547 3782 cognitione
2600 3727 2813 3778 rerum;
2857 3710 3086 3781 justitia,
3141 3726 3248 3782 qua
3295 3710 3510 3779 cognita

1915 3806 2201 3876 disponere
2222 3812 2368 3860 recta
2398 3812 2691 3874 cuperent;
2725 3804 3003 3868 fortitudo,
3035 3818 3141 3872 qua
3162 3801 3357 3872 exequi
3385 3814 3507 3870 quae

1915 3897 2140 3963 vellent,
2193 3897 2334 3951 bona
2387 3898 2718 3965 potuissent;
2774 3896 3150 3967 temperantia,
3200 3910 3298 3966 per
3348 3907 3511 3965 quam

1914 3988 2145 4043 discreta
2174 3995 2365 4043 cuneta
2397 3988 2738 4056 perlicerent,
2771 3996 2896 4059 apte
2917 3986 3262 4058 quaternario
3284 3999 3510 4040 numero

1916 4076 2287 4145 designantur.

1988 4169 2038 4222 7.
2068 4166 2360 4238 Sequitur:
2402 4166 2772 4240 Ephratlueus.
2800 4166 2903 4234 Qui
2934 4174 3115 4221 autem
3160 4164 3228 4221 de
3255 4164 3507 4236 Ephraim

1914 4270 2100 4316 monte
2139 4262 2415 4327 asseritur,
2460 4276 2560 4316 cur
2597 4260 2948 4331 Ephrathteus
2985 4276 3105 4317 esse
3156 4260 3510 4330 perhibetur?

1914 4352 2022 4408 Sed
2043 4354 2145 4409 hoc
2175 4334 2239 4406 ad
2263 4353 2499 4407 litteram
2523 4360 2688 4422 patet,
2721 4353 2847 4424 quia
2876 4352 3133 4407 videlicet
3158 4351 3225 4406 de
3254 4350 3508 4422 Ephraim

1914 4452 2097 4501 monte
2118 4458 2238 4498 esse
2268 4443 2459 4512 aliquis
2482 4444 2680 4512 potuit,
2728 4443 2819 4513 qui
2845 4442 2913 4497 de
2942 4444 3085 4499 tribu
3113 4442 3367 4512 Ephraim
3407 4456 3508 4497 na-

1916 4546 2001 4592 tus
2029 4536 2274 4591 nonfuit.
2304 4534 2504 4589 Dicitur
2530 4550 2659 4606 ergo
2679 4534 3053 4605 Ephrathmus,
3090 4546 3149 4590 ut
3175 4536 3267 4605 qui
3295 4550 3360 4589 ex
3383 4535 3507 4590 loco

223 4631 554 4703 parabilibus
591 4639 675 4686 est
718 4632 982 4687 illustrata
1010 4632 1237 4700 meritis,
1281 4632 1377 4688 Dei
1414 4633 1709 4703 unigenito,
1758 4636 1812 4689 in
1839 4651 1894 4713 ι)
1918 4627 2237 4693 ostenditur,
2284 4626 2361 4691 de
2401 4627 2567 4698 stirpe
2618 4628 2781 4683 etiam
2823 4628 3130 4699 propaginis
3161 4636 3507 4696 agnoscatur.

221 4736 331 4792 quo
353 4722 717 4785 recumberet,
770 4736 983 4778 sacrum
1035 4725 1359 4793 praeparavit
1381 4733 1615 4781 uterum.
1678 4725 1809 4780 Nam

221 4828 385 4867 mons
413 4813 466 4867 in
505 4812 710 4869 vertice
736 4812 1000 4868 montium
1029 4812 1194 4868 Maria
1225 4830 1332 4871 non
1363 4814 1533 4883 ﬁeret,
1577 4817 1622 4872 si
1651 4832 1813 4887 supra

221 4904 537 4973 angelorum
568 4903 923 4972 altitudinem,
952 4905 1093 4961 bane
1129 4905 1308 4961 divina
1362 4908 1665 4963 fecunditas
1702 4924 1812 4964 non

220 4994 450 5050 levaret.
476 4994 544 5049 Et
562 4995 754 5050 domus
780 4996 993 5051 Domini
1026 5011 1135 5051 non
1165 4994 1339 5062 ﬁeret,
1368 4998 1414 5052 si
1442 4998 1495 5051 in
1527 4997 1645 5066 ejus
1678 5013 1810 5053 ven-

220 5094 325 5153 tre,
356 5102 455 5158 per
475 5095 803 5157 assumptam
826 5087 1239 5154 humanitatem,
1260 5087 1409 5143 verbi
1433 5085 1680 5143 divinitas
1703 5104 1812 5144 non

214 5177 450 5248 iaceret.
482 5176 588 5233 Sed
615 5186 765 5233 recte
791 5192 948 5234 mons
967 5178 1186 5248 frugifer
1210 5177 1429 5247 dicitur,
1453 5177 1521 5233 de
1543 5192 1647 5248 qua
1676 5178 1816 5248 opti-

217 5286 341 5326 mus
366 5271 598 5339 tmolus,
645 5271 701 5327 id
751 5279 835 5327 est
881 5288 1053 5328 novus
1099 5274 1261 5330 homo
1288 5281 1594 5343 generatur,
1646 5288 1813 5344 quam

217 5372 371 5419 certe
390 5364 445 5417 in
475 5362 819 5419 fecunditatis
846 5379 957 5419 suae
986 5364 1156 5433 gloria
1191 5365 1491 5435 pulchram,
1538 5375 1815 5422 ornatam-

217 5471 327 5527 que
369 5456 636 5526 propheta
684 5457 1001 5528 respiciens,
1051 5459 1162 5513 ait:
1200 5458 1515 5530 Egredietur
1564 5460 1710 5532 virga
1751 5461 1814 5516 de

215 5549 402 5603 radice
429 5546 595 5613 Jesse,
624 5555 675 5601 et
701 5549 799 5618 ﬂos
840 5549 905 5602 de
933 5550 1108 5604 radice
1130 5551 1243 5622 ejus
1272 5551 1512 5605 ascendet
1568 5550 1702 5622 (Isa.
1734 5567 1811 5617 x1,

219 5640 297 5712 l).
333 5640 413 5695 De
442 5640 600 5710 hujus
622 5655 856 5710 namque
900 5642 1099 5699 montis
1124 5641 1326 5710 fructu,
1387 5642 1550 5696 David
1580 5643 1690 5697 Deo
1721 5658 1817 5698 ex-

218 5732 453 5794 sultans,
479 5732 558 5805 ait
583 5751 595 5785 :
646 5732 1003 5802 Con/iteantur
1027 5732 1115 5786 tibi
1135 5734 1311 5804 pepuli
1334 5733 1495 5798 Deus,
1526 5734 1814 5804 conﬁtean-

221 5831 306 5878 tur
328 5824 419 5878 tibi
449 5826 626 5896 populi
649 5842 847 5893 omnes,
901 5835 1039 5881 terra
1064 5826 1203 5879 dedit
1221 5831 1449 5898 fructum
1485 5844 1635 5883 suum
1692 5828 1811 5899 (Ps.

222 5928 371 5983 vat,
403 5915 482 5986 6).
533 5914 706 5973 Terra
754 5917 954 5995 quippe
972 5916 1213 5973 'fructum
1261 5932 1416 5981 suum
1462 5917 1629 5988 dedit,
1683 5920 1810 5990 quia

1918 4723 2053 4790 Quia
2077 4736 2210 4776 vero
2240 4720 2597 4790 Ephrathmus
2620 4719 2951 4776 lructiﬁcans
2980 4721 3194 4785 dicitur,
3226 4730 3375 4776 recte
3406 4721 3508 4774 hoc

1915 4827 2160 4883 personae
2186 4811 2566 4881 Redemptoris
2588 4810 2930 4877 adscribitur,
2961 4810 3053 4880 qui
3083 4811 3357 4881 prophetae
3381 4808 3513 4863 vati-

1915 4906 2055 4961 cinio
2085 4905 2405 4975 pnedicatur
2432 4895 2601 4959 iz'Erit
2627 4913 2873 4975 tanquam
2896 4904 3110 4975 lignum,
3141 4904 3277 4974 quod
3306 4904 3511 4974 planta-

1917 5005 2026 5051 tum
2051 5006 2129 5051 est
2177 5014 2320 5051 secus
2350 4998 2596 5052 decursus
2625 5014 2899 5069 aquarum,
2948 4997 3085 5069 quod
3112 5000 3336 5068 fructum
3362 5012 3511 5049 suum

1917 5089 2062 5144 dabit
2089 5090 2145 5142 in
2174 5097 2399 5160 tempore
2426 5106 2518 5144 suo
2567 5088 2741 5161 (Psal.
2774 5106 2808 5156 1,
2856 5090 2930 5161 4).
2983 5088 3118 5143 Nam
3163 5088 3214 5141 in
3245 5086 3510 5157 praefinita

1919 5197 2186 5252 apparens
2218 5183 2553 5252 plenitudine
2594 5190 2924 5254 temporum,
2967 5181 3203 5238 cmlestis
3248 5178 3509 5234 doctrina:

1918 5272 2104 5343 ﬂores,
2152 5272 2206 5328 in
2236 5289 2398 5344 poma
2432 5274 2592 5330 vertit
2621 5275 2950 5340 electorum;
2998 5281 3053 5329 et
3109 5277 3380 5342 quotquot
3406 5270 3509 5327 sibi

1916 5363 2197 5440 conjunxit
2230 5381 2298 5420 ex
2328 5366 2563 5422 humano
2590 5380 2812 5436 genere,
2861 5365 3017 5435 quasi
3047 5371 3127 5419 tot
3152 5362 3357 5417 fructus
3382 5378 3510 5433 pro-

1919 5457 2043 5511 tulit
2066 5457 2132 5512 ad
2156 5459 2513 5513 aeternitatem
2539 5474 2554 5511 :
2601 5472 2708 5527 quo
2730 5457 2783 5511 in
2815 5457 2937 5512 loco
2970 5456 3098 5511 dum
3126 5454 3508 5525 Redemptoris

1920 5551 2029 5607 vita
2055 5550 2394 5620 describitur,
2445 5552 2677 5605 latenter
2721 5550 2884 5604 etiam
2914 5548 3112 5604 diaboli
3152 5547 3380 5618 perditio
3409 5545 3508 5601 de-

1921 5650 2271 5698 monstratur.
2311 5642 2445 5696 Nam
2470 5642 2536 5696 de
2564 5648 2748 5697 monte
2777 5639 3035 5711 Ephraim
3064 5640 3183 5705 fuit,
3243 5648 3299 5694 et
3322 5647 3504 5693 tamen

1918 5733 2271 5806 Ephrathaeus
2295 5750 2401 5791 non
2430 5734 2528 5789 fuit
2558 5751 2573 5786 :
2610 5732 2736 5803 quia
2783 5732 2850 5787 de
2878 5731 3016 5789 caelo
3044 5731 3261 5801 quidem
3288 5728 3503 5793 cecidit,

1915 5830 2007 5885 sed
2031 5829 2193 5885 arbor
2214 5830 2445 5897 pessima
2470 5827 2671 5882 bonum
2696 5824 2931 5882 fructum
2968 5838 3079 5879 non
3115 5820 3282 5875 dedit.

1986 5922 2165 5995 (Vers.
2188 5918 2269 5990 2.)
2319 5916 2423 5984 Qui
2476 5918 2698 5979 habebat
2751 5919 2881 5975 duas
2922 5929 3131 5978 uxores,
3173 5924 3358 5965 nomen
3411 5907 3506 5967 uni
