4044 6336
543 413 611 471 27
1730 396 1973 459 sanan
2012 387 2340 450 anGonu
2377 391 2590 449 suum
3721 403 3793 462 εδ

542 530 716 593 Anna,
767 542 952 583 nomen
991 523 1229 581 secundae
1256 522 1537 579 Phenenna
1566 535 1585 576 :
1634 522 1933 592 fueruntque
1970 512 2109 569 Phe-
2135 505 2193 569 Δ
2213 506 2338 578 quia
2365 508 2779 579 promissionum
2794 509 3038 582 insignia,
3062 527 3180 584 quae
3202 514 3257 570 in
3275 516 3477 572 sanctis
3501 516 3796 589 Scripturis

544 637 728 677 nemus
754 620 875 691 ﬁlii,
897 622 1064 675 Anna:
1084 635 1202 674 vero
1228 634 1331 673 non
1359 624 1505 672 erant
1534 614 1698 671 liberi.

613 718 664 771 8.
697 716 834 784 Quid
864 731 959 786 per
987 714 1357 782 Phenennam,
1408 713 1511 768 nisi
1546 711 1825 783 Synagoga
1854 705 2114 777 exprimi-

543 811 665 867 tur?
696 809 762 865 Et
781 809 909 879 quid
936 824 1034 880 per
1061 808 1291 874 Annam,
1320 805 1424 863 nisi
1451 814 1636 861 sancta
1656 801 1891 858 Ecclesia
1921 800 2115 871 ﬁgura-

542 903 673 958 tur?
705 900 1006 957 Pbenennae
1045 900 1245 971 quippe
1272 898 1366 953 ﬂlii
1413 895 1576 953 fuisse
1602 894 1907 950 releruntur
1934 908 1947 945 :
1990 890 2116 961 quia

542 1008 665 1049 cum
713 991 1044 1063 Redemptor
1089 998 1273 1046 noster
1318 990 1373 1045 in
1410 1001 1571 1045 carne
1598 985 1862 1056 apparuit,
1894 997 1990 1054 per
2016 981 2115 1037 Le-

540 1100 681 1157 gem,
731 1100 891 1154 quam
938 1083 1177 1150 dederat,
1218 1099 1315 1153 per
1354 1082 1660 1152 prophetas,
1715 1091 1849 1147 quos
1874 1076 2111 1139 miserat,

539 1176 714 1231 editos
737 1176 791 1230 in
819 1173 920 1231 llde
947 1187 1229 1247 synagoga:
1272 1173 1407 1227 tilios
1453 1169 1674 1224 invenit.
1720 1167 1886 1222 Anna:
1934 1175 2114 1221 autem

540 1284 646 1323 non
675 1276 829 1324 erant
856 1268 1031 1334 liberi,
1059 1267 1184 1337 quia
1208 1265 1403 1321 novitia
1427 1271 1576 1331 tunc,
1599 1271 1655 1318 et
1680 1260 1886 1317 cmlesti
1915 1273 2115 1330 sponso

540 1374 712 1430 nuper
739 1358 1027 1428 conjuncta
1056 1364 1237 1412 sancta
1266 1353 1527 1419 Ecclesia,
1568 1350 1907 1423 praedicando
1944 1350 2116 1405 adhuc

539 1466 879 1522 nequaquam
894 1450 1155 1523 pariebat.
1185 1446 1337 1503 Unde
1359 1454 1413 1502 et
1438 1445 1486 1501 ei
1514 1443 1749 1513 ejusdem
1771 1442 1955 1513 sponsi
1980 1456 2117 1497 voce

539 1543 595 1601 in
617 1544 838 1600 Cantico
865 1540 1058 1597 dicitur
1081 1558 1093 1593 :
1130 1538 1293 1594 Soror
1319 1545 1498 1592 nostra
1527 1534 1739 1607 parvula
1759 1540 1854 1599 est,
1882 1541 1931 1587 et
1956 1534 2116 1587 ubera

537 1652 641 1692 non
662 1635 810 1690 habet
841 1634 1013 1706 (Cant.
1046 1648 1158 1701 vni,
1187 1630 1263 1701 8).
1307 1629 1404 1685 Vel
1434 1636 1583 1685 certe
1614 1642 1721 1681 non
1752 1640 1851 1695 pro
1874 1626 2115 1693 inaequa-

538 1727 688 1784 litate
712 1725 885 1782 mtatis
916 1724 1052 1779 ﬁlios
1093 1737 1201 1777 non
1232 1720 1485 1775 habuisse
1515 1719 1730 1785 dicitur,
1781 1714 1877 1771 sed
1914 1729 2012 1785 per
2036 1714 2117 1768 in-

535 1816 913 1874 fecunditatem
938 1812 1259 1869 sterilitatis.
1306 1808 1435 1876 Quzc
1465 1817 1548 1865 est
1573 1821 1703 1877 ergo
1726 1806 1981 1862 sterilitas
2008 1804 2117 1858 An-

2214 599 2413 670 posuit,
2441 601 2746 670 apparendo
2767 605 3102 659 monstravit.
3138 606 3369 662 Possunt
3396 617 3575 664 autem
3600 612 3794 667 statuti

2214 690 2328 746 dies
2348 690 2569 761 intelligi
2596 692 2847 762 promissi
2868 694 2921 748 in
2944 694 3177 750 adventu
3198 694 3316 765 ejus
3342 697 3659 767 splendores
3688 701 3794 757 mi-

2215 787 2543 843 raculorum.
2596 787 2743 853 Quos
2768 788 3021 843 nimirum
3050 788 3164 845 dies
3189 791 3455 860 propheta
3484 791 3651 851 lsaias
3679 804 3795 850 sta-

2216 886 2363 935 tutos
2391 881 2627 945 intuens,
2656 880 2733 935 ait
2764 898 2777 934 :
2823 880 2995 937 Dicite
3020 884 3406 951 pusillanimis:
3444 886 3797 959 Confortami-

2216 972 2291 1037 ni,
2318 982 2365 1024 et
2394 972 2553 1026 nolite
2572 973 2783 1026 timere:
2808 988 2923 1027 ecce
2947 972 3086 1028 Deus
3109 982 3282 1028 noster
3300 976 3545 1031 ultionem
3575 979 3799 1033 adducet

2216 1058 2601 1127 retributionis;
2632 1059 2770 1116 Deus
2793 1063 2904 1133 ipse
2942 1065 3124 1132 veniet,
3171 1075 3220 1121 et
3242 1068 3458 1122 salrabit
3494 1086 3608 1125 nos.
3658 1070 3801 1125 Tunc

2218 1153 2514 1222 aperientur
2539 1153 2673 1208 oculi
2698 1169 2969 1220 caecorum,
2992 1165 3042 1209 et
3066 1173 3218 1211 aures
3243 1159 3517 1214 surdorum
3547 1161 3759 1216 audient
3782 1179 3800 1217 :

2220 1249 2335 1295 tunc
2366 1244 2531 1307 saliet,
2563 1246 2696 1298 sicut
2723 1260 2917 1312 cervus,
2942 1246 3189 1313 claudus;
3216 1258 3266 1304 et
3292 1261 3470 1321 aperta
3498 1253 3593 1306 erit
3622 1251 3801 1323 lingua

2216 1344 2475 1390 mutorum
2498 1334 2653 1407 (Isai.
2681 1353 2848 1403 xxxv,
2872 1338 3012 1410 4-6).
3061 1339 3168 1396 Sed
3207 1343 3297 1411 qui
3327 1342 3445 1399 dies
3472 1354 3705 1400 statutos
3734 1346 3801 1402 ad

2218 1440 2503 1482 ascensum
2562 1426 2940 1498 Redemptoris
2982 1430 3331 1499 agnovimus,
3386 1441 3565 1488 utrum
3629 1434 3684 1490 in
3726 1435 3804 1491 eis

2220 1518 2554 1586 ascenderit,
2596 1519 2895 1576 videamus.
2920 1521 3228 1592 Requisitus
3253 1538 3487 1593 namque
3514 1538 3545 1580 a
3574 1524 3803 1592 Joanne.

2218 1616 2264 1672 si
2291 1616 2488 1687 ipsum,
2535 1630 2602 1670 an
2643 1614 2806 1670 alium
2856 1623 3251 1686 exspectarent,
3296 1618 3574 1687 respondit
3626 1619 3807 1675 missis

2220 1709 2511 1779 discipulis,
2562 1717 2619 1763 et
2668 1708 2792 1763 ait:
2845 1708 2927 1763 Ite
2948 1717 2998 1763 et
3038 1710 3193 1763 dicite
3215 1710 3412 1764 Joanni
3456 1726 3569 1780 qua
3602 1711 3804 1767 uidistis

2219 1807 2269 1851 et
2296 1797 2550 1851 audistis:
2577 1798 2698 1851 caeci
2721 1797 2911 1863 vident,
2932 1798 3107 1852 claudi
3132 1798 3419 1863 ambulant,
3444 1800 3633 1870 leprosi
3654 1818 3807 1855 mun-

534 1925 638 1975 nae,
672 1910 773 1963 nisi
810 1906 1095 1962 obduratio
1130 1902 1364 1959 Judmae?
1401 1900 1534 1969 Quae
1580 1902 1723 1956 enim
1770 1890 1904 1955 dura
1951 1898 2115 1954 corda

2222 1888 2432 1955 dantur,
2459 1904 2707 1958 pauperes
2736 1892 3181 1961 euangelizantur;
3217 1901 3265 1945 et
3295 1889 3472 1946 beatus
3502 1891 3673 1957 homo,
3720 1895 3806 1963 qui

534 2002 839 2059 Judazorum
869 1999 934 2055 ad
960 1996 1337 2068 Redemptoris
1363 1994 1520 2051 ﬁdem
1549 2002 1866 2051 convertere
1886 2008 1992 2049 non
2015 2008 2109 2064 ρος

534 2093 658 2159 tuit,
690 2091 939 2146 nimirum
969 2090 1165 2145 sterilis
1193 2089 1311 2144 fuit.
1337 2086 1444 2142 Sed
1475 2086 1789 2154 notandum,
1816 2085 1940 2155 quia
1972 2083 2111 2139 Phe—

534 2195 733 2248 nenna,
763 2195 881 2251 quae
904 2179 1050 2251 prius
1073 2192 1267 2250 parere
1312 2177 1554 2241 dicitur;
1586 2190 1727 2231 uxor
1750 2174 1986 2231 secunda
2016 2188 2115 2228 no-

536 2273 792 2328 minatur.
854 2268 1009 2326 Prius
1060 2270 1258 2340 quippe
1304 2282 1573 2341 synagoga
1602 2268 1655 2322 in
1692 2266 1796 2322 ﬁde
1823 2265 1962 2321 ﬁlios
2001 2266 2115 2320 edi-

537 2362 639 2433 dit,
686 2361 780 2418 sed
833 2370 1013 2417 tamen
1063 2360 1322 2431 dignitate
1374 2364 1576 2415 sancta:
1628 2356 1881 2413 Ecclesiae
1938 2356 2116 2412 minor

536 2454 658 2510 luit.
708 2453 951 2510 Secunda
977 2453 1139 2524 igitur
1167 2467 1308 2509 uxor
1327 2452 1558 2521 exstitit,
1584 2466 1692 2507 non
1714 2458 1962 2521 tempore
1983 2463 2116 2505 con-

530 2544 726 2618 iugalis
778 2547 1004 2618 copulis,
1058 2546 1151 2602 sed
1189 2545 1549 2616 inaequalitate
1588 2543 1971 2616 prmrogativae.
2012 2541 2115 2599 Se-

536 2639 721 2710 quitur
756 2656 771 2693 :

608 2728 784 2801 (Vers.
811 2729 891 2800 3.)
946 2728 1015 2785 Et
1040 2726 1349 2786 ascendebat
1374 2730 1452 2785 vir
1480 2728 1568 2785 ille
1598 2729 1803 2784 statutis
1827 2728 2005 2783 diebus
2052 2727 2118 2782 de

535 2820 739 2875 civitate
763 2838 876 2887 sua,
909 2830 965 2876 ut
1007 2823 1250 2879 adoraret
1291 2830 1343 2877 et
1384 2822 1676 2879 immolaret
1726 2820 1951 2877 Domino
2003 2818 2115 2875 Des

532 2914 847 2967 exercituum
874 2914 929 2968 in
960 2914 1093 2970 Silo.

610 2999 664 3056 9.
719 2999 847 3070 Quae
878 3004 1019 3059 enim
1056 3003 1310 3076 spiritalis
1349 3003 1536 3061 civitas
1565 3002 1959 3075 Redemptoris,
2016 3000 2118 3057 nisi

532 3090 809 3162 Scriptura
850 3109 1003 3152 sacra
1033 3095 1277 3151 exsdtit?
1318 3093 1444 3152 Haec
1490 3096 1741 3152 nimirum
1789 3096 1978 3151 civitas
2005 3092 2118 3149 suis

537 3182 744 3241 civibus
787 3192 867 3241 tot
920 3186 1294 3243 defensionum
1350 3187 1644 3243 munimina
1686 3184 1931 3253 contulit,
1982 3188 2117 3254 quot

2220 1998 2323 2036 non
2351 1982 2505 2051 fuerit
2531 1981 2920 2036 scandalizatus
2947 1983 3002 2036 in
3023 2000 3103 2036 me
3126 1982 3278 2054 (Luc.
3309 1999 3399 2050 vn,
3422 1983 3532 2054 19).
3580 1984 3809 2041 Statutis

2220 2087 2350 2143 ergo
2378 2073 2569 2129 diebus
2592 2072 2853 2139 ascendit,
2897 2074 2990 2143 qui
3042 2083 3101 2129 ut
3146 2076 3215 2130 ab
3242 2076 3541 2132 electorum
3586 2092 3807 2134 suorum

2218 2165 2471 2221 cordibus
2499 2166 2696 2220 vetusti
2724 2166 2922 2221 erroris
2963 2166 3246 2235 caliginem
3272 2168 3514 2236 pelleret,
3547 2175 3629 2224 tot
3676 2184 3808 2240 pro—

2218 2256 2509 2311 missorum
2561 2257 2942 2313 miraculorum
2970 2256 3345 2328 splendoribus
3394 2260 3642 2317 radiavit.
3699 2260 3808 2317 Sed

2220 2346 2483 2412 ascendit,
2530 2355 2590 2401 ut
2626 2347 2879 2403 adoraret
2901 2356 2957 2402 et
2985 2348 3309 2413 immolaret,
3339 2350 3466 2421 quia
3490 2350 3556 2406 ad
3578 2351 3685 2407 hoc
3712 2367 3810 2408 co-

2218 2439 2405 2515 gnosci
2433 2438 2622 2505 voluit,
2668 2447 2729 2494 ut
2752 2440 3031 2496 moriendo
3064 2440 3371 2508 redimeret,
3411 2455 3549 2511 quos
3575 2443 3808 2499 vivendo

2220 2529 2515 2587 docuisset.
2564 2528 2822 2584 Adoravit
2863 2530 3081 2600 quippe,
3137 2531 3263 2599 quia
3287 2531 3343 2586 in
3368 2532 3672 2603 exemplum
3697 2533 3811 2589 elc-

2221 2628 2431 2676 ctorum
2461 2634 2522 2675 se
2561 2620 2673 2675 Deo
2702 2619 2852 2675 Patri
2882 2628 3053 2677 totum
3101 2622 3377 2690 humilem,
3432 2632 3488 2679 et
3538 2625 3810 2695 abjectum

2221 2725 2321 2781 per
2359 2708 2722 2766 obedientiam
2770 2711 3020 2781 praebuit.
3074 2711 3373 2769 lmmolavit
3422 2724 3625 2779 autem,
3682 2715 3810 2785 quia

2220 2804 2496 2874 quiﬁtobis
2524 2804 2770 2875 exempla
2800 2804 3117 2861 humilitatis
3136 2806 3364 2862 vivendo
3392 2806 3559 2871 dedit,
3600 2822 3665 2864 se
3693 2807 3809 2865 Deo

2222 2892 2371 2949 Patri
2425 2895 2479 2950 in
2526 2909 2618 2950 ara
2642 2896 2814 2951 crucis
2841 2896 3169 2952 oblationem
3222 2906 3278 2953 et
3298 2898 3535 2955 hostiam
3561 2899 3807 2968 tradidit,

2222 2996 2281 3045 et
2296 3002 2433 3057 quos
2450 2988 2681 3044 vivendo
2707 2988 2911 3057 docuit,
2932 2988 3210 3045 moriendo
3237 2990 3480 3047 redemit.
3510 2990 3811 3061 Utrumque

2223 3080 2369 3136 enim
2395 3080 2550 3135 nobis
2572 3079 2727 3135 valde
2756 3079 3117 3136 necessarium
3156 3081 3325 3151 novit,
3353 3089 3409 3138 et
3432 3082 3554 3138 ideo
3576 3081 3809 3138 alterum

2222 3170 2342 3227 sine
2363 3171 2535 3227 altero
2566 3186 2672 3226 non
2700 3171 2981 3241 impendit.
3033 3172 3167 3228 Nam
3212 3188 3335 3228 cum
3379 3181 3539 3231 natus
3581 3174 3811 3231 essetin

534 3284 829 3348 praecepta;
860 3285 940 3333 tot
960 3292 1107 3333 arma
1128 3279 1206 3335 eis
1232 3279 1480 3350 praebuit,
1499 3286 1632 3350 quot
1652 3276 1874 3333 consilia
1900 3274 2111 3331 salutis.
2142 3268 2193 3337 Ω
2221 3263 2539 3319 Bethleth
2566 3260 2735 3326 “die.
2759 3277 2882 3317 eum
2903 3260 3090 3319 fraude
3116 3262 3351 3323 HOrOdes
3381 3264 3448 3321 ad
3473 3265 3810 3321 ἱηιθΐίὶεὶθηο

533 3363 669 3433 Quid
690 3374 869 3423 autem
895 3367 995 3423 fuit
1022 3368 1369 3439 Redemptori
1408 3377 1596 3426 nostro
1638 3370 1948 3432 ascendere,
2009 3368 2112 3423 nisi

534 3456 593 3513 in
622 3458 968 3515 humanitatis
996 3459 1192 3527 forma,
1222 3460 1518 3517 divinitatis
1546 3476 1655 3517 sua:
1684 3460 1789 3516 alta
1832 3459 2117 3516 revelare?

532 3545 604 3602 Et
632 3548 756 3618 quia
784 3549 839 3603 in
860 3564 1013 3604 sacra
1041 3549 1319 3622 Scriptura
1346 3553 1708 3622 cognoscitur,
1757 3556 1853 3623 ιι
1882 3552 1951 3607 de
1978 3551 2115 3607 civi-

533 3648 649 3696 tate
686 3656 782 3696 sua
838 3651 984 3699 recte
1039 3643 1333 3701 ascendere
1377 3645 1708 3715 perhibetur.
1761 3643 1958 3699 Statuti
1983 3659 2116 3701 vero

534 3734 651 3791 dies
678 3742 801 3791 sunt
822 3735 1205 3803 promissiones
1233 3735 1301 3792 de
1350 3750 1429 3804 se,
1478 3737 1533 3792 in
1572 3735 1774 3792 sanctis
1824 3734 2117 3805 Scripturis

533 3826 746 3897 positae.
804 3826 927 3882 Dies
969 3827 1170 3896 quippe
1199 3835 1346 3893 sunt,
1393 3826 1516 3897 quia
1570 3826 1635 3882 ad
1680 3828 2114 3897 cognoscendum

537 3931 684 3984 eum,
718 3917 905 3974 electis
928 3918 1127 3974 lucent.
1183 3918 1385 3975 Statuti
1410 3933 1628 3989 quoque
1656 3920 1771 3974 dies
1814 3925 1955 3983 sunt,
1988 3918 2118 3988 quia

537 4009 605 4063 ab
631 4009 861 4080 antiquis
889 4008 1133 4065 Patribus
1159 4010 1212 4065 in
1242 4009 1439 4066 eodem
1462 4025 1618 4067 sacro
1644 4010 1858 4079 eloquio
1885 4024 1979 4064 eos
1998 4022 2118 4063 esse

537 4099 743 4169 positos
770 4115 879 4155 non
909 4101 1239 4169 ignoramus.
1272 4100 1424 4156 Diem
1458 4116 1688 4171 namque
1714 4116 1971 4158 ascensus
1999 4100 2117 4169 ejus

534 4190 846 4259 praeligebat
888 4189 1118 4263 Moyses,
1176 4206 1297 4247 cum
1320 4190 1570 4247 dicebat:
1619 4190 1932 4259 Prophetam
1976 4193 2116 4246 vobis

536 4278 803 4333 suscitabit
824 4278 1076 4333 Dominus
1103 4280 1166 4332 de
1193 4280 1318 4349 [iliis
1338 4281 1541 4345 vestris,
1579 4287 1822 4351 tanquam
1848 4297 1927 4334 me
1946 4281 2116 4350 ipsum

537 4372 757 4427 audietis
787 4371 965 4442 (Deut.
1020 4389 1167 4438 xvm,
1220 4372 1329 4443 18).
1381 4373 1532 4428 Diem
1575 4387 1789 4444 quoque
1821 4370 2114 4434 statuebat,

536 4464 630 4533 qui
652 4463 862 4518 dicebat
893 4480 907 4516 :
953 4461 1075 4518 Non
1107 4464 1308 4535 deﬁciet
1332 4474 1585 4534 sceptrum
1613 4466 1677 4520 de
1717 4464 1877 4533 Juda,
1933 4473 1982 4517 et
2009 4464 2116 4516 dux

537 4555 602 4607 de
628 4557 821 4625 femore
847 4556 978 4626 ejus,
1004 4554 1164 4609 donec
1188 4556 1357 4609 veniat
1385 4556 1470 4627 qui
1509 4555 1784 4611 mittendus
1812 4562 1908 4623 est,
1938 4563 1987 4609 et
2008 4555 2119 4622 ipse

2225 3359 2353 3415 dum
2385 3356 2630 3427 quaesivit
2684 3354 2900 3425 (Matth.
2931 3372 2989 3424 ιι,
3023 3357 3145 3427 15);
3195 3358 3291 3413 sed
3334 3357 3378 3413 si
3418 3366 3546 3414 tunc
3569 3356 3810 3414 Redem-

2226 3458 2352 3521 ptor
2378 3456 2704 3515 moreretur,
2728 3448 3029 3504 immolaret
3054 3449 3259 3518 utique,
3286 3455 3344 3505 et
3369 3462 3479 3503 non
3505 3448 3760 3504 adoraret
3793 3468 3810 3505 ε

2224 3541 2355 3612 quia
2383 3540 2601 3596 victima
2629 3540 2911 3596 moriendo
2936 3538 3111 3608 ﬁeret,
3160 3540 3255 3596 sed
3275 3554 3411 3609 quos
3440 3547 3615 3596 morte
3642 3541 3811 3597 debe-

2225 3633 2319 3690 bat
2346 3632 2600 3697 liberare,
2639 3646 2976 3701 nequaquam
3017 3630 3247 3687 vivendo
3297 3630 3586 3687 docuisset.
3639 3630 3710 3686 Et
3764 3633 3813 3689 si

2224 3722 2457 3778 vivendo
2511 3735 2612 3778 nos
2661 3720 2881 3789 docens,
2927 3720 3064 3777 mori
3121 3724 3507 3789 contemneret,
3562 3721 3810 3793 proiecto

2227 3816 2481 3871 adoraret
2501 3823 2557 3871 et
2603 3830 2711 3871 non
2738 3814 3059 3870 immolaret.
3080 3812 3149 3870 Ut
3175 3829 3302 3886 ergo
3319 3816 3587 3881 adoraret,
3618 3830 3813 3885 perse-

2224 3915 2484 3977 quentem
2510 3920 2569 3962 se
2596 3918 2780 3973 regem
2816 3904 2868 3959 in
2899 3902 3191 3974 Egyptum
3221 3904 3371 3974 fugit,
3398 3913 3453 3961 et
3475 3914 3533 3961 ut
3557 3905 3801 3961 immola~

2224 4008 2330 4067 ret,
2361 3998 2689 4055 dissuadenti
2712 3997 2873 4052 Petro
2898 3997 3261 4065 exprobravit,
3292 3998 3477 4053 dicens
3508 4016 3521 4050 :
3556 3997 3701 4052 Vade
3727 4015 3814 4053 re-

2230 4099 2327 4155 tro,
2360 4099 2569 4155 satana,
2615 4103 2720 4143 non
2748 4088 2883 4143 enim
2907 4088 3048 4157 sapis
3073 4104 3135 4140 ea
3158 4103 3271 4157 qua:
3291 4086 3387 4143 Dei
3411 4097 3549 4155 sunt,
3580 4088 3672 4142 sed
3696 4104 3815 4161 qua

2226 4180 2487 4235 hominum
2516 4178 2732 4251 (Matth.
2766 4194 2875 4245 xvn,
2900 4177 3014 4249 25).
3044 4177 3289 4235 Adorare
3332 4193 3564 4249 namque
3591 4194 3652 4234 se
3678 4178 3813 4233 insi-

2224 4286 2419 4340 nuans,
2449 4271 2525 4325 ait
2557 4288 2571 4325 :
2630 4268 2755 4325 Non
2782 4271 2894 4326 veni
2939 4271 3107 4340 facere
3144 4270 3452 4325 voluntatem
3481 4286 3667 4335 meam,
3719 4270 3814 4325 sed

2221 4364 2337 4435 ejus
2361 4365 2447 4435 qui
2480 4363 2621 4418 misit
2664 4377 2743 4416 me
2792 4361 2975 4431 (Joan.
3008 4377 3081 4429 vi,
3113 4359 3227 4431 38).
3273 4360 3408 4416 Hinc
3457 4362 3583 4417 item
3627 4360 3761 4417 dicit
3791 4378 3808 4415 :

2227 4452 2356 4519 Qua:
2375 4455 2422 4509 ei
2442 4461 2560 4509 sunt
2591 4454 2691 4524 12
2716 4452 2929 4522 placita,
2955 4452 3091 4523 facio
3127 4466 3324 4521 semper
3350 4450 3530 4521 (Joan.
3555 4466 3669 4521 vni,
3693 4450 3811 4522 29).

2224 4544 2512 4604 Immolare
2539 4545 2700 4601 etiam
2728 4558 2788 4601 se
2818 4544 3111 4611 insinuans,
3154 4542 3230 4601 ait
3261 4560 3274 4597 :
3304 4542 3589 4612 Propterea
3618 4561 3700 4599 me
3726 4546 3814 4600 di-

537 4646 637 4697 erit
680 4646 990 4715 exspectatio
1021 4646 1245 4717 gentium
1276 4647 1430 4718 (Gen.
1454 4664 1597 4713 XLIX,
1630 4648 1739 4719 10).
1773 4648 1921 4703 Diem
1960 4647 2121 4714 hujus
2145 4663 2203 4726 Β
2224 4641 2340 4713 ligit
2372 4641 2555 4704 Pater,
2603 4640 2726 4711 quia
2751 4655 2845 4710 ego
2875 4656 3009 4709 pono
3037 4639 3266 4695 animum
3306 4655 3495 4705 meam,
3535 4646 3585 4694 et
3622 4640 3812 4694 iterum

538 4750 792 4791 ascensus
820 4744 1083 4806 statuens,
1139 4739 1213 4792 ait
1266 4738 1557 4794 Micbaaas:
1610 4738 1682 4792 Et
1736 4749 1787 4793 tu
1826 4739 2120 4794 Bethtehem

541 4835 677 4880 terra
691 4826 852 4893 Iuda,
874 4844 1194 4900 nequaquam
1214 4831 1427 4883 minima
1452 4846 1506 4884 es
1526 4831 1578 4883 in
1597 4829 1914 4897 principibus
1934 4827 2078 4881 Iuda
2100 4844 2119 4881 :

539 4934 604 4970 ea:
626 4927 671 4971 te
696 4921 832 4973 enim
862 4920 997 4973 exiet
1020 4920 1146 4987 dum,
1178 4920 1263 4988 qui
1292 4928 1435 4991 regat
1463 4921 1706 4991 papulum
1734 4936 1898 4973 meum
1951 4918 2121 4973 Israel

541 5003 726 5078 (Mich.
768 5023 820 5073 v,
865 5007 946 5078 2).
996 5007 1130 5063 Hinc
1157 5009 1317 5063 lsaias
1349 5010 1467 5063 ait:
1519 5007 1652 5061 Ecce
1690 5009 1831 5077 uirgo
1880 5009 1936 5062 in
1975 5018 2120 5062 utero

540 5100 813 5168 concipiet,
869 5106 916 5152 et
967 5100 1134 5169 pariet
1162 5101 1351 5169 ﬁlium,
1398 5108 1447 5153 et
1493 5098 1756 5153 vocabitur
1786 5115 1970 5153 nomen
2007 5100 2119 5170 ejus

540 5188 853 5245 Emmanuel
880 5191 1030 5261 (lsai.
1060 5208 1153 5257 vn,
1184 5192 1297 5262 14).
1348 5191 1624 5260 Quotquot
1650 5190 1795 5246 enim
1818 5190 1885 5245 de
1909 5190 2001 5247 illo
2022 5192 2123 5247 Le-

541 5284 621 5351 gis
648 5292 700 5338 et
747 5284 1129 5355 prophetarum
1155 5284 1543 5355 promissiones
1569 5292 1714 5350 sunt,
1763 5293 1844 5339 tot
1890 5293 2124 5342 statutos

542 5372 658 5429 dies
688 5374 752 5427 ad
780 5373 895 5443 ejus
924 5389 1208 5431 ascensum
1238 5375 1527 5428 intuemur.
1581 5372 1712 5428 Nam
1753 5375 1901 5429 velut
1928 5374 1982 5430 in
2010 5384 2121 5431 sta-

548 5464 679 5519 tutis
699 5464 884 5523 diebus
907 5468 1251 5534 ascendebat,
1293 5480 1413 5521 cum
1442 5463 1639 5521 Judmis
1666 5465 1877 5521 dicebat
1901 5485 1913 5520 :
1959 5468 2122 5522 Scru-

548 5558 735 5611 tamini
755 5557 1073 5629 Scripturas,
1115 5560 1170 5613 in
1208 5556 1387 5630 quibus
1409 5574 1495 5612 vos
1524 5558 1715 5627 putatis
1744 5567 1988 5612 teternam
2029 5560 2125 5613 ha-

548 5648 663 5703 bere
690 5653 864 5718 vitam,
887 5654 1006 5722 quia
1033 5654 1161 5722 ipsa:
1182 5658 1321 5716 sunt,
1351 5666 1465 5721 quin
1489 5650 1833 5705 testimonium
1862 5653 2130 5721 perhibent

550 5742 616 5797 de
642 5761 723 5798 me
748 5745 925 5816 (Joan.
944 5746 1010 5809 ‘v,
1039 5744 1154 5814 59).
1186 5744 1322 5800 llinc
1345 5745 1537 5800 iterum
1559 5743 1689 5799 dicit
1722 5761 1732 5796 :
1770 5744 1831 5799 Si
1855 5745 2127 5801 crederetis

552 5836 744 5907 Moysi,
800 5837 1072 5891 crederetis
1122 5840 1342 5909 forsitan
1387 5848 1437 5893 et
1487 5840 1635 5903 mihi,
1688 5840 1752 5894 de
1780 5855 1861 5892 me
1886 5840 2130 5895 enimille

555 5926 762 5993 scripsit
817 5923 1145 6011 (Ibid.,46).
1194 5927 1420 5988 Statutis
1464 5943 1593 6002 ergo
1633 5930 1822 5990 diebus
1868 5931 2137 5996 ascendit:

2226 4748 2428 4787 sumam
2456 4748 2572 4787 eam
2593 4746 2611 4785 :
2635 4745 2785 4787 nemo
2811 4729 2945 4785 tollit
2966 4746 3081 4785 eam
3103 4746 3137 4783 a
3165 4746 3267 4796 me,
3298 4731 3390 4787 sed
3416 4748 3510 4801 ego
3537 4747 3672 4801 pono
3694 4747 3810 4785 eam

2225 4826 2495 4893 ameipso.
2542 4822 2861 4878 Potestatem
2890 4821 3050 4877 habeo
3078 4823 3301 4891 ponendi
3348 4839 3481 4889 eam,
3538 4832 3585 4878 et
3626 4824 3812 4881 iterum

2226 4914 2458 4969 sumendi
2485 4929 2600 4969 eam
2628 4912 2809 4984 (Joan.
2840 4927 2897 4980 x,
2929 4911 3014 4977 17,
3056 4910 3168 4979 18).
3203 4910 3271 4967 Et
3298 4906 3457 4982 paulo
3488 4923 3613 4970 ante
3643 4931 3658 4969 :
3694 4915 3811 4987 Ego

2223 5023 2338 5063 sum
2364 5006 2554 5063 Pastor
2578 5005 2757 5071 bonus,
2782 5005 2868 5076 qui
2892 5020 3029 5071 pono
3059 5006 3287 5059 animam
3316 5022 3481 5061 meam
3511 4999 3604 5076 pro
3632 5008 3811 5063 ovibus

2227 5100 2353 5155 meis
2384 5098 2570 5169 (Ibid.,
2598 5096 2711 5165 11).
2759 5096 3043 5153 lmmolare
3066 5110 3189 5153 eum
3219 5096 3415 5152 Paulus
3441 5097 3657 5154 intuens
3686 5099 3763 5154 ait
3795 5116 3808 5153 :

2230 5192 2469 5247 Tradidit
2496 5192 2821 5260 semetipsum
2845 5206 2940 5260 pro
2969 5190 3115 5247 nobis
3140 5190 3473 5258 oblationem,
3501 5200 3552 5245 et
3578 5192 3801 5247 hostium

2227 5281 2338 5339 Deo
2381 5281 2437 5335 in
2474 5280 2683 5336 adorent
2729 5280 2997 5335 suauitatis
3052 5277 3267 5351 (Ephes.
3320 5295 3384 5344 v,
3436 5280 3514 5350 ἓ).
3560 5280 3815 5337 Ascendit

2228 5386 2396 5442 ergo,
2446 5380 2505 5427 ut
2555 5369 2826 5436 adoraret,
2875 5376 2932 5425 et
2988 5369 3293 5426 immolaret
3342 5386 3357 5425 :
3407 5372 3533 5440 quia
3590 5371 3655 5425 ad
3711 5374 3815 5427 hoc

2228 5482 2287 5523 se
2337 5472 2417 5521 tot
2469 5463 2741 5521 miraculis
2790 5462 3049 5531 ostendit,
3092 5470 3153 5518 ut
3194 5478 3295 5519 nos
3343 5463 3521 5520 verbis
3548 5471 3602 5518 et
3630 5479 3815 5518 exem-

2229 5558 2331 5629 plis
2377 5558 2686 5621 instrueret,
2739 5560 2795 5610 et
2843 5560 3075 5611 mortem
3123 5561 3362 5611 nostram
3416 5554 3697 5613 moriendo
3722 5571 3817 5612 su-

2232 5660 2466 5721 peraret.

2306 5742 2391 5795 10.
2437 5741 2541 5797 Sed
2569 5739 2896 5807 notandum,
2942 5741 3068 5808 quia
3121 5754 3245 5794 cum
3300 5739 3810 5805 ad'immolandum

2233 5833 2582 5904 Ephrathzens
2608 5833 2897 5889 ascendere
2925 5834 3138 5899 dicitur,
3164 5832 3306 5890 Deus
3330 5836 3693 5907 omnipotens,
3725 5837 3812 5894 cui

2234 5929 2499 5997 immolat,
2520 5926 2659 5985 Deus
2679 5928 3017 5988 exercituum
3048 5926 3375 5988 nominatur.
3407 5928 3517 5987 Cur
3540 5928 3649 5991 hoc
3693 5929 3809 5989 ﬁeri
