4044 6336
262 355 333 414 29
1106 357 1172 413 IN
1211 358 1476 415 PRIMUM
1514 357 1755 414 nucum
1796 356 2310 422 exposmouss.
2352 396 2423 411 -
2459 368 2590 426 LIB.
2633 371 2675 427 1.
3452 334 3523 434 eo

262 473 609 543 cognoscitur
638 471 743 528 nisi
776 472 904 543 quia
933 471 1314 545 Redemptoris
1341 484 1517 532 morte
1546 491 1653 532 non
1698 490 1837 533 unus
1868 476 1923 540 Α
1944 482 2088 544 runt,
2117 477 2209 548 qui
2228 492 2378 549 eum,
2404 481 2495 539 cui
2515 484 2755 554 iniuncta
2778 485 2899 557 t'ult,
2946 503 3055 546 nou
3081 491 3389 563 recipiendo
3432 511 3524 552 ve-

260 564 519 622 Judaicus
545 564 797 635 populus,
826 564 920 620 sed
952 580 1140 622 omnes
1173 566 1374 624 Gentes
1400 567 1843 624 redimebantur?

259 657 399 727 Quid
420 658 566 714 enim
588 666 719 715 sunt
758 657 944 715 ﬁdeles
991 660 1365 716 multitudines
1384 661 1682 728 nationum,
1736 659 1843 715 nisi

258 753 353 808 Dei
384 751 772 824 omnipotentis
797 753 1104 810 exercitus?
1142 753 1257 811 Hos
1296 756 1550 812 nimirum
1572 756 1842 813 exercitus

255 844 325 899 ad
350 843 495 915 regis
531 844 614 900 soi
656 845 985 916 triumphum
1014 845 1297 903 Psalmista
1344 849 1617 906 exsultare
1642 851 1842 906 cohor-

255 948 397 1005 tans,
420 938 498 994 ait
522 954 540 994 :
594 936 787 994 Omnes
816 947 1019 1011 gentes,
1050 940 1284 1011 plaudite
1309 940 1569 1012 manibus,
1618 942 1840 1014 jubilate

252 1029 365 1086 Deo
390 1032 449 1086 in
473 1047 593 1087 voce
623 1031 980 1087 exsultationis
1007 1031 1178 1103 (Psal.
1212 1033 1379 1103 ιινι).
1410 1033 1519 1089 Hos
1545 1035 1837 1091 convenire

251 1126 383 1181 item
410 1124 644 1191 intuens,
680 1124 815 1181 dixit
847 1143 862 1179 :
912 1125 1106 1180 Omnes
1130 1133 1326 1199 gentes,
1354 1145 1680 1202 quascunque
1709 1132 1835 1202 feci-

247 1219 337 1285 sti,
362 1220 581 1284 venient,
601 1227 652 1274 et
678 1218 966 1275 adorabunt
985 1236 1159 1276 eorum
1191 1228 1258 1289 te,
1281 1219 1523 1288 Domine,
1546 1232 1596 1278 et
1622 1226 1834 1279 honori-

250 1310 479 1383 ﬁcabtmt
511 1328 701 1369 nomen
750 1321 892 1368 tuum
948 1312 1175 1385 (Psalm.
1228 1330 1440 1380 Lxxxv,
1497 1316 1576 1387 9).
1628 1315 1838 1375 Dicitur

248 1392 381 1474 ergo
402 1404 661 1460 Dominus
685 1406 1039 1473 exercituum,
1085 1406 1213 1475 quia
1265 1407 1509 1476 profecto
1536 1424 1635 1479 per
1684 1424 1833 1489 mor-

249 1500 363 1550 tem
400 1494 731 1552 Dominicam
780 1512 890 1552 non
950 1496 1124 1553 solum
1177 1497 1349 1553 electa
1395 1496 1580 1556 Iudaea
1626 1501 1833 1571 colligi-

247 1594 370 1653 tur,
418 1586 514 1643 sed
556 1602 743 1643 omnes
780 1595 969 1657 gentes
1017 1589 1085 1645 ad
1133 1587 1233 1646 Dei
1275 1592 1665 1663 omnipotentis
1714 1608 1831 1650 ser-

241 1675 435 1732 vitium
495 1676 895 1747 perducuntur;
968 1694 1088 1749 qua:
1151 1680 1279 1737 dum
1328 1690 1517 1739 contra
1589 1685 1829 1742 occultos

242 1769 431 1824 hostes
476 1765 659 1825 ﬁdeles
714 1770 861 1827 acies
900 1772 1163 1829 virtutum
1217 1775 1382 1832 armis
1426 1776 1678 1835 robustas
1727 1780 1825 1836 du-

1943 575 2117 631 nerati
2144 586 2289 645 sunt,
2345 580 2440 635 sed
2466 584 2787 653 expellendo
2813 593 3194 658 peremerunt?
3241 590 3319 648 lbi
3343 600 3522 651 tamen

1942 663 2178 734 fuerunt,
2225 670 2353 739 quia
2409 672 2510 728 etsi
2538 676 2832 735 crudeliter
2875 683 3168 739 smvierunt
3212 686 3266 741 in
3293 697 3523 745 mortem

1940 758 2173 829 Domini,
2196 776 2262 818 ex
2282 763 2373 819 illa
2399 773 2577 823 tamen
2606 769 2929 829 crudelitate
2954 791 3063 831 non
3084 781 3523 851 suntconsecuti,

1939 852 2085 922 quod
2111 854 2379 912 saeviendo
2400 863 2718 929 statuerunt,
2750 865 2845 919 sed
2883 868 3072 924 aeterni
3117 869 3292 926 Patris
3337 873 3521 928 consi-

1938 941 2068 998 lium
2096 943 2149 998 in
2170 944 2289 1015 ejus
2325 948 2584 1018 unigeniti
2614 961 2790 1011 morte
2817 958 3183 1029 complebant.
3215 960 3517 1020 Consilium

1939 1048 2172 1106 namque
2194 1050 2380 1093 eorum
2404 1038 2524 1108 fuit,
2552 1048 2612 1097 ut
2627 1057 2753 1099 eum
2779 1044 2903 1103 ideo
2934 1051 3097 1106 morti
3125 1051 3420 1118 traderent,
3450 1069 3521 1110 ne

1937 1128 1991 1183 in
2014 1130 2189 1199 ipsum
2213 1134 2448 1204 populus
2492 1139 2711 1196 credere
2745 1145 3043 1214 potuisset;
3092 1148 3187 1203 sed
3212 1149 3302 1220 qui
3327 1165 3518 1221 perse-

1936 1231 2152 1281 cutores
2177 1240 2307 1283 suos
2342 1228 2603 1299 injunctm
2623 1234 2723 1290 sibi
2756 1244 2999 1307 paternas
3024 1244 3399 1313 praeceptionis
3428 1246 3522 1301 ad-

1928 1310 2137 1381 jutores
2157 1314 2410 1387 habebat,
2452 1330 2703 1398 mortuus
2725 1310 3042 1397 resurrexit,
3074 1338 3129 1388 et
3156 1310 3332 1390 omnis
3356 1351 3518 1390 mun-

1933 1403 2033 1459 dus
2064 1405 2117 1460 in
2148 1421 2274 1464 eum
2303 1412 2550 1469 credidit.
2592 1414 2667 1470 lbi
2690 1417 2832 1473 enim
2862 1432 3015 1477 erant
3036 1424 3129 1480 lilii
3158 1424 3297 1494 Heli,
3319 1426 3515 1497 ophni,
3574 1415 3587 1427 ’

1930 1504 1987 1552 et
2016 1497 2269 1570 Pbinees,
2298 1503 2352 1559 id
2380 1512 2465 1561 est
2493 1507 2548 1563 in
2574 1510 2829 1568 missione
2862 1528 2876 1567 :
2910 1516 3035 1586 quia
3072 1517 3399 1590 Redemptor
3422 1535 3522 1576 no-

1928 1598 2038 1647 ster
2060 1592 2125 1648 ad
2155 1594 2483 1666 implendam
2513 1600 2686 1660 Patris
2713 1607 2799 1661 sui
2824 1609 3181 1681 voluntatem,
3210 1612 3517 1671 Judzeorum

1928 1686 2180 1756 praelatos
2202 1687 2441 1748 fautores
2485 1694 2710 1764 habuit;
2766 1712 3093 1770 quamquam
3126 1704 3228 1773 ipsi
3269 1707 3397 1761 seei
3425 1722 3518 1761 ne-

1929 1790 2200 1847 quaquam
2223 1779 2405 1838 favere
2427 1784 2734 1855 crederent,
2757 1804 2918 1860 quem
2941 1794 3187 1851 occidere
3216 1811 3323 1851 non
3346 1798 3520 1867 pavis-

238 1870 390 1927 cunt,
424 1877 528 1935 per
547 1862 773 1934 gloriam
800 1865 1055 1940 triumphi
1081 1869 1150 1926 ad
1178 1883 1412 1941 superna
1440 1885 1607 1943 regna
1633 1890 1812 1946 perve-

1930 1877 2069 1925 sent.
2106 1868 2257 1927 Unde
2275 1881 2331 1927 et
2355 1876 2603 1944 sequitur
2633 1894 2647 1931 :

236 1952 412 2009 niunt.

304 2064 398 2122 ll.
457 2067 635 2126 Locus
673 2069 835 2127 etiam
884 2072 1269 2134 immolationis
1326 2077 1653 2149 declaratur,
1698 2082 1825 2155 quia

230 2158 480 2216 dicitur:
514 2161 581 2217 In
610 2162 745 2221 Silo.
797 2165 907 2222 Silo
935 2169 1079 2225 enim
1121 2172 1340 2242 missus,
1373 2175 1487 2232 sive
1518 2177 1702 2233 missio
1738 2178 1823 2233 in-

229 2260 585 2323 terpretatur.
620 2255 754 2324 Quid
774 2273 1009 2330 namque
1029 2278 1126 2333 per
1150 2263 1293 2321 hanc
1337 2266 1672 2338 missionem,
1719 2270 1822 2325 nisi

227 2346 424 2400 summi
450 2343 629 2403 Patris
673 2349 972 2419 injunctum
1012 2355 1291 2424 unigenito
1338 2371 1663 2429 prreceptum
1689 2362 1823 2419 obe-

227 2435 445 2491 dientia:
466 2435 811 2507 designatur?
858 2442 987 2513 quid
1015 2451 1098 2498 est
1118 2444 1281 2500 etiam
1311 2448 1455 2517 quod
1499 2449 1553 2503 in
1581 2448 1695 2506 Silo
1720 2451 1819 2506 int-

226 2526 436 2584 molare
460 2528 680 2597 dicitur,
731 2533 836 2589 nisi
860 2535 989 2604 quia
1039 2552 1148 2593 non
1172 2539 1331 2596 aliter
1362 2556 1421 2597 se
1454 2543 1615 2599 morti
1650 2544 1816 2612 dedit,

227 2632 390 2688 quam
418 2634 449 2674 a
479 2617 642 2678 Patre
668 2625 980 2682 mandatum
1006 2627 1230 2685 habuit?
1255 2630 1373 2688 Non
1405 2635 1601 2706 quippe
1627 2636 1819 2692 immo-

226 2712 368 2768 laret
393 2713 449 2768 in
489 2712 621 2783 Silo,
677 2716 723 2774 si
751 2718 910 2776 aliter
935 2732 1259 2794 moreretur,
1288 2741 1452 2798 quam
1485 2740 1814 2801 praeceptum

224 2818 254 2858 a
285 2803 449 2861 Patre
473 2806 771 2867 habuisset.
823 2811 980 2871 Unde
1008 2824 1061 2871 et
1105 2832 1203 2887 per
1233 2821 1582 2891 semetipsum
1631 2823 1764 2879 dixit
1796 2842 1811 2880 :

223 2894 376 2951 Sicut
428 2901 731 2958 mandatum
780 2904 924 2961 dedit
972 2909 1101 2963 mihi
1124 2910 1304 2979 Pater,
1361 2914 1435 2967 sic
1466 2916 1603 2985 facio
1633 2916 1812 2988 (Joan.

222 3006 333 3060 xxv,
358 2989 474 3066 31).
518 2988 659 3052 Hinc
704 2996 906 3055 Paulus
956 3001 1072 3056 ait:
1131 3001 1327 3059 Factus
1373 3006 1617 3064 obediens
1662 3010 1816 3069 Patri

219 3100 380 3157 usque
406 3085 476 3139 ad
495 3098 711 3143 mortem
748 3092 914 3147 crucis
944 3091 1167 3165 (Philip.
1194 3111 1251 3163 ll,
1277 3092 1357 3167 8).
1411 3096 1470 3152 In
1513 3099 1626 3157 Silo
1654 3102 1815 3171 igitur

219 3184 275 3233 et
330 3177 613 3248 adoravit,
684 3190 739 3238 et
791 3184 1091 3241 immolavit
1139 3204 1154 3241 :
1211 3188 1338 3258 quia
1387 3198 1497 3245 tam
1545 3193 1808 3264 vivendo,

221 3282 385 3340 quam
439 3273 740 3344 moriendo,
779 3274 956 3333 Patris
1009 3276 1091 3333 sui
1129 3279 1463 3339 voluntatem
1515 3284 1664 3343 fecit.
1712 3287 1813 3346 Se-

217 3361 401 3430 quitur
422 3380 440 3418 :

289 3475 473 3549 (Vers.
504 3477 585 3551 5.)
639 3479 810 3537 Erant
833 3483 905 3539 ibi
928 3485 1030 3542 duo
1053 3486 1153 3558 ﬁlii
1180 3486 1328 3559 Heli,
1377 3488 1573 3563 Oplmi,
1599 3500 1651 3548 et
1676 3492 1809 3549 Phi-

214 3584 359 3635 nees,
379 3571 672 3627 sacerdotes
699 3572 931 3631 Domini.

285 3661 379 3717 12.
408 3661 486 3719 De
508 3665 701 3735 quibus
722 3676 870 3725 recte
898 3670 1180 3742 quaeritur,
1220 3687 1320 3728 cur
1345 3673 1596 3730 dicantur
1622 3690 1806 3732 sacer—

209 3753 369 3810 dotes
399 3754 637 3827 Domini,
665 3759 757 3830 qui
781 3777 892 3818 uon
917 3762 1075 3820 valde
1099 3763 1325 3822 inferius
1350 3766 1521 3823 Belial
1546 3767 1641 3824 ﬁlii
1683 3785 1807 3829 esse

212 3852 237 3881 ⁸
259 3844 610 3903 referantur?
652 3849 759 3906 Sed
793 3852 840 3907 si
868 3853 939 3908 ad
956 3854 1193 3911 litteram
1221 3858 1540 3928 simpliciter
1565 3860 1709 3916 istud
1737 3864 1805 3919 de

210 3934 331 3993 lleli
352 3936 479 3995 ﬁliis
498 3942 774 4011 quzeritur,
805 3943 965 4002 facile
985 3951 1344 4019 respondetur
1372 3968 1385 4005 :
1410 3951 1541 4021 quia
1569 3967 1636 4008 eo
1663 3960 1801 4008 tem-

208 4045 347 4101 pore
375 4032 683 4091 sacerdotes
722 4034 935 4094 Domini
977 4038 1105 4096 dicti
1134 4050 1281 4111 sunt,
1338 4043 1556 4112 quando
1576 4044 1800 4100 simula-

205 4138 426 4180 crorum
484 4125 795 4184 sacerdotes
840 4144 910 4185 ex
952 4129 1177 4186 deorum
1205 4132 1461 4188 falsorum
1491 4135 1802 4191 nominibus

204 4216 592 4273 censebantur.
623 4219 757 4274 Cum
787 4234 917 4292 ergo
946 4221 1197 4278 dicuntur
1223 4223 1540 4280 sacerdotes
1564 4226 1799 4293 Domini,

202 4326 300 4381 per
322 4311 554 4382 insignia
580 4310 725 4381 ﬁdei,
756 4329 788 4369 a
809 4314 1225 4372 simulacrorum
1270 4317 1571 4374 cultoribus
1595 4319 1798 4375 discer-

204 4410 431 4458 nuntur.
482 4403 577 4460 llis
605 4404 753 4459 enim
777 4405 957 4463 verbis
992 4422 1180 4463 eorum
1212 4406 1362 4475 ﬁdes,
1421 4416 1478 4465 et
1522 4426 1631 4465 non
1685 4410 1798 4464 vita

201 4496 570 4574 praedicatur:
630 4495 757 4567 quia
782 4506 838 4553 et
863 4499 1187 4571 pravitatem
1216 4500 1545 4558 exercebant
1594 4503 1791 4574 operis,

197 4568 436 4644 sedition
473 4590 732 4645 errabant
756 4591 811 4646 in
840 4568 945 4646 lide
973 4590 1302 4649 Conditoris.
1346 4592 1504 4661 Quod
1533 4568 1711 4651 tanien
1739 4568 1797 4651 et

197 4688 450 4750 tempore
500 4681 695 4738 divina:
724 4685 1115 4741 incarnationis
1143 4685 1343 4742 Judtcaa
1392 4688 1627 4758 praelatis
1657 4705 1792 4744 con-

194 4772 483 4828 venienter
507 4775 850 4833 adscribitur.
904 4777 1007 4845 Qui
1048 4778 1303 4835 nimirum
1328 4781 1640 4838 sacerdotes
1686 4782 1795 4840 duo

194 4876 318 4918 esse
339 4864 668 4931 referuntur,
702 4878 759 4922 et
784 4868 895 4924 hoc
924 4868 1100 4939 ipsum
1136 4886 1249 4926 non
1278 4870 1510 4928 refertur
1530 4873 1597 4928 ad
1624 4876 1797 4930 virtu-

194 4952 260 5008 tis
289 4953 536 5025 laudem,
557 4957 652 5011 sed
678 4956 748 5013 ad
777 4958 1089 5017 calliditatis
1111 4963 1611 5032 reprehensionem.
1639 4964 1792 5023 Unde

195 5052 247 5097 et
274 5059 376 5113 per
403 5034 752 5119 semetipsum
778 5049 1037 5106 Dominus
1060 5053 1139 5108 eis
1156 5056 1535 5125 comminatur,
1562 5059 1747 5114 dicens
1774 5078 1785 5112 :

202 5133 293 5188 γω
322 5135 485 5202 vobis,
516 5136 720 5194 Scribac
748 5150 797 5195 et
828 5139 1087 5197 Phariswi
1119 5144 1423 5216 hypocriten,
1454 5149 1540 5219 qui
1589 5150 1785 5204 similes

188 5227 313 5279 estis
343 5227 595 5296 sepulcris
623 5229 898 5298 dealbatis,
926 5250 1041 5305 qua:
1068 5252 1103 5289 α
1132 5238 1260 5307 foris
1285 5239 1519 5294 videntur
1547 5242 1784 5313 pulchra,

186 5317 327 5372 intus
364 5328 485 5371 sunt
528 5319 692 5389 plena
742 5322 944 5378 ossibus
984 5337 1305 5384 mortuorum
1357 5330 1570 5402 (Matth.
1631 5350 1782 5401 χχιιι,

184 5407 302 5478 27).

264 5524 370 5594 13
398 5523 485 5580 15.
516 5526 772 5599 Sedquid
800 5542 904 5602 est,
928 5536 1073 5606 quod
1097 5537 1171 5595 ibi
1198 5554 1321 5596 esse
1345 5542 1694 5601 referuntur?
1723 5548 1782 5603 Si

184 5618 335 5674 enim
364 5618 499 5687 Silo,
531 5623 586 5678 id
611 5634 697 5680 est
716 5627 926 5697 missio,
953 5630 1102 5687 illam
1126 5635 1321 5690 summi
1342 5635 1521 5694 Patris
1548 5655 1785 5712 praecep-

185 5709 392 5770 tionem
434 5714 719 5787 signiﬁcat,
763 5723 1047 5792 quomodo
1074 5728 1285 5798 praelati
1334 5709 1636 5791 ludaraaibi
1660 5709 1780 5792 tue-

261 5878 289 5909 α
316 5870 429 5943 AL,
456 5878 770 5947 referuntur.

1999 1958 2173 2030 (Vere.
2207 1960 2287 2032 4.)
2338 1963 2487 2018 Venit
2512 1983 2635 2037 ergo
2674 1968 2815 2034 dies,
2846 1978 2895 2024 et
2920 1972 3205 2029 immolavit
3244 1975 3505 2045 Meleona,

1926 2052 2163 2125 deditque
2192 2053 2509 2125 Phenennaz,
2542 2068 2591 2114 et
2621 2060 2767 2131 ﬁliis,
2800 2069 2850 2115 et
2872 2063 3081 2133 ﬁliabus
3111 2067 3222 2138 ejus
3248 2078 3441 2138 partes.

2000 2146 2089 2201 ll.
2122 2149 2291 2214 Quem
2320 2150 2466 2207 diem
2508 2154 2666 2209 istum
2712 2170 2832 2212 esse
2860 2158 3128 2215 credimus
3151 2202 3166 2227 ,
3219 2162 3321 2217 nisi
3351 2178 3513 2234 quem

1925 2236 2217 2309 Scripturae
2264 2256 2433 2297 sacrae
2462 2246 2773 2301 testimonio
2819 2247 2983 2305 lsaias
3030 2251 3219 2306 statuit
3242 2294 3257 2321 ,
3287 2252 3509 2309 dicens:

1925 2332 2196 2405 Tanquam
2224 2337 2331 2390 ocis
2360 2337 2427 2395 ad
2453 2342 2763 2395 occisionem
2793 2342 3005 2397 ducetur
3030 2387 3044 2414 ,
3093 2354 3142 2399 et
3172 2346 3304 2399 sicut
3348 2364 3515 2419 agnus

1921 2442 2095 2481 coram
2144 2444 2199 2482 se
2242 2430 2484 2485 tondente
2522 2430 2551 2471 δ
2586 2431 2918 2503 obmutescet,
2973 2443 3023 2489 et
3066 2451 3172 2491 non
3220 2438 3411 2507 aperiet
3454 2454 3513 2493 os

1920 2534 2067 2571 suum
2090 2517 2243 2589 (Isai.
2270 2536 2381 2590 Lm,
2408 2521 2504 2592 'l)?
2550 2522 2710 2579 Venit
2736 2525 2937 2597 quippe
2956 2525 3071 2583 dies
3092 2567 3107 2594 ,
3140 2541 3264 2582 cum
3294 2527 3512 2584 claritas

1919 2609 2171 2679 promissi
2192 2613 2396 2668 oraculi
2417 2622 2629 2686 tempus
2651 2617 2886 2673 ostendit
2905 2618 3196 2674 Dominicae
3223 2619 3507 2690 passionis.

1917 2697 2070 2754 Tunc
2098 2701 2395 2759 immolavit
2432 2703 2689 2773 Helcana,
2718 2708 2845 2778 quia
2877 2723 2936 2763 se
2964 2708 3296 2780 Redemptor
3323 2720 3510 2767 noster

1917 2800 2119 2853 πίει-πο
2166 2793 2313 2852 Patri
2360 2798 2418 2853 in
2463 2799 2731 2856 sacriﬁcio
2779 2810 2977 2857 nostra:
3016 2802 3370 2860 absolutionis
3409 2818 3510 2875 per

1921 2896 2154 2943 mortem
2183 2889 2359 2944 crucis
2389 2889 2603 2945 obtulit.
2630 2889 2780 2947 Tunc
2801 2889 3106 2947 Phenenna:
3130 2900 3186 2947 et
3212 2893 3333 2950 ﬁliis
3358 2904 3415 2950 et
3444 2894 3508 2947 ﬁ-

1918 2979 2091 3037 liabus
2112 2980 2227 3051 ejus
2250 2981 2398 3038 dedit
2424 2990 2628 3054 partes,
2650 2985 2775 3056 quia
2798 2984 3049 3040 nimirum
3069 2985 3271 3042 electos
3290 2985 3505 3057 Judaaac,

1920 3089 2057 3144 quos
2085 3076 2225 3145 apud
2255 3076 2456 3134 inferos
2479 3079 2701 3149 reperit,
2736 3079 2801 3134 ad
2830 3080 3062 3150 paradisi
3090 3081 3284 3151 gaudia
3310 3098 3506 3151 repor-

1920 3168 2072 3222 tavit.
2120 3167 2308 3226 Partes
2348 3172 2544 3243 quippe
2589 3186 2796 3241 eorum,
2839 3183 2965 3228 sunt
3002 3174 3142 3230 dona
3189 3174 3506 3244 gaudiorum

1835 3250 1882 3316 C
1914 3258 2252 3328 perennium.
2284 3258 2445 3315 Unde
2485 3269 2538 3316 et
2584 3260 2866 3318 Psalmista
2894 3265 3056 3319 sortis
3080 3279 3188 3319 sure
3221 3266 3380 3322 situm
3411 3266 3508 3320 cli-

1912 3362 2075 3416 gens,‘
2098 3349 2172 3403 ait
2196 3367 2212 3402 :
2240 3344 2421 3406 Par-tio
2442 3368 2575 3418 mea,
2612 3351 2852 3421 Domine,
2883 3356 2950 3409 sit
2990 3356 3044 3409 in
3071 3364 3208 3409 terra
3234 3359 3505 3410 viventium

1915 3438 2035 3510 (Ps.
2061 3440 2296 3513 cxu,6).
2320 3440 2465 3499 Bene
2485 3452 2665 3498 autem
2690 3461 2936 3500 seorsum
2959 3444 3246 3501 Phencnna
3266 3457 3321 3502 et
3344 3448 3435 3502 ﬁlii
3451 3456 3507 3504 et

1912 3529 2035 3583 ﬁlia:
2080 3545 2324 3586 seorsum
2372 3534 2429 3586 in
2478 3533 2804 3603 accipiendis
2852 3536 3095 3605 partibus
3133 3538 3499 3595 nominantur.

1910 3617 2204 3676 Phenenna
2225 3622 2424 3694 quippe
2447 3623 2699 3681 doctores
2722 3623 2918 3682 indm
2937 3627 3222 3698 signiﬁcat,
3249 3628 3344 3684 ﬁlii
3369 3644 3501 3685 vero

1910 3710 2202 3768 validiores
2250 3713 2523 3772 auditores
2574 3715 2710 3787 ejus,
2752 3716 2876 3773 illia:
2926 3729 3107 3775 autem
3157 3722 3500 3788 inﬁrmiores,

1908 3804 2076 3873 ipsius
2113 3806 2360 3863 subditos
2407 3808 2710 3879 designant.
2763 3810 3019 3867 Seorsum
3048 3827 3181 3883 ergo
3219 3821 3412 3877 mater,
3445 3821 3502 3869 et

1908 3895 2023 3963 ﬁlii,
2044 3904 2101 3950 et
2116 3895 2238 3951 tiliae
2250 3906 2619 3955 memorantur
2637 3916 2650 3954 :
2671 3901 2797 3972 quia
2809 3911 3035 3974 propter
3048 3903 3282 3976 disparia
3294 3905 3504 3960 electo-

1906 4003 2027 4041 rum
2074 3996 2319 4044 veterum
2367 3992 2582 4063 merita,
2626 3992 2853 4064 aqualis
2888 4009 3082 4050 eorum
3125 3996 3344 4065 prmia
3389 4011 3495 4052 non

1904 4076 2139 4135 fuerunt.
2175 4081 2434 4152 Sequitur
2462 4102 2478 4138 :

1976 4170 2154 4239 (Vers.
2186 4172 2267 4244 5.)
2306 4176 2472 4230 Annae
2499 4184 2668 4231 autem
2696 4177 2839 4235 dedit
2862 4190 3066 4251 partem
3106 4198 3265 4236 unam
3292 4184 3455 4238 tristis
3472 4199 3492 4239 :

1902 4262 2023 4330 quia
2052 4263 2259 4317 Annam
2283 4266 2548 4338 diligebat.

1977 4353 2064 4409 £5.
2095 4356 2235 4422 Quid
2262 4365 2368 4427 est,
2390 4360 2538 4428 quod
2562 4375 2689 4417 cum
2715 4370 2897 4434 partes
2919 4366 3244 4434 Phenennac,
3274 4378 3329 4424 et
3352 4369 3495 4441 ﬁliis,

1901 4454 1958 4503 et
2000 4446 2214 4503 liiiabns
2258 4450 2427 4516 dedit,
2458 4453 2631 4509 tristis
2675 4470 3017 4528 nequaquam
3047 4458 3183 4516 fuit:
3214 4476 3335 4517 cum
3366 4476 3498 4518 vero

1900 4545 2109 4608 partem
2131 4553 2290 4594 unam
2316 4540 2485 4597 Annae
2514 4545 2723 4614 tribuit,
2752 4549 2923 4605 tristis
2944 4549 3109 4607 fuisse
3142 4554 3497 4621 perhibetur?

1827 4634 1879 4696 ι)
1904 4626 2013 4683 Sed
2040 4629 2172 4699 quid
2190 4639 2285 4685 est
2312 4646 2418 4687 una
2445 4649 2570 4705 pars
2593 4636 2780 4706 Annua,
2802 4640 2910 4695 nisi
2933 4643 3245 4713 temporalis
3272 4642 3497 4701 afﬂictio

1903 4729 2105 4778 sanctae
2152 4721 2407 4779 Ecclesiae
2432 4727 2456 4781 τ
2485 4726 2635 4784 Hanc
2678 4743 2911 4801 namque
2960 4733 3011 4787 ei
3052 4741 3266 4803 partem
3310 4735 3493 4801 dabat,

1902 4829 2023 4869 cum
2048 4814 2268 4870 dicebat
2292 4833 2305 4869 :
2338 4817 2501 4873 Amen
2529 4836 2679 4875 amen
2707 4822 2823 4877 dion
2849 4823 3009 4889 vobis,
3043 4826 3163 4895 quia
3201 4826 3492 4895 plorabitis,

1899 4915 1950 4958 et
1991 4906 2181 4975 ﬂebitis
2207 4922 2314 4974 vos,
2348 4911 2571 4966 mundus
2600 4922 2773 4967 eum
2816 4917 3074 4987 gaudebit,
3107 4934 3196 4971 vos
3222 4933 3340 4972 vero
3372 4935 3501 4973 con-

1905 5000 2241 5057 histubimini
2282 5004 2467 5075 '(Joan.
2513 5022 2624 5077 xvr,
2654 5007 2769 5079 20).
2795 5010 2950 5067 lianc
2976 5020 3185 5082 partem
3217 5013 3265 5067 ei
3308 5013 3488 5077 dabat,

1900 5107 2020 5149 cum
2067 5096 2288 5150 Ananiae
2320 5097 2545 5153 Paulum
2574 5103 3001 5169 commendaret,
3042 5104 3266 5161 dicens:
3322 5106 3486 5172 Vade,

1893 5186 2014 5255 quia
2033 5202 2122 5241 vas
2150 5187 2419 5244 electionis
2442 5199 2520 5244 est
2547 5193 2672 5246 mihi
2701 5194 2820 5263 iste,
2844 5203 2903 5248 ut
2921 5204 3089 5264 portet
3113 5212 3299 5251 nomen
3322 5212 3491 5250 meum

1891 5289 2067 5329 coram
2097 5277 2353 5347 gentibus,
2386 5287 2435 5332 et
2473 5281 2696 5353 regibus,
2726 5292 2776 5337 et
2818 5284 2944 5353 ﬁliis
2987 5284 3200 5343 Israel:
3230 5304 3325 5359 ego
3352 5293 3490 5342 enim

1891 5368 2164 5423 ostendam
2191 5371 2257 5435 ei,
2283 5381 2479 5441 quanta
2502 5390 2618 5428 eum
2634 5384 2868 5445 oporteat
2888 5395 2980 5447 pro
3012 5380 3221 5433 nomine
3243 5397 3355 5435 meo
3376 5383 3488 5453 pati

1888 5462 2025 5532 (Act.
2051 5479 2123 5531 ix,
2150 5464 2218 5517 15
2245 5475 2295 5520 et
2317 5466 2430 5538 lii).
2473 5468 2625 5523 Unde
2644 5469 2701 5523 in
2724 5472 2842 5539 ejus
2863 5473 3174 5543 acceptione
3195 5474 3337 5531 idem
3361 5476 3487 5532 doc-

1890 5564 1977 5609 tor
2020 5555 2280 5614 Gentium
2329 5561 2613 5629 gloriatur,
2653 5562 2876 5618 dicens:
2932 5566 3202 5637 Aditupleo
3241 5585 3322 5633 ea,
3369 5586 3484 5640 qum

1890 5646 2074 5704 desunt
2102 5652 2402 5722 passionum
2426 5651 2617 5708 Christi
2644 5656 2699 5708 in
2727 5670 2941 5725 corpore
2979 5674 3090 5714 meo
3128 5659 3261 5731 (Col.
3295 5677 3331 5724 ι,
3366 5660 3480 5730 ⁵24).

1888 5736 2025 5797 Hinc
2052 5743 2251 5799 iterum
2279 5744 2412 5800 dicit
2436 5763 2451 5799 :
2485 5745 2600 5818 Ego
2624 5749 2871 5820 stigniata
2899 5750 3023 5806 Jesu
3052 5754 3106 5807 in
3135 5769 3351 5823 corpore
3369 5770 3483 5811 meo

1963 5898 1992 5937 δ
2009 5900 2117 5969 AL,
2150 5902 2415 5962 Tondenle
2442 5908 2555 5966 sine
2578 5927 2696 5969 voce
2721 5914 3049 5984 nouaperiet
3067 5930 3123 5972 os
3148 5929 3299 5969 suum
3319 5918 3373 5997 1’.
