4044 6336
491 342 562 410 δι
1693 326 1940 383 SANCTI
1982 323 2111 379 cas

2223 322 2308 376 ΒΗ
2346 320 2561 377 MAGNI
3709 318 3781 376 δί

495 470 648 540 porto
701 457 903 533 (Galat.
941 466 1017 519 vi,
1066 444 1507 540 i7).-Hinc-ait:
1558 440 1693 540 ξιξὴὶ
1734 436 2089 540 αὲξιηῖιρὸεἱι

2223 437 2329 492 'erti
2370 436 2436 492 ad
2468 433 2625 491 ﬁdem
2656 450 2761 491 non
2791 434 3124 506 praevalebit.
3154 432 3319 502 Quasi
3349 447 3477 505 ergo
3514 434 3779 505 magnitu-

498 529 740 629 gloriari,
772 549 871 603 nisi
909 551 966 600 in
986 557 1137 597 cruce
1166 536 1375 592 Domini
1420 534 1583 587 nostri
1610 532 1733 585 Jesu
1764 529 1973 593 Christi,
1999 543 2091 597 per

499 620 649 719 quem
698 640 822 696 mihi
872 633 1097 691 mundus
1152 629 1433 698 cruciﬁxus
1494 634 1611 692 est,
1659 632 1708 678 et
1754 640 1846 695 ego
1898 620 2090 675 mundo

504 736 691 807 (Ibid,
734 732 843 801 14).
870 728 1044 784 Unam
1071 726 1271 795 quippe
1311 730 1518 793 partem
1550 736 1581 774 a
1610 731 2092 807 sponsoisuscepe-

501 806 606 893 rat,
638 824 728 896 qui
757 819 974 891 gloriari
1000 818 1056 873 in
1101 816 1215 873 sola
1244 828 1403 870 cruce
1431 811 1769 883 disponebat.
1799 806 1934 861 Cum
1962 819 2091 896 ergo

503 926 685 991 partes
714 914 1017 968 Phenennae
1060 908 1263 973 tribuit,
1297 904 1533 961 Helcana
1584 900 1749 956 tristis
1799 912 1907 953 non
1950 895 2089 961 fuit;

504 1007 630 1078 quia
660 1002 992 1071 Redemptor
1018 1007 1205 1054 noster
1232 998 1434 1052 electos
1462 1006 1764 1067 synagoga,
1793 999 1919 1060 post
1946 1003 2093 1048 mor-

506 1100 575 1155 tis
606 1095 963 1166 triumphum;
1002 1093 1107 1165 14
1135 1090 1368 1162 paradisi
1396 1089 1603 1159 gaudiis
1626 1087 1739 1157 jam
1769 1086 1921 1140 lmtus
1965 1083 2091 1138 red-

506 1189 658 1245 didit.
690 1188 875 1242 ‘Anna:
902 1193 1085 1241 autem
1124 1192 1332 1255 partem
1382 1183 1548 1238 tristis
1579 1182 1784 1246 tribuit,
1817 1179 1942 1249 quia
1985 1194 2091 1234 non

505 1279 740 1350 compati
766 1280 818 1333 ei
847 1294 953 1333 non
995 1284 1230 1348 poterat,
1280 1290 1437 1345 quam
1475 1274 1665 1350 mortis
1692 1271 1976 1341 conjugem
2008 1285 2093 1325 re-

507 1344 807 1442 linquebat,
836 1379 891 1425 et
920 1344 1093 1425 crucis
1114 1344 1403 1422 haeredem.
1438 1344 1587 1421 Unde
1616 1373 1671 1419 et
1706 1364 1947 1434 patiente
1975 1361 2096 1418 Ste-

508 1463 709 1534 phano,
740 1462 939 1533 apertis
969 1460 1137 1525 cmlis,
1165 1458 1320 1513 Jesus
1349 1464 1492 1513 stare
1509 1456 1818 1527 perhibetur
1846 1456 1982 1523 (Act.
2002 1470 2094 1520 vn,

512 1550 626 1623 55).
658 1552 814 1607 Stare
842 1551 985 1607 enim
1014 1550 1131 1619 ejus
1160 1549 1395 1620 compati
1424 1556 1525 1603 est.

592 1648 678 1704 16.
727 1648 881 1715 Quod
926 1656 1107 1703 autem
1136 1645 1405 1714 subditur,
1454 1646 1575 1715 quia
1595 1645 1801 1697 Annam
1832 1642 2096 1713 diligebat,

511 1741 788 1811 utriusque
808 1741 887 1795 rei
910 1756 1076 1794 causa
1101 1737 1323 1807 intelligi
1344 1736 1731 1792 convenienter
1746 1743 1944 1805 potest.
1966 1736 2098 1790 Nam

2193 532 2372 587 dinem
2403 530 2657 586 eiecitatis
2685 528 2803 597 ejus
2844 529 3108 600 propheta
3148 527 3439 593 admirans,
3469 527 3581 582 ait:
3610 527 3782 583 Tanta

2193 624 2422 694 caligine
2467 621 2670 678 erroris
2698 619 3050 688 deprimitur,
3083 626 3143 673 ut
3172 617 3297 672 inde
3342 617 3498 674 bonis
3540 618 3782 687 insultet,

2195 717 2341 788 quod
2374 717 2489 787 ipsa
2516 716 2658 770 bona
2689 713 2803 768 lieri
2833 712 2973 767 ultra
3013 726 3122 766 non
3168 717 3367 781 potest.
3397 710 3495 765 Cui
3536 708 3785 782 profecto

2193 811 2442 885 pereunti
2469 810 2597 878 quia
2626 814 2811 861 saneta
2839 804 3081 862 Ecclesia
3112 802 3409 871 condoluit,
3431 804 3712 875 sequitur:

2268 903 2445 975 (Vers.
2482 900 2561 970 7.)
2588 900 2756 954 Porro
2785 899 2939 951 Anna
2968 896 3125 967 ﬂebat

2269 993 2355 1049 l8.
2396 993 2529 1050 Nam
2560 1000 2615 1047 et
2655 989 2855 1046 doloris
2884 990 2965 1044 sui
3003 989 3239 1044 lamenta
3279 989 3526 1060 protulit,
3559 988 3788 1047 dicens;

2197 1088 2429 1144 Tristitia
2449 1096 2526 1141 est
2552 1086 2679 1139 mihi
2702 1100 2915 1156 magna,
2939 1090 2987 1135 et
3009 1082 3283 1136 continuus
3306 1080 3457 1135 dolor
3477 1081 3622 1134 cordi
3640 1098 3751 1136 meo
3768 1096 3787 1135 :

2197 1180 2438 1253 optabam
2470 1178 2671 1253 quidem
2713 1185 2762 1232 et
2802 1177 2913 1247 ipse
2939 1174 3219 1228 anathema
3248 1174 3365 1244 ﬁeri
3408 1189 3501 1243 pro
3542 1172 3791 1245 fratribus

2197 1275 2323 1331 meis
2353 1290 2385 1328 a
2414 1273 2637 1338 Christo,
2661 1271 2747 1343 qui
2777 1277 2895 1324 sunt
2918 1268 3126 1338 cognati
3154 1268 3254 1321 mei
3282 1267 3562 1321 secundum
3582 1283 3792 1323 carnem

2199 1363 2379 1437 (Rom.
2409 1378 2487 1431 ix,
2510 1361 2566 1428 2,
2595 1361 2672 1432 5).
2704 1360 2767 1414 Et
2786 1359 2913 1430 quia
2942 1356 3012 1412 de
3050 1372 3238 1413 eorum
3275 1358 3629 1415 conversione
3656 1374 3792 1428 gau-

2198 1457 2346 1514 dium
2376 1472 2487 1512 non
2513 1454 2739 1524 recepit,
2769 1452 3045 1509 subditur:

2277 1553 2379 1624 15
2419 1549 2597 1619 (Vers.
2635 1547 2713 1619 7.)
2752 1544 2823 1600 Et
2852 1544 3021 1600 cibum
3066 1560 3170 1599 nou
3199 1543 3455 1615 capiebat.

2271 1644 2463 1700 Cibum
2492 1641 2723 1710 denique
2758 1646 2995 1711 caperet,
3028 1638 3074 1693 si
3101 1637 3169 1692 de
3196 1635 3395 1691 Judma:
3423 1637 3630 1708 integra
3660 1651 3796 1695 con-

2201 1737 2453 1795 versione
2480 1733 2678 1789 latitia:
2706 1729 3055 1787 refectionem
3076 1727 3375 1783 habuisset.
3396 1727 3525 1793 Quze
3550 1743 3678 1799 ergo
3700 1728 3801 1784 tle-

509 1830 625 1892 sive
655 1831 795 1885 hunc
839 1831 963 1885 ideo
1008 1829 1218 1883 tristem
1248 1842 1368 1883 esse
1397 1829 1515 1897 quis
1554 1826 1802 1896 accipiat,
1831 1825 1957 1896 quia
1988 1826 2099 1881 An—
2124 1836 2176 1899 Β
2200 1828 2277 1886 vit
2316 1827 2492 1883 cibum
2521 1839 2628 1879 non
2670 1821 2898 1892 accepit,
2928 1820 3055 1893 quia
3083 1834 3203 1889 quae
3226 1820 3294 1876 de
3323 1827 3583 1891 pereunte
3609 1820 3795 1878 Iudaea

429 1969 436 1979 .
510 1940 637 1982 nam
659 1922 934 1991 diligebat,
961 1921 1073 1976 sive
1094 1920 1294 1977 idcirco
1324 1920 1372 1975 ei
1402 1927 1612 1989 partem
1636 1933 1797 1972 unam
1826 1918 2100 1989 tribuisse,

509 2029 543 2070 a
571 2016 715 2070 bono
743 2013 1019 2068 intellectu
1056 2026 1163 2066 non
1191 2018 1370 2066 vacat.
1414 2008 1472 2065 Si
1516 2009 1660 2063 enim
1688 2024 1797 2065 non
1830 2008 2099 2079 diligeret,

511 2106 746 2175 compati
771 2104 888 2173 ejus
913 2103 1255 2175 passionibus
1279 2116 1620 2172 nequaquam
1640 2101 1823 2157 vellet.
1850 2101 1985 2157 Nam
2008 2116 2104 2156 cur

511 2197 605 2253 illa
641 2197 710 2251 de
738 2196 973 2269 Egypto
1003 2197 1269 2263 educitur,
1301 2196 1405 2251 nisi
1433 2195 1560 2266 quia
1587 2195 1656 2250 ad
1682 2196 1986 2266 passionem
2014 2194 2101 2250 in-

513 2287 755 2342 vitatur?
784 2287 890 2343 Sed
930 2288 981 2344 ei
1021 2288 1185 2357 lacte,
1217 2296 1271 2343 et
1311 2287 1471 2344 melle
1498 2286 1803 2342 emanautia
1830 2286 1950 2343 loca
1980 2301 2107 2357 pro-

520 2376 827 2436 mittuntur.
859 2380 1007 2437 Bene
1054 2381 1213 2450 igitur
1255 2395 1380 2436 cum
1429 2380 1479 2435 ei
1523 2386 1731 2450 partem
1779 2393 1940 2433 unam
1975 2378 2108 2433 dare

521 2476 742 2540 dicitur,
774 2473 995 2542 diligere
1021 2487 1145 2529 eam
1173 2472 1485 2543 perhibetur
1515 2488 1528 2524 :
1560 2469 1687 2541 quia
1713 2468 1966 2523 nimirum
1998 2468 2107 2523 Re-

522 2567 772 2637 demptor
797 2572 985 2621 noster
1012 2572 1214 2620 sancite
1240 2561 1493 2619 Ecclesia:
1515 2601 1531 2628 ,
1563 2562 1663 2617 etsi
1692 2559 1864 2615 crucis
1891 2574 2000 2614 suae
2029 2558 2110 2613 la-

520 2662 709 2719 borem
741 2657 987 2723 credidit,
1022 2655 1405 2711 excellentiora
1435 2655 1485 2709 ei
1516 2654 1668 2708 valde
1692 2651 1749 2706 in
1786 2650 1926 2707 coelo
1953 2665 2111 2706 cons-

519 2754 668 2809 tituit
696 2751 835 2807 dona
857 2746 1249 2805 retributionis.
1273 2745 1440 2815 Cujus
1465 2744 1713 2799 nimirum
1738 2740 2005 2814 passionis
2023 2741 2109 2796 in-

519 2851 797 2902 crementa
823 2841 1124 2898 edisserens
1152 2838 1353 2907 subdit,
1386 2844 1549 2906 atque
1576 2837 1652 2891 ait
1678 2854 1692 2889 :

593 2935 771 3007 (Vers.
797 2934 830 2986 6
870 2932 1026 3001 et7.)
1051 2928 1303 2984 Dominus
1338 2938 1507 2981 autem
1553 2926 1875 2981 concluserat
1902 2923 2109 2979 vulvam

516 3027 653 3098 ejus.
682 3022 964 3096 Afﬂigebat
984 3038 1178 3094 quoque
1206 3038 1320 3077 eam
1342 3020 1528 3075 aemula
1559 3020 1694 3091 ejus,
1720 3026 1769 3073 et
1793 3018 2113 3072 vehementer

519 3114 741 3186 angebat
768 3114 821 3167 in
845 3120 1138 3178 tantum,ut
1176 3110 1511 3181 exprobraret
1536 3110 1605 3177 ei,
1636 3109 1758 3179 quia
1792 3109 2113 3161 concluserat

521 3206 778 3262 Dominus
821 3205 1018 3259 vulvam
1054 3203 1186 3273 ejus.

594 3301 681 3355 l7.
706 3298 930 3354 Vulvam
942 3297 1144 3367 quippe
1155 3302 1353 3350 sanetae
1370 3294 1623 3350 Ecclesiae
1632 3292 1890 3349 Dominus
1899 3293 2110 3357 clausit,

526 3394 655 3465 quia
684 3407 897 3450 summo
927 3389 1043 3459 ejus
1068 3388 1270 3459 judicio
1300 3388 1576 3457 repulsum
1604 3387 1910 3442 Judaaorum
1940 3401 2110 3457 popu-

528 3486 641 3541 lum
672 3486 725 3541 in
756 3481 1134 3552 Redemptoris
1162 3479 1333 3535 nostri
1364 3479 1469 3534 fide
1497 3493 1757 3547 generare
1781 3495 1890 3534 non
1921 3478 2114 3548 potuit.

530 3578 703 3645 Quam
742 3575 994 3629 nimirum
1024 3572 1142 3642 ejus
1168 3571 1362 3626 aemula
1391 3570 1599 3637 afﬂixit,
1629 3572 1755 3640 quia
1786 3581 1973 3627 contra
1998 3588 2119 3627 eam

528 3680 800 3741 synagoga
827 3666 988 3722 minis
1038 3673 1205 3737 atque
1248 3665 1748 3735 exprobrationibus
1786 3664 1959 3720 szevit.
2005 3663 2116 3720 Sed

530 3760 582 3817 ei
601 3774 759 3829 quam
783 3773 883 3814 nec
906 3759 1065 3814 mina:
1085 3772 1263 3830 neque
1284 3756 1622 3813 contumeliae
1642 3757 1930 3826 fregerant,
1953 3759 2116 3811 etiam

527 3836 798 3908 tormento
828 3866 1016 3921 prunas
1046 3851 1334 3907 inferebat.
1364 3848 1511 3904 Bene
1537 3849 1717 3918 itaque
1746 3864 1863 3903 eam
1895 3864 2003 3905 non
2031 3865 2119 3904 so—

527 3947 641 4003 lum
689 3945 963 4015 afﬂigere,
1000 3944 1097 4000 sed
1133 3944 1481 3999 vehementer
1518 3956 1713 4012 angere
1762 3942 2115 4012 perhibetur:

526 4038 652 4109 qula
682 4038 892 4108 repulsa
933 4035 1116 4091 Iudaea
1147 4043 1334 4091 contra
1382 4036 1611 4092 electam
1652 4033 1949 4091 Ecclesiam
1995 4050 2119 4091 cum

526 4137 739 4188 terrore
758 4132 1045 4197 minarum,
1071 4129 1258 4194 movit,
1286 4137 1341 4185 et
1370 4129 1540 4201 plagis
1582 4128 1759 4184 euadit.
1794 4127 1945 4185 Unde
1965 4137 2021 4185 et
2050 4129 2119 4184 de

527 4234 890 4299 persequente
922 4233 1049 4280 tunc
1070 4210 1253 4291 Saulo,
1285 4223 1337 4277 in
1370 4223 1755 4293 Apostolorum
1786 4225 2008 4279 Actibus
2038 4224 2121 4278 di-

528 4318 670 4374 citur
694 4335 706 4370 :
740 4317 933 4373 Saulus
959 4316 1127 4369 adhuc
1150 4316 1356 4385 spirans
1380 4315 1657 4379 minarum,
1680 4321 1727 4368 et
1750 4316 1906 4371 credis
1932 4317 1985 4369 in
2016 4315 2123 4369 dis-

526 4412 728 4483 cipulos
759 4409 993 4476 Domini,
1037 4409 1253 4463 accessit
1291 4407 1359 4461 ad
1387 4409 1669 4478 principem
1696 4410 2041 4474 sacerdotum,
2074 4417 2123 4463 et

531 4504 679 4574 petiit
708 4503 772 4557 ab
802 4520 859 4557 eo
889 4503 1136 4572 epistolas
1164 4503 1222 4555 iu
1251 4499 1588 4567 Damascum,
1610 4509 1666 4554 ut
1690 4503 1735 4556 si
1772 4519 1897 4572 quos
1921 4502 2120 4555 iuveni-

2140 3217 2186 3282 C

2203 1918 2395 1987 doluit,
2427 1917 2494 1971 de
2521 1916 2638 1986 ejus
2664 1916 2839 1972 salute
2867 1913 3118 1983 gaudium
3158 1927 3267 1968 non
3301 1913 3525 1983 recepit.
3555 1913 3665 1968 Sed
3704 1914 3786 1969 ci-

2204 2013 2305 2068 bus
2332 2008 2551 2074 laetitite,
2578 2007 2668 2078 qui
2697 2006 2766 2061 de
2789 2004 3096 2061 Judteorum
3119 2004 3477 2062 conversione
3507 2021 3612 2061 non
3640 2006 3801 2064 datur

2205 2112 2406 2161 sanctae
2454 2099 2730 2166 Ecclesiae,
2779 2113 2877 2170 per
2900 2097 3085 2169 sponsi
3116 2097 3545 2154 cohortationem
3575 2099 3804 2170 porrigi-

2206 2204 2315 2253 tur.
2348 2194 2483 2250 Nam
2527 2192 2691 2248 verba
2740 2190 3142 2261 praedicationis
3187 2190 3322 2260 ejus,
3375 2190 3479 2244 etsi
3527 2189 3806 2247 auditores

2208 2304 2317 2344 non
2348 2285 2618 2356 recipiunt
2644 2282 2880 2354 reprobi,
2911 2298 3017 2337 non
3060 2291 3239 2337 tamen
3270 2289 3468 2336 vacant
3496 2296 3526 2336 a
3552 2283 3807 2339 mercede

2207 2379 2598 2438 retributionis.
2644 2375 2998 2447 Omnipotens
3025 2376 3165 2431 enim
3199 2375 3362 2443 Deus,
3394 2384 3450 2431 et
3486 2375 3591 2431 hoc
3619 2391 3805 2431 remu-

2211 2482 2368 2530 nerat
2395 2471 2538 2543 quod
2585 2472 2701 2527 sine
2747 2469 3104 2541 reproborum
3154 2466 3400 2537 profectu
3429 2468 3677 2539 reprobis
3705 2468 3808 2525 im-

2210 2567 2460 2639 penditur
2489 2584 2503 2632 ;
2536 2572 2591 2620 et
2618 2563 2765 2634 quod
2804 2562 2990 2618 electis
3038 2562 3484 2632 praedicatoribus
3511 2563 3808 2619 adversita-

2212 2657 2282 2711 tis
2312 2656 2580 2725 ingerunt,
2611 2670 2706 2725 per
2746 2652 2938 2708 libram
2982 2651 3122 2723 aequi
3152 2651 3417 2706 examinis
3456 2652 3507 2706 in
3549 2651 3699 2708 lucro
3729 2652 3809 2708 eis

2211 2754 2407 2818 pensat
2433 2744 2822 2800 retributionis.
2863 2741 3011 2798 Unde
3042 2750 3166 2811 apte
3194 2741 3551 2799 subinfertur:

2286 2836 2461 2908 (Vers.
2493 2835 2572 2907 8.)
2622 2835 2773 2889 Dixit
2812 2852 2934 2907 ergo
2965 2837 3011 2890 ei
3053 2835 3293 2890 Ilelcana
3331 2837 3409 2890 vir
3437 2852 3600 2891 suus:
3628 2836 3808 2902 Anna,

2215 2950 2307 2987 cur
2334 2934 2473 3003 ﬂes?
2504 2930 2576 2984 Et
2600 2947 2759 3003 quare
2794 2947 2897 2985 non
2946 2931 3213 2984 comedis?
3254 2929 3322 2984 Et
3364 2931 3693 3002 quamobrem
3724 2931 3809 3005 a[-

2218 3025 2415 3096 ﬂigilur
2442 3039 2531 3077 cor
2557 3033 2698 3076 tuum
2721 3022 2746 3076 ?
2776 3020 3046 3091 Numquid
3071 3038 3176 3076 non
3206 3039 3299 3095 ego
3325 3023 3510 3077 melior
3550 3040 3663 3078 sum
3692 3021 3806 3093 tibi,

2217 3133 2372 3188 quam
2397 3116 2570 3169 decem
2595 3114 2693 3185 ﬁlii
2715 3114 2741 3167 ?

2295 3206 2378 3261 l9.
2411 3205 2572 3273 Quasi
2602 3220 2730 3275 ergo
2767 3220 2863 3276 per
2890 3204 3112 3262 interna:
3152 3206 3517 3278 inspirationis
3556 3206 3811 3262 solatium

2218 3299 2386 3354 menti
2426 3297 2663 3352 doctoris
2694 3295 3023 3367 Redemptor
3052 3299 3196 3355 dicat
3222 3318 3235 3354 :
3266 3300 3489 3355 Frustra
3518 3301 3584 3355 de
3611 3299 3811 3355 amisso

2219 3393 2371 3448 lucro
2424 3390 2822 3461 prmdicationis
2874 3392 3135 3462 quereris,
3170 3407 3291 3461 quae
3338 3408 3404 3447 eo
3456 3392 3813 3449 abundantioo

2219 3500 2334 3540 rem
2360 3482 2594 3538 fructum
2623 3483 2835 3553 recipis,
2881 3497 2990 3553 quo
3039 3482 3286 3539 affectum
3316 3483 3594 3538 charitatis
3642 3484 3813 3539 etiam

2221 3575 2450 3631 inimicis
2491 3572 2776 3643 impendis.
2828 3573 2956 3629 Inde
2986 3574 3147 3643 igitur
3193 3574 3364 3642 doles,
3396 3573 3537 3628 unde
3574 3574 3815 3644 gaudere

2223 3669 2521 3725 debuisses.
2553 3670 2618 3723 Et
2643 3668 2769 3737 quia
2800 3668 2914 3738 ipse
2943 3676 3024 3723 est
3055 3669 3352 3724 electorum
3391 3668 3690 3740 prminium,
3722 3670 3816 3724 in-

2222 3768 2462 3828 terrogat
2490 3760 2713 3816 dicens:
2766 3759 3035 3830 Numquid
3076 3777 3179 3815 non
3220 3778 3314 3832 ego
3342 3761 3524 3815 melior
3545 3778 3658 3815 sum
3701 3760 3813 3828 tibi,

2222 3872 2378 3927 quam
2400 3856 2574 3909 decem
2595 3854 2696 3925 ﬁlii
2718 3854 2742 3908 .9
2762 3854 2958 3909 Decem
2984 3869 3215 3925 namque
3241 3855 3381 3910 filios
3403 3855 3553 3909 Anna
3577 3862 3814 3925 pareret,

2224 3948 2271 4002 si
2309 3946 2579 4017 primitiva
2608 3944 2849 4001 Ecclesia
2890 3943 3196 3999 Judazorum
3244 3945 3501 4015 p0pulum
3528 3944 3629 4000 sub
3658 3944 3819 4001 deca-

2225 4038 2350 4108 logo
2382 4037 2536 4107 Legis
2563 4038 2800 4108 positum
2848 4036 2900 4089 in
2949 4034 3054 4091 ﬁde
3097 4037 3389 4105 genuisset.
3420 4034 3486 4088 Et
3534 4036 3659 4104 quia
3688 4051 3822 4091 non-

2226 4133 2360 4188 nulli
2386 4133 2726 4203 prmdicando
2757 4140 2985 4203 prosunt
3012 4132 3153 4201 aliis,
3181 4132 3275 4203 qui
3303 4147 3400 4203 per
3423 4131 3593 4186 multa
3623 4131 3814 4201 displi-

2227 4230 2353 4279 cent
2395 4222 2698 4291 Conditori,
2727 4222 2937 4277 ratione
2966 4222 3290 4287 ostenditur,
3333 4222 3457 4291 quia
3504 4221 3697 4276 melior
3736 4222 3824 4277 vi:

2228 4331 2357 4373 suus
2399 4318 2585 4383 Annae,
2619 4331 2783 4386 quam
2827 4316 3011 4372 decem
3066 4316 3162 4372 filii
3212 4326 3359 4372 sunt.
3402 4316 3590 4372 Potest
3637 4328 3821 4371 autem

2228 4417 2283 4464 et
2313 4425 2411 4480 per
2455 4410 2557 4465 hoc
2586 4408 2731 4477 quod
2762 4425 2859 4464 cur
2889 4408 3033 4476 ﬂeat,
3068 4410 3355 4480 inquiritur
3378 4454 3393 4478 ,
3426 4410 3591 4480 ipsius
3618 4408 3821 4466 Jndm

2229 4503 2460 4573 perditio
2506 4502 2795 4571 designari.
2838 4501 3001 4569 Quasi
3041 4503 3222 4558 dicat:
3282 4502 3466 4558 Otiose
3512 4504 3819 4573 plangitur,

528 4599 610 4648 ret
654 4593 806 4663 hujus
838 4594 931 4647 via:
974 4594 1129 4657 viros,
1163 4592 1358 4645 uinctos
1403 4591 1701 4661 perduceret
1739 4592 1794 4645 in
1830 4590 2124 4646 Jerusalem
2151 4601 2205 4663 ι)
2230 4597 2315 4651 cui
2339 4596 2605 4665 justorum
2629 4610 2791 4665 prece
2820 4610 3156 4666 nequaquam
3184 4595 3509 4666 indulgetur.
3534 4596 3665 4650 Cum
3688 4611 3822 4666 ergo

531 4685 671 4756 (Act.
703 4701 776 4751 ix,
811 4685 837 4738 1
868 4693 915 4738 et
952 4683 1029 4753 2).
1063 4683 1164 4749 Qui
1194 4683 1338 4738 enim
1368 4683 1544 4738 minas
1571 4691 1625 4738 et
1657 4683 1826 4739 aedes
1857 4682 2119 4752 spirabat,

528 4777 785 4833 nimirum
835 4790 974 4839 eam,
1006 4790 1169 4845 quam
1200 4790 1306 4829 non
1346 4774 1487 4830 bene
1514 4775 1869 4830 aemulabatur
1899 4813 1915 4841 ,
1940 4772 2125 4830 Eccle-

528 4867 665 4924 siam
710 4881 819 4921 non
859 4864 1036 4920 solum
1066 4862 1356 4932 afﬂigebat,
1387 4864 1483 4922 sed
1510 4867 1683 4931 etiam
1704 4865 1954 4935 angebat.
1989 4865 2121 4919 Nam

535 4958 651 5028 ejus
674 4959 931 5013 tumulum
954 4972 1014 5013 se
1039 4956 1206 5013 fuisse
1227 4957 1444 5025 fatetur,
1470 4959 1656 5015 dicens
1681 4977 1693 5011 :
1725 4959 1957 5013 Audistis
1987 4962 2125 5012 enim

531 5050 812 5119 aliquando
835 5052 1271 5107 conversationem
1292 5068 1456 5105 meam
1473 5054 1527 5106 in
1554 5051 1849 5117 Judaismo,
1881 5053 2127 5123 quoniam

532 5160 691 5216 supra
742 5144 950 5197 modum
987 5146 1323 5217 persequebar
1362 5146 1654 5202 Ecclesium
1691 5147 1807 5213 Dei,
1848 5158 1897 5203 et
1934 5165 2128 5221 expug-

532 5237 719 5291 nabam
738 5238 908 5304 illam,
938 5247 987 5291 et
1020 5239 1358 5311 proﬁciebant
1398 5242 1454 5293 in
1475 5239 1749 5295 Judaismo
1771 5242 2126 5312 supramultos

543 5336 830 5383 coaztaneos
858 5345 996 5383 mens
1033 5331 1086 5382 in
1116 5347 1299 5399 genere
1326 5346 1457 5395 meo,
1488 5329 1837 5385 abundantius
1860 5331 2129 5386 armulator

536 5418 761 5469 existens
806 5428 1143 5487 paternarum
1180 5436 1413 5474 mearum
1462 5422 1797 5476 traditionum
1835 5402 2054 5493 (Galat.
2084 5439 2122 5489 ι,

537 5507 628 5574 15,
661 5507 769 5580 14).
801 5508 865 5563 Et
908 5512 1033 5582 quia
1078 5513 1134 5567 in
1184 5520 1347 5567 tantae
1394 5512 1757 5569 damnationis
1803 5516 2130 5586 profundum

538 5598 718 5655 Judzea
748 5601 966 5672 cecidit,
990 5611 1049 5657 ut
1072 5604 1196 5659 inde
1226 5604 1457 5671 laetetur,
1487 5606 1633 5675 quod
1662 5616 1864 5664 aeterna
1896 5611 1992 5666 Dei
2014 5613 2131 5667 ani-

539 5693 911 5751 madversione
941 5696 1245 5766 projicitur,
1278 5696 1618 5764 subjunctum
1650 5710 1731 5756 est
1760 5720 1772 5754 :
1805 5701 1869 5755 In
1911 5712 2128 5773 tantum,

540 5793 598 5837 ut
634 5786 973 5856 exprobraret
1012 5786 1081 5853 ei,
1121 5788 1256 5858 quod
1298 5788 1534 5843 dominus
1557 5793 1889 5848 conclusisset
1934 5796 2133 5851 vulvam

542 5877 681 5943 ejus.
728 5874 920 5932 Adhuc
948 5874 1147 5947 quippe
1174 5892 1271 5948 pro
1311 5890 1506 5947 magno
1533 5881 1761 5941 habebat
1782 5925 1801 5955 ,
1829 5885 1975 5958 quod
2004 5901 2135 5944 con-

2230 4688 2621 4757 subscqurnter
2669 4688 3005 4757 interrogat:
3043 4685 3217 4752 Quare
3255 4704 3359 4743 non
3398 4689 3663 4742 comedis?
3687 4686 3824 4743 Pro-

2230 4777 2372 4833 fecto
2420 4778 2469 4832 ei
2499 4777 2751 4847 gaudium
2782 4778 2850 4833 de
2879 4778 3238 4833 conversione
3267 4777 3581 4846 gentilitatis
3609 4778 3825 4833 intima-

2233 4876 2336 4922 tur.
2365 4867 2529 4936 Quasi
2569 4882 2696 4937 ergo
2727 4867 2874 4922 dicat
2899 4886 2912 4921 :
2946 4868 3081 4923 Cum
3112 4868 3298 4923 orbem
3327 4868 3637 4923 universum
3666 4884 3827 4939 pare-

2230 4977 2291 5017 re
2314 4961 2533 5027 debeas,
2557 4963 2751 5017 frustra
2780 4978 2886 5018 non
2909 4963 3131 5031 gaudes,
3155 4963 3300 5033 quod
3321 4979 3407 5031 ea,
3436 4979 3557 5033 qua:
3579 4965 3824 5035 projecta

2232 5058 2330 5115 est,
2363 5054 2562 5107 erroris
2592 5054 2843 5109 tenebras
2873 5068 2982 5108 non
3039 5053 3325 5123 relinquat.
3353 5054 3640 5124 Sequitur:

2300 5144 2477 5215 (Vers.
2508 5146 2541 5200 9
2584 5153 2638 5201 et
2670 5145 2779 5215 10.)
2814 5145 3056 5200 Surrexit
3085 5161 3207 5217 ergo
3237 5146 3412 5213 Anna,
3441 5156 3710 5218 postquam
3739 5165 3829 5204 co-

2228 5237 2485 5303 mederat,
2509 5246 2557 5291 et
2584 5236 2779 5289 biberat
2808 5236 2861 5289 in
2890 5236 3026 5303 Sila,
3059 5236 3181 5291 Heli
3212 5235 3476 5290 sacerdote
3505 5238 3713 5292 sedente
3739 5256 3829 5293 su—

2227 5350 2319 5406 per
2348 5332 2478 5387 sclla
2522 5339 2642 5384 ante
2689 5336 2856 5401 postes
2915 5330 3090 5400 templi
3131 5328 3379 5397 Domini,
3437 5340 3487 5386 et
3531 5348 3646 5386 cum
3692 5342 3830 5388 esset

2228 5445 2410 5483 amaro
2439 5428 2613 5481 animo
2643 5425 2811 5481 oravit
2840 5423 2907 5477 ad
2941 5423 3217 5477 Dominum
3245 5425 3375 5494 ﬂens
3404 5425 3640 5497 largiter.

2303 5519 2393 5573 20.
2425 5518 2564 5586 Quid
2607 5518 2749 5572 enim
2786 5516 2891 5571 fuit
2915 5522 3043 5571 tunc
3067 5524 3270 5571 sanctae
3299 5515 3553 5573 Ecclesia:
3598 5518 3829 5573 mandu-

2233 5626 2380 5675 care,
2417 5610 2518 5665 nisi
2548 5608 2726 5664 cibum
2755 5607 2935 5664 solatii
2963 5606 3146 5663 divina
3172 5606 3550 5663 cohortatione
3578 5608 3828 5676 suscipe-

2234 5705 2339 5760 re?
2365 5701 2434 5755 Et
2461 5703 2645 5757 bibere
2675 5700 2727 5755 ei
2754 5701 2885 5770 quid
2914 5700 3140 5765 exstitit,
3174 5698 3273 5753 nisi
3300 5696 3367 5752 de
3411 5696 3583 5752 infusa
3614 5698 3713 5753 sibi
3746 5699 3829 5753 in-

2232 5804 2403 5852 ternze
2432 5794 2823 5850 consolationis
2848 5794 3114 5849 suavitate
3142 5792 3396 5862 gaudere.
3432 5792 3565 5847 Nam
3595 5793 3639 5847 si
3672 5793 3828 5850 cibus

2236 5885 2526 5957 confortat,
2571 5894 2734 5959 potus
2780 5887 3083 5954 exbilarat;
3131 5885 3311 5943 cibum
3362 5900 3492 5959 ergo
3544 5887 3823 5955 sumimus,
