4044 6336
522 343 599 416 35

529 564 626 619 ﬁlii
655 570 816 633 caput
844 562 1076 628 raditur,
1126 577 1248 617 cum
1276 561 1417 617 bona
1466 561 1801 617 subditorum
1833 578 1928 633 per
1970 576 2109 631 pra:-

1751 352 1994 411 SANCTI
2032 351 2360 411 CREGOlllI
2398 352 2612 411 MAGNI

529 484 807 548 pastorum
842 470 1105 543 cupiditas
1141 467 1505 542 exprimitur?
1534 469 1650 537 Qua
1685 472 1947 527 novacula
1997 469 2107 524 nati
2136 480 2184 539 Α

3719 357 3791 419 36

2284 468 2459 537 (Vers.
2496 469 2605 539 l5.)
2635 462 2802 523 Perro
2832 468 2982 523 Anna
3036 468 3336 540 loquebatur
3374 471 3428 526 in
3466 472 3620 528 corde
3648 492 3740 530 suo
3770 518 3785 544 ,

2212 571 2505 635 tantumque
2534 564 2672 619 labia
2708 568 2818 636 eius
2857 565 3208 631 movebantur,
3233 575 3280 620 et
3324 582 3421 620 v0.1:
3462 568 3664 639 penitus
3688 587 3787 625 non

526 654 829 711 dicatorum
867 652 1218 724 cupiditatem
1249 651 1548 723 rapiuntur.
1593 651 1728 709 ilinc
1772 668 2003 723 namque
2056 660 2112 708 et
2212 657 2536 711 audiebatur.

527 744 860 814 delinquenti
914 743 1110 799 Judzcae
1160 758 1258 815 per
1302 744 1621 814 prophetam
1650 744 1841 801 dicitur
1873 762 1888 799 :
1920 743 2107 800 Pasto-

524 855 607 894 res
622 840 694 893 tui
719 838 825 909 lupi
854 854 1058 909 vespere
1076 853 1179 893 non
1195 838 1542 911 relinquentes
1562 841 1614 895 in
1644 855 1793 893 mane
1818 837 2006 909 (Soph.
2030 855 2104 907 ιιι,

523 930 602 1001 5).
632 929 870 1000 Vespere
897 944 1131 999 namque
1156 938 1405 1002 pastores
1446 930 1555 1001 lupi
1610 929 1763 997 ﬁunt,
1816 930 1940 1000 quia
1972 928 2108 986 inte-

524 1026 903 1090 nebrescente,
935 1032 1097 1095 atque
1120 1024 1468 1081 decrescente
1503 1025 1554 1079 in
1584 1024 1690 1081 ﬁne
1720 1024 1824 1079 isto
1862 1024 2058 1079 smculo
2087 1063 2102 1091 ,

521 1130 713 1186 rapere
744 1115 1079 1170 subditorum
1106 1116 1246 1170 bona
1276 1131 1383 1170 non
1412 1123 1677 1171 metuunt.
1721 1114 1824 1181 Qui
1867 1114 1921 1169 in
1949 1129 2106 1171 mane

519 1221 632 1262 non
661 1206 1019 1275 relinquunt,
1077 1207 1202 1278 quia
1247 1206 1372 1262 dum
1420 1206 1803 1279 temporalibus
1858 1208 2101 1273 inhiant,

517 1296 888 1355 inalbescente
913 1297 1144 1353 adventu
1174 1295 1335 1353 futuri
1359 1297 1567 1367 judicii,
1603 1297 1778 1353 danda
1822 1297 1925 1351 sibi
1964 1312 2102 1369 prae-

517 1388 628 1444 mia
657 1404 767 1445 non
803 1395 1101 1445 reservant.
1128 1388 1276 1456 Quos
1307 1389 1557 1443 nimirum
1588 1389 1832 1445 Micharas
1860 1388 2101 1453 denotat,

514 1479 697 1537 dicens
731 1500 740 1533 :
774 1479 1052 1551 PrOpheta:
1090 1481 1175 1553 qui
1224 1480 1475 1536 seducunt
1502 1483 1747 1551 paputum
1778 1497 1969 1547 meum,
2015 1482 2102 1550 qui

518 1574 755 1629 mordent
774 1573 1009 1627 dentibus
1031 1573 1158 1639 suis,
1189 1581 1235 1626 et
1261 1572 1551 1643 prwdicant
1588 1590 1803 1644 pacem;
1844 1583 1892 1626 et
1917 1574 1962 1627 si
1988 1573 2102 1644 quis

514 1681 619 1718 non
646 1664 843 1719 dederit
885 1665 938 1717 in
969 1681 1055 1717 ore
1081 1680 1256 1717 eorum
1286 1664 1569 1734 quidpiam,
1594 1664 1924 1733 sancti/iram
1950 1679 2103 1733 super

512 1772 626 1810 eum
646 1757 883 1825 prwtium
907 1754 1095 1825 (Mich.
1128 1769 1207 1818 ιιι,
1256 1752 1335 1823 5).
1361 1752 1645 1822 Pr0phettc
1697 1754 1895 1823 quippe
1924 1768 2099 1822 popu-

2280 749 2368 805 27.
2387 748 2523 818 Quid
2547 759 2627 807 est
2656 750 2798 806 aliud
2819 766 2916 807 cor
2935 758 3133 806 sancta:
3153 749 3424 815 Ecclesite,
3459 744 3567 806 nisi
3578 766 3639 805 ea
3670 768 3788 823 qua:

2209 842 2348 897 intra
2374 858 2431 899 se
2460 852 2542 900 est
2580 844 2773 899 devota
2828 856 2884 899 et
2935 842 3147 899 erudita
3196 843 3470 899 beatitudo
3500 842 3737 899 ﬁdelium
3767 846 3790 899 τ

2208 931 2266 989 In
2295 934 2455 990 corde
2476 944 2652 990 autem
2682 952 2780 990 suo
2833 934 2987 989 Anna
3034 936 3211 990 locuta
3265 940 3364 1001 est,
3412 935 3539 1004 quia
3586 944 3789 992 sanctae

2206 1023 2459 1082 Ecclesia:
2486 1028 2795 1099 praedicatio
2820 1028 2898 1083 eis
2927 1036 3135 1081 tantum
3157 1025 3357 1097 profuit
3401 1028 3492 1098 qui
3534 1043 3662 1082 vero
3705 1029 3790 1083 lu-

2205 1119 2351 1175 mine
2401 1120 2701 1175 illustrandi
2754 1126 2906 1175 erant
2957 1134 3024 1173 ex
3072 1117 3249 1173 divina
3292 1118 3786 1189 prmdestinatione.

2208 1208 2345 1275 Quid
2375 1224 2503 1264 vero
2528 1218 2609 1264 est
2638 1216 2815 1263 motus
2844 1207 3128 1273 labiorum,
3155 1207 3255 1262 nisi
3275 1207 3547 1276 signorum
3569 1221 3789 1277 promo-

2208 1299 2282 1353 tio
2302 1299 2353 1352 in
2383 1301 2580 1353 sanctis
2609 1299 3091 1370 praedicatoribus?
3117 1298 3217 1365 Qui
3246 1299 3490 1369 profecto
3513 1340 3529 1367 ,
3559 1300 3661 1353 etsi
3692 1314 3789 1354 ve-

2204 1388 2283 1443 lut
2312 1388 2441 1444 foris
2470 1389 2745 1459 loquentia
2771 1389 2912 1443 labia
2950 1398 3004 1443 et
3034 1390 3087 1442 in
3118 1388 3225 1443 imo
3254 1397 3398 1443 stare
3426 1390 3784 1457 videbantur,

2205 1478 2331 1532 dum
2361 1480 2514 1535 caecis
2564 1480 2759 1549 visum,
2813 1480 3049 1533 auditum
3098 1480 3289 1546 surdis,
3346 1481 3509 1535 vitam
3560 1482 3788 1536 mortuis

2204 1569 2420 1635 dabant,
2471 1584 2695 1639 magnos
2742 1570 2924 1640 utique
2970 1570 3283 1626 meritorum
3335 1580 3512 1629 motus
3559 1572 3784 1628 exhibe-

2202 1659 2351 1714 bant.
2386 1658 2539 1715 Unde
2567 1670 2623 1715 et
2645 1661 2773 1716 illud
2800 1663 2986 1730 ingens
3014 1663 3211 1718 labium
3233 1671 3434 1718 sanctae
3481 1662 3736 1718 Ecclesiae
3764 1705 3781 1731 ,

2202 1751 2328 1806 dum
2350 1752 2576 1822 loquens
2603 1754 2751 1808 velut
2771 1754 2825 1807 in
2855 1755 2964 1809 imo
2986 1763 3131 1811 stare
3168 1754 3459 1819 videretur,
3498 1753 3624 1823 quia
3675 1768 3783 1808 non

508 1846 622 1901 lum
652 1846 863 1901 Domini
885 1844 1170 1909 seducunt,
1199 1858 1320 1897 cum
1350 1843 1733 1913 praedicatores
1755 1843 1973 1912 reprobi
2001 1858 2095 1897 au-
2128 1856 2175 1919 Β
2199 1843 2375 1899 solum
2404 1844 2570 1899 verbo
2590 1853 2645 1899 et
2681 1847 3091 1903 conversatione
3120 1845 3337 1900 humilis
3383 1853 3520 1910 erat,
3574 1843 3672 1899 sed
3728 1851 3783 1898 et

510 1936 745 1993 ditorum
773 1952 996 1994 suorum
1021 1935 1225 2005 judicia
1268 1932 1626 1991 confundunt.
1672 1934 1741 1987 Et
1782 1934 2095 1991 mordentes

510 2026 759 2083 dentibus
783 2042 972 2097 pacem
1002 2026 1268 2091 nuntiant,
1305 2025 1431 2095 quia
1452 2025 1507 2080 in
1535 2026 1775 2096 appetitu
1806 2040 1913 2078 suae
1934 2040 2093 2095 rapa-

508 2116 706 2185 citatis,
737 2117 862 2171 dum
893 2124 1105 2172 terrena
1135 2114 1522 2185 ﬁagitiosorum
1570 2114 1712 2169 dona
1759 2114 2092 2185 suspiciunt,

510 2207 586 2262 eis
617 2207 809 2263 divina:
839 2206 1183 2276 indulgentia:
1210 2206 1556 2261 securitatem
1602 2204 1944 2276 pollicentur.
1992 2203 2093 2259 Su-

510 2314 608 2373 per
637 2299 784 2370 ipsos
812 2307 993 2354 autem
1021 2297 1265 2369 prmlium
1294 2296 1655 2364 sanctiﬁcaut,
1685 2297 1778 2369 qui
1809 2298 1862 2353 in
1884 2314 1979 2353 ore
2002 2313 2097 2353 eo-

508 2403 627 2449 rum
658 2392 860 2464 aliquid
888 2408 995 2449 non
1027 2393 1191 2460 dant,
1222 2393 1347 2463 quia
1395 2392 1570 2462 justos
1624 2392 1787 2447 etiam
1839 2391 2095 2449 districtis

507 2486 788 2544 sententiis
815 2493 1039 2555 terrent,
1057 2486 1147 2557 qui
1161 2485 1239 2542 eis
1272 2500 1369 2556 pro
1396 2492 1525 2541 voto
1557 2492 1771 2540 terrena
1802 2499 1909 2539 non
1939 2484 2093 2539 exhi-

504 2578 657 2634 bent.
687 2577 789 2645 Qui
820 2577 1076 2633 nimirum
1114 2591 1279 2647 super
1308 2584 1469 2648 caput
1510 2575 1603 2629 ﬁlii
1651 2575 1965 2631 novaculam
1993 2589 2093 2644 po-

505 2678 661 2737 nunt,
694 2670 820 2726 dum
850 2677 1113 2741 praetextu
1142 2667 1417 2724 charitatis
1465 2667 1703 2723 omlestia
1747 2666 2044 2738 praedicant
2075 2704 2093 2733 ,

505 2770 564 2818 ut
600 2763 680 2819 eis
707 2770 921 2818 terrena
949 2776 1047 2833 per
1106 2760 1453 2831 cupiditatem
1496 2760 1705 2816 tollant.
1756 2757 1909 2816 lianc
1946 2769 2094 2841 certe

507 2859 827 2916 novaculam
849 2856 994 2928 quod
1020 2864 1204 2913 sancta
1226 2854 1467 2913 Ecclesia
1496 2855 1549 2909 in
1581 2854 1818 2926 praedam
1848 2855 2093 2911 subdito-

503 2966 624 3007 rum
653 2965 762 3005 non
791 2948 989 3003 habeat
1011 2988 1025 3014 ,
1058 2947 1248 3003 doctor
1294 2947 1539 3017 egregius
1576 2946 1629 3001 in
1674 2947 1962 3016 semetipso
2001 2961 2092 3002 os-

506 3041 695 3105 tendit,
726 3040 947 3096 dicens:
982 3036 1109 3095 Non
1150 3054 1321 3110 quaero
1371 3037 1566 3104 datum,
1596 3036 1686 3091 sed
1735 3052 1906 3108 quwro
1949 3037 2092 3107 [ruc-

515 3144 623 3189 tum
654 3134 877 3207 (Philip.
901 3148 973 3201 tv,
1001 3132 1111 3206 77).
1137 3131 1272 3188 Hinc
1300 3132 1425 3187 item
1450 3132 1598 3187 dicit:
1628 3129 1727 3196 Qui
1748 3130 2093 3202 Evangelium

2196 1934 2472 2004 signorum
2500 1943 2770 2005 potestate
2791 1936 3057 2003 sublimis,
3089 1944 3149 1990 ut
3178 1943 3356 1989 motus
3376 1934 3481 2001 sui,
3523 1947 3692 2002 usque
3716 1932 3783 1986 ad

2194 2026 2392 2081 caelum
2421 2041 2479 2081 se
2508 2026 2717 2093 extulit,
2750 2027 2933 2083 dicens
2962 2044 2976 2081 :
3007 2024 3208 2082 Nostra
3249 2026 3569 2080 conuersatio
3598 2026 3653 2077 in
3681 2039 3783 2077 cm-

2195 2114 2261 2170 lis
2280 2124 2357 2169 est
2385 2115 2607 2187 (Philip.
2633 2132 2712 2182 ιιι,
2744 2116 2861 2189 20).
2891 2116 3010 2172 Heli
3051 2118 3231 2187 itaque
3253 2124 3461 2171 tantum
3488 2115 3656 2170 Annae
3706 2116 3785 2171 la-

2195 2206 2282 2262 bia
2310 2216 2456 2263 mota
2480 2209 2783 2279 conspexit,
2814 2217 2871 2265 et
2896 2222 3087 2265 vocem
3138 2207 3355 2279 penitus
3382 2222 3487 2263 non
3530 2206 3735 2261 audivit
3764 2247 3779 2273 ,

2194 2301 2322 2371 quia
2378 2310 2405 2339 ι
2445 2300 2723 2358 Judaicum
2776 2302 3136 2358 sacerdotium
3195 2315 3360 2371 opera
3412 2300 3781 2371 apostolorum

2195 2397 2447 2449 miratum
2478 2404 2579 2461 est,
2610 2396 2707 2452 sed
2746 2410 2814 2450 ex
2860 2410 3046 2451 eorum
3100 2393 3481 2465 praedicatione
3535 2408 3641 2448 non
3698 2400 3781 2447 est

2195 2495 2502 2558 promotum
2532 2488 2587 2543 in
2612 2487 2861 2542 salutem.
2891 2485 3010 2543 Vox
3035 2486 3217 2556 itaque
3240 2485 3409 2540 Anna:
3442 2500 3550 2541 non
3593 2484 3781 2538 audie-

2196 2574 2377 2644 batur,
2407 2578 2530 2646 quia
2560 2578 2661 2633 etsi
2688 2578 2965 2647 signorum
3008 2577 3320 2632 ostensione
3360 2584 3546 2631 sancta
3584 2573 3779 2630 Eccle-

2196 2671 2278 2727 sia
2308 2671 2574 2727 mirabilis
2598 2679 2737 2735 erat,
2767 2670 2894 2725 dum
2923 2669 3320 2741 praedicationis
3338 2669 3497 2724 verba
3522 2667 3778 2739 protulit,

2196 2764 2263 2819 ad
2314 2778 2555 2819 amorem
2608 2761 2982 2833 Redemptoris
3025 2770 3311 2817 extraneos
3358 2759 3621 2818 accendit.
3671 2759 3777 2813 Sed

2194 2856 2325 2927 quid
2360 2855 2428 2911 de
2455 2869 2521 2910 ea
2546 2854 2746 2910 sentiat
2772 2852 2913 2921 Heli,
2940 2868 3101 2925 quam
3131 2868 3241 2909 non
3267 2852 3514 2923 intelligit
3534 2851 3777 2922 lSequi—

2197 2957 2329 3004 tur:

2270 3065 2445 3138 (Vere.
2486 3064 2602 3136 15.)
2640 3063 2946 3120 Estimavit
2993 3080 3109 3119 eam
3161 3063 3321 3137 igitur
3368 3060 3494 3117 Heli
3532 3060 3778 3116 temulen-

2195 3167 2321 3214 tam.

501 3227 800 3292 αηηυηίίαίν
831 3224 894 3279 de
916 3224 1200 3319 Ευαηθῗίίῗ
1251 3221 1791 3319 υίυαίχξθίῖψαυίωῖί
1822 3237 1924 3319 ἰθ-η
1974 3236 2087 3275 ‘um
2118 3245 2163 3311 C
2262 3250 2353 3304 28.
2374 3248 2491 3306 Hoc
2518 3249 2769 3305 nimirum
2804 3250 2966 3305 etiam
3005 3248 3159 3319 juxta
3199 3250 3483 3305 historiam
3542 3246 3773 3301 Actuum

500 3337 621 3374 usus
652 3320 749 3374 hac
768 3327 1018 3390 potestate
1041 3320 1063 3391 (
1084 3316 1111 3372 Ι
1160 3316 1279 3372 Cor.
1313 3334 1390 3384 ιχ,
1416 3315 1505 3384 id,
1534 3313 1644 3387 15).
1677 3314 1779 3384 Qui
1813 3316 1955 3372 enim
1996 3332 2091 3372 ne-

503 3415 735 3471 cessaria
759 3431 866 3470 non
889 3423 1042 3470 curat
1072 3428 1103 3468 a
1125 3412 1352 3469 subditis
1374 3412 1627 3468 alimenta
1665 3413 1964 3484 percipere,
1997 3429 2089 3469 os-

505 3508 679 3565 tendit
706 3510 866 3580 plane
909 3524 1014 3579 qua
1062 3507 1316 3562 mundani
1372 3514 1714 3577 contemptus
1760 3507 2089 3562 sublimitate

504 3599 655 3655 lucra
688 3599 860 3669 turpia
883 3606 938 3653 et
967 3598 1148 3653 illicita
1180 3597 1320 3652 dona
1357 3595 1679 3654 confutaret.
1735 3598 1887 3651 Anna
1931 3599 2090 3667 igitur

503 3691 631 3746 dum
652 3690 970 3746 novaculam
999 3705 1107 3743 non
1130 3702 1474 3744 ascensuram
1505 3704 1665 3758 super
1695 3696 1855 3759 caput
1878 3687 1967 3743 ﬁlii
2002 3706 2090 3744 vo-

502 3789 618 3850 vet,
645 3789 832 3853 apcrte
862 3795 1040 3837 mores
1062 3788 1262 3834 sancta:
1288 3779 1542 3836 Ecclesia:
1595 3780 1847 3849 insinuat,
1876 3797 1994 3851 qua:
2022 3781 2088 3837 ad

504 3881 760 3929 aeternam
786 3873 950 3928 vitam
981 3872 1181 3928 electos
1233 3872 1502 3944 loquendo
1552 3873 1805 3943 parturit,
1846 3876 1948 3946 18
1995 3876 2091 3931 sed

505 3967 823 4036 temporalia
876 3966 1017 4022 bona
1064 3980 1249 4022 eorum
1325 3980 1423 4038 per
1478 3966 1757 4021 avaritiam
1816 3982 2087 4038 nunquam

512 4062 678 4136 toljit.
704 4058 816 4116 Sed
837 4060 961 4131 quia
992 4060 1097 4115 hoc
1115 4060 1181 4115 de
1208 4059 1361 4114 Anna
1388 4058 1562 4116 adhuc
1591 4067 1821 4117 vovente
1842 4101 1857 4131 ,
1900 4069 1954 4116 et
1981 4077 2089 4118 non

504 4156 747 4226 pariente
773 4154 987 4220 dicitur,
1020 4161 1143 4223 apte
1169 4151 1502 4209 subinfertur
1536 4171 1548 4207 :

578 4268 755 4338 (Vers.
780 4266 894 4335 12.)
916 4265 1139 4322 Factum
1162 4275 1240 4323 est
1266 4276 1457 4336 autem,
1487 4268 1611 4322 dum
1654 4269 1748 4324 illa
1771 4271 2089 4342 multiplica-

505 4369 584 4415 ret
618 4374 798 4430 preces
820 4374 995 4415 coram
1016 4358 1260 4427 Domino,
1285 4368 1339 4414 ut
1368 4359 1492 4416 Heli
1520 4359 1809 4416 observaret
1834 4380 1891 4419 os
1913 4364 2050 4435 ejus.

574 4449 662 4503 26.
697 4449 836 4516 Quid
862 4449 963 4504 fuit
990 4458 1191 4507 sanet:e
1238 4450 1495 4507 Ecclesiae
1528 4468 1627 4524 pro
1657 4454 1904 4525 pariendi
1947 4455 2089 4511 desi-

506 4541 656 4599 derio
682 4556 873 4612 preces
890 4556 1075 4597 coram
1118 4540 1346 4599 Domino
1376 4544 1765 4615 multiplicare,
1813 4546 1915 4603 nisi
1952 4548 2088 4602 assi-

2193 3343 2559 3414 apostolorum
2604 3343 2937 3413 agnovimus,
2994 3344 3119 3413 quia
3191 3342 3375 3397 diebus
3427 3339 3775 3395 Pentecostes

2189 3436 2364 3493 sancti
2384 3434 2618 3506 apostoli
2665 3434 2799 3489 ebrii
2829 3435 3021 3491 crediti
3049 3442 3193 3501 sunt,
3232 3447 3374 3498 cum,
3401 3440 3618 3498 accepta
3642 3446 3773 3485 san-

2188 3530 2263 3585 cti
2289 3529 2521 3601 Spiritus
2548 3527 2903 3599 plenitudine,
2960 3526 3156 3581 Christi
3206 3523 3469 3593 magnalia
3498 3523 3645 3577 omni
3668 3523 3775 3577 lin-

2188 3635 2293 3691 gua
2316 3625 2666 3692 loquerentur
2708 3625 2875 3695 (Act,
2914 3640 2971 3691 ιι,
3012 3622 3109 3694 4).
3164 3621 3525 3692 Spiritualiter
3590 3632 3774 3675 autem

2188 3724 2377 3772 sancta
2407 3715 2643 3772 Ecclesia
2672 3718 2822 3772 ebria
2851 3717 3107 3781 creditur,
3138 3730 3300 3787 quam
3329 3712 3509 3769 Judaaa
3539 3728 3647 3767 non
3669 3726 3769 3767 ses-

2189 3806 2345 3861 timat
2362 3821 2491 3861 vera
2520 3822 2785 3877 asserere,
2810 3808 2905 3865 sed
2934 3808 3207 3872 haeretica,
3231 3814 3285 3861 et
3312 3804 3443 3860 falsa
3460 3802 3770 3874 przedicare.

2188 3899 2351 3956 Ebria
2380 3909 2559 3958 tamen
2599 3910 2739 3970 erat,
2771 3916 2878 3957 non
2909 3900 3190 3972 potatione
3211 3899 3435 3963 erroris,
3475 3896 3568 3953 sed
3596 3896 3776 3966 reple-

2191 3994 2338 4051 tione
2364 3993 2599 4065 Spiritus
2618 3994 2815 4050 sancti.
2866 3991 3074 4048 Etenim
3118 3998 3329 4045 mutare
3374 4003 3489 4056 cor,
3538 3994 3774 4042 mentem

2189 4086 2429 4142 alienare
2484 4085 2765 4142 consuevit
2805 4084 3058 4141 ebrietas.
3109 4081 3316 4135 Mutato
3374 4087 3553 4134 autem
3606 4074 3772 4133 corde

2190 4177 2473 4248 pergebat,
2494 4178 2588 4247 qui
2616 4192 2790 4248 nuper
2816 4177 3007 4234 domos
3026 4176 3235 4230 intrans
3256 4212 3270 4239 ,
3305 4172 3489 4227 ﬁdeles
3531 4181 3774 4239 quosque

2191 4268 2351 4323 minis
2382 4276 2614 4337 terrens,
2643 4268 2877 4323 caedibus
2908 4267 3133 4332 lanians,
3153 4265 3263 4335 jam
3293 4278 3419 4319 eum
3446 4275 3604 4331 quem
3652 4275 3774 4330 per-

2191 4368 2409 4416 secutus
2428 4359 2610 4416 Jesum
2637 4360 2813 4415 fuerat
2836 4374 3020 4414 verum
3068 4370 3189 4412 esse
3237 4351 3624 4423 omnipotentis
3676 4349 3774 4404 Dei

2192 4452 2386 4509 Filium
2413 4454 2741 4524 praedicabat
2761 4454 2898 4523 (Act.
2930 4468 3003 4518 rx,
3029 4450 3083 4515 5,
3109 4450 3223 4518 ‘20).
3254 4446 3405 4502 Unde
3447 4453 3501 4500 et
3528 4443 3775 4513 superio-

2194 4546 2268 4601 ris
2294 4561 2480 4603 sensus
2505 4546 2768 4601 insaniam
2792 4558 2911 4599 sese
2931 4541 3226 4613 perdidisse
3262 4538 3498 4605 glorians
3521 4576 3535 4601 ,
3594 4534 3725 4588 dicit
3756 4550 3769 4586 :

506 4633 625 4689 duis
652 4633 983 4690 orationibus
1008 4649 1108 4705 pro
1130 4635 1490 4691 convertenda
1512 4636 2082 4709 Synagogainsistere?
2112 4639 2165 4700 D
2192 4633 2291 4700 Qui
2320 4638 2464 4704 prius
2488 4637 2564 4706 [ui
2584 4634 2931 4700 blasphemus,
2954 4642 3005 4687 et
3028 4637 3341 4702 persecutor,
3364 4636 3411 4680 et
3430 4622 3771 4679 contumelio-

507 4722 575 4777 Et
595 4723 722 4792 quid
749 4722 973 4779 Judaico
1002 4724 1305 4799 sacerdotio
1348 4741 1410 4781 os
1454 4726 1570 4795 ejus
1612 4730 1927 4798 observare,
1981 4731 2084 4787 nisi

507 4816 873 4884 praedicationi
898 4825 1099 4873 sancta:
1150 4816 1401 4874 Ecclesia:
1427 4819 1702 4876 insidiari?
1753 4821 1824 4879 Os
1852 4838 2087 4891 namque

510 4904 627 4974 ejus
653 4906 975 4975 observavit,
1006 4908 1130 4978 quia
1157 4918 1363 4966 rectam
1386 4910 1821 4981 przedicationem
1844 4913 1972 4969 ﬁdei
1998 4928 2086 4968 re-

509 5000 847 5071 prehendere
870 5002 1220 5058 vehementer
1265 5003 1491 5059 studuit.
1541 5004 1693 5061 Bene
1738 5014 1920 5061 autem
1960 5014 2087 5061 tunc

510 5108 572 5150 os
600 5092 716 5163 ejus
736 5094 1051 5155 observasse
1070 5096 1282 5165 dicitur,
1314 5113 1437 5154 cum
1463 5098 1554 5153 illa
1591 5115 1781 5170 preces
1824 5098 2085 5168 manipli--

510 5193 681 5256 caret,
707 5188 831 5257 quia
861 5196 1010 5244 tanto
1038 5190 1280 5246 callidius
1308 5189 1358 5245 ei
1404 5205 1603 5247 nocere
1630 5190 1854 5257 studuit,
1882 5200 2086 5259 quanto

510 5276 716 5348 majora
743 5279 857 5349 ejus
884 5279 1148 5338 desideria
1171 5280 1227 5336 iu
1272 5280 1672 5352 praedicationis
1710 5280 1961 5337 instantia
1994 5295 2088 5337 re-

513 5372 784 5439 cognovit.
813 5372 1057 5445 Denique
1093 5389 1157 5432 os
1185 5373 1301 5444 ejus
1335 5390 1448 5430 non
1486 5374 1829 5442 observaret,
1874 5373 1974 5430 sed
2004 5381 2089 5429 at-

514 5462 776 5529 tenderet,
800 5465 848 5519 si
868 5466 1303 5536 praedicationem
1324 5466 1447 5522 ﬁdei
1468 5474 1667 5525 nostra:
1686 5465 1753 5523 ad
1773 5464 1962 5523 salutis
1979 5480 2089 5523 sua:

514 5554 747 5613 fructum
784 5558 969 5616 audire
988 5562 1266 5619 voluisset.
1286 5558 1550 5626 Sequitur
1570 5578 1583 5615 :

587 5784 612 5814 ι
649 5776 914 5851 lnEditis,
943 5779 1219 5851 Iudaicum
1244 5776 1587 5851 sacerdotium
1614 5796 1771 5851 opera
1815 5779 2081 5849 apostolo—

516 5865 629 5903 rum
658 5850 872 5905 miratus
903 5858 997 5915 est,
1025 5849 1117 5905 sed
1138 5865 1315 5905 eorum
1342 5849 1710 5916 prwdicatione
1734 5869 1837 5909 non
1863 5861 1937 5908 est
1966 5868 2087 5923 pro-

2190 4745 2299 4791 sus,
2331 4728 2422 4782 sed
2452 4727 2855 4783 misericordiam
2872 4730 3175 4781 consecutus
3202 4735 3335 4785 sum,
3372 4717 3492 4789 quia
3520 4715 3773 4785 ignorans

2193 4820 2292 4890 feci
2323 4816 2377 4891 (Ι
2403 4818 2537 4874 Tim.
2568 4834 2607 4886 ι,
2642 4818 2763 4888 l5).
2817 4816 2977 4873 Aliud
3004 4831 3101 4872 cor
3138 4829 3199 4870 se
3249 4810 3522 4880 accepisse
3575 4804 3769 4862 testiﬁ-

2193 4926 2342 4977 cans,
2398 4912 2474 4966 ait
2522 4928 2537 4965 :
2592 4908 2708 4967 Nos
2762 4919 2935 4965 autem
3007 4921 3216 4961 sensum
3263 4900 3457 4957 Christi
3526 4897 3772 4952 habemus

2193 5001 2247 5073 (ι
2277 5002 2397 5060 Cor.
2420 5018 2479 5070 ιι,
2503 5001 2617 5073 16).
2650 4999 2803 5057 Unde
2832 5010 2887 5058 et
2914 5007 3064 5055 tanto
3111 4994 3368 5053 attentius
3399 4987 3723 5062 praedicabat
3753 5024 3772 5053 ,

2193 5105 2395 5166 quanto
2422 5097 2476 5154 in
2504 5110 2666 5155 sensu
2693 5092 2893 5150 Christi
2921 5092 3029 5148 vim
3073 5085 3295 5157 majoris
3334 5079 3636 5140 dilectionis
3678 5092 3772 5132 ac-

2191 5196 2428 5259 ceperat.
2464 5189 2565 5256 19
2589 5184 2697 5242 Sed
2723 5185 2850 5240 dum
2867 5183 3121 5241 ardenter
3148 5187 3335 5237 saneta
3362 5172 3603 5232 Ecclesia
3654 5169 3776 5227 dili—

2191 5287 2362 5349 geret,
2386 5278 2515 5336 dum
2546 5277 2866 5334 ﬁducialiter
2891 5290 2957 5331 ea
2983 5288 3105 5345 qua:
3133 5268 3391 5339 diligebat
3414 5262 3770 5336 praedicaret,

2189 5370 2496 5431 indecorum
2528 5370 2887 5429 sacerdotium
2927 5368 3046 5439 ejus
3091 5368 3257 5425 verba
3304 5363 3358 5418 in
3392 5371 3560 5419 onere
3599 5355 3773 5423 imp?

2198 5465 2422 5536 tientia,
2465 5480 2578 5522 non
2626 5463 2686 5522 in
2706 5463 2970 5523 suavitate
2994 5456 3322 5526 devotionis,
3345 5451 3555 5513 habuit.
3589 5443 3772 5515 Quam

2192 5566 2248 5616 et
2274 5560 2556 5630 sequitur:

2182 5787 2372 5849 motu,
2402 5786 2531 5850 etc.,
2559 5776 2703 5851 quod
2727 5776 2963 5838 retinere
2989 5788 3100 5834 non
3118 5769 3411 5847 potuimus.
