4044 6336
273 446 452 521 (Vers.
478 440 595 510 14.)
626 438 869 509 Dixitque
895 437 944 492 ei
973 454 988 491 :
1022 435 1294 509 Usquequo
1321 436 1463 491 ebria
1491 435 1632 491 eris?

272 539 341 593 Et
367 538 495 608 quia
526 536 576 592 ei
596 533 869 591 silentimn
900 531 1139 585 indicere
1163 530 1413 595 tentavit,
1443 526 1686 598 adjunxit
1718 543 1732 581 :

278 632 457 703 (Vers.
487 627 601 694 11.)
629 625 816 697 Digere
845 622 1109 695 paulisper
1133 624 1328 691 vinum,
1358 638 1455 691 quo
1483 620 1678 674 madas.

271 721 361 776 29.
393 717 589 775 Vinum
613 731 721 787 quo
746 715 1001 769 madebat
1030 714 1184 768 Anna
1210 714 1500 783 digereret,
1541 712 1586 769 si
1612 727 1643 766 a
1679 710 1791 765 fer-

204 829 334 868 vore
360 806 762 882 praedicationis
784 813 970 860 sancta
1001 801 1239 859 Ecclesia
1287 802 1591 858 Judaaorum
1631 800 1791 859 minis

202 909 344 962 victa
373 901 654 973 tepuisset.
685 897 753 952 Et
775 897 902 967 quia
947 895 1088 952 ultro
1132 895 1528 967 praedicationis
1572 907 1790 951 sensum

204 998 251 1053 ei
281 994 603 1052 subtrahere
624 990 934 1046 nitebantur
956 1030 970 1055 ,
1001 990 1182 1044 vinum
1218 987 1372 1043 Anna
1411 988 1682 1060 paulisper
1709 986 1791 1042 di-

202 1082 651 1156 gerere-Jubetur.
692 1079 775 1135 Au
804 1094 912 1134 non
942 1078 1187 1147 digerere
1232 1079 1445 1133 Annam
1492 1076 1611 1133 Heli
1663 1084 1791 1132 tunc

202 1176 382 1249 iussit,
404 1189 527 1232 cum
573 1172 879 1228 Judzeorum
908 1170 1180 1241 principes
1208 1171 1361 1225 cmsis
1408 1170 1670 1240 apostolis
1697 1168 1792 1224 de-

203 1268 607 1331 nuntiaverunt,
636 1264 876 1319 dicentes
904 1276 971 1317 ne
998 1261 1133 1316 ultra
1189 1260 1539 1331 loquerentur
1585 1260 1639 1313 in
1690 1272 1788 1314 no-

203 1359 349 1415 mine
369 1356 540 1413 Jesu?
571 1363 598 1393 α
618 1353 730 1411 Sed
756 1354 881 1423 quia
913 1349 1043 1407 illud
1071 1366 1180 1421 quo
1208 1351 1497 1406 madebant
1542 1350 1793 1419 digerere

204 1452 391 1507 vinum
417 1448 725 1512 noluerunt,
756 1443 1182 1515 respondentes,
1225 1444 1479 1521 dixeruqt
1512 1460 1524 1494 :
1569 1439 1790 1496 Obedire

203 1548 405 1613 oportet
433 1539 599 1609 magis
624 1536 735 1591 Deo
786 1550 939 1607 quam
984 1531 1274 1588 hominibus
1324 1530 1462 1600 (Act.
1490 1546 1543 1597 v,
1571 1529 1689 1600 29).
1721 1529 1791 1584 Et

204 1633 447 1690 iterum:
480 1628 610 1684 Non
662 1640 929 1698 possumus
984 1639 1095 1692 qua:
1130 1623 1349 1679 vidimus
1396 1631 1447 1676 et
1502 1620 1789 1679 audivimus

208 1742 313 1781 non
342 1724 481 1797 loqui
516 1721 678 1793 (lbid.
699 1759 714 1787 ,
744 1736 816 1786 tv,
845 1718 958 1789 20).
991 1717 1097 1773 Sed
1147 1718 1269 1786 quia
1325 1723 1512 1772 sancta
1539 1714 1788 1770 Ecclesia

1041 322 1109 378 1N
1148 318 1416 379 parum:
1456 317 1693 379 necum
1736 315 2248 376 exeosmoues.
2286 346 2358 360 —
2394 318 2525 376 LIB.
2564 293 2631 378 ι.’

3398 319 3469 377 '58

1822 440 1871 497 Α
1898 434 2105 506 perdita
2153 435 2386 506 paradisi
2414 435 2605 506 gaudia
2659 434 2776 493 sine
2823 434 3077 508 praesenti
3121 436 3471 496 tribulatione

1889 531 2090 585 reverti
2127 530 2409 601 potuisset.
2441 528 2578 587 Hinc
2607 545 2837 600 namque
2866 529 3089 599 Paulus,
3113 532 3289 588 nimiae
3312 531 3472 601 hujus

1891 618 2217 677 infelicitatis
2243 636 2538 676 aerumnam
2568 620 2931 677 inevitabilem
2961 621 3281 691 ostendens,
3304 621 3468 679 dicit:

1889 710 1999 767 Per
2022 712 2214 768 multas
2244 711 2597 768 tribulationes
2653 720 2852 783 oportet
2877 714 2983 785 20
3010 729 3102 766 nos
3148 712 3365 768 introire
3413 712 3473 767 in

1890 824 2104 879 regnum
2132 807 2228 862 Dei
2255 808 2391 878 (Act.
2421 823 2530 875 xiv,
2560 806 2674 878 21).
2708 806 2787 863 Ac
2809 806 2855 863 si
2883 822 3012 878 ergo
3034 806 3336 864 detrahenti
3365 806 3471 864 sibi

1891 894 2117 954 Judaico
2145 896 2450 955 sacerdotio
2470 906 2659 955 sancta
2680 895 2923 955 Ecclesia
2943 897 3274 970 respondens
3294 896 3436 952 dicat
3454 912 3471 951 :

1892 989 1973 1045 Tu
2000 990 2133 1045 mihi
2162 1005 2389 1061 regnum
2429 990 2650 1047 ascribis
2680 990 2735 1045 in
2765 989 3022 1047 felicitate
3051 990 3310 1061 temporis
3333 1030 3348 1056 ,
3379 987 3477 1043 sed

1892 1096 2073 1137 meum
2094 1080 2227 1136 illud
2255 1088 2337 1137 est
2359 1080 2427 1137 ad
2453 1080 2598 1150 quod
2625 1095 2736 1136 non
2768 1080 3092 1151 pertingitur
3129 1079 3234 1136 nisi
3282 1094 3352 1135 ex
3402 1076 3477 1133 af-

1890 1172 2129 1230 flictione
2154 1173 2336 1231 multae
2365 1171 2746 1239 tribulationis,
2778 1172 3021 1244 sequitur
3054 1189 3069 1227 :

1964 1264 2137 1335 (Vers.
2168 1261 2283 1335 15.)
2312 1262 2501 1321 Vinum
2549 1270 2599 1320 et
2646 1280 2795 1321 omne
2838 1264 2974 1336 quod
3012 1261 3270 1318 inebriare
3309 1267 3478 1335 potest

1890 1376 1994 1415 non
2023 1359 2145 1413 bibi.

1960 1450 2049 1505 52.
2082 1449 2275 1506 Vinum
2303 1463 2538 1519 namque
2585 1464 2697 1505 non
2740 1447 2905 1517 bibit,
2955 1449 3080 1520 quia
3117 1449 3185 1506 de
3213 1447 3474 1520 prazdica-

1892 1541 2058 1598 tionis
2114 1538 2296 1597 ofﬁcio
2355 1539 2672 1610 temporalia
2732 1538 2879 1594 lucra
2931 1554 3040 1594 non
3094 1539 3267 1611 petiit.
3318 1536 3477 1593 Aliud

1892 1632 2039 1705 quod
2062 1631 2331 1687 inebriare
2360 1636 2543 1702 potest
2592 1644 2699 1685 non
2722 1628 2891 1695 bibit,
2939 1643 3100 1699 quam
3149 1629 3203 1683 in
3260 1628 3472 1698 lapsum

1892 1724 2147 1780 vitiorum
2202 1724 2378 1778 carnis
2429 1721 2867 1790 concupiscentia
2909 1737 3018 1776 non
3066 1720 3280 1776 evertit.
3310 1718 3473 1776 Juxta

209 1816 349 1872 inter
375 1815 539 1871 verba
572 1810 838 1868 libertatis
871 1809 1126 1865 virtutem
1160 1807 1584 1863 mansuetudinis
1608 1813 1790 1863 custo-
1817 1825 1868 1888 Β
1891 1818 2226 1887 superiorem
2250 1830 2378 1873 vero
2406 1813 2731 1870 sententiam
2752 1813 2934 1867 vinum
2982 1828 3091 1867 non
3144 1811 3306 1878 bibit,
3356 1824 3477 1881 quae

208 1907 360 1972 divit,
388 1907 632 1976 sequitur
664 1920 675 1956 :
780 1974 787 1981 θ

280 1998 465 2068 (Vers.
495 1996 609 2066 15.)
642 1993 1003 2064 Nequaquam,
1038 1989 1256 2045 Domine
1280 1991 1371 2044 mi.

282 2086 372 2141 50.
427 2085 713 2141 Dominum
781 2095 1016 2149 namque
1076 2079 1328 2143 vocavit,
1406 2077 1492 2133 cui
1550 2076 1791 2132 ministe-

211 2169 362 2239 rium
392 2162 789 2237 praedicationis
812 2159 1085 2227 exhibuit,
1110 2159 1202 2216 sed
1232 2158 1516 2213 Dominum
1549 2172 1751 2214 vocans
1772 2196 1789 2225 ,

207 2259 417 2316 ebriam
447 2272 510 2313 se
547 2271 665 2313 esse
690 2255 953 2324 abnegat;
1000 2261 1060 2309 ut
1100 2252 1366 2322 superiori
1396 2249 1571 2308 ordini
1599 2265 1667 2306 ex
1693 2250 1793 2305 hu-

216 2351 450 2408 militate
478 2364 538 2406 se
581 2348 870 2410 subderet,
917 2355 972 2403 et
1016 2344 1166 2402 falsa:
1210 2343 1495 2414 objectioni
1539 2358 1602 2398 ex
1654 2342 1792 2397 veri-

209 2452 315 2498 tate
392 2438 708 2496 contrairet.
761 2436 1045 2493 Dominum
1100 2449 1335 2507 namque
1378 2448 1504 2491 eum
1553 2448 1791 2501 vocans,

215 2532 535 2599 honoravit;
568 2538 624 2587 et
649 2529 853 2586 ebriam
897 2543 959 2585 se
986 2543 1107 2587 esse
1150 2529 1441 2597 abnegans,
1488 2528 1631 2598 quod
1684 2540 1794 2582 non

215 2635 332 2681 erat
361 2625 491 2680 satis
518 2621 794 2677 humiliter
820 2620 1074 2676 ostendit.
1099 2621 1283 2676 Potest
1311 2627 1492 2675 autem
1518 2618 1795 2674 ebrietatis

217 2719 452 2788 objectio
473 2732 602 2787 erga
626 2726 869 2772 sanctam
894 2714 1197 2772 Ecclesiam
1236 2714 1393 2771 aliter
1435 2712 1627 2781 accipi.
1660 2710 1793 2766 Nam

215 2808 344 2879 dum
373 2806 678 2862 ministerio
708 2804 1036 2874 evangelica:
1063 2803 1462 2876 praedicationis
1483 2802 1792 2867 insisteret,

216 2900 340 2959 dum
366 2915 435 2955 ex
464 2899 615 2955 lucro
644 2896 1013 2962 credentium,
1069 2895 1125 2952 in
1171 2910 1419 2965 magnam
1470 2894 1793 2964 populorum

218 2990 446 3059 gloriam
500 2988 746 3053 veniret,
806 3002 927 3043 eam
971 2983 1283 3043 sacerdotes
1328 2981 1632 3040 Judaeorum
1683 2996 1796 3037 non

215 3079 479 3149 putabant
523 3087 850 3135 aeternorum
896 3076 1165 3134 bonorum
1227 3074 1440 3131 culmen
1497 3080 1791 3143 appetere,

1895 1907 2094 1981 aliquid
2132 1906 2412 1978 pravitatis
2440 1903 2708 1962 hzereticae
2732 1917 2842 1959 non
2866 1903 3050 1958 habuit
3078 1903 3131 1957 in
3160 1902 3473 1958 refectione.

1891 2002 2050 2057 Aliud
2096 2000 2244 2070 quod
2299 1998 2571 2055 inebriare
2623 2005 2803 2068 potest
2836 1997 3082 2063 biberet,
3136 1995 3181 2051 si
3227 1994 3296 2051 de
3321 1993 3477 2051 verbi

1889 2091 2140 2149 facundia
2172 2090 2397 2161 decepta
2443 2089 2742 2146 tumuisset.
2778 2088 2914 2156 Quia
2943 2102 3073 2145 vero
3103 2095 3254 2144 recta
3309 2087 3480 2143 inten-

1890 2181 2043 2237 tione
2068 2195 2198 2237 vera
2227 2178 2449 2249 docuit,
2481 2166 2746 2244 subdens,
2780 2178 2858 2233 ait
2890 2195 2903 2232 :

1964 2274 2143 2344 (Vers.
2175 2271 2291 2344 15.)
2326 2272 2431 2329 Sed
2459 2271 2619 2343 effudi
2648 2272 2876 2326 animam
2904 2286 3070 2327 meam
3098 2269 3155 2326 in
3209 2278 3479 2343 conspectu

1892 2363 2127 2421 Domini.

1963 2456 2052 2512 55.
2083 2455 2140 2511 ιη
2168 2460 2462 2526 conspectu
2490 2464 2724 2524 namque
2773 2450 2986 2509 Domini
3032 2454 3264 2508 animam
3310 2450 3483 2508 effun-

1892 2550 2021 2605 dere
2065 2555 2148 2605 est
2194 2553 2509 2617 conceptam
2556 2546 2611 2600 in
2659 2552 2838 2601 mente
2866 2542 3016 2600 verbi
3062 2543 3157 2600 Dei
3202 2542 3483 2600 scientiam

1892 2655 1992 2712 pro
2021 2640 2138 2696 solo
2167 2639 2464 2696 conditoris
2505 2653 2690 2694 amore
2726 2638 3035 2709 praedicare.
3068 2637 3261 2694 Anima
3288 2638 3485 2709 quippe

1892 2730 2196 2797 effunditur,
2215 2745 2337 2786 cum
2355 2730 2567 2784 innatus
2588 2728 2737 2784 verbi
2759 2726 2855 2783 Dei
2876 2726 3178 2785 intellectus
3199 2728 3264 2783 ad
3283 2728 3487 2782 utilita-

1893 2831 2004 2879 tem
2047 2822 2377 2878 audientium
2425 2821 2747 2891 divulgatur.
2802 2819 3054 2889 Quisquis
3092 2819 3235 2875 enim
3262 2832 3361 2889 pro
3390 2818 3488 2873 hu-

1894 2916 2069 2972 manis
2117 2913 2429 2981 favoribus,
2479 2913 2719 2983 quisquis
2766 2926 2865 2983 pro
2914 2919 3131 2967 terreno
3178 2910 3487 2979 commodo,

1892 3007 2117 3063 verbum
2148 3005 2245 3061 Dei
2274 3004 2551 3076 prmdicat,
2580 3003 2708 3074 quia
2737 3018 2823 3059 res
2854 3004 2956 3057 alia
3000 3002 3068 3057 de
3110 3000 3491 3073 praedicatione

1896 3095 2210 3163 attenditur,
2243 3094 2297 3149 in
2324 3101 2616 3165 conspectu
2655 3092 2864 3149 Domini
2889 3091 3114 3148 verbum
3141 3090 3271 3147 illud
3299 3090 3489 3146 animae

215 3170 311 3226 θεά
355 3178 583 3225 mrtem“
625 3167 968 3225 “nummus
1010 3165 1238 3235 “loriam
1284 3163 1613 3260 desmerare'
1639 3161 1795 3260 _D“fn
1822 3196 1867 3260 α
1898 3202 2007 3245 non
2035 3161 2325 3257 profertur.
2358 3161 2535 3253 Quare
2563 3193 2617 3241 et
2642 3183 2832 3242 doctor
2859 3185 3097 3255 gentium
3127 3182 3317 3239 asserit
3339 3222 3354 3249 ,
3406 3181 3491 3239 di-

218 3273 347 3329 ergo
370 3259 521 3315 ebria
560 3268 804 3327 vocatur,
852 3272 1041 3314 everso
1078 3264 1226 3313 statu
1278 3255 1494 3323 mentis,
1551 3252 1795 3312 ccelestia

220 3360 552 3423 postponere
576 3359 633 3407 et
660 3358 915 3422 appetere
945 3358 1157 3409 terrena
1185 3348 1619 3420 reprehenditur.

293 3443 386 3499 51.
412 3443 520 3500 Sed
547 3459 668 3515 quae
698 3444 932 3500 labentia
980 3444 1122 3499 bona
1150 3442 1331 3499 sanculi
1354 3441 1377 3479 δ
1411 3440 1677 3512 despexit,
1720 3436 1805 3493 di-

220 3535 298 3591 cit
328 3553 343 3590 :
377 3533 740 3607 Nequaquam,
762 3534 981 3590 Domine
1008 3533 1099 3588 nti.
1129 3531 1273 3587 Nam
1296 3532 1482 3585 mulier
1506 3530 1695 3600 infelix
1721 3527 1805 3581 ni-

222 3628 320 3683 mis
368 3644 462 3698 ego
497 3645 629 3684 sum.
664 3626 827 3695 Quasi
872 3628 1014 3683 dicat
1042 3643 1056 3682 :
1082 3626 1162 3682 Tu
1210 3641 1297 3681 me
1342 3622 1570 3681 labentis
1623 3620 1807 3676 mundi

224 3718 539 3775 felicitatem
593 3729 848 3791 appetere
900 3718 1141 3789 cogitas,
1177 3717 1270 3774 sed
1314 3731 1414 3786 ego
1455 3723 1604 3771 tanto
1633 3714 1808 3769 infeli-

226 3811 433 3867 ciorem
454 3825 542 3868 me
569 3811 751 3879 video,
780 3819 987 3881 quanto
1016 3809 1286 3867 felicitatis
1308 3823 1443 3865 mean
1466 3806 1660 3878 gaudia
1681 3806 1809 3864 hinc

226 3901 443 3970 longius
467 3914 820 3971 recognosco.
841 3901 977 3969 Quia
1021 3915 1150 3957 vero
1174 3899 1283 3956 illic
1308 3914 1397 3954 me
1446 3898 1682 3952 futuram
1726 3893 1806 3950 fe-

226 3993 388 4049 licem
416 3993 607 4062 credo,
636 3993 726 4051 hic
772 4008 838 4050 eo
889 3992 1044 4050 valde
1097 4007 1185 4049 me
1231 3991 1501 4049 infelicem
1552 3989 1807 4055 arbitror,

231 4100 339 4155 quo
384 4085 456 4140 ad
500 4084 726 4154 gloriam
771 4085 975 4140 nullam
1003 4084 1354 4155 concupisco.
1396 4081 1590 4137 Mulier
1613 4079 1813 4151 quippe

231 4183 420 4232 sancta
475 4173 717 4231 Ecclesia
767 4174 962 4231 dicitur
1015 4189 1114 4246 pro
1187 4172 1552 4241 fecunditate,
1627 4168 1812 4226 infelix

232 4267 395 4322 nimis
421 4281 521 4338 pro
548 4265 862 4322 fortitudine
882 4307 899 4336 ,
924 4266 1048 4336 quia
1075 4274 1131 4322 et
1154 4265 1345 4321 orbem
1373 4263 1539 4319 verbo
1575 4264 1814 4333 paritura

232 4367 349 4413 erat
372 4398 390 4425 ,
423 4367 479 4414 ct
501 4357 649 4414 orbis
676 4357 903 4428 gloriam
932 4373 1041 4413 non
1066 4365 1249 4427 posset
1262 4355 1498 4426 perfecte
1514 4353 1813 4424 despicere,

231 4452 275 4506 si
321 4465 432 4505 non
484 4464 603 4505 eam
650 4464 912 4523 supernus
950 4465 1104 4506 amor
1148 4449 1283 4505 mira
1309 4448 1624 4504 fortitudine
1649 4448 1814 4503 robo-

1901 3293 2030 3335 cens
2056 3297 2068 3332 :
2095 3275 2220 3335 Non
2249 3294 2443 3346 sumus,
2475 3279 2605 3333 sicut
2633 3278 2839 3348 plurimi
2866 3320 2880 3346 ,
2907 3278 3258 3331 adulterantes
3285 3274 3491 3330 verbum

1901 3366 2023 3437 Dei,
2054 3368 2143 3423 sed
2172 3370 2303 3422 sicut
2333 3383 2396 3421 ea:
2426 3367 2739 3431 sinceritate,
2770 3367 2860 3420 sed
2890 3367 3022 3419 sicut
3063 3382 3129 3419 ex
3155 3364 3286 3430 Deo,
3318 3378 3496 3419 coram

1902 3458 2014 3514 Deo
2062 3462 2119 3513 in
2168 3458 2370 3512 Christo
2400 3457 2653 3527 loquimur
2684 3453 2771 3526 (Il
2799 3454 2922 3510 Cor.
2953 3470 3011 3525 ιι,
3044 3454 3154 3523 17).
3185 3453 3337 3508 Anna
3366 3468 3495 3525 ergo

1904 3550 1959 3604 in
1986 3554 2278 3619 conspectu
2306 3545 2516 3603 Domini
2546 3546 2777 3601 animam
2805 3560 2958 3601 suam
2984 3543 3190 3613 effudit,
3220 3546 3345 3615 quia
3371 3561 3497 3601 san-

1905 3649 1991 3698 cta
2019 3639 2261 3697 Ecclesia
2289 3639 2345 3695 in
2370 3640 2627 3695 virtutum
2673 3640 2914 3695 omnium
2958 3638 3192 3694 culmine
3237 3638 3493 3708 perfecta,

1906 3735 1960 3793 in
1990 3733 2291 3792 eruditione
2319 3731 2558 3787 fidelium
2606 3746 2797 3802 magna
2829 3730 3091 3787 facundire
3117 3729 3282 3787 verba
3310 3740 3499 3800 protu-

1908 3825 1991 3892 lit,
2022 3824 2116 3881 sed
2160 3839 2229 3879 ex
2258 3823 2381 3878 vitae
2406 3822 2584 3878 verbis
2630 3822 2731 3877 soli
2772 3822 2884 3877 Deo
2911 3820 3125 3891 placere
3152 3818 3494 3877 desideravit.

1909 3919 2076 3989 Cujus
2103 3917 2497 3990 praedicationis
2525 3916 2689 3973 etiam
2734 3914 3090 3972 ministerium
3136 3914 3496 3985 commendat,

1912 4010 2096 4068 dicens
2122 4028 2135 4065 :

1986 4102 2160 4174 (Vers.
2191 4100 2305 4172 16.)
2346 4098 2433 4155 Ne
2459 4108 2603 4172 putes
2632 4099 2876 4153 ancillam
2905 4105 3046 4152 tuam
3071 4099 3218 4169 quasi
3243 4114 3401 4151 unam
3435 4098 3501 4152 de

1914 4193 2121 4265 ﬁliabus
2150 4193 2353 4257 Belial,
2400 4193 2520 4263 quia
2547 4206 2612 4245 ea:
2656 4190 2979 4244 multitudine
3026 4189 3220 4245 doloris
3267 4200 3315 4245 et
3368 4206 3496 4246 mae-

1914 4288 2048 4341 roris
2074 4286 2171 4339 mei
2198 4285 2369 4340 locuta
2394 4300 2506 4338 sum
2533 4299 2692 4353 usque
2718 4283 2772 4338 in
2800 4298 3046 4353 pratum.

1987 4376 2073 4431 54.
2118 4375 2281 4442 Quasi
2326 4376 2470 4429 dicat
2496 4392 2508 4427 :
2533 4373 2661 4439 Quae
2709 4374 2803 4428 tibi
2841 4381 3053 4429 interna:
3096 4374 3215 4429 vita:
3252 4374 3390 4430 bona
3419 4374 3506 4431 lo-

1917 4466 2120 4537 quitur,
2153 4464 2303 4519 velut
2336 4478 2354 4502 ο
2383 4462 2666 4518 idololatra
2710 4462 2913 4531 despici
2955 4478 3062 4517 non
3104 4472 3361 4519 meretur.
3396 4465 3505 4519 An-

231 4552 415 4611 raret;
446 4542 532 4600 vel
562 4543 724 4600 nimis
750 4542 934 4600 infelix
954 4542 1082 4612 fuit,
1113 4543 1241 4613 quia
1265 4544 1330 4599 de
1372 4542 1676 4612 perditione
1722 4557 1817 4612 po-

1921 4560 2100 4617 cillam
2127 4570 2346 4627 quoque
2366 4570 2520 4611 suam
2544 4570 2601 4610 se
2629 4570 2749 4611 esse
2777 4555 2988 4621 asserit,
3036 4564 3098 4609 ut
3124 4566 3414 4624 cognoscat
3437 4571 3504 4611 ex

236 4636 349 4706 puli
376 4635 464 4693 sui
504 4651 610 4691 non
640 4652 831 4706 parum
877 4635 1066 4692 doluit.
1100 4634 1273 4703 Quam
1313 4633 1557 4704 profecto
1603 4634 1819 4705 sapiens

236 4727 503 4783 Salomon
537 4726 887 4784 vehementer
913 4726 1217 4791 admirans,
1264 4723 1376 4780 ait:
1400 4723 1673 4780 Mulierem
1719 4727 1821 4796 for-

235 4828 333 4874 tem
371 4819 488 4891 quis
540 4818 766 4875 inveniet
823 4818 1016 4891 (Prov.
1050 4834 1196 4885 xxxi,
1232 4816 1370 4887 10)?
1399 4813 1519 4882 Quo
1572 4816 1628 4871 in
1696 4816 1818 4873 loco

235 4913 400 4968 etiam
430 4910 725 4967 notandum
753 4919 836 4967 est
863 4912 988 4982 quia
1001 4926 1110 4969 non
1127 4909 1255 4965 dicit
1276 4906 1472 4964 mulier
1496 4906 1704 4976 infelix,
1723 4908 1817 4965 sed

239 5004 400 5060 nimis
428 5015 532 5071 ego
552 5016 693 5058 sum.
718 5000 887 5057 Nimis
904 5016 1138 5072 namque
1154 4999 1340 5056 infelix
1352 4997 1473 5064 fuit,
1509 4998 1597 5053 cui
1612 4999 1819 5055 nullum

238 5094 303 5152 de
321 5093 521 5151 saeculo
541 5093 965 5151 blandimentum
983 5092 1310 5165 placuit.Vel
1330 5099 1477 5149 certe
1502 5091 1661 5149 nimis
1684 5092 1819 5150 infe-

237 5187 397 5244 licem
424 5188 739 5255 seasserit,
794 5204 915 5260 qua:
968 5203 1028 5249 se
1075 5189 1143 5246 ab
1188 5194 1404 5244 aeterna:
1450 5188 1573 5245 vitae
1615 5188 1824 5257 gaudiis

237 5279 522 5350 expulsam
551 5294 649 5350 per
680 5280 866 5352 primae
915 5281 1086 5352 culpa:
1120 5285 1373 5341 meritum
1426 5284 1710 5350 meminit,
1757 5281 1826 5339 ad

238 5387 358 5441 quae
387 5371 569 5429 redire
591 5388 699 5430 non
728 5374 984 5444 praevalet
1000 5414 1016 5441 ,
1049 5376 1150 5432 nisi
1179 5393 1276 5449 per
1301 5378 1501 5435 multas
1522 5379 1642 5435 vita:
1667 5377 1826 5448 hujus

244 5463 641 5523 tribulationes.
672 5465 791 5523 Non
814 5466 959 5525 enim
981 5467 1144 5527 nimis
1160 5469 1349 5529 infelix
1368 5471 1661 5541 existeret,
1689 5472 1735 5530 si
1758 5471 1829 5531 ad

317 5678 343 5744 ξ
377 5669 567 5744 (ξίιοιη
599 5672 688 5727 sed
714 5673 819 5744 qui.

315 5736 343 5778 δ
382 5736 574 5813 Gilot.,
602 5736 925 5813 despexerat.

323 5819 345 5849 ε
384 5812 550 5869 Gilot.
577 5822 632 5869 et
652 5812 851 5881 Vatia,
871 5814 1119 5872 idolatra.

1926 4651 2142 4708 nomine
2186 4647 2466 4704 ministerii
2512 4646 2637 4717 quia
2684 4647 2752 4702 ad
2796 4655 2995 4701 aeterna
3026 4648 3076 4703 ei
3103 4649 3309 4718 appetit
3354 4649 3506 4703 lucra

1924 4743 2191 4801 famulari.
2237 4740 2535 4810 Sequitur:
2563 4738 2697 4804 Quia
2723 4755 2789 4794 ea:
2816 4738 3142 4794 multitudine
3187 4742 3416 4795 maeroris
3456 4747 3508 4793 et

1921 4838 2117 4893 doloris
2146 4836 2314 4891 locuta
2342 4850 2456 4890 sum
2497 4849 2654 4903 usque
2693 4833 2750 4888 in
2792 4847 3039 4903 prtem.
3079 4831 3241 4899 Quasi
3270 4834 3508 4903 apertius

1924 4928 2200 4998 loquatur,
2241 4934 2295 4982 et
2321 4925 2463 4982 dicat
2487 4941 2500 4979 :
2524 4922 2660 4979 Hinc
2687 4937 2921 4993 agnosce
2956 4921 3105 4993 quod
3130 4922 3262 4977 nihil
3292 4938 3323 4976 a
3364 4923 3511 4980 male

1923 5017 2114 5087 spiritu
2160 5016 2410 5084 habeam,
2459 5014 2584 5086 quia
2621 5028 2691 5072 ex
2733 5012 2900 5068 multa
2937 5027 3095 5083 pinna
3123 5013 3511 5083 persecutionis

1925 5109 1994 5166 ad
2039 5107 2369 5178 loquendum
2420 5106 2610 5173 venio,
2658 5112 2716 5162 et
2761 5102 3153 5175 praedicationis
3201 5103 3509 5159 instantiam

1926 5200 2087 5258 nullis
2134 5200 2306 5271 poenis
2350 5198 2493 5254 victa
2538 5197 2874 5267 derelinquo.
2924 5194 3108 5251 Potest
3148 5194 3312 5251 etiam
3358 5193 3515 5249 dolor

1926 5290 2094 5348 Annae
2122 5290 2188 5346 ad
2217 5289 2555 5346 affectionem
2582 5295 2784 5347 sanctae
2810 5284 3066 5341 Ecclesiae
3086 5325 3104 5354 ,
3153 5299 3355 5340 mceror
3396 5284 3516 5354 ejus

1926 5384 2119 5441 referri
2148 5382 2215 5439 ad
2244 5382 2567 5453 passionem.
2612 5379 2693 5434 Ex
2738 5375 3081 5433 multitudine
3114 5375 3332 5445 quidem
3360 5376 3389 5414 ά
3416 5375 3515 5433 do-

1927 5475 2060 5534 loris
2088 5475 2267 5532 locuta
2288 5482 2391 5543 est,
2419 5488 2542 5546 quae
2560 5468 2806 5542 peremti
2829 5466 3053 5527 Iudaico
3070 5469 3272 5541 populo
3286 5470 3514 5527 verbum

2007 5676 2036 5716 ιι
2074 5679 2233 5733 Deest
2277 5676 2471 5732 doloris
2514 5673 2570 5731 in
2604 5668 2795 5728 Editis.
2837 5669 3062 5742 Requiri
3100 5678 3279 5728 tamen
3306 5682 3373 5726 ex
3398 5668 3516 5727 sola

1935 5748 2165 5808 lectione
2197 5749 2385 5819 liquet.
