4044 6336
535 314 603 374 39
1760 290 2003 353 SANCTI
2041 287 2371 350 CREGORII
2408 284 2621 345 MAGNI
3754 278 3829 336 ιο

531 424 930 503 praedicationis
956 420 1182 494 protulit
1208 433 1274 475 ex
1305 416 1501 474 aﬁeclu
1529 412 1938 487 compassionis.
1970 410 2125 479 Quod
2152 415 2208 475 Α
2230 424 2405 463 coram
2434 405 2695 469 Domino;
2725 400 3012 474 reversique
3041 404 3183 466 sunt,
3209 404 3258 452 et
3279 403 3523 453 venerunt
3544 396 3595 451 in
3619 396 3834 453 domum

532 522 734 578 Paulus
780 517 1042 583 insinuat,
1092 514 1311 571 dicens:
1344 511 1626 567 Veritatem
1665 509 1779 565 dico
1821 508 1876 562 in
1922 505 2126 560 Christo

532 618 679 685 Jesu,
708 632 814 671 non
845 612 1097 678 'mentior,
1132 607 1476 665 testimonium
1520 604 1817 677 per/libente
1846 600 1970 655 mihi
1998 615 2126 655 con-

531 709 751 766 scientia
776 722 892 761 mea
918 705 972 759 in
1005 701 1208 773 Spiritu
1252 706 1433 754 sancto
1456 737 1471 760 ,
1521 696 1764 768 quoniam
1813 692 2023 746 tristitia
2051 697 2129 744 est

530 803 658 858 mihi
687 814 878 870 magna
901 837 917 864 ,
966 802 1016 850 et
1042 795 1313 849 continuus
1341 791 1491 847 dolor
1518 789 1661 845 cordi
1692 803 1803 841 meo
1843 801 1862 841 :
1886 784 2130 854 optabam

528 909 623 964 ego
653 893 763 963 ipse
792 889 1071 945 anathema
1097 901 1210 941 esse
1232 902 1327 955 pro
1358 881 1606 955 fratribus
1645 881 1771 934 meis
1819 895 1852 932 a
1899 876 2127 945 Christo,

529 988 615 1058 qui
642 994 760 1040 sunt
787 982 995 1055 cognati
1017 980 1119 1035 mei
1141 977 1419 1033 secundum
1441 990 1669 1041 carnem,
1693 971 1779 1043 qui
1808 977 1927 1024 sunt
1954 968 2131 1023 Israe-

528 1080 638 1136 litte
672 1078 849 1149 (Rom.
884 1094 960 1146 rx,
988 1076 1039 1142 1,
1071 1073 1127 1143 ‘2,
1157 1070 1313 1141 seq.).
1346 1068 1456 1127 Sed
1484 1068 1577 1139 qui
1605 1080 1666 1121 se
1694 1080 1763 1121 ex
1792 1060 2132 1119 multitudine

532 1170 736 1227 doloris
792 1171 938 1241 loqui
978 1167 1233 1233 insinuat,
1285 1180 1353 1219 an
1402 1178 1468 1218 ex
1506 1158 1846 1215 multitudine
1876 1157 2131 1226 loquatur

528 1259 715 1318 dicat:
741 1262 785 1316 Α
831 1260 1032 1315 Ιαάωὲδ
1063 1256 1331 1331 quinquies
1376 1251 1761 1324 quadragenas,
1800 1265 1907 1304 una
1935 1250 2130 1316 minus,

530 1355 726 1425 accepi,
761 1364 837 1408 ter
860 1353 1017 1424 virgis
1048 1366 1210 1406 ca’sus
1239 1363 1371 1410 sum,
1403 1344 1561 1399 semel
1589 1342 1854 1412 lapidatus
1900 1357 2014 1396 sum
2044 1338 2098 1411 (Ι
2104 1336 2134 1392 1

531 1449 655 1504 Cor.
688 1464 762 1515 ιι,
792 1447 903 1517 24).
938 1446 1135 1501 Sancta
1162 1456 1291 1497 vero
1322 1438 1565 1495 Ecclesia
1613 1436 1885 1507 patienter
1910 1433 2134 1490 adversa

530 1541 792 1609 tolerans,
822 1538 1092 1594 humiliter
1116 1532 1438 1590 innocentia:
1462 1572 1478 1599 ,
1529 1540 1585 1585 et
1609 1527 1856 1585 veritatis
1885 1542 1995 1583 suae
2025 1526 2135 1580 vir—

529 1638 701 1689 tutem
730 1629 1079 1686 manifestans
1107 1667 1122 1692 ,
1154 1623 1474 1695 quibusdam
1520 1619 1718 1676 Judzeae
1766 1617 2135 1674 sacerdotibus

529 1722 731 1779 bonum
759 1720 1157 1793 praedicationis
1186 1733 1296 1773 suae
1325 1713 1601 1786 loquendo
1627 1711 1916 1784 persuasit.
1957 1710 2135 1779 Quare

530 1822 587 1872 et
613 1817 860 1872 subditur
884 1834 897 1869 :

602 1932 705 2000 21
771 1928 945 2000 (Vers.
980 1924 1091 1995 17.)
1136 1923 1277 1977 Tunc
1307 1930 1382 1977 ait
1410 1921 1573 1977 Heli:
1604 1920 1748 1975 Vade
1774 1921 1831 1974 in
1860 1937 2006 1992 pace,
2046 1921 2133 1977 det

527 2020 621 2075 tibi
648 2019 789 2072 Deus
819 2016 989 2071 Israel
1016 2016 1314 2087 petitionem
1340 2031 1496 2086 quant
1523 2013 1717 2085 rogasti
1744 2028 1881 2065 eum.

606 2109 693 2165 55.
738 2110 889 2166 Prius
916 2110 1118 2181 quippe
1146 2107 1266 2163 lIeli
1297 2108 1474 2163 oranti
1504 2107 1673 2161 Anum
1695 2103 1917 2177 prolatis
1940 2108 2135 2158 contu-

531 2199 708 2261 meliis
739 2200 1082 2266 contradixit,
1110 2205 1299 2269 postea
1326 2214 1455 2254 vero
1484 2199 1540 2254 in
1567 2198 1683 2268 ejus
1711 2196 1811 2251 sibi
1843 2193 2135 2250 devotione

531 2293 875 2364 complacuit.
905 2292 1041 2360 Quid
1072 2300 1153 2349 est
1181 2292 1304 2357 hoc,
1337 2292 1440 2346 nisi
1468 2290 1612 2360 quod
1637 2288 1922 2343 Judaieum
1952 2301 2133 2342 sacer-

529 2386 737 2444 dotium
764 2430 779 2455 ,
828 2394 881 2442 et
923 2402 1021 2457 per
1046 2386 1180 2441 alios
1208 2385 1290 2440 sui
1319 2382 1481 2441 ollicii
1508 2382 1785 2438 ministros
1823 2376 2134 2451 prtedicanti

528 2477 781 2533 Ecclesiae
810 2478 1035 2543 obstitit,
1082 2484 1137 2531 et
1180 2491 1277 2546 per
1322 2475 1457 2529 alios
1504 2472 1734 2541 cognita:
1763 2470 1979 2525 demum
2011 2466 2134 2523 ﬁdei

528 2578 729 2625 nostra:
758 2569 972 2625 veritati
1000 2568 1306 2624 consensit?
1336 2566 1469 2620 Nam
1517 2564 1588 2621 de
1637 2560 2027 2619 obsistentibus
2055 2558 2124 2613 di-

533 2662 699 2730 citur,
748 2662 839 2732 qni
886 2661 1038 2717 cassis
1086 2660 1539 2716 denuntiaverunt
1577 2656 1855 2726 apostolis,
1898 2654 2137 2708 dicentes

532 2769 604 2811 ne
628 2754 771 2810 ultra
799 2754 1152 2824 loquerentur
1176 2753 1231 2807 in
1262 2751 1479 2808 nomine
1505 2748 1631 2806 Jesu
1664 2750 1799 2822 (Act.
1830 2764 1885 2814 v,
1916 2745 2025 2815 40).
2060 2746 2136 2800 De

532 2845 994 2902 consentientibus
1022 2853 1203 2900 autem
1235 2842 1377 2899 idem
1405 2841 1581 2898 Lucas
1609 2839 1874 2903 meminit,
1907 2838 2090 2893 dicens
2116 2854 2132 2891 :

532 2936 773 2992 Plurima
824 2933 971 2989 turba
1019 2936 1350 2990 sacerdotum
1393 2933 1661 2990 obediebat
1688 2932 1811 3003 ﬁdei
1843 2928 2031 3001 (Ibid.,
2064 2944 2135 2994 v1,

532 3025 624 3097 7).
676 3027 828 3081 Tune
855 3039 983 3096 ergo
1012 3024 1132 3080 Heli
1162 3042 1260 3097 pro
1288 3034 1417 3082 voto
1446 3024 1790 3080 fecunditatis
1819 3021 1986 3075 Annae
2014 3034 2139 3090 pre-

532 3128 686 3174 catus
712 3126 842 3185 est,'
866 3133 987 3172 cum
1018 3117 1357 3173 sacerdotum
1386 3116 1615 3187 plurima
1644 3115 1736 3169 illa
1767 3113 1924 3168 turba
1948 3152 1964 3179 ,
2008 3110 2137 3167 ﬁdei

2229 517 2398 568 suam,
2428 500 2485 555 in
2514 497 2794 553 Ramatha.

2301 635 2391 691 37.
2432 634 2569 703 Quid
2598 641 2681 690 est
2708 638 2891 687 autem
2918 628 3067 701 quod
3095 643 3259 700 supra
3286 626 3354 683 de
3381 625 3499 682 sola
3526 624 3685 681 Anna
3716 626 3833 683 sin-

2230 728 2487 802 gulariter
2532 723 2933 781 diciturzAbiit
2980 722 3166 777 mulier
3212 722 3266 775 in
3306 720 3441 775 viam
3484 735 3658 784 suam,
3691 732 3838 773 nunc

2230 835 2361 877 vero
2390 817 2670 889 pluraliter
2694 833 2708 869 :
2743 814 3093 869 Surrexerunt
3122 828 3275 866 mane
3295 853 3311 878 ,
3342 809 3447 865 nisi
3472 816 3533 864 ut
3561 823 3685 864 cum
3716 808 3840 865 viro

2230 911 2561 970 descendere
2589 907 2989 979 cognoscatur?
3018 905 3086 960 Et
3108 904 3233 975 quia
3250 903 3335 959 vir
3355 910 3554 959 sanctae
3582 900 3844 958 Ecclesia:

2231 1005 2567 1075 Redemptor
2613 1000 2835 1057 humani
2881 998 3095 1069 generis
3137 1004 3220 1053 est
3245 1036 3261 1062 ,
3308 994 3402 1065 qui
3427 994 3539 1065 jam
3570 995 3639 1048 ad
3667 992 3844 1049 caelos

2232 1096 2587 1163 ascenderat,
2640 1112 2763 1152 cum
2810 1095 2981 1167 ipsam
3019 1092 3259 1149 Iudaeam
3286 1090 3683 1147 incredulitatis
3727 1103 3843 1145 sum

2232 1190 2458 1260 caligine
2489 1190 2739 1245 obrutam
2782 1186 3144 1257 relinquebat,
3174 1184 3453 1256 quomodo
3483 1183 3552 1239 de
3578 1183 3739 1237 Anna
3787 1188 3846 1236 et

2234 1284 2305 1339 de
2342 1283 2458 1339 viro
2500 1298 2601 1339 suo
2649 1281 2887 1337 Helcana
2928 1279 3155 1349 intelligi
3183 1277 3239 1333 in
3268 1276 3467 1333 Christi
3496 1284 3553 1331 et
3580 1274 3843 1331 Ecclesiae

2234 1387 2364 1451 typo
2393 1394 2537 1433 nunc
2566 1384 2746 1449 potest
2771 1375 2921 1445 quod
2968 1372 3127 1429 simul
3155 1388 3314 1427 mane
3347 1380 3653 1439 surgerent,
3686 1378 3743 1424 et
3786 1368 3841 1423 in

2234 1472 2508 1528 civitatem
2536 1485 2689 1525 suam
2735 1469 2937 1539 pariter
2962 1466 3240 1523 redirent?
3269 1464 3376 1521 Sed
3403 1464 3530 1531 quia
3559 1463 3844 1519 civitatem

2235 1562 2525 1635 Ramatha,
2557 1560 2833 1618 cmlestem
2861 1560 3092 1631 patriam
3123 1557 3408 1626 designare
3431 1555 3543 1625 jam
3581 1555 3842 1622 diximus,

2235 1651 2514 1725 quomodo
2542 1652 2646 1707 hoc
2672 1660 2874 1708 sancta:
2903 1649 3156 1705 Ecclesia:
3184 1649 3458 1715 convenit,
3490 1663 3611 1717 quae
3659 1648 3844 1703 statim

2237 1750 2299 1798 ut
2339 1757 2369 1796 a
2407 1739 2709 1797 Iudaeorum
2756 1739 3133 1811 praedicatione
3160 1738 3409 1805 cessavit,
3453 1737 3521 1791 ad
3566 1736 3847 1792 caelestem

2235 1832 2467 1905 patriam
2513 1830 2541 1871 δ
2596 1848 2703 1887 non
2750 1829 3032 1886 ascendit?
3080 1828 3281 1885 Verum
3324 1828 3449 1899 quia
3497 1841 3788 1896 resurgens
3817 1840 3848 1880 a

2235 1923 2464 1979 mortuis
2492 1921 2772 1985 Dominus,
2820 1919 2999 1976 missis
3027 1919 3082 1973 in
3108 1918 3495 1990 prtedicatione
3523 1916 3845 1972 doctoribus

2238 2017 2515 2089 loquitur,
2564 2016 2787 2073 dicens:
2821 2013 2958 2068 Ecce
3005 2031 3099 2085 ego
3146 2012 3404 2068 vobiscum
3447 2028 3561 2065 sum
3606 2012 3850 2064 omnibus

2235 2108 2453 2175 diebus,
2502 2125 2660 2179 usque
2710 2106 2779 2160 ad
2827 2106 3324 2161 consummationem
3374 2103 3552 2158 saeculi
3604 2102 3847 2173 (Matth.

2234 2219 2422 2271 xxvni,
2450 2200 2564 2272 20),
2592 2200 2881 2257 absurdum
2909 2216 3017 2257 non
3046 2208 3129 2255 est
3155 2208 3213 2255 ut
3236 2215 3358 2255 cum
3409 2214 3475 2253 eo
3521 2206 3708 2263 sancta
3740 2197 3845 2253 Ec-

2244 2295 2407 2353 clesia
2436 2310 2658 2366 surgere
2704 2303 2759 2349 et
2787 2293 2986 2349 reverti
3019 2294 3302 2349 sentiatur.
3335 2290 3437 2357 Qui
3467 2291 3610 2345 enim
3639 2290 3850 2345 electos

2235 2400 2364 2442 suos
2390 2400 2485 2456 per
2513 2383 2809 2454 Spiritalem
2838 2383 3183 2454 praesentiain
3213 2396 3487 2451 nunquam
3515 2380 3718 2435 deserit
3743 2422 3759 2446 ,
3792 2388 3850 2435 et

2237 2492 2359 2533 cum
2390 2476 2656 2532 stantibus
2685 2485 2986 2547 permanet,
3021 2484 3225 2532 etcum
3254 2474 3579 2530 abeuntibus
3609 2472 3840 2529 recedit.

2241 2568 2506 2623 Ramatha
2538 2582 2666 2623 vero
2694 2567 2968 2623 cmlestem
3011 2566 3241 2637 patriam
3269 2564 3553 2633 designare
3581 2564 3845 2631 diximus,

2241 2661 2339 2718 sed
2365 2660 2512 2733 quod
2542 2660 2674 2715 nihil
2719 2660 2865 2715 aliud
2914 2659 3219 2729 signiﬁcare
3245 2658 3419 2728 possit
3460 2673 3569 2713 non
3594 2656 3853 2712 diximus.

2238 2754 2376 2822 Quid
2402 2769 2531 2824 ergo
2553 2754 2697 2809 aliud
2726 2754 2832 2809 hoc
2854 2756 2960 2825 22
2990 2752 3051 2807 in
3076 2752 3197 2808 loco
3226 2750 3512 2821 signiﬁcat,
3545 2749 3647 2803 nisi
3674 2748 3855 2803 adim-

2238 2847 2532 2920 pletionem
2557 2846 2859 2918 prophetiae
2886 2846 2941 2899 in
2968 2844 3209 2915 gentium
3227 2843 3555 2899 vocatione?
3583 2840 3856 2895 Ramatha

2247 2939 2447 3009 quippe
2473 2937 2608 2994 visio
2637 2947 3011 2993 consummata
3052 2936 3287 3004 dicitur',
3337 2941 3398 2989 ut
3438 2932 3548 3004 jam
3598 2930 3853 2986 diximus.

2241 3030 2380 3098 Quid
2409 3047 2541 3087 vero
2572 3038 2655 3087 est
2681 3032 2921 3100 gentium
2943 3029 3055 3100 jam
3082 3030 3303 3099 impleta
3335 3028 3567 3093 vocatio,
3596 3027 3699 3081 nisi
3730 3040 3854 3095 pro.

2240 3122 2527 3193 pbetarum
2558 3122 2695 3176 visio
2725 3121 3133 3175 consummata?
3160 3119 3294 3173 Nam
3323 3118 3584 3173 visionem
3630 3130 3852 3170 assere-

532 3208 816 3275 obediens,
844 3224 943 3280 per
962 3208 1402 3281 praedicationem
1428 3215 1625 3263 sanctae
1646 3204 1903 3262 Ecclesia:
1932 3203 2135 3259 electo-

2244 3212 2370 3278 bat,
2422 3211 2516 3267 sed
2562 3228 2674 3267 non
2722 3218 3173 3277 consummatam,
3221 3209 3316 3279 qui
3361 3206 3428 3263 de
3457 3206 3637 3261 futuro
3666 3204 3854 3259 adhuc

533 3307 658 3357 rum
704 3315 989 3355 numerum
1042 3299 1388 3370 multiplicari
1418 3297 1761 3354 desideravit.
1791 3295 1963 3362 Quam
1993 3302 2142 3350 certe

533 3391 590 3450 in
619 3407 753 3463 pace
782 3392 860 3448 ire
888 3392 1132 3463 optavit,
1172 3392 1301 3461 quia
1331 3389 1563 3447 fructum
1596 3386 1992 3459 praedicationis
2020 3401 2142 3441 eam

535 3482 866 3539 desideravit
894 3482 1151 3553 consequi
1176 3522 1192 3549 ,
1244 3482 1363 3537 sine
1392 3480 1578 3536 dolore
1604 3478 1891 3551 passionis.
1923 3476 1990 3531 Et
2017 3476 2142 3546 quia

476 3606 477 3609 η
534 3574 594 3631 in
622 3589 810 3631 eorum
833 3586 960 3633 voto
980 3584 1167 3632 sancta
1189 3575 1430 3634 Ecclesia
1458 3574 1562 3632 sibi
1590 3571 1937 3643 complacuit,
1962 3570 2144 3642 sequi-

537 3673 669 3723 tur:

615 3761 793 3833 (Vers.
836 3761 953 3833 18.)
996 3761 1213 3819 Utinam
1239 3761 1467 3817 inveniat
1494 3759 1691 3813 ancilla
1719 3764 1806 3811 tua
1834 3756 2063 3827 gratiam
2089 3754 2145 3808 in

537 3850 703 3906 oculis
732 3850 855 3903 tuis.

614 3940 779 4008 Quasi
808 3942 949 3996 dicat
973 3958 987 3996 :
1012 3939 1175 3996 Juxta
1203 3940 1456 3996 intuitum
1484 3936 1734 3995 desiderii
1766 3936 1845 3991 tui
1875 3951 2013 4008 opus
2041 3934 2147 3991 mi-

540 4033 748 4090 nisterii
771 4035 877 4091 mei
905 4035 1265 4106 subsequatur
1290 4031 1463 4105 gratia
1491 4030 1685 4088 divinae
1706 4028 2143 4100 dispensationis.

539 4124 796 4199 Sequitur
820 4145 834 4183 :

615 4240 799 4313 (Vers.
842 4237 966 4309 18.)
1003 4237 1070 4292 Et
1099 4236 1225 4293 abiit
1264 4238 1448 4292 mulier
1486 4238 1541 4291 in
1574 4238 1713 4291 viam
1740 4250 1926 4302 suam,
1976 4244 2027 4288 et
2064 4250 2152 4289 co-

541 4332 723 4399 medit,
751 4341 801 4385 et
830 4330 972 4395 bibit,
1003 4330 1271 4402 vultusque
1300 4332 1415 4404 ejus
1439 4347 1545 4386 non
1574 4338 1695 4384 sunt
1721 4328 1943 4399 amplius
1972 4330 2027 4383 in
2070 4328 2151 4382 di-

548 4436 696 4478 versa
720 4424 927 4478 mutati.

620 4515 708 4570 '56.
752 4515 811 4570 in
837 4516 977 4571 viam
1008 4531 1161 4573 suam
1190 4516 1383 4571 mulier
1410 4515 1561 4577 abiit,
1594 4515 1718 4585 quia
1748 4522 1935 4571 sancta
1966 4512 2150 4569 Eccle-

2245 3305 2392 3376 quod
2430 3304 2639 3360 viderat
2680 3303 3103 3376 pronuntiabat,
3153 3302 3339 3357 dicens
3382 3318 3395 3354 :
3432 3300 3623 3353 Omnes
3668 3306 3858 3370 gentes

2245 3413 2572 3469 quascunque
2603 3397 2769 3469 fecisti
2798 3398 3019 3459 venient,
3046 3403 3095 3447 et
3121 3392 3409 3448 adorabunt
3437 3408 3613 3446 coram
3638 3398 3707 3453 te,
3740 3388 3861 3444 Do-

2245 3491 2387 3545 mine
2436 3488 2629 3561 (Psal.
2663 3506 2881 3557 uxxv,
2929 3487 3006 3557 9).
3050 3485 3185 3541 Hinc
3229 3485 3357 3539 item
3386 3481 3737 3552 repromittit,
3772 3480 3860 3535 di-

2245 3597 2402 3639 cens:
2427 3582 2737 3636 Adorabunt
2762 3597 2876 3634 eum
2902 3594 3076 3633 omnes
3105 3594 3251 3647 reges
3278 3585 3447 3640 terra',
3469 3589 3646 3627 omnes
3672 3582 3861 3643 gentes

2247 3675 2467 3728 servient
2496 3674 2542 3727 ei
2575 3657 2748 3743 (Psal.
2783 3686 2928 3735 Lm,
2962 3667 3075 3738 15).
3109 3667 3259 3722 Visio
3290 3664 3449 3736 igitur
3474 3671 3860 3723 consummata

2245 3771 2395 3819 recte
2424 3764 2807 3833 prophetarum
2850 3759 3137 3832 promissio
3168 3758 3382 3822 dicitur,
3417 3756 3542 3828 quia
3570 3754 3857 3836 nimirum,

2248 3866 2471 3912 auctore
2498 3857 2631 3920 Deo,
2661 3855 2812 3925 juxta
2842 3870 3028 3912 eorum
3072 3851 3311 3919 oracula,
3345 3851 3397 3905 in
3428 3849 3861 3918 Redemptorem

2248 3952 2471 4007 humani
2519 3950 2731 4021 generis
2786 3964 2974 4005 omnes
3024 3955 3212 4016 gentes
3264 3942 3632 3999 crediderunt.
3693 3938 3858 3996 Mane

2249 4053 2433 4099 autem
2459 4058 2584 4099 cum
2613 4042 2729 4098 viro
2756 4058 2857 4099 suo
2883 4043 3036 4097 Anna
3075 4051 3298 4108 surgere
3324 4035 3540 4103 dicitur,
3573 4034 3697 4103 quia
3728 4048 3861 4087 san-

2250 4143 2335 4192 cta
2356 4132 2595 4190 Ecclesia
2621 4133 2676 4188 in
2703 4141 2895 4189 exortu
2925 4130 3121 4188 interni
3145 4128 3364 4184 luminis
3385 4126 3451 4181 ad
3470 4132 3656 4195 gentes
3682 4132 3864 4178 trans-

2249 4228 2311 4285 iit
2339 4242 2461 4283 cum
2494 4226 2659 4282 verbo
2688 4225 3104 4297 praedicationis.
3136 4222 3234 4279 Vel
3262 4237 3421 4279 mane
3469 4220 3658 4288 surgit,
3710 4218 3863 4288 quod

2249 4321 2489 4378 Judteam
2537 4323 2591 4377 in
2642 4329 2803 4377 nocte
2853 4317 3187 4375 inﬁdelitatis
3216 4315 3474 4371 deseruit.
3507 4312 3662 4367 Mane
3692 4310 3863 4365 etiam

2249 4414 2444 4483 surgit,
2478 4414 2606 4482 quia
2639 4427 2958 4483 prosperum
3006 4410 3107 4464 iter
3135 4409 3189 4463 in
3218 4405 3571 4463 conversione
3609 4403 3860 4472 gentium

2252 4505 2474 4561 invenit.
2520 4504 2588 4559 Et
2633 4519 2815 4560 coram
2859 4502 3088 4559 Domino
3130 4498 3395 4567 adoravit,
3440 4496 3566 4566 quia
3592 4494 3644 4549 in
3674 4494 3861 4564 repul-

547 4598 626 4665 sia
675 4609 901 4664 verbum
948 4607 1069 4664 ﬁdei
1109 4609 1360 4679 gentibus
1387 4608 1722 4678 prmdicavit.
1750 4606 1905 4673 Quod
1936 4612 1990 4661 et
2018 4620 2149 4674 apo-
2177 4602 2229 4664 D
2254 4596 2405 4653 sione
2425 4596 2723 4667 Synagogte
2745 4592 3291 4665 incomprehensibile
3311 4588 3575 4660 judicium
3596 4593 3859 4641 venerata

548 4702 670 4759 stoli
697 4700 895 4757 Judzeis
915 4702 1307 4757 comminantes
1330 4700 1521 4756 dicunt
1545 4718 1558 4753 :
1585 4698 1720 4764 Quia
1747 4699 1988 4770 indignos
2012 4707 2037 4735 ⁸
2059 4714 2145 4752 vos

542 4795 795 4866 judisatis
821 4803 1031 4850 interna:
1057 4796 1195 4864 vitw,
1223 4810 1340 4848 ecce
1366 4794 1705 4849 convertimur
1723 4792 1790 4846 ad
1812 4802 1982 4864 gentes
2008 4792 2143 4863 (Act.

548 4902 665 4955 xm,
697 4887 809 4961 46).
853 4886 985 4954 Quae
1034 4887 1173 4942 bene
1201 4886 1400 4943 mulier
1447 4894 1575 4942 tunc
1603 4886 1815 4953 dicitur,
1850 4902 1972 4941 cum
2000 4901 2151 4940 rece-

551 4979 653 5047 dit,
683 4980 809 5049 quia
838 4993 936 5050 per
963 4978 1403 5049 praedicationem
1442 4978 1817 5049 Redemptoris
1847 4977 2150 5033 exhibitura

553 5078 671 5126 erat
710 5071 763 5124 in
791 5072 1040 5142 gentibus
1068 5069 1304 5130 fructum
1332 5084 1539 5140 magnae
1567 5070 1927 5127 fecunditatis.
1960 5067 2153 5124 Come-

553 5162 633 5219 dit
675 5170 876 5231 autem,
928 5170 984 5218 et
1030 5163 1186 5228 bibit,
1232 5170 1288 5217 et
1333 5170 1514 5217 tamen
1542 5163 1722 5220 vultus
1747 5162 1865 5234 ejus
1893 5178 2003 5218 non
2030 5168 2156 5217 sunt

557 5252 788 5323 amplius
837 5252 893 5307 in
942 5252 1153 5309 diversa
1194 5253 1425 5321 mutati,
1477 5254 1604 5325 quia
1651 5267 1843 5323 magna
1896 5254 2043 5309 lucra
2089 5252 2156 5308 de

558 5344 915 5400 conversione
938 5344 1177 5415 gentium
1200 5346 1411 5413 habuit,
1435 5346 1527 5402 sed
1545 5345 1975 5418 persecutionem
1996 5357 2155 5414 quam

556 5432 614 5488 in
641 5432 825 5490 Judtea
844 5451 1003 5507 passa
1028 5437 1222 5508 fuerat,
1254 5440 1421 5496 etiam
1445 5438 1499 5494 in
1520 5438 1775 5509 gentibus
1801 5437 2026 5493 invenit.
2050 5433 2158 5491 Sed

542 5530 749 5609 ordine
775 5544 884 5600 quo
908 5532 1104 5589 abierit
1127 5534 1449 5601 edisserens,
1484 5532 1595 5587 ait:

629 5620 830 5693 (Vers.
862 5622 993 5697 19.)
1031 5625 1101 5685 Et
1127 5634 1470 5695 surrexerunt
1496 5641 1651 5684 mane
1669 5665 1691 5697 ,
1735 5632 1787 5681 et
1812 5622 2156 5681 adoraverunt

628 5830 666 5873 ,ι
700 5822 890 5899 Gnot.,
919 5845 1007 5890 vos
1034 5828 1251 5899 fecistis.

2249 4698 2331 4745 est
2359 4687 2748 4757 omnipotentis
2782 4686 2900 4741 Dei.
2945 4684 3201 4741 Adoravit
3240 4682 3458 4752 quippe,
3506 4686 3561 4733 et
3606 4677 3859 4743 recessit,

2249 4782 2375 4854 quia
2421 4796 2545 4837 cum
2591 4796 2622 4835 a
2669 4780 2842 4851 gentis
2887 4794 2999 4834 suae
3046 4776 3427 4849 praadicatione
3476 4788 3575 4844 pro
3613 4770 3729 4827 sola
3762 4770 3859 4825 Dei

2250 4874 2642 4945 omnipotentis
2688 4873 3027 4929 ordinatione
3073 4872 3373 4940 recederet,
3424 4867 3605 4923 divino
3649 4864 3858 4935 judicio

2252 4980 2350 5037 per
2378 4964 2739 5021 obedientiam
2769 4965 3028 5020 obsecuta
3058 4971 3141 5019 est
3164 4961 3313 5031 quod
3340 4966 3627 5032 penetrare
3657 4954 3859 5009 intelli-

2254 5055 2430 5126 gendo
2476 5071 2585 5111 non
2634 5055 2832 5126 potuit.
2865 5055 3109 5111 Adorans
3138 5062 3317 5109 autem
3349 5064 3567 5107 reversa
3595 5055 3695 5109 est,
3729 5045 3858 5116 quia

2255 5146 2615 5202 ministerium
2665 5147 3062 5217 prmdicationis
3091 5147 3143 5201 in
3174 5144 3459 5201 vocatione
3487 5139 3727 5213 gentium
3761 5137 3859 5191 ad-

2257 5235 2483 5307 implere
2506 5238 2810 5309 proposuit,
2836 5239 2930 5294 sed
2954 5245 3162 5293 tantum
3189 5236 3433 5307 ejusdem
3463 5228 3862 5305 praedicationis

2257 5330 2478 5387 modum
2509 5329 2562 5385 in
2592 5345 2825 5403 superna
2855 5330 3311 5401 contemplatione
3340 5324 3605 5396 quaesivit.
3638 5316 3861 5375 Reverti

2258 5421 2404 5476 enim
2450 5420 2893 5491 praedicatoribus
2936 5429 3019 5477 est
3047 5419 3114 5476 ad
3142 5418 3334 5474 divina:
3382 5409 3859 5483 contemplationis

2256 5512 2439 5569 lumen
2484 5527 2786 5570 recurrere.
2818 5512 2946 5569 Inde
2973 5512 3175 5583 quippe
3202 5511 3378 5567 lucem
3407 5507 3659 5565 hauriunt
3683 5543 3698 5569 ,
3750 5514 3857 5571 qua

2259 5615 2317 5665 et
2359 5607 2427 5663 ad
2475 5609 2879 5665 venerationem
2926 5606 3163 5665 ﬁdelium
3208 5606 3448 5674 luceant,
3496 5608 3553 5669 et
3578 5612 3742 5671 quam
3770 5594 3855 5651 lo-

2327 5826 2356 5870 1'
2395 5824 2562 5886 Gilot.
2592 5835 2649 5886 et
2676 5827 2873 5900 Vat‘ic.,
2906 5846 3011 5889 non
3040 5826 3357 5887 ascenditur.
