4044 6336
225 352 288 411 41
1081 353 1149 411 ΙΝ
1185 354 1447 412 PRIMUM
1486 353 1723 413 REGUM
1761 350 2278 413 EXPOSITIONES.
2320 386 2388 399 -—
2426 357 2553 414 LIB.
2595 357 2637 414 1.
3423 360 3491 420 42

225 468 443 553 quenilo
471 470 775 528 auditorum
804 485 1023 529 suorum
1051 472 1318 530 mentibus
1344 471 1644 528 infundant.
1676 469 1813 526 Hinc
1839 471 1892 530 Δ
1914 467 2104 523 divinae
2132 470 2457 541 conspicitur
2482 512 2496 537 ,
2545 472 2615 527 ad
2660 472 3061 529 venerationem
3099 474 3492 544 praedicationis

224 580 460 635 namque
506 570 591 619 est
633 563 775 633 quod
804 563 1121 633 praedicator
1148 566 1392 634 egregius
1419 574 1543 620 ante
1572 563 1643 619 ad
1669 564 1812 619 tertii

222 656 345 711 caeli
370 664 578 711 secreta
608 655 926 723 sustollitur,
957 664 1011 710 et
1038 657 1117 711 sic
1146 664 1357 713 terrena
1387 658 1671 728 disponere
1689 671 1812 727 per-

219 747 460 814 hibetur,
485 754 541 801 et
561 746 790 816 paradisi
814 756 1020 802 secreta
1050 747 1352 816 ingrediens
1374 748 1536 803 verba
1563 746 1810 818 percipit,

219 853 339 909 quae
387 853 496 892 non
544 838 669 892 licet
703 837 908 891 homini
947 838 1094 907 loqui
1125 837 1222 910 (11
1253 836 1374 894 Cor.
1405 855 1498 905 λιι,
1530 839 1561 890 2
1582 839 1621 908 ),
1652 846 1708 892 ut
1735 838 1814 892 di—

216 946 473 986 scernere
504 938 557 985 et
586 929 732 1001 loqui
762 930 964 985 utiliter
992 930 1120 986 loris
1148 931 1339 1003 possit.
1384 931 1538 986 Anna
1567 945 1696 1001 ergo
1723 946 1812 986 re-

216 1039 377 1079 versa
408 1032 737 1079 memoratur
761 1066 777 1093 ,
816 1024 943 1093 quia
970 1031 1156 1079 sancta
1181 1022 1420 1079 Ecclesia
1446 1024 1573 1080 dum
1603 1032 1815 1079 terrena

218 1117 527 1186 disposuit,
573 1117 801 1186 qualiter
829 1116 937 1172 sint
963 1116 1153 1172 eadem
1192 1124 1406 1172 terrena
1450 1116 1812 1186 disponenda,

218 1208 277 1262 in
307 1222 371 1262 ea
402 1206 468 1261 ad
507 1221 671 1275 quam
709 1219 851 1277 saepe
892 1207 1179 1262 revertitur
1225 1206 1319 1261 Dei
1360 1206 1816 1276 contemplatione

217 1298 523 1356 instruitur.
574 1298 643 1353 Et
690 1307 818 1355 tunc
859 1298 1073 1354 demum
1101 1299 1157 1354 in
1196 1298 1415 1354 domum
1458 1313 1609 1355 suam
1650 1298 1814 1366 venit,

218 1389 347 1458 quia
376 1390 433 1444 in
460 1388 766 1444 auditorum
788 1387 1074 1444 devotione
1095 1387 1364 1444 collocare
1388 1403 1447 1444 se
1471 1388 1668 1459 potuit,
1692 1403 1815 1443 eum

222 1481 520 1537 accedendi
547 1480 615 1535 ad
644 1496 738 1537 eos
767 1481 987 1537 modum
1015 1496 1226 1538 sursum
1256 1480 1581 1537 revertendo
1611 1494 1814 1550 cogno-

220 1574 319 1628 vit.
345 1574 575 1629 Domum
605 1589 838 1643 namque
867 1581 1066 1629 sanctae
1093 1574 1377 1643 primitivae
1403 1572 1654 1629 Ecclesiae
1682 1587 1814 1642 gen-

220 1666 356 1720 tium
385 1665 601 1720 devotio
627 1664 909 1731 exstruxit,
941 1680 1123 1735 quam,
1153 1666 1278 1719 dum
1307 1664 1409 1720 sibi
1438 1665 1492 1719 in
1522 1664 1600 1719 eis
1629 1663 1817 1719 condi-

220 1754 321 1823 dit,
352 1754 612 1809 custodiae
653 1754 1013 1810 sollicitudine
1039 1755 1377 1810 inhabitavit.
1411 1755 1540 1822 Quae
1567 1754 1817 1810 videlicet

1914 557 2030 626 ejus
2055 559 2263 615 devotae
2289 562 2591 617 auditorum
2620 563 2785 618 turbae
2832 563 3185 631 deducuntur,
3216 576 3363 623 recte
3392 585 3493 623 no-

1914 665 2035 705 men
2069 650 2183 720 ejus
2211 654 2606 724 nuncupatione
2634 655 2956 712 declaratur.
2987 656 3124 713 Hinc
3148 668 3231 713 est
3258 654 3399 729 quod
3430 662 3494 715 ad

1914 740 2133 814 Moysen
2164 762 2194 800 a
2223 746 2451 802 Domino
2479 747 2707 803 dicitur:
2736 749 2893 805 Posui
2924 761 2971 805 te
2997 754 3051 805 in
3080 753 3227 808 deum
3258 754 3496 811 Pharao-

1916 836 1995 888 nis
2022 834 2216 905 (Exod.
2248 854 2339 905 vu,
2373 838 2450 909 1).
2482 839 2617 895 Hinc
2645 840 2771 895 item
2806 843 2859 895 in
2892 843 3008 911 lege
3038 844 3348 914 prohibens,
3381 847 3496 900 ait:

1916 922 2031 979 Diis
2060 943 2163 980 non
2192 928 2427 983 detrahes
2453 928 2637 1001 (Ibid.,
2668 948 2794 997 xm,
2823 932 2935 1003 28).
2961 932 3027 987 Et
3052 935 3347 989 notandum
3374 937 3498 1006 quia

1916 1019 2070 1088 cujus
2098 1036 2290 1077 nomen
2319 1023 2449 1079 deus
2478 1025 2689 1099 dicitur,
2722 1024 2879 1093 ﬁlius,
2912 1042 3019 1081 non
3051 1026 3157 1081 lilia
3186 1028 3284 1083 fuit
3308 1072 3321 1094 ,
3372 1030 3499 1099 quia

1917 1121 2065 1169 certe
2095 1115 2380 1184 pastoralis
2408 1093 2658 1187 dignitas',
2703 1134 2824 1174 cum
2856 1118 3063 1174 inﬁrma
3093 1122 3500 1175 conversatione

1916 1202 2249 1274 deprimitur,
2276 1207 2560 1277 splendore
2583 1217 2689 1263 tam
2718 1210 2846 1265 celsi
2871 1212 3099 1267 nominis
3126 1228 3232 1266 non
3258 1220 3499 1267 ornatur.

1919 1294 2054 1362 Quia
2083 1297 2246 1367 igitur
2272 1300 2404 1355 ordo
2434 1301 2714 1356 doctorum
2744 1303 2811 1357 ad
2837 1304 3236 1383 evangelizandi
3258 1305 3503 1359 ministe-

1918 1388 2058 1441 rium
2087 1403 2154 1443 ex
2182 1390 2477 1457 gentilitate
2527 1402 2806 1460 promotus
2853 1396 3183 1451 excellentiae
3232 1396 3506 1465 dignitatis

1917 1494 2033 1534 suae
2079 1480 2393 1537 meritorum
2444 1484 2615 1551 gratia
2663 1485 2833 1555 impar
2882 1503 2987 1541 non
3036 1487 3155 1555 fuit,
3188 1499 3335 1544 recte
3364 1504 3507 1545 nunc

1917 1570 2149 1626 dicitur:
2188 1572 2400 1628 Vocavit
2442 1590 2628 1629 nomen
2673 1575 2783 1645 ejus
2797 1562 3049 1643 “Samuel,
3079 1596 3138 1632 eo
3169 1580 3304 1650 quod
3330 1597 3363 1634 a
3392 1581 3506 1635 00--

1917 1662 2058 1715 mino
2103 1664 2409 1732 postulasset
2458 1682 2591 1719 eum.
2622 1663 2686 1719 Et
2715 1668 3006 1722 notandum
3054 1670 3179 1737 quia
3230 1672 3336 1727 hoc
3384 1672 3505 1728 loco

1919 1752 2196 1821 postulare
2223 1754 2418 1809 dicitur
2447 1756 2593 1824 quod
2625 1756 2945 1824 postulando
2977 1762 3286 1826 promeruit.
3335 1765 3507 1831 Aper-

219 1845 417 1901 domus
465 1846 639 1916 posita
688 1846 745 1901 in
788 1846 997 1902 visione
1042 1854 1413 1901 consummata
1461 1847 1814 1913 describitur,
1847 1852 1895 1912 Β
1920 1843 1988 1898 tis
2031 1858 2160 1915 ergo
2207 1847 2387 1902 verbis
2433 1847 2737 1902 ostenditur
2780 1864 2877 1903 cur
2917 1848 3082 1905 Annae
3122 1851 3512 1922 primogenitus

218 1939 351 2008 quia
400 1954 507 1992 non
552 1947 680 1994 ante
730 1938 889 1993 condi
935 1938 1113 2009 potuit
1158 1954 1319 2007 quam
1360 1939 1658 1995 vocationis
1701 1938 1818 2009 ejus

218 2032 541 2104 prmdictum
568 2048 599 2087 a
620 2033 897 2103 prophetis
920 2040 1131 2103 tempus
1151 2033 1386 2088 advenit.
1417 2033 1672 2103 Sequitur
1698 2051 1710 2085 :

296 2126 483 2198 (Vers.
515 2126 581 2182 19
612 2135 666 2182 et
690 2125 807 2197 20.)
843 2126 1092 2198 Cognovit
1123 2136 1292 2181 autem
1333 2126 1570 2181 Helcana
1616 2127 1822 2181 Annam

216 2217 502 2287 conjugem
529 2234 709 2283 suam,
739 2227 787 2272 et
814 2219 1114 2273 recordatus
1142 2227 1220 2273 est
1249 2228 1273 2256 ⁸
1303 2219 1414 2289 ejus
1447 2218 1720 2274 Dominus.
1751 2216 1823 2272 Et

220 2312 422 2382 factum
457 2318 531 2363 est
579 2318 691 2381 post
728 2311 977 2367 circulum
1020 2311 1248 2380 dierum,
1297 2315 1531 2383 concepit
1576 2314 1733 2367 Anna
1772 2322 1824 2366 et

220 2406 425 2474 peperit
462 2404 647 2473 ﬁlium.

296 2489 387 2551 58.
432 2496 668 2552 Heleana
715 2497 923 2552 Annam
967 2498 1249 2571 conjugem
1285 2515 1437 2555 suam
1467 2508 1595 2556 tunc
1623 2514 1823 2569 cogno-

221 2589 335 2653 vit,
378 2604 503 2643 cum
549 2588 879 2660 Redemptor
906 2599 1089 2645 noster
1134 2590 1457 2659 praeﬁnitum
1486 2599 1697 2661 tempus
1726 2606 1824 2646 vo-

224 2682 414 2738 candae
457 2682 790 2750 gentilitatis
818 2684 1057 2753 aspexit,
1088 2699 1198 2753 quo
1234 2684 1361 2739 dum
1392 2700 1543 2739 novae
1571 2699 1781 2754 sponsa:
1802 2724 1817 2750 ,

223 2785 432 2831 sanctae
461 2774 715 2830 videlicet
758 2774 1011 2831 Ecclesiae
1034 2814 1049 2840 ,
1102 2778 1306 2845 gremio
1348 2778 1573 2846 gratiam
1600 2777 1822 2846 superni

224 2868 431 2921 amoris
478 2865 820 2931 infunderet,
871 2883 1066 2922 novam
1112 2884 1178 2922 ex
1224 2884 1287 2923 ea
1333 2869 1539 2938 prolem
1584 2866 1820 2923 ﬁdelium

223 2965 534 3026 generaret.
560 2956 691 3011 Nam
717 2957 862 3011 velut
880 2958 1117 3013 nondum
1141 2959 1501 3028 cognoscebat
1528 2974 1670 3027 eam,
1696 2975 1819 3014 cum

222 3051 475 3107 volentes
528 3053 756 3107 transire
798 3052 850 3106 in
899 3051 1078 3107 Asiam
1123 3053 1504 3122 praedicatores
1549 3068 1579 3107 a
1616 3052 1820 3124 Spiritu

225 3153 419 3199 sancto
466 3143 715 3214 prohibiti
759 3152 883 3199 sunt
934 3146 1069 3215 (Act.
1114 3160 1223 3211 xvr,
1266 3144 1342 3214 6).
1378 3145 1512 3200 Hinc
1539 3154 1640 3210 est,
1672 3145 1819 3214 quod

1926 1940 2073 1989 tanto
2119 1938 2341 1993 nomine
2388 1952 2692 1995 censeatur.
2736 1939 2893 2007 Quod
2924 1939 3028 1999 tale
3057 1950 3140 1997 est
3165 1959 3227 1999 ac
3254 1945 3299 1997 si
3328 1945 3469 1999 dicat
3496 1963 3508 1998 :

1920 2025 2126 2083 Idcirco
2165 2028 2215 2083 ei
2264 2037 2475 2084 tantum
2520 2045 2715 2086 nomen
2760 2032 3055 2102 imposuit,
3085 2034 3209 2102 quia
3239 2035 3284 2089 is
3313 2035 3402 2103 qui
3430 2052 3514 2091 su-

1922 2136 2091 2191 perno
2146 2139 2372 2179 munere
2423 2125 2661 2180 nascitur
2709 2127 3025 2181 meritorum
3072 2128 3244 2197 gratia
3292 2143 3516 2199 magnus

1921 2208 2040 2265 fuit.
2081 2208 2186 2266 Sed
2213 2220 2276 2267 ut
2304 2214 2616 2270 ostendatur
2642 2231 2751 2286 quo
2779 2216 2957 2273 studio
2984 2232 3108 2273 eum
3133 2218 3357 2288 provida
3401 2235 3515 2273 ma-

1926 2308 2007 2357 ter
2033 2302 2232 2369 loveat,
2265 2306 2510 2375 sequitur
2536 2323 2549 2359 :

1997 2396 2174 2468 (Vers.
2202 2397 2265 2451 21
2315 2404 2368 2453 et
2395 2398 2509 2469 Ἡ.)
2548 2401 2790 2456 Ascendit
2819 2411 2987 2457 autem
3016 2403 3091 2456 rir
3116 2403 3225 2473 ejus
3256 2403 3516 2473 ﬂelcana,

1921 2496 1972 2543 et
2011 2489 2179 2543 omnis
2207 2489 2408 2555 domus,
2441 2500 2496 2542 ut
2532 2493 2823 2546 immolaret
2854 2493 3075 2547 hostiam
3119 2495 3419 2559 solemnem,
3470 2506 3519 2549 et

1922 2591 2091 2635 votum
2138 2597 2319 2645 suum;
2365 2591 2413 2635 et
2456 2584 2609 2636 Anna
2642 2600 2744 2637 non
2776 2585 3026 2639 ascendit.
3072 2585 3219 2641 Dixit
3245 2589 3381 2641 enim
3410 2588 3517 2642 viro

1922 2688 2016 2727 suo
2040 2689 2056 2726 :
2080 2670 2204 2726 Non
2234 2671 2439 2741 vadam,
2471 2674 2631 2727 donec
2661 2674 2948 2729 ablactetur
2976 2676 3003 2714 ι)
3034 2677 3230 2747 infans.

1994 2759 2081 2814 4t).
2125 2762 2257 2828 Qum
2307 2771 2387 2815 est
2433 2773 2614 2817 autem
2659 2765 2955 2820 immolatio
3001 2767 3258 2822 solemnis
3308 2767 3517 2829 hostiae,

1924 2855 2028 2908 nisi
2058 2855 2150 2908 illa
2180 2862 2375 2910 sanctae
2416 2854 2672 2910 Ecclesiae
2712 2859 2912 2912 amoris
2951 2858 3172 2921 oblatio,
3204 2875 3307 2928 qua
3338 2858 3519 2915 condi-

1924 2946 2032 3001 tori
2057 2946 2400 3016 conjungitur
2428 2947 2481 3001 in
2510 2955 2710 3001 aeterna
2740 2949 3231 3019 contemplatione?
3274 2951 3352 3003 Ad
3383 2951 3521 3006 hanc

1923 3047 2104 3093 autem
2135 3037 2368 3093 llelcana
2397 3049 2523 3095 tunc
2545 3040 2805 3106 ascendit,
2834 3058 2954 3096 cum
2986 3040 3313 3112 Redemptor
3337 3055 3522 3098 uester
3576 3082 3579 3083 ν

1919 3129 2029 3199 jam
2057 3130 2123 3185 de
2151 3138 2325 3186 morte
2368 3132 2724 3201 triumphans,
2770 3133 2879 3201 jam
2926 3134 3296 3203 possibilitatis
3326 3144 3521 3189 nostrae

226 3252 356 3292 cum
384 3236 454 3290 ad
482 3235 912 3306 praedicationem
938 3235 1135 3291 Iudaeae
1164 3236 1457 3306 discipulos
1486 3252 1613 3294 suos
1640 3237 1824 3291 mitte-
1852 3227 1901 3292 C
1932 3227 2183 3281 tenebras
2211 3241 2493 3295 superans,
2524 3242 2760 3292 carnem.
2793 3242 2954 3296 ‘1“am
3004 3243 3102 3296 ιπο
3144 3237 3325 3283 nostra
3355 3229 3524 3283 salute

227 3337 333 3393 ret,
387 3343 484 3398 per
531 3328 875 3398 semetipsam
923 3326 1136 3383 Veritas
1182 3328 1435 3399 prohibet
1474 3328 1659 3384 dicens
1703 3346 1717 3382 :
1760 3327 1828 3383 In

223 3424 364 3477 riam
392 3423 618 3492 gentium
640 3438 743 3476 non
766 3420 1015 3486 abicritis,
1042 3431 1094 3476 et
1119 3423 1174 3475 in
1201 3423 1432 3477 civitates
1459 3423 1828 3478 Samaritano-

226 3529 344 3567 rum
391 3530 496 3567 non
546 3514 861 3567 intraret-itis
914 3511 1127 3584 (Matth.
1176 3529 1233 3582 x,
1282 3512 1360 3584 5).
1390 3512 1617 3579 Quando
1646 3521 1829 3568 autem

227 3605 487 3673 cognovit
515 3605 619 3675 23
648 3605 855 3659 Annam
885 3605 1171 3675 conjugem
1199 3619 1351 3660 suam
1391 3604 1647 3670 Helcana,
1699 3611 1830 3660 tunc

225 3696 550 3751 recordatus
578 3702 659 3751 est
683 3696 800 3764 ejus
830 3696 1111 3765 Dominus,
1138 3698 1264 3766 quia
1294 3697 1564 3765 gentilitas
1589 3704 1718 3752 tunc
1737 3712 1830 3753 ve-

228 3788 375 3844 nisse
406 3790 458 3843 in
485 3788 581 3844 Dei
602 3792 915 3846 memoriam
938 3792 1052 3847 visa
1079 3800 1178 3859 est,
1203 3807 1327 3848 cum
1352 3800 1537 3848 sancta
1565 3791 1826 3862 Ecclesia,

228 3878 413 3935 Verbo
467 3880 562 3935 Dei
606 3896 703 3951 per
749 3883 948 3939 amoris
976 3884 1201 3953 gratiam
1231 3883 1539 3952 conjuncta,
1572 3885 1626 3940 in
1655 3886 1830 3942 salute

228 3970 505 4026 visitatur.
555 3971 694 4038 Quid
742 3983 825 4029 est
869 3976 972 4030 hoc
1018 3977 1139 4032 loco
1187 3977 1424 4033 circulus
1469 3977 1697 4045 dierum,
1729 3978 1831 4033 nisi

232 4062 536 4119 innumeris
563 4067 733 4121 sancti
763 4065 993 4135 Spiritus
1021 4076 1233 4124 ostensa
1262 4068 1425 4124 radiis
1470 4069 1832 4125 manifestatio

233 4156 430 4212 divinae
479 4157 808 4214 voluntatis?
838 4159 967 4227 Quae
994 4160 1237 4233 profecto
1266 4162 1392 4216 dum
1420 4163 1831 4233 praedicatorum

232 4260 466 4302 suorum
495 4250 788 4315 mentibus,
834 4236 891 4305 in
916 4251 1373 4321 contemplatione
1399 4255 1690 4323 suspensis,
1722 4255 1835 4309 cla-

232 4336 426 4392 ritates
455 4352 701 4407 supernae
727 4339 1093 4409 dispositionis
1120 4342 1430 4400 innumeras
1456 4343 1693 4411 exhibet,
1753 4345 1835 4399 ni-

232 4430 458 4497 mirum,
488 4430 653 4485 veluti
682 4430 861 4501 plures
884 4432 1021 4501 dies,
1046 4440 1350 4504 temporum
1370 4435 1599 4491 circulus
1625 4437 1835 4493 clausas

232 4529 407 4577 tenet.
441 4521 686 4578 Circulus
712 4523 909 4593 quippe
929 4525 1135 4580 dierum
1165 4526 1332 4581 Annae
1354 4543 1539 4597 concet
1560 4537 1671 4583 tum
1700 4545 1837 4600 prae-

1932 3316 2189 3386 suscepit,
2222 3315 2290 3370 ad
2316 3317 2554 3371 cmlestia
2603 3317 2925 3371 sublimavit.
2958 3315 3091 3370 Cum
3134 3332 3241 3385 quo
3271 3326 3325 3373 et
3353 3318 3525 3372 omnis

1930 3407 2123 3463 domus
2152 3408 2269 3476 ejus
2297 3408 2555 3470 ascendit,
2588 3409 2712 3475 quia
2743 3407 2949 3475 priores
2990 3407 3188 3462 electos
3234 3408 3525 3479 Synagogaz

1930 3498 1985 3554 in
2035 3498 2375 3553 altitudinem
2406 3498 2827 3552 immortalitatis
2856 3498 3067 3553 extulit.
3102 3498 3251 3555 Tunc
3280 3501 3524 3556 immola-

1929 3594 2009 3648 vit
2055 3594 2350 3649 solemnem
2401 3593 2634 3648 hostiam
2662 3635 2676 3661 ,
2726 3608 2845 3647 cum
2892 3608 2951 3647 se
2999 3604 3200 3650 aeterno
3247 3594 3392 3649 Patri
3432 3612 3525 3665 per

1932 3685 2243 3755 gloriﬁcatur:
2272 3684 2446 3741 carnis
2475 3684 2757 3740 materiam
2788 3686 2839 3739 in
2871 3686 3008 3741 caelo
3038 3688 3297 3753 exhibuit,
3349 3697 3403 3743 et
3432 3705 3520 3743 an-

1932 3776 2176 3846 gelorum
2226 3786 2495 3845 naturam,
2545 3779 2683 3834 sieut
2708 3778 2775 3832 de
2803 3778 3174 3848 redemptione
3216 3789 3419 3847 nostra,
3454 3782 3525 3835 ita
3573 3814 3585 3826 -

1933 3869 2094 3923 etiam
2125 3868 2192 3924 de
2221 3883 2406 3923 eorum
2438 3870 2781 3939 reparatione
2818 3868 3123 3925 laetiﬁcavit.
3159 3871 3239 3926 Ad
3269 3871 3404 3926 lianc
3432 3888 3524 3926 so-

1933 3957 2167 4014 lemnem
2197 3959 2429 4014 hostiam
2458 3959 2611 4014 Anna
2642 3960 2916 4027 invitatur,
2963 3963 3086 4029 quia
3129 3970 3313 4016 sancta
3346 3961 3529 4016 Eccle-

1933 4053 2013 4107 sia
2042 4054 2259 4122 superni
2288 4053 2470 4123 sponsi
2492 4054 2750 4123 spirituali
2777 4056 3150 4110 cohortatione
3178 4056 3241 4108 ad
3272 4064 3525 4109 aeternam

1935 4144 2442 4213 contemplationem
2473 4145 2665 4199 divinae
2698 4146 2954 4199 claritatis
2982 4160 3077 4214 per
3106 4146 3411 4215 quotidiana
3434 4147 3527 4201 de-

1934 4239 2129 4294 sideria
2179 4238 2378 4296 amoris
2425 4239 2754 4294 accenditur.
2795 4236 2923 4303 Quae
2966 4246 3143 4292 tamen
3187 4240 3253 4293 ab
3301 4254 3528 4293 ascensu

1935 4345 2034 4384 suo
2065 4330 2319 4395 abstinet,
2355 4328 2460 4400 24,
2490 4337 2546 4382 ιιι
2576 4328 2739 4383 ﬁlium
2788 4328 2974 4397 Iactet,
3004 4330 3127 4398 quia
3158 4337 3215 4384 ut
3244 4330 3412 4399 prosit
3440 4330 3528 4385 hic

1937 4420 2136 4476 Christi
2185 4422 2460 4491 parvulis,
2518 4420 2828 4476 dilationem
2875 4436 2983 4475 suae
3031 4422 3214 4490 gloria:
3263 4424 3529 4493 patienter

1939 4514 2189 4569 sustinet.
2238 4514 2319 4566 An
2368 4526 2477 4566 non
2525 4511 2590 4567 ad
2637 4512 3058 4569 immolationem
3088 4515 3244 4583 hujus
3272 4517 3527 4572 solemnis

232 4614 404 4678 venit,
428 4614 556 4682 quia
581 4622 779 4670 sanctae
796 4614 1050 4671 Ecclesiae
1065 4617 1299 4673 Verbum
1323 4620 1417 4675 Dei
1439 4620 1507 4675 ad
1530 4620 1831 4676 docendum
1860 4612 1913 4675 D
1937 4606 2126 4662 Ῐιοειίτε
2153 4613 2327 4661 male”
2352 4604 2440 4659 illa
2471 4605 2693 4660 ίηνῖιθῑίι
2724 4606 2914 4672 luem,
2945 4621 3064 4675 (lum
3092 4606 3304 4663 dicebat
3329 4628 3341 4663 ε
3369 4611 3529 4681 (ἔταρῑο

231 4720 347 4762 non
374 4713 503 4759 ante
530 4705 844 4771 infunditur,
876 4723 1034 4777 quam
1064 4708 1131 4763 ab
1157 4724 1217 4764 ea
1249 4725 1493 4780 supernae
1520 4710 1828 4781 dispositio-

232 4797 322 4851 nis
352 4795 486 4850 radii
517 4796 728 4866 plenius
759 4807 1135 4867 agnoscantur.
1167 4799 1296 4866 Qum
1325 4802 1633 4872 concipiens
1660 4802 1829 4859 ﬁlium

230 4887 475 4958 peperit,
505 4888 629 4957 quia
658 4888 695 4943 ii
724 4903 859 4957 quos
886 4890 941 4944 in
968 4889 1072 4946 ﬁde
1100 4889 1475 4964 Redemptoris
1518 4895 1662 4964 parit
1689 4910 1829 4951 nova

233 4980 654 5037 conversatione
679 4982 885 5039 robusti
916 4995 1059 5039 sunt.

310 5071 489 5141 (Vers.
522 5070 633 5144 20.)
672 5071 744 5127 Et
773 5078 967 5131 vocavit
993 5094 1179 5134 nomen
1207 5078 1319 5150 ejus
1348 5079 1581 5147 Samuel,
1610 5096 1669 5137 eo
1695 5080 1831 5154 quod

236 5176 272 5214 α
300 5159 528 5216 Domino
557 5165 864 5232 postulasset
891 5184 1025 5222 eum.

310 5252 402 5307 39.
445 5251 661 5310 Samuel
686 5256 1092 5328 interpretatur,
1116 5275 1313 5317 nomen
1335 5262 1450 5332 ejus
1469 5262 1634 5322 Deus.
1662 5264 1833 5332 Quem

237 5356 372 5411 ergo
418 5344 578 5400 nobs
625 5345 841 5404 Samuel
889 5351 1295 5409 convenientius
1342 5354 1617 5423 insinuat,
1673 5371 1831 5427 quam

239 5436 657 5506 praedicatorum
686 5440 952 5512 ordinem,
984 5447 1075 5515 qui
1103 5446 1169 5501 ad
1196 5446 1351 5503 ﬁdem
1379 5459 1601 5505 vocatus
1642 5459 1722 5506 est
1768 5468 1833 5508 ex

242 5528 585 5595 gentilitate?
632 5531 769 5598 Quia
813 5534 954 5589 enim
994 5536 1145 5593 fortis
1174 5540 1585 5594 conversatione
1611 5548 1711 5607 est,
1742 5557 1839 5610 p.0-

246 5622 443 5675 testate
469 5620 732 5691 sublimis,
762 5631 818 5680 et
841 5624 968 5680 dum
997 5626 1053 5681 in
1079 5644 1145 5683 eo
1171 5630 1404 5699 speciale
1423 5631 1629 5701 signum
1656 5634 1839 5702 gratiae

319 5799 549 5875 {Deest
576 5800 687 5871 ejus
714 5802 765 5857 in
794 5802 958 5875 Gilot.
1006 5810 1060 5857 et
1104 5800 1287 5875 Vatic.
1323 5804 1596 5859 Omittitur
1622 5819 1836 5875 quoque

244 5863 322 5926 Ει
350 5873 545 5945 factum
574 5863 670 5937 cst,
704 5883 834 5941 etc.,
864 5874 955 5946 qui
985 5889 1171 5929 versus
1209 5874 1345 5931 infra
1371 5863 1667 5947 explicatur
1696 5863 1837 5933 udde

661 5966 932 6026 ΡΑΤιιυι..
981 5967 1273 6027 LXXIX.

1937 4699 2166 4767 dissolvi,
2196 4707 2245 4753 et
2271 4716 2379 4753 esse
2405 4714 2518 4752 cum
2547 4698 2749 4753 Christo
2796 4700 2814 4771 (
2843 4697 2984 4752 Phil.
3017 4715 3056 4768 ι,
3085 4698 3153 4752 25
3175 4701 3232 4770 )?
3279 4700 3383 4757 Sed
3411 4717 3530 4771 qua:
3566 4740 3569 4741 ν

1935 4808 2034 4864 per
2062 4792 2258 4846 amoris
2286 4790 2550 4845 desideria
2581 4790 2647 4845 ad
2676 4791 2858 4860 sponsi
2902 4792 3135 4860 speciem
3178 4793 3426 4859 trahitur,
3460 4807 3529 4845 an

1936 4893 2079 4939 amet
2106 4884 2307 4938 lactare
2337 4866 2521 4948 ﬁlium,
2553 4882 2695 4937 dicat
2721 4900 2734 4935 :
2757 4880 2823 4936 In
2852 4898 3008 4938 carne
3048 4883 3174 4937 mihi
3202 4899 3413 4938 manere
3441 4902 3530 4939 ne-

1937 4981 2214 5034 cessarium
2240 4986 2317 5031 est
2342 4984 2551 5048 propter
2578 4993 2666 5032 vos
2704 4974 2890 5049 (Ibid.,
2923 4975 3034 5047 24).
3067 4976 3184 5043 Quo
3213 4977 3375 5032 etiam
3408 4979 3527 5033 cibo

1939 5091 1998 5133 se
2024 5075 2332 5132 Corinthios
2361 5072 2558 5129 aluisse
2587 5073 2840 5142 insinuat,
2870 5071 3055 5128 dicens
3079 5090 3091 5127 :
3118 5071 3225 5126 Lac
3253 5073 3392 5128 vobis
3432 5092 3529 5143 po-

1942 5179 2046 5225 tum
2091 5170 2229 5233 dedi,
2276 5184 2379 5221 non
2406 5183 2576 5221 escam
2606 5165 2658 5237 (I
2689 5164 2806 5221 Cor.
2840 5181 2918 5232 ιιι,
2949 5164 3027 5235 2).
3059 5163 3283 5221 Laetare
3331 5166 3531 5235 quippe

1939 5262 2191 5336 parvulos
2221 5266 2418 5315 sanctae
2462 5256 2716 5313 Ecclesiae
2755 5267 2837 5313 est
2864 5256 3168 5328 pastoribus
3198 5257 3532 5311 inlirmorum

1941 5355 2056 5412 sive
2082 5351 2401 5422 simplicium
2432 5348 2739 5404 auditorum
2768 5346 2928 5402 corda
2957 5346 3211 5417 planioris
3239 5345 3532 5415 Scriptuzaa

1944 5447 2140 5521 pabulo
2170 5444 2429 5500 enutrire.
2461 5442 2662 5509 Quibus
2688 5440 2928 5510 profecto
2974 5439 3111 5493 idem
3141 5439 3329 5494 doctor
3372 5452 3533 5505 egre-

1944 5538 2063 5608 gius
2092 5535 2219 5591 dicit
2246 5552 2259 5588 :
2285 5532 2435 5587 Nihil
2456 5532 2684 5604 jmlicari
2712 5548 2791 5584 me
2819 5531 2947 5583 scire
2970 5531 3104 5584 inter
3127 5548 3231 5599 vos,
3259 5530 3359 5585 nisi
3380 5527 3533 5582 Chri-

1945 5637 2101 5693 stum,
2132 5634 2179 5681 et
2208 5627 2341 5680 hunc
2370 5624 2672 5693 cruciﬁxum
2705 5620 2757 5691 (Ι
2788 5622 2905 5676 Cor.
2935 5637 2992 5688 ιι,
3023 5621 3100 5693 2).

1942 5820 2065 5863 eum
2094 5801 2438 5859 attexondum
2476 5814 2595 5857 esse
2615 5799 2990 5867 indicavimus.

2013 5875 2041 5915 δ
2081 5875 2250 5932 Abest
2295 5873 2493 5945 infans,
2526 5889 2557 5929 a
2581 5871 2744 5929 Gilot.
2778 5882 2831 5927 et
2859 5870 3029 5925 Vatic.

3094 5964 3137 6024 2
