4044 6336
499 353 574 414 45
1723 322 1967 387 SANCTI
1997 314 2327 380 GREGORII
2364 311 2579 370 MAGNI
3713 291 3785 351 44

569 468 662 525 41.
703 464 1056 523 Ablactantur
1083 463 1260 515 autem
1290 450 1458 523 infant

504 574 603 618 ctae
632 558 888 617 Ecclesia:
916 564 1024 611 tam
1054 547 1342 623 spiritualis
1388 538 1706 598 eruditionis
1735 549 1893 606 quam
1938 530 2093 585 bonae

502 651 929 715 conversationis
974 648 1305 702 incrementa
1352 635 1679 705 suscipiunt,
1728 636 1783 683 et
1826 625 1936 695 jatn
1984 635 2094 676 non

503 753 745 826 planiora
788 745 925 803 sacri
955 738 1179 811 eloquii,
1209 733 1303 790 sed
1334 732 1437 786 alta
1480 730 1595 797 ejus
1640 726 1973 779 sacramenta
2003 728 2092 770 re-

1844 822 1853 826 -
1986 806 2055 826 η-

502 806 741 917 quirunt.
776 832 842 893 Et
870 806 1169 891 ablactatus
1214 825 1388 883 infans
1435 830 1560 877 ante
1607 822 1955 884 conspectum
1984 806 2093 861 Do—

503 903 633 993 mini
680 944 737 989 ut
776 935 1031 1002 appareat
1078 922 1311 987 ducitur,
1352 932 1471 972 cum
1520 927 1617 984 per
1663 903 2095 962 adhortationem

446 1024 449 1029 ”
503 1032 912 1103 praedicatorum
944 1018 1186 1091 quisquis
1218 1012 1489 1082 subjectus
1516 1008 1655 1062 bene
1686 1000 1968 1073 proficiens
1998 996 2095 1049 bo-

500 1125 583 1179 nis
614 1120 867 1191 operibus
908 1114 1220 1167 adornatur.
1253 1104 1353 1172 Qui
1386 1101 1527 1157 enim
1558 1095 1624 1151 ad
1654 1095 1757 1149 hoc
1786 1090 1997 1145 ducitur
2038 1093 2095 1139 ut

500 1178 783 1287 appareat,
813 1224 918 1262 non
951 1211 1157 1258 tantum
1189 1205 1247 1252 ut
1274 1196 1451 1249 videat
1480 1188 1717 1244 defertur
1743 1224 1757 1249 ,
1807 1179 1901 1234 sed
1932 1178 2094 1231 etiam

502 1269 562 1364 ut
590 1307 852 1363 videatur.
884 1298 1019 1366 Quia
1050 1295 1193 1351 enim
1225 1292 1277 1345 ln
1309 1288 1414 1342 line
1444 1301 1473 1339 a
1504 1280 1732 1336 Domino
1764 1274 1916 1329 multi
1946 1269 2097 1325 audi-

500 1400 609 1453 turi
639 1404 801 1452 sunt:
827 1390 1019 1446 Nescio
1062 1404 1146 1439 vos
1189 1379 1400 1453 (Matt/2.
1450 1392 1580 1442 xxv,
1612 1364 1726 1439 19.),
1758 1377 2017 1437 apparere
2044 1360 2098 1416 in‘

502 1496 798 1560 conspectu
828 1480 1041 1539 Domini
1068 1474 1285 1534 Samuel
1316 1471 1531 1535 dicitur,
1575 1464 1700 1536 quia
1748 1460 1951 1515 electus
1975 1496 1991 1517 ,
2043 1460 2099 1510 et

503 1547 720 1637 humilis
770 1575 1030 1638 subditus,
1080 1570 1206 1625 dum
1254 1564 1490 1637 perfecte
1536 1553 1815 1629 praisentia
1846 1547 2097 1619 despicit,

502 1671 821 1727 adveniente
872 1674 1115 1722 extremo
1162 1657 1337 1727 judice
1388 1662 1726 1721 nequaquam
1757 1641 2094 1713 reprobatur.

501 1765 649 1832 Quos
675 1770 856 1818 autem
883 1757 1137 1814 smculum
1168 1752 1222 1806 in
1245 1749 1326 1805 sui
1354 1759 1539 1800 amore
1565 1739 1770 1796 deﬁxos
1798 1736 2015 1798 retinet,
2045 1731 2099 1785 in

1461 464 1541 517 es,
1581 459 1703 501 cum
1729 438 1938 514 parvuli
1964 451 2085 492 san-
2113 435 2313 497 Avat,
2354 426 2433 482 eis
2482 438 2591 480 suae
2643 414 2938 492 Majestatis
2984 414 3147 472 etiam
3190 410 3419 483 gloriam
3454 404 3788 464 manifestat.

2268 566 2357 621 45.
2396 564 2545 619 Bene
2572 567 2752 616 autem
2786 571 2906 610 cum
2936 552 3185 609 llelcanae
3213 560 3470 605 ascensus
3504 538 3794 607 asseritur,

2198 662 2379 719 omnis
2406 659 2598 715 domus
2633 655 2750 724 ejus
2772 649 3079 707 ascendisse
3121 644 3455 717 perhibetur,
3495 640 3622 710 quia
3669 637 3798 692 illos

2196 766 2427 824 quorum
2456 748 2730 803 mentibus
2764 744 2966 799 eminet
2995 741 3050 796 in
3077 736 3361 794 altitudine
3400 748 3513 790 suae
3542 738 3795 787 contem-

2198 820 2454 915 plationis
2478 840 2627 896 velut
2664 835 2994 893 domesticos
3033 839 3089 887 et
3116 828 3408 885 familiares
3443 831 3612 880 tenet.
3665 820 3797 887 Quae

2198 914 2281 995 est
2310 946 2490 992 autem
2520 934 2794 1001 ilelcame,
2822 930 2874 985 id
2898 936 2981 984 est
3006 921 3387 994 Redemptoris
3412 917 3583 975 nostri
3614 914 3798 970 hostia

2196 1030 2473 1095 solemnis,
2502 1027 2606 1083 nisi
2629 1033 2939 1080 sanctorum
2969 1034 3190 1075 suorum
3220 1012 3474 1071 cordibus
3508 1006 3799 1064 inetl‘abilis

2197 1126 2340 1179 illius
2367 1124 2592 1178 interna:
2622 1134 2777 1174 amor
2803 1113 3162 1173 eruditionis?
3187 1109 3319 1165 Nam
3347 1119 3535 1162 eorum
3562 1102 3799 1171 quisque

2197 1215 2298 1272 sibi
2339 1211 2679 1268 ineffabiliter
2724 1206 3028 1275 cumplacet
3068 1203 3123 1258 in
3176 1215 3263 1264 eo,
3306 1195 3449 1266 quod
3474 1209 3532 1249 se
3575 1200 3799 1247 ostensa

2200 1305 2575 1375 Redemptoris
2604 1301 2906 1358 sublimitas
2947 1306 3061 1352 tam
3085 1291 3386 1350 sublimiter
3412 1288 3589 1344 docet.
3637 1283 3799 1337 Anna

2200 1412 2330 1467 ergo
2358 1413 2416 1451 se
2437 1412 2558 1451 cum
2578 1394 2696 1450 viro
2718 1408 2817 1447 suo
2838 1390 3130 1447 ascendere
3154 1387 3411 1453 abnegat,
3430 1381 3605 1436 donec
3624 1376 3801 1430 tilium.

2200 1488 2387 1555 lactat,
2420 1487 2551 1556 quia
2578 1492 2768 1539 sancta
2797 1481 3037 1537 Ecclesia
3066 1477 3251 1533 tandiu
3278 1473 3468 1529 vitavit
3504 1470 3613 1526 alta
3652 1482 3797 1538 prae-

2201 1578 2433 1636 dicando
2450 1577 2791 1645 contingere,
2808 1572 3047 1644 quandiu
3068 1567 3321 1638 cognovit
3341 1564 3503 1621 rudes
3521 1560 3801 1618 auditores

2202 1686 2332 1729 suos
2372 1670 2518 1725 velut
2546 1666 2802 1738 parvulos
2845 1664 2953 1717 alta
2988 1676 3183 1731 capere
3227 1670 3569 1727 nequaquam
3607 1665 3801 1723 posse.~

2203 1764 2339 1820 Hinc
2369 1776 2599 1831 namque
2636 1760 2691 1813 in
2711 1757 2842 1828 ipsis
2866 1765 3066 1811 sanctae
3095 1751 3350 1808 Ecclesiae
3378 1745 3685 1819 primordiis
3709 1744 3795 1797 fa-

500 1864 797 1927 conspcctu
827 1848 1042 1906 Domini
1072 1861 1180 1899 non
1210 1847 1488 1911 apparent.
1516 1833 1616 1900 Qui
1641 1831 1782 1886 enim
1808 1829 1861 1883 in
1892 1827 2097 1927 bon-ore
2132 1841 2176 1899 Β
2205 1867 2351 1912 clum
2394 1863 2477 1909 ek,
2511 1827 2596 1918 ’ω’
2640 1827 2791 1907 velut
2830 1847 3054 1919 parvulo
3096 1844 3271 1899 adhuc
3312 1842 3479 1895 Amm
3520 1837 3654 1905 mia,
3698 1846 3797 1906 per

498 1918 679 2002 rerum
726 1938 1116 1998 transeuntium
1151 1931 1315 1987 videri
1347 1928 1598 1984 elatiores
1647 1927 1943 1993 appetunt,
1996 1918 2100 1970 hoc

499 2035 743 2107 profecto
773 2026 1132 2101 superbiendo
1161 2030 1345 2092 agunt,
1378 2028 1435 2074 ut
1462 2019 1528 2072 ab
1553 2032 1618 2071 eo
1646 2031 1753 2084 quo
1780 2012 1897 2066 solo
1928 2007 2098 2073 videri

502 2102 701 2182 debent
730 2120 1075 2179 honorabiles
1106 2128 1378 2183 nunquam
1409 2111 1708 2164 videantur.
1747 2102 1893 2158 Unde
1921 2112 1974 2156 et
2003 2114 2102 2154 rex

502 2219 728 2281 electus,
760 2222 816 2270 et
844 2214 898 2268 in
927 2225 1106 2266 rerum
1144 2205 1376 2262 culmine
1403 2202 1630 2273 positus,
1660 2213 1728 2252 ne
1759 2197 1813 2251 in
1842 2192 1974 2248 flore
2001 2207 2099 2247 sae-

502 2310 609 2365 culi
636 2308 974 2377 deciperetur
1003 2303 1249 2359 obsecrat
1276 2339 1290 2363 ,
1339 2298 1522 2352 dicens
1549 2314 1558 2347 :
1586 2292 1671 2346 Ne
1704 2292 1949 2363 projicias
1997 2304 2097 2351 me,

502 2402 749 2466 Domine,
768 2416 799 2452 a
830 2399 962 2470 facie
989 2404 1077 2449 tua
1110 2392 1281 2465 (Psal.
1310 2407 1361 2455 L,
1390 2388 1501 2459 15).
1535 2385 1689 2439 Anna
1713 2398 1842 2451 ergo
1871 2390 1924 2436 et
1953 2379 2104 2433 abla-

460 2546 465 2551 .
502 2506 653 2552 ctare
678 2495 844 2549 ﬁlium
876 2510 925 2547 rt
939 2488 1221 2561 promittit,
1254 2493 1308 2541 et
1338 2491 1462 2539 ante
1506 2487 1857 2549 conspectum
1890 2471 2103 2528 Domini

502 2595 565 2643 ut
594 2591 854 2657 appareat
881 2582 1099 2644 ducere,
1130 2578 1253 2648 quia
1281 2582 1468 2631 saneta
1497 2569 1733 2627 Ecclesia
1755 2568 1955 2622 electos
1977 2564 2104 2619 sub—

501 2656 643 2736 ditos
671 2692 805 2748 quos
832 2674 1009 2730 erudit
1036 2667 1320 2742 praesentia
1348 2666 1587 2737 perlecte
1616 2660 1893 2731 despicere
1922 2656 2100 2723 docet,

501 2779 559 2829 et
604 2772 746 2826 bona
794 2781 973 2837 agere,
1021 2772 1075 2820 et
1103 2763 1169 2817 ad
1198 2770 1397 2816 aeterna
1438 2758 1580 2812 bona
1612 2769 1709 2825 per
1742 2749 2102 2835 humilitatem

502 2864 776 2923 festinare.
827 2826 899 2915 iit
944 2856 1240 2913 notandum
1287 2851 1414 2922 quia
1463 2850 1529 2904 ab
1576 2826 1951 2901 ablactationis
1982 2840 2104 2894 loco

503 2961 699 3017 ductus
727 2956 983 3013 asseritur
1006 2994 1021 3020 ,
1070 2952 1162 3023 qui
1208 2961 1472 3019 apparere
1498 2943 1699 2999 debere
1728 2940 1783 2995 in
1812 2940 2106 3008 conspectu

508 3052 723 3110 Domini
766 3049 1095 3121 perhibetur,
1126 3044 1253 3115 quia
1281 3039 1551 3105 videlicet,
1576 3052 1684 3092 non
1713 3047 1909 3105 parum
1934 3030 2105 3085 inter-

506 3159 590 3206 est
632 3146 926 3219 spiritualis
984 3142 1226 3206 itineris,
1257 3154 1379 3194 cum
1408 3135 1475 3190 ab
1517 3150 1584 3190 eo
1629 3130 1776 3202 quod
1806 3130 1873 3185 de
1901 3124 2105 3185 emlesti

2206 1949 2367 2003 trium
2396 1944 2846 2013 evangelistarum
2867 1939 3069 2009 scripta
3089 1978 3104 2003 ,
3129 1932 3366 1989 Matthtci
3387 1930 3613 1995 scilicet,
3636 1926 3799 1981 Lucas

2202 2048 2257 2095 et
2285 2038 2473 2105 Marci,
2503 2037 2586 2090 lac
2610 2033 3005 2105 propinaretur,
3028 2028 3121 2097 qui
3137 2022 3485 2081 humanitatis
3502 2017 3799 2075 Dominicai

2203 2133 2488 2188 historiam
2506 2128 2828 2195 scribentes,
2858 2138 3032 2195 pauca
3062 2120 3131 2176 de
3160 2119 3276 2189 ejus
3295 2116 3575 2173 divinitate
3604 2119 3801 2167 tracta-

2203 2233 2431 2289 verunt;
2462 2222 2557 2277 sed
2591 2234 2711 2275 cum
2740 2216 2993 2289 parvulus
3027 2211 3287 2269 Ecclesia:
3320 2207 3554 2280 populus
3580 2218 3798 2260 cresce-

2204 2328 2310 2387 ret,
2341 2328 2394 2373 et
2424 2319 2477 2371 in
2507 2328 2815 2371 mensuram
2846 2310 3020 2365 aetatis
3062 2303 3414 2378 plenitudinis
3442 2298 3640 2356 Christi
3670 2312 3799 2367 pro-

2205 2413 2387 2468 ﬁceret
2403 2409 2623 2481 (Ephes.
2648 2423 2721 2473 1v,
2748 2406 2859 2475 15),
2890 2404 2974 2458 cui
2998 2401 3153 2456 laetis
3177 2406 3333 2469 potus
3358 2411 3463 2451 non
3486 2392 3803 2456 sullecerat,

2207 2504 2353 2577 pasci
2383 2504 2506 2558 cibo
2541 2498 2715 2556 solido
2763 2494 3126 2567 perquirebat.
3150 2488 3437 2560 Compulsa
3469 2486 3647 2553 itaque
3684 2497 3803 2536 ma-

2207 2613 2290 2656 ter
2312 2597 2551 2654 Ecclesia
2573 2592 2868 2649 ascendere
2894 2601 2999 2656 est,
3033 2596 3091 2643 ut
3118 2588 3233 2659 ipsa
3262 2595 3478 2655 quoque
3521 2578 3803 2635 cherubim

2208 2692 2384 2759 ﬁeret,
2431 2687 2741 2755 volantique
2786 2697 2948 2754 super
2994 2695 3054 2737 se
3103 2675 3452 2748 Redemptori
3502 2672 3803 2744 appropin—

2208 2790 2421 2852 quaret,
2454 2794 2664 2851 pennas
2693 2782 3013 2840 assumeret,
3042 2772 3413 2827 ambulantem
3430 2781 3593 2838 super
3631 2779 3723 2819 eas
3746 2764 3809 2820 in

2209 2884 2673 2935 sacramentorum
2732 2870 3016 2927 altitudine
3067 2873 3308 2933 teneret,
3356 2871 3519 2932 atque
3564 2873 3633 2913 ex
3684 2855 3809 2925 eius

2209 2970 2492 3040 Majestate
2511 2973 2731 3037 caperet
2750 2963 2891 3035 quod
2915 2959 3160 3033 poscenti
3187 2958 3346 3013 unico
3368 2954 3685 3009 alimentum
3706 2948 3806 3003 da-

2210 3072 2314 3119 ret.
2357 3061 2506 3117 Unde
2543 3060 2745 3115 factum
2779 3065 2861 3113 est
2881 3064 2940 3111 ut
2966 3062 3187 3123 rogatus
3216 3066 3248 3106 a
3290 3048 3544 3104 fratribus
3568 3056 3807 3113 evange-

2211 3156 2332 3212 lista
2352 3154 2611 3218 Joannes,
2651 3166 2759 3206 non
2788 3149 2961 3205 solum
2987 3147 3218 3201 humana
3256 3141 3350 3197 sed
3370 3140 3531 3196 etiam
3558 3135 3807 3205 angelica

504 3242 817 3313 magisterio
846 3237 1101 3294 discimus
1130 3236 1184 3289 in
1215 3246 1368 3287 usum
1398 3227 1651 3299 perfecta:
1680 3223 1948 3320 tendimus
1978 3234 2109 3291 ope-
2136 3228 2191 3294 ε)
2217 3264 2499 3320 superans,
2543 3245 2761 3303 condita
2785 3250 2981 3299 cuncta
3000 3236 3428 3302 transcenderet,
3457 3243 3513 3290 et
3533 3247 3691 3304 quem
3721 3231 3809 3285 vi_

503 3335 749 3392 rationis.
775 3332 908 3400 Quia
930 3344 1062 3385 vero
1089 3343 1119 3383 a
1145 3325 1324 3383 studio
1350 3321 1591 3392 ejusdem
1616 3319 1744 3375 boni
1768 3316 1944 3388 operis
1968 3328 2107 3369 nun-

506 3445 669 3501 quam
698 3425 1017 3485 cessandum
1046 3431 1151 3489 cst,
1177 3420 1419 3490 sequitur
1444 3436 1457 3472 :

577 3522 753 3595 (Vers.
806 3517 920 3590 22.)
958 3516 1029 3570 Ει
1055 3521 1304 3586 appareat
1332 3511 1403 3566 ibi
1426 3510 1638 3581 jugiter.

577 3612 667 3667 42.
706 3611 911 3681 Jugiter
940 3621 1173 3675 namque
1200 3604 1275 3660 ibi
1302 3617 1625 3673 apparemus
1649 3598 1793 3653 unde
1833 3608 2111 3665 nunquam

507 3703 849 3762 discedimus.
880 3697 1088 3768 Jugiter
1117 3708 1247 3765 ergo
1280 3695 1334 3750 in
1374 3699 1669 3762 conspectu
1704 3686 1915 3742 Domini
1944 3698 2112 3755 appa-

508 3813 634 3855 rere
681 3802 765 3851 est
811 3793 1067 3849 decorem
1112 3790 1268 3846 bona:
1318 3784 1745 3843 conversationis
1792 3782 1953 3836 nullis
1988 3781 2112 3834 vita:

510 3886 749 3945 tenebris
778 3885 1089 3949 obscurare,
1133 3880 1259 3951 quia
1304 3878 1396 3948 qui
1425 3874 1493 3930 ad
1519 3874 1701 3930 illicita
1728 3872 1875 3927 nulla
1904 3868 2115 3936 deﬂuit,

512 3998 547 4036 a
576 3987 786 4037 secreto
832 3975 997 4032 divini
1044 3974 1271 4029 intuitus
1318 3983 1591 4040 nunquam
1618 3967 1758 4029 exit;
1793 3973 1850 4019 et
1875 3963 2027 4034 quasi
2058 3961 2117 4016 in

510 4074 637 4129 luce
682 4069 919 4141 positum
966 4066 1108 4122 hunc
1155 4064 1335 4120 divina
1375 4060 1591 4117 bonitas
1621 4056 1839 4129 respicit
1865 4056 1990 4127 quia
2020 4070 2114 4110 eas

511 4177 647 4232 quas
698 4158 972 4214 damnavit
1020 4162 1369 4228 peccatorum
1421 4151 1670 4206 tenebras
1722 4147 1986 4205 electione
2030 4147 2113 4202 sui

520 4254 782 4311 examinis
830 4268 937 4307 non
978 4249 1228 4305 attendit.
1260 4248 1445 4302 Donec
1474 4244 1636 4314 igitur
1686 4242 1983 4298 ablactetur
2034 4241 2115 4295 in-

512 4350 656 4415 fans,
690 4346 757 4401 ad
785 4343 1169 4401 immolandum
1197 4342 1493 4400 solemnem
1524 4338 1757 4394 hostiam
1792 4350 1852 4390 se
1892 4349 2001 4389 non
2028 4349 2114 4390 as-

516 4457 797 4498 censuram
824 4440 977 4494 Anna
1008 4436 1309 4499 denuntiat,
1342 4435 1467 4504 quia
1499 4440 1682 4488 sancta
1711 4428 1945 4485 Ecclesia
1996 4436 2116 4482 tan-

517 4536 607 4590 diu
658 4534 932 4590 custodire
984 4530 1123 4587 ﬁlios
1172 4528 1467 4600 proponit,
1521 4524 1757 4596 quandiu
1807 4523 1875 4577 de
1924 4536 2114 4577 eorum

516 4626 849 4699 perfectione
880 4641 1069 4682 secura
1118 4622 1236 4679 ﬁeri
1284 4622 1461 4677 valeat
1508 4620 1632 4689 quia
1660 4618 1759 4689 ipsi
1786 4618 1855 4673 ab
1894 4624 2114 4687 accepta
2140 4618 2196 4680 Ι)

515 4721 759 4776 bonitate
790 4719 1011 4774 ulterius
1041 4732 1150 4773 non
1180 4714 1457 4771 recedant.
1491 4710 1677 4767 Potest
1703 4717 1880 4765 tamen
1920 4723 2114 4764 ascenv-

517 4831 610 4869 sus
640 4812 897 4869 solemnis
926 4811 1115 4866 hostim
1144 4809 1212 4864 ad
1241 4806 1578 4862 altitudinem
1622 4813 1821 4859 sanctae
1866 4801 2118 4871 prtedica-

518 4906 680 4961 tionis
727 4903 938 4960 referri.
961 4902 1096 4957 Nam
1124 4901 1191 4955 de
1221 4914 1447 4956 ascensu
1477 4897 1577 4952 viri
1605 4894 1722 4965 ejus
1759 4910 1856 4967 per
1884 4892 2119 4962 Prophe-

521 5007 631 5053 tam
661 4997 918 5067 scriptum
960 5002 1043 5050 est
1068 5012 1081 5047 :
1106 4992 1351 5047 Ascendit
1382 5007 1533 5061 super
1560 4986 1841 5055 cherubim,
1884 4994 1934 5040 et
1973 4983 2117 5039 vola-

518 5091 589 5145 vit
630 5106 783 5161 super
828 5104 1027 5158 pennas
1070 5094 1336 5141 ventorum
1381 5082 1552 5152 (Psal.
1606 5096 1731 5145 xvn,
1784 5077 1896 5147 H).
1947 5076 2121 5144 Super

523 5182 804 5237 cherubim
835 5180 1030 5250 quippe
1056 5175 1315 5232 Dominus
1344 5174 1449 5245 25
1478 5172 1735 5237 ascendit,
1788 5170 1914 5239 quia
1940 5169 1995 5222 in
2024 5183 2119 5221 su-

520 5274 774 5328 blimibus
804 5270 1217 5342 praedicatorum
1268 5281 1489 5322 suorum
1538 5264 1808 5319 mentibus
1856 5259 2119 5327 ascendit,

522 5370 577 5417 et
606 5362 843 5417 scientiae
872 5376 983 5417 sum
1024 5358 1365 5415 altitudinem
1394 5356 1566 5427 ponit.
1617 5354 1682 5408 Et
1710 5367 1871 5423 super
1917 5365 2124 5422 pennas

523 5463 808 5508 ventorum
850 5455 1037 5522 volat,
1095 5454 1223 5524 quia
1271 5465 1454 5508 coram
1514 5447 1881 5518 spiritualibus
1932 5459 2123 5500 eorum

524 5543 695 5599 oculis
746 5545 801 5599 in
851 5545 1183 5600 aititudinem
1232 5545 1381 5598 mira:
1430 5540 1795 5611 intelligentiae
1848 5553 1907 5595 se
1945 5538 2119 5595 sancti

524 5635 757 5705 Spiritus
786 5634 1001 5692 ﬂatibus
1028 5638 1224 5693 elevat.
1256 5635 1329 5689 Et
1352 5631 1601 5689 tenebras
1640 5632 1916 5686 latibulum
1963 5646 2122 5686 suum

524 5733 679 5802 ponit
721 5732 906 5804 (Ibid.,
942 5732 1054 5803 12),
1084 5734 1209 5802 quia
1239 5729 1536 5799 majestatis
1583 5742 1695 5783 sua:
1738 5727 2121 5782 sublimitatem

525 5824 771 5893 reprobis
794 5824 1093 5879 abscondit.
1124 5821 1229 5877 Sed
1251 5822 1304 5873 in
1329 5820 1554 5875 circuitu
1582 5818 1697 5889 ejus
1718 5819 2125 5875 tabernaculum

528 5926 683 5971 suum
736 5915 967 5988 (Ibid.),
1017 5916 1138 5987 quia
1182 5927 1317 5982 quos
1365 5929 1459 5982 per
1503 5914 1745 5970 sublimia
1803 5914 1940 5969 dona
2010 5915 2122 5971 cleo

2216 3344 2346 3399 dere
2389 3340 2587 3396 meruit
2627 3338 2960 3408 unigenitum
2988 3336 3042 3389 in
3088 3333 3210 3388 sinu
3246 3328 3423 3386 Patris
3459 3325 3809 3397 prmdicaret,

2214 3438 2437 3493 dicens:
2487 3433 2555 3488 In
2595 3433 2851 3503 principio
2892 3438 3007 3483 erat
3056 3427 3313 3492 Verbum,
3350 3432 3399 3477 et
3438 3419 3655 3476 Verbum
3693 3423 3810 3471 erat

2216 3530 2353 3600 apud
2382 3527 2568 3593 Deum,
2598 3532 2649 3579 et
2678 3524 2816 3577 Deus
2843 3529 2958 3577 erat
2992 3520 3213 3574 Verbum
3245 3516 3423 3588 (Joan.
3456 3530 3493 3579 1,
3526 3513 3605 3581 1).
3650 3508 3811 3564 Tunc

2215 3637 2345 3691 ergo
2372 3621 2526 3675 Anna
2558 3615 2818 3683 ascendit,
2850 3630 2973 3671 eum
2995 3621 3181 3668 sancta
3206 3608 3443 3666 Ecclesia
3476 3618 3534 3660 se
3562 3604 3613 3659 in
3645 3602 3809 3659 celsi-

2218 3713 2463 3770 tudinem
2493 3711 2687 3765 divince
2716 3705 3109 3778 przedicationis
3128 3712 3236 3757 tam
3267 3699 3563 3757 sublimiter
3592 3696 3811 3751 extulit.

2219 3804 2372 3859 Tunc
2402 3801 2565 3857 etiam
2596 3797 2895 3854 immolavit
2940 3796 3240 3850 solemnem
3283 3790 3536 3855 hostiam,
3586 3788 3709 3857 quia
3738 3786 3812 3842 de

2218 3895 2528 3966 cognitione
2552 3891 2851 3947 divinitatis
2884 3889 2937 3944 in
2960 3888 3267 3943 auditorum
3305 3898 3523 3941 suorum
3559 3878 3813 3935 cordibus

2220 3986 2491 4042 ﬂammam
2519 3984 2667 4039 mirae
2697 3980 3004 4038 devotionis
3024 3976 3291 4034 accendit.
3318 3972 3588 4031 Solemnis
3609 3971 3815 4041 quippe

2219 4080 2397 4136 hostia
2447 4079 2564 4146 fuit,
2623 4079 2692 4133 de
2744 4072 3157 4144 incomparabili
3213 4067 3466 4138 eloquio,
3522 4062 3815 4133 singularis

2219 4172 2424 4228 oblatio
2453 4168 2775 4225 devotionis.
2812 4167 2965 4221 Tunc
2993 4165 3047 4219 in
3076 4168 3369 4232 conspectu
3391 4157 3606 4214 Domini
3643 4154 3812 4209 lilium

2220 4263 2460 4329 adduxit,
2493 4276 2615 4317 cum
2640 4259 2946 4314 auditorum
2985 4240 3207 4312 suorum
3236 4251 3486 4309 cordibus
3514 4246 3819 4320 perfectam

2221 4355 2583 4425 cognitionem
2606 4366 2826 4407 summm
2854 4346 3150 4404 divinitatis
3179 4342 3466 4400 intimavit.
3513 4340 3643 4406 Quae
3679 4352 3780 4408 pro

2222 4448 2362 4503 fecto
2394 4446 2487 4501 Dei
2517 4443 2781 4513 cognitio,
2809 4440 2935 4509 quia
2962 4451 3072 4494 non
3101 4436 3275 4491 solum
3308 4433 3412 4488 fide
3442 4429 3675 4488 tenenda
3705 4437 3815 4496 est,

2222 4541 2316 4597 sed
2356 4538 2717 4602 confessione,
2755 4542 2811 4589 et
2849 4532 2997 4603 quod
3037 4530 3329 4596 credimus,
3365 4535 3421 4583 et
3465 4522 3815 4589 confitemur,

2222 4647 2322 4687 nec
2352 4631 2603 4700 ignorare
2636 4624 2880 4689 ulterius,
2927 4636 3028 4678 nec
3056 4621 3216 4677 silere
3252 4617 3633 4690 permittimur,
3676 4627 3819 4682 puer

2222 4722 2541 4784 ablactatus,
2568 4718 2662 4787 qui
2691 4716 2757 4771 ad
2779 4715 2999 4770 domum
3028 4711 3240 4767 Domini
3278 4707 3582 4772 adducitur,
3610 4704 3817 4774 jugiter

2222 4813 2275 4867 in
2301 4816 2594 4880 conspectu
2625 4806 2839 4862 Domini
2868 4818 3091 4861 manere
3120 4800 3446 4857 declaratur.
3478 4795 3735 4864 Sequitur
3761 4809 3779 4849 :

2296 4940 2471 5019 (Vers.
2506 4944 2623 5015 2⁵5.)
2665 4940 2711 4996 Ε
2719 4952 2736 4997 ι
2764 4941 2897 4996 dixit
2923 4941 2969 4994 ei
2992 4937 3232 4993 Hclcana
3260 4937 3335 4990 vir
3356 4950 3507 4989 suus:
3535 4931 3652 4985 Fac
3678 4926 3827 5003 quod

2225 5038 2313 5094 tibi
2334 5038 2523 5093 bonum
2544 5034 2771 5099 videtur;
2797 5048 2969 5100 mane,
3000 5029 3162 5084 donec
3192 5026 3418 5081 abiecte:
3451 5040 3587 5078 eum.

2297 5172 2386 5226 4i.
2428 5171 2567 5237 Quid
2591 5178 2673 5223 est
2702 5165 2844 5239 quod
2875 5165 3042 5218 Annae
3072 5161 3356 5217 consilium
3383 5158 3487 5213 viri
3522 5156 3611 5210 sui
3632 5164 3824 5211 auctos

2226 5266 2385 5320 ritate
2407 5263 2715 5323 roboratur,
2748 5258 2850 5313 nisi
2880 5256 3004 5327 quia
3034 5254 3370 5325 propositum
3399 5257 3600 5306 sanctae
3634 5247 3823 5302 Eecle—
3886 5264 3899 5269 η

2227 5357 2321 5413 sia:
2368 5370 2475 5410 non
2505 5368 2572 5408 ex
2592 5350 2831 5407 humano
2860 5347 3201 5420 praesumitur
3234 5343 3457 5414 judicio,
3503 5340 3597 5396 sed
3635 5356 3704 5395 ex
3734 5340 3826 5393 di-

2231 5448 2395 5504 vino?
2431 5445 2566 5501 Nam
2586 5443 2847 5515 quidquid
2875 5450 3065 5498 sancta
3095 5438 3334 5494 Ecclesia
3357 5439 3409 5491 in
3432 5432 3689 5504 subjectis
3720 5432 3825 5487 sibi

2230 5542 2540 5598 nationibus
2571 5539 2862 5610 disponere
2901 5535 3090 5599 voluit,
3140 5541 3267 5587 tunc
3307 5531 3522 5586 demum
3559 5527 3609 5581 id
3637 5538 3826 5581 ratum

2228 5635 2433 5700 habuit,
2463 5649 2581 5688 cum
2610 5646 2678 5686 ex
2704 5630 2929 5685 internae
2961 5626 3203 5681 veritatis
3226 5623 3433 5691 judicio
3460 5621 3588 5690 qnid
3634 5620 3826 5688 dispo-

2228 5725 2460 5781 nendum
2484 5730 2626 5779 esset
2652 5720 2888 5789 agnovit.
2922 5718 2991 5772 Et
3017 5718 3141 5787 quia
3168 5716 3488 5770 advocatum
3517 5713 3626 5783 26
3655 5711 3823 5765 habe-

2230 5835 2349 5874 mus
2372 5816 2511 5888 apud
2543 5814 2756 5869 Patrem
2781 5812 2843 5886 ,(1
2882 5812 3039 5875 Joan,
3071 5827 3125 5875 ιι,
3156 5808 3235 5879 i),
3265 5806 3358 5877 qui
3388 5804 3696 5877 interpellat
3725 5812 3825 5873 pro

2231 5912 2407 5981 nobis,
2440 5908 2730 5979 subjuugit,
2764 5916 2926 5979 atque
2952 5905 3063 5959 ait:
