4044 6336
252 375 319 431 43
1098 375 1168 433 ΙΝ
1205 373 1476 432 PRIMUM
1515 371 1753 430 REGUM
1787 367 2302 428 EXPOSITlONES.
2345 399 2412 410 —
2453 368 2579 426 LIB.
2618 369 2658 426 Ι.

319 486 500 559 (Vers.
528 485 653 556 εδ..)
688 483 980 559 Presurque
1014 492 1069 538 ut
1104 487 1316 558 impleat
1352 486 1610 542 Dominus
1641 484 1848 542 verbum
1876 488 1920 546 Α

245 594 417 634 suum.

314 669 404 725 45.
447 669 602 738 Quod
629 678 714 727 est
740 670 986 737 verbum,
1015 671 1165 742 quod
1194 669 1527 742 implendum
1555 672 1834 736 asseritur,

245 764 344 820 nisi
366 764 748 835 pradestinata
775 765 1064 822 conversio
1089 766 1444 836 gentilitatis?
1484 765 1552 820 Et
1593 765 1720 836 quia
1742 780 1840 835 per

245 857 362 928 ejus
381 857 698 927 sanguinem
717 859 1134 914 reconciliamur
1156 858 1290 926 Deo,
1315 858 1429 928 ipse
1446 873 1547 927 pro
1567 856 1837 927 imple-udo

245 950 412 1005 verbo
434 958 704 1020 precatur,
735 949 890 1020 cuius
916 952 1143 1007 obtentu
1167 951 1310 1006 salus
1331 958 1522 1006 nostra
1542 948 1833 1020 perﬁcitur.

245 1041 468 1098 Preeari
500 1043 669 1098 etiam
691 1042 744 1097 ei
768 1049 858 1097 est
881 1057 940 1097 se
981 1042 1035 1096 in
1065 1041 1404 1098 humanitate
1427 1049 1699 1111 assumpta
1738 1056 1837 1111 pro

243 1135 416 1190 salute
451 1143 635 1190 neutra
661 1141 867 1189 aeterno
897 1133 1047 1188 Patri
1074 1134 1334 1190 continue
1370 1133 1660 1200 exhibere;
1695 1131 1838 1203 quod

241 1226 367 1281 dum
399 1226 478 1282 sic
503 1241 568 1282 se
590 1225 789 1282 ollerre
811 1241 922 1282 non
944 1225 1169 1294 desinit,
1191 1225 1488 1295 receptioni
1512 1233 1714 1280 nostrae
1729 1223 1838 1279 adi-

242 1325 353 1371 tum
385 1317 453 1372 ad
478 1317 643 1372 vitam
673 1316 822 1372 facit.
852 1315 987 1383 Quia
1015 1331 1146 1372 vero
1170 1316 1538 1387 dispositionis
1569 1331 1678 1371 sou:
1701 1331 1836 1371 con-

242 1409 423 1464 silium
445 1410 782 1480 eaquirendo
808 1409 1063 1480 perfecit,
1091 1418 1216 1480 apte
1240 1408 1604 1465 subinfertur:
1637 1408 1838 1464 Hmtsit

242 1518 362 1573 ergo
406 1501 614 1569 mulier,
646 1511 698 1555 et
737 1501 946 1555 iactavit
975 1501 1144 1572 ﬁlium
1185 1517 1334 1556 suum
1371 1501 1536 1557 donec
1581 1509 1836 1556 amoveret

240 1609 354 1645 eum
375 1609 407 1645 α
434 1593 585 1646 lacte.
612 1591 816 1646 Deinde
843 1592 1084 1661 sequitur
1110 1610 1124 1645 :

313 1681 489 1752 (Vers.
522 1679 638 1752 24.)
678 1680 747 1735 Et
769 1682 988 1736 adduxit
1011 1698 1146 1746 eum,
1168 1692 1438 1754 postquam
1462 1683 1832 1753 ablactaverat,

240 1772 291 1824 in
320 1772 496 1826 vitulis
529 1771 712 1837 tribus,
742 1781 794 1826 et
824 1771 984 1827 tribus
1015 1773 1203 1828 modiis
1241 1775 1458 1845 furiale,
1499 1783 1547 1828 et
1579 1777 1835 1847 amphora

238 1867 369 1932 vini;
399 1878 450 1921 et
473 1867 693 1922 adduxit
715 1883 829 1922 eum
849 1869 904 1921 in
933 1867 1142 1923 domum
1167 1867 1384 1922 Domini
1413 1869 1468 1922 in
1498 1867 1635 1924 Silo.
1731 1925 1737 1931 ,

306 1958 396 2013 46.
425 1958 563 2026 Quid
589 1974 824 2029 namque
848 1975 944 2030 per
966 1959 1192 2014 vitulum
1214 1962 1318 2015 hoc
1341 1960 1463 2015 loco
1486 1959 1836 2029 signiﬁcatur,

239 2049 340 2105 nisi
372 2049 710 2119 propositum
730 2050 1001 2104 imitanda:
1039 2051 1164 2104 vita:
1189 2050 1592 2120 perlecturum?
1628 2051 1735 2106 Sed
1759 2052 1843 2108 vi-

241 2143 395 2196 tulus
435 2150 521 2196 est
545 2156 664 2196 cum
693 2142 747 2196 in
773 2140 938 2196 corde
964 2141 1206 2196 exoritur
1231 2141 1587 2211 prolicientis,
1615 2142 1716 2196 bos
1741 2155 1838 2196 au-

237 2241 351 2288 tcm
386 2247 509 2286 cum
537 2215 636 2303 per
681 2232 846 2287 robur
884 2231 1099 2286 virtutis
1131 2232 1198 2285 ad
1229 2231 1480 2287 allectum
1524 2232 1842 2303 perducitur

239 2337 454 2394 magna:
485 2321 934 2377 conversationis.
960 2320 1078 2388 Quo
1100 2322 1154 2376 in
1176 2322 1297 2378 loco
1318 2323 1474 2378 valde
1494 2323 1840 2393 quaerendum

239 2422 322 2467 est
351 2429 452 2468 cur
483 2428 589 2468 non
621 2429 760 2468 unus
795 2412 1016 2480 vitulus,
1048 2413 1142 2468 sed
1171 2421 1282 2469 tres
1321 2415 1388 2469 ad
1429 2414 1841 2471 tabernaculum

240 2507 462 2563 adducti
503 2508 878 2578 perhibentur.
907 2507 1013 2563 Sed
1041 2508 1093 2562 in
1123 2507 1297 2563 tribus
1323 2508 1713 2564 vitulis-infans
1743 2509 1844 2566 de-

241 2600 384 2655 latus
411 2599 738 2667 ostenditur,
774 2610 834 2655 ut
871 2615 1062 2656 eorum
1103 2599 1332 2655 formam
1375 2600 1613 2656 insinuet
1651 2601 1744 2670 qui
1772 2600 1840 2656 ad

239 2693 644 2763 prmdicationis
662 2693 1018 2748 ministerium
1040 2692 1395 2748 instruuntur.
1421 2691 1700 2748 Perfectus
1722 2701 1840 2748 ete-

243 2785 354 2838 nim
385 2784 599 2850 doctor,
633 2790 690 2839 et
718 2784 1094 2854 peccatoribus
1123 2782 1522 2850 convertendis,
1569 2792 1626 2840 et
1661 2792 1842 2841 custo-

242 2876 456 2931 diendis
490 2875 652 2944 justis
693 2877 955 2946 invigilat.
1004 2876 1174 2945 Quasi
1199 2878 1341 2932 enim
1383 2877 1608 2933 colonus
1647 2878 1842 2932 summi

246 2966 651 3038 patrisfamilias
674 2976 962 3038 utrumque
988 2969 1186 3024 bovem
1207 2969 1401 3024 aratris
1424 2969 1628 3036 inserit,
1654 2977 1712 3023 ut
1735 2984 1840 3023 non

248 3060 425 3115 solum
441 3060 667 3131 vigilare
680 3061 950 3116 .stantibus
971 3076 1040 3116 ne
1062 3070 1336 3128 corruant,
1358 3060 1453 3116 sed
1477 3061 1636 3116 etiam
1659 3061 1842 3131 lapsos

241 3152 421 3223 possit
453 3153 667 3223 erigere
695 3161 756 3208 ut
784 3152 1102 3210 subsistant.
1134 3152 1242 3210 Sed
1265 3154 1357 3224 qui
1391 3153 1527 3209 duos
1552 3154 1717 3208 boves
1742 3153 1841 3207 ha-

3457 367 3528 428 46

1951 489 2062 538 tate
2101 482 2358 538 vanitatis
2395 483 2610 550 habuit,
2653 481 2750 538 sed
2797 496 2864 538 ex
2909 482 3108 538 virtute
3146 481 3307 538 honre
3352 484 3529 538 inton-

1940 575 2128 644 tionis,
2153 575 2397 645 sequitur
2422 592 2436 628 :
2482 573 2552 627 Et
2576 575 2827 645 amphora
2853 575 2975 629 tini.
3009 574 3189 630 Virtus
3214 588 3349 630 vero
3374 576 3528 632 bores

1937 664 2252 722 intentionis
2275 676 2356 723 est
2383 666 2618 723 charitas
2648 667 2765 736 Dei,
2792 681 2911 736 quae
2939 669 2996 722 in
3017 668 3316 724 electorum
3344 672 3528 734 corui-

1938 759 2040 815 bus
2061 757 2394 825 diluam-tur,
2417 773 2517 830 per
2543 759 2746 815 donum
2765 758 2996 830 Spiritus
3025 763 3218 816 sancti.
3253 763 3417 830 Quod
3443 765 3530 818 ni-

1938 852 2132 908 mirum
2161 854 2440 910 charitatis
2459 854 2657 909 donum
2685 863 2834 911 recte
2855 855 2967 910 vini
2996 847 3361 926 appellatione
3393 857 3528 924 ﬁgu-

1939 952 2114 1012 ratur,
2139 946 2246 1016 27
2275 946 2402 1014 quia
2442 954 2684 1001 mentem
2709 952 2958 1018 occupat,
2985 955 3040 1001 et
3069 961 3099 1001 a
3133 949 3359 1004 terrenis
3403 948 3530 1003 affe-

1939 1033 2114 1088 ctibus
2130 1035 2428 1099 alienatmt
2448 1036 2804 1092 intentionem
2826 1037 2895 1092 ad
2913 1038 3170 1092 smculum
3184 1046 3292 1092 non
3309 1039 3530 1105 habeat,

1939 1137 2102 1191 quam
2129 1124 2196 1178 ad
2218 1126 2520 1195 appetenda
2550 1128 2666 1182 sola
2692 1128 2932 1184 calestia
2961 1127 3279 1185 inﬂammat.
3303 1129 3530 1197 Verum,

1940 1226 2002 1274 ut
2026 1219 2188 1290 hujus
2211 1226 2428 1290 quoque
2454 1222 2674 1278 virtutis
2706 1237 2818 1278 non
2853 1222 3138 1293 perfectio,
3179 1223 3274 1279 sed
3320 1225 3532 1279 initium

1940 1309 2276 1381 designetur,
2325 1315 2592 1384 ampliora
2627 1315 2757 1383 vini,
2803 1325 2857 1371 et
2907 1325 3014 1371 non
3057 1317 3312 1388 poculum
3367 1317 3534 1372 luisse

1940 1401 2263 1458 ostenditur.
2307 1402 2372 1457 in
2411 1405 2730 1474 amphoram
2775 1406 2972 1476 quippe
3017 1407 3336 1476 reponimus
3382 1406 3533 1476 quod

1938 1493 2264 1564 quandoque
2298 1510 2398 1564 per
2429 1497 2684 1566 poculum
2708 1498 3076 1568 propinamus.
3120 1497 3258 1554 Hinc
3279 1509 3366 1556 est
3386 1501 3532 1554 enim

1938 1585 2082 1653 quod
2115 1585 2161 1640 is
2195 1587 2293 1655 qui
2318 1597 2570 1656 supernae
2597 1589 2876 1644 charitatis
2908 1589 3298 1659 perfectionem
3341 1598 3529 1659 gusta-

1937 1686 2113 1745 verat,
2149 1678 2264 1734 Deo
2296 1681 2656 1750 omnipotenti
2681 1681 3043 1738 conﬁtebatur
3065 1682 3289 1738 dicens”:
3328 1683 3534 1752 Impin-

1940 1769 2178 1838 guastiin
2202 1770 2316 1825 oleo
2330 1781 2488 1842 caput
2509 1787 2698 1838 meum,
2721 1781 2773 1826 et
2796 1772 3038 1843 poculum
3058 1783 3228 1827 meum
3246 1774 3533 1838 inebrians,

1864 1863 1913 1924 B
1937 1875 2091 1930 quam
2111 1865 2420 1934 praclarum”
2438 1872 2515 1918 est
2546 1864 2719 1936 (Psal.
2747 1869 2882 1930 nn,
2904 1863 2992 1937 ὅγε
3021 1866 3082 1920 In
3119 1867 3380 1938 amphora
3403 1871 3535 1937 ergo

1939 1952 2052 2006 vini
2081 1952 2298 2008 Samuel
2319 1954 2536 2010 oblatus
2561 1956 2884 2024 ostenditur,-
2908 1958 3034 2025 quia
3061 1957 3268 2012 electus
3285 1958 3538 2028 quisque,

1941 2061 2065 2102 cum
2087 2046 2156 2101 ad
2182 2048 2508 2116 evangelicae
2535 2048 2936 2118 praedicationis
2957 2049 3316 2104 ministerium
3337 2053 3539 2119 prepa-

1942 2147 2118 2206 ratur,
2146 2139 2314 2209 ipsius
2342 2140 2744 2210 praedicationis
2778 2141 2984 2196 bonum
3005 2141 3282 2212 proponit,
3305 2151 3414 2196 non
3440 2145 3542 2211 pro

1941 2245 2082 2285 vana
2119 2230 2280 2300 huius
2309 2231 2492 2288 seculi
2527 2232 2846 2300 ambitione,
2875 2233 2974 2288 sed
3003 2243 3104 2302 pro
3136 2232 3252 2288 s‘ola
3279 2233 3544 2288 cboritate

1942 2324 2281 2392 impendere.
2314 2325 2375 2380 lu
2397 2325 2584 2381 vitulis
2619 2333 2756 2395 ergo
2788 2325 3073 2382 adducitur
3119 2333 3224 2394 pro
3256 2325 3541 2396 proposito

1941 2411 2292 2482 fortitudinis,
2335 2416 2392 2470 in
2419 2415 2607 2471 ferinus
2645 2416 2840 2473 modiis
2874 2421 2984 2487 pro
3015 2417 3266 2473 doctrina
3283 2417 3460 2484 Verbi,
3481 2417 3538 2473 in

1944 2505 2205 2574 amphora
2232 2506 2345 2561 vini
2372 2521 2469 2577 pro
2499 2506 2808 2564 intentione
2829 2507 3132 2563 cbaritatis.

2015 2595 2106 2651 48.
2148 2596 2280 2664 Quae
2324 2599 2572 2669 profecto
2592 2600 2856 2654 virtut-utut
2893 2599 3067 2669 initia,
3099 2599 3189 2655 ubi
3225 2599 3336 2655 sint
3377 2598 3545 2670 perli-

1943 2689 2133 2744 cienda
2155 2690 2376 2757 edocet,
2402 2703 2527 2746 cum
2555 2689 2873 2761 subiungit:
2910 2689 2982 2744 Et
3001 2690 3222 2746 adduxit
3243 2693 3302 2746 tri
3333 2692 3544 2748 domum

1945 2779 2161 2835 Domini
2182 2781 2237 2834 in
2269 2781 2410 2836 Silo.
2438 2781 2641 2837 Domt's
2675 2781 2890 2836 Domini
2909 2785 3094 2836 sancta
3119 2779 3362 2838 Ecclesia
3393 2787 3547 2839 recte

1945 2873 2290 2944 intelligitur,
2310 2888 2432 2944 quae
2453 2874 2706 2929 nimirum
2732 2873 2785 2928 in
2811 2873 2929 2930 Silo
2941 2875 3044 2929 sita
3068 2888 3190 2930 esse
3207 2875 3542 2945 perhibetur.

1943 2964 2058 3020 Silo
2083 2974 2264 3020 autem
2293 2967 2444 3022 locus
2463 2975 2548 3022 est
2572 2968 2626 3022 in
2653 2982 2760 3038 quo
2783 2982 2914 3022 arca
2941 2967 3041 3023 Dei
3069 2968 3332 3024 mansisse
3361 2969 3548 3039 perhi-

1944 3055 2121 3112 betur.
2173 3056 2313 3125 Quid
2349 3070 2482 3127 ergo
2531 3058 2673 3114 aliud
2715 3058 2835 3114 Silo
2873 3059 2982 3114 isto
3020 3058 3074 3113 in
3105 3056 3226 3115 loco
3272 3060 3544 3130 signiﬁcat

1945 3165 2107 3221 quam
2134 3153 2334 3207 veteris
2357 3152 2490 3222 les-is
2514 3153 2895 3208 traditionem?
2915 3152 3054 3208 Nam
3075 3153 3222 3209 velut
3242 3157 3423 3208 arcam
3449 3152 3550 3208 Dei

249 3245 344 3300 bet
375 3245 429 3300 in
469 3244 834 3326 subjectorum
883 3244 1268 3310 sollicitudine,
1315 3253 1374 3299 ut
1419 3259 1538 3300 esse
1576 3245 1844 3317 perfectus
1874 3250 1918 3314 ρ
1951 3245 2214 3311 continet,
2257 3245 2384 3299 dum
2414 3245 2688 3302 carnalem
2725 3245 2964 3301 littoram
2993 3243 3124 3302 loris
3151 3245 3390 3311 exhibet,
3425 3259 3547 3314 quae

249 3336 450 3401 valeat,
495 3333 687 3390 bovem
727 3335 946 3390 tertium
972 3335 1164 3406 jungat
1204 3338 1258 3392 in
1287 3336 1467 3392 divina
1512 3338 1844 3407 contempla-

254 3428 422 3494 tione,
439 3419 499 3480 ut
517 3435 571 3481 et
592 3425 751 3482 corda
769 3427 1139 3496 proximorum
1158 3426 1368 3496 integro
1381 3426 1530 3496 iugo,
1547 3429 1844 3498 loquendo,

249 3518 400 3574 velut
431 3518 658 3587 arando,
689 3518 918 3588 aperiat,
948 3526 1003 3574 ct
1021 3519 1376 3589 semetipsum
1399 3535 1497 3590 per
1516 3521 1843 3590 singularem

251 3610 455 3665 amoris
471 3601 840 3664 fortitudinem
862 3595 928 3665 ad
950 3609 1250 3666 conditoris
1270 3611 1353 3665 sui
1378 3613 1614 3680 speciem
1635 3627 1848 3682 semper

253 3700 538 3756 extendat.
586 3687 807 3755 Samuel
850 3715 980 3771 ergo
1026 3701 1080 3755 in
1110 3701 1290 3756 vitulis
1328 3701 1498 3758 tribus
1525 3701 1591 3756 ad
1627 3703 1844 3762 domum

250 3787 470 3846 Domini
500 3791 736 3861 ducitur,
764 3807 888 3847 cum
918 3793 1058 3848 bene
1083 3793 1312 3863 quisque
1335 3791 1622 3863 proﬁciens
1650 3811 1847 3866 propo-

247 3887 327 3940 nit
359 3894 418 3939 ut
449 3900 518 3940 ex
546 3883 736 3940 labore
790 3885 1192 3954 prmdicationis
1232 3887 1489 3956 prodesse
1518 3886 1695 3942 valeat
1725 3903 1850 3958 pro-

250 3975 433 4041 ximis,
480 3987 535 4030 et
561 3990 628 4030 ex
651 3983 862 4032 secreto
889 3977 1086 4047 quietis
1115 3977 1378 4032 inhmrere
1420 3977 1624 4033 intima:
1653 3980 1850 4034 visioni

256 4065 577 4126 conditoris.
607 4065 676 4122 Et
697 4069 822 4138 quia
845 4067 898 4124 id
927 4070 1068 4125 bene
1096 4071 1353 4126 exhibere
1384 4071 1596 4127 animus
1619 4073 1850 4143 imperiti

254 4175 532 4230 nunquam
555 4161 777 4230 poterit,
808 4160 863 4216 in
895 4151 1064 4216 tribus
1086 4163 1251 4216 etiam
1270 4162 1454 4217 farina-3
1479 4163 1670 4219 modiis
1691 4163 1850 4219 oller-

259 4246 366 4306 lur.
418 4235 499 4304 Ex
543 4245 714 4306 farina
742 4252 942 4323 quippe
969 4268 1090 4308 cum
1117 4267 1286 4323 panes
1330 4251 1484 4320 ﬁunt,
1528 4256 1851 4325 praeparatio

252 4337 574 4398 refectionis
602 4342 897 4414 perﬁcitur.
923 4341 1079 4411 Quod
1112 4361 1239 4401 vero
1269 4360 1378 4400 non
1410 4345 1462 4400 in
1485 4346 1734 4416 panibus,
1758 4345 1854 4402 sed

253 4432 309 4488 in
336 4421 529 4488 farinae
549 4433 746 4489 modiis
775 4431 1019 4501 ollertur,
1051 4434 1250 4490 bonam
1278 4421 1622 4492 devotionem
1650 4437 1852 4492 doctri-

257 4542 386 4582 nam
411 4541 720 4597 proponere
749 4527 1071 4594 ostenditur,
1101 4544 1210 4583 non
1235 4528 1400 4599 ipsius
1428 4529 1686 4584 doctrina:
1707 4545 1856 4584 com«

1948 3336 2006 3390 in
2039 3338 2153 3392 suis
2186 3339 2418 3394 secretis
2454 3339 2754 3408 spiritalem
2780 3337 3062 3393 scientiam
3091 3337 3329 3392 clausam
3372 3343 3544 3392 tenet.

1950 3430 2091 3497 Quid
2121 3438 2204 3485 est
2229 3446 2381 3501 ergo,
2415 3431 2565 3500 quod
2595 3430 2793 3486 domus
2820 3429 3039 3485 Domini
3066 3428 3120 3483 in
3146 3427 3262 3483 Sile
3285 3427 3389 3484 sita
3426 3439 3550 3485 esse

1951 3523 2291 3593 perhibetur,
2322 3523 2428 3578 nisi
2452 3523 2582 3593 quia
2621 3528 2810 3578 sancta
2846 3519 3084 3577 Ecclesia
3113 3521 3170 3576 in
3206 3525 3549 3577 sacramento

1951 3616 2354 3687 Seriptnraru‘m
2380 3617 2531 3672 velut
2550 3615 2605 3673 in
2633 3616 2757 3672 loco
2776 3615 2999 3670 fundata
3018 3615 3399 3685 cognoscitur?
3418 3614 3552 3671 Illuc

1949 3710 2445 3766 Samuelad-ductus
2474 3710 2754 3776 asseritur,
2780 3707 2889 3766 illic
2918 3708 3151 3776 oblatus,
3187 3709 3312 3780 quia
3347 3717 3548 3780 praeter

1951 3809 2194 3857 sanctam
2227 3798 2524 3856 Eeclesiam
2543 3801 2697 3856 locus
2724 3814 2832 3855 non
2853 3806 2938 3854 est
2959 3798 3050 3854 ubi
3072 3798 3265 3854 merita
3286 3798 3549 3854 virtutum

1951 3901 2225 3961 crescant,
2247 3901 2301 3948 et
2323 3892 2394 3948 ad
2413 3893 2632 3949 culmen
2655 3891 3006 3965 perfectionis
3030 3891 3268 3948 veniant.
3301 3890 3405 3947 Sed
3429 3907 3552 3947 cum

1953 3983 2070 4052 ipse
2095 3984 2187 4054 qui
2216 3983 2484 4040 adductus
2499 3994 2582 4040 est
2601 3988 2880 4052 asseritur,
2904 3984 3022 4054 eius
3043 3997 3261 4054 quoque
3280 3984 3554 4041 dilationis

1953 4090 2115 4131 causa
2144 4085 2503 4145 memoratur,
2526 4092 2650 4132 cum
2671 4077 2918 4131 subditur
2943 4094 2957 4129 :

2028 4168 2206 4240 (-Vers.
2232 4169 2348 4240 21.)
2391 4167 2527 4222 Puer
2551 4176 2724 4222 autem
2744 4167 2914 4220 adit-ite
2939 4173 3053 4221 erat
3082 4165 3398 4239 infantulus.

2026 4261 2162 4341 Nam
2190 4263 2236 4318 si
2265 4261 2562 4317 infantulus
2591 4268 2716 4317 tunc
2740 4273 2850 4316 non
2877 4271 3040 4330 esset,
3073 4262 3200 4318 dum
3229 4271 3328 4333 per
3349 4277 3408 4318 se
3434 4276 3555 4333 pos-

1955 4360 2041 4408 set
2079 4352 2356 4420 aceedere,
2407 4351 2530 4408 duci
2554 4352 2664 4409 huc
2692 4353 2760 4408 ab
2789 4353 2897 4410 alio
2941 4369 3049 4411 non
3092 4361 3395 4426 oporteret.
3447 4355 3550 4412 Se-

1957 4443 2142 4512 quitur
2167 4461 2180 4497 :

2031 4536 2210 4608 (Vers.
2233 4534 2355 4608 25.)
2385 4535 2455 4591 Et
2482 4537 2879 4618 irnmolaverunt
2904 4537 3146 4606 vitulum,
3172 4546 3224 4596 et
3261 4540 3556 4596 obtulerunt

258 4619 484 4675 modum
515 4613 794 4675 exhibere.
822 4617 1030 4676 Modius
1059 4634 1187 4690 ergo
1226 4621 1410 4676 farinae
1440 4630 1640 4677 sanctae
1665 4622 1852 4692 prmdi-
1891 4641 1936 4703 ι)
1962 4647 2178 4703 puerum
2208 4629 2352 4686 Heli.

255 4710 492 4767 catiOnis
521 4711 974 4781 praeparationem
1004 4710 1290 4782 signiﬁcat.
1325 4711 1432 4767 Sed
1462 4713 1515 4767 in
1547 4713 1718 4768 tribus
1742 4731 1856 4770 mo-

256 4803 362 4860 diis
410 4801 597 4858 larium
645 4788 822 4859 infans
868 4804 1173 4872 adducitur,
1223 4805 1350 4874 quia
1389 4804 1515 4859 dum
1565 4806 1861 4874 praedicare

257 4898 646 4968 proponimus,
685 4887 909 4952 verbum
941 4898 1180 4954 scientiae
1204 4912 1568 4968 praeparamus
1611 4908 1862 4968 peccato-

257 4991 409 5047 ribus
435 4991 503 5062 ad
527 4991 965 5056 conversionem,
990 4991 1151 5062 justis
1181 4977 1248 5046 ad
1275 4999 1476 5046 statum
1509 5006 1864 5062 perseveran-

264 5083 371 5150 tiae,
401 5089 458 5138 et
477 5083 634 5139 nobis
657 5083 724 5138 ad
738 5098 1027 5154 supernam
1050 5083 1588 5153 contemplationem;
1613 5082 1699 5139 vel
1716 5093 1863 5139 certe

262 5193 405 5232 unus
440 5163 659 5232 modius
699 5185 804 5246 est,
835 5187 896 5233 ut
927 5177 1181 5246 diximus,
1225 5194 1324 5250 pro
1352 5177 1709 5236 conversione
1740 5194 1865 5249 pec-

263 5271 490 5338 catoris,
545 5271 682 5327 alius
722 5286 823 5342 pro
853 5271 1135 5342 disciplina
1171 5257 1468 5343 coniugati,
1511 5271 1700 5328 tertius
1737 5286 1867 5328 vero

265 5375 368 5433 pro
399 5351 694 5420 excellenti
725 5365 960 5435 puritate
987 5367 1337 5422 continentis.
1367 5365 1435 5421 Et
1460 5367 1624 5423 modii
1649 5366 1867 5438 quidem

266 5455 525 5510 dicuntur
569 5471 668 5527 pro
698 5471 953 5513 mensura
985 5458 1348 5514 discretionis.
1397 5455 1552 5515 Unde
1595 5467 1651 5515 et
1677 5460 1868 5516 beatus

267 5543 471 5602 Paulos
518 5535 798 5618 perhibet,
849 5550 1075 5606 dicens:
1128 5549 1253 5606 Non
1311 5552 1429 5621 plus
1487 5569 1670 5623 sapere
1716 5569 1871 5625 quant

276 5647 479 5712 oportet
524 5659 737 5713 sapere,
786 5631 884 5698 secl
936 5660 1120 5714 sapere
1172 5645 1242 5699 ad
1296 5643 1625 5701 sobrielatem
1683 5644 1870 5718 (llam.

277 5741 372 5801 xu,
402 5730 484 5802 5).

2035 4722 2124 4778 49.
2165 4722 2427 4794 Superius
2452 4723 2518 4780 de
2545 4725 2661 4782 sola
2691 4726 2845 4782 Anna
2882 4726 3206 4782 dicebatur:
3238 4725 3310 4781 Et
3337 4725 3558 4781 adduxit

1965 4830 2078 4867 cum
2118 4830 2310 4885 secum,
2359 4824 2631 4887 postquam
2662 4815 3032 4871 ablactaoerat.
3086 4811 3240 4872 Nunc
3283 4821 3464 4869 autem
3491 4815 3560 4868 de

1967 4907 2204 4965 llelcana
2240 4908 2464 4980 pariter,
2490 4917 2547 4967 et
2583 4909 2651 4965 de
2679 4909 2834 4964 Anna
2867 4909 3244 4981 subiungitur:
3276 4908 3348 4962 Et
3378 4909 3564 4963 immo-

1967 5001 2207 5056 larerunt
2248 5003 2482 5068 vitulum,
2525 5013 2576 5058 et
2613 5003 2906 5059 obtulerunt
2946 5013 3158 5074 puerum
3211 5001 3356 5056 Heli.
3409 4999 3562 5056 Tunc
3606 5064 3608 5066 τ

1969 5095 2278 5151 immolatus
2313 5103 2396 5150 est
2422 5095 2640 5162 vitulus,
2681 5112 2804 5152 cum
2830 5093 3094 5150 adductus
3131 5099 3216 5150 est
3244 5092 3482 5157 Samuel,
3510 5101 3564 5146 (ι

1969 5187 2200 5244 oblatus.
2225 5185 2284 5242 Si
2313 5199 2442 5257 ergo
2473 5187 2545 5242 ibi
2573 5195 2691 5244 erat
2717 5196 2846 5243 tune
2870 5180 3131 5254 Heleana,
3165 5193 3220 5243 et
3248 5189 3370 5241 cum
3398 5184 3564 5238 duce-

1968 5279 2150 5343 batur,
2191 5286 2247 5334 et
2293 5294 2416 5335 cum
2457 5279 2806 5346 oﬁerebatur,
2838 5291 3007 5348 quare
3053 5285 3162 5335 non
3205 5278 3409 5332 dictum
3460 5286 3561 5342 est,

1970 5373 2312 5428 adduxerunt
2333 5389 2463 5455 eum
2483 5387 2689 5442 secum,
2715 5374 2857 5429 sicut
2877 5373 3078 5428 dietum
3109 5379 3212 5439 est,
3243 5370 3563 5426 immolave-

1970 5471 2117 5528 runt,
2140 5471 2199 5520 et
2219 5464 2571 5520 obtulerunt?
2592 5464 2699 5521 Sed
2721 5464 2848 5533 quia
2873 5465 2988 5520 haec
3009 5463 3076 5519 ad
3099 5462 3394 5519 Ecclesium
3423 5470 3477 5519 et
3498 5461 3566 5518 ad

1974 5554 2249 5612 Christum
2278 5557 2582 5625 retulimus,
2613 5557 2690 5612 illi
2722 5557 2946 5624 lactare,
2983 5556 3062 5612 illi
3092 5555 3364 5614 adducere
3393 5556 3565 5627 perti-

1977 5655 2089 5714 net,
2121 5648 2318 5706 oll‘erre
2341 5658 2398 5706 et
2423 5650 2706 5705 inmolare
2735 5649 2837 5704 sibi
2875 5648 2928 5704 et
2954 5648 3189 5706 Christo.
3214 5648 3333 5720 Ipsa
3365 5650 3567 5718 quippe

1977 5740 2174 5797 institit
2211 5742 2379 5798 verbo
2426 5740 2848 5813 praedicationis,
2891 5740 2987 5797 sed
3027 5742 3226 5811 quibus
3265 5739 3568 5796 doctrinam

350 5821 440 5879 47.
466 5823 627 5892 Quod
656 5826 923 5897 profecto,
946 5843 1054 5898 qua
1075 5829 1484 5900 praedicatorum
1510 5831 1646 5889 ordo
1671 5833 1878 5889 electus
1979 5833 2216 5891 insinuat
2235 5836 2488 5892 virtutem
2506 5835 2858 5906 adimplenda:
2878 5834 3206 5906 operationis
3228 5839 3569 5902 nequaquam

281 5916 618 5989 exigentibus
649 5907 856 5994 [Forte,
883 5917 1088 5980 electus
1109 5937 1173 5979 ex
1199 5925 1488 5997 gentibus),
1522 5944 1625 5984 non
1648 5942 1714 5982 ex
1743 5925 1876 5982 levi-

1982 5925 2371 5980 subministrat.
2414 5924 2674 5982 Litteram
2721 5924 2922 5996 quippe
2963 5922 3253 5992 Scriptura:
3296 5917 3569 5986 loquendo
