4044 6336
513 388 579 445 4⁷
1728 394 1968 455 SANCTI
2005 392 2336 450 ousoonu
2373 389 2588 449 MAGNI
3732 382 3802 436 te

520 514 759 582 exhibet,
787 513 881 568 sed
911 512 1082 583 ipsum
1104 510 1301 565 bonum
1328 522 1387 565 se
1416 509 1724 580 petentibus
1742 508 1953 564 nonnisi
1979 522 2100 563 cum
2131 509 2181 569 Α
2209 506 2407 561 teribus
2436 502 2696 574 agnoscit.
2737 500 2937 571 Aperte
2978 497 3139 566 igitur
3174 494 3394 552 Samuel
3428 493 3546 551 Heli
3576 494 3797 552 oblatus

518 622 723 678 sponso
749 606 877 659 dare
906 611 1102 673 potest.
1135 601 1447 657 lmmolatur
1476 616 1605 672 ergo
1634 602 1831 655 vitulus
1881 615 2003 655 cum
2034 598 2113 653 di-

521 700 645 756 vina
692 697 861 766 gratia
900 695 1050 751 cordi
1095 694 1235 748 bona
1269 695 1504 764 petentis
1536 694 1852 761 infunditur,
1882 700 1942 747 ut
1969 692 2110 746 bona

518 807 639 862 quae
670 789 987 847 destinando
1017 786 1279 841 deliberat
1305 787 1484 843 studio
1504 787 1634 842 boni
1662 787 1841 858 operis
1870 785 2113 841 hilariter

517 881 814 949 impendat.
844 878 1055 933 Vitulus
1087 878 1229 932 enim
1260 885 1388 932 tunc
1404 878 1733 944 immolatur,
1752 878 1877 948 quia
1892 877 2109 933 victima

514 970 645 1024 boni
696 969 877 1039 operis
924 969 1186 1039 propositi
1233 970 1301 1023 ab
1331 969 1691 1039 omnipotenti
1740 969 1854 1025 Deo
1901 968 2111 1024 devota:

512 1066 712 1121 mentis
754 1065 1031 1120 oblatione
1070 1064 1380 1135 suscipitur,
1422 1065 1467 1120 si
1505 1064 1557 1118 id
1585 1063 1729 1133 quod
1768 1064 1817 1117 ei
1868 1063 2111 1119 vovendo

511 1173 669 1213 mens
699 1158 941 1223 exhibet,
973 1165 1146 1211 totum
1180 1158 1289 1210 Deo
1327 1164 1593 1212 mactatur
1622 1172 1721 1226 per
1759 1156 2107 1211 hilaritatem.

510 1249 591 1303 De
621 1250 723 1304 hac
744 1249 1119 1303 immolatione
1137 1248 1289 1303 vituli
1313 1248 1572 1302 Dominus
1596 1248 1649 1301 in
1674 1246 1971 1316 Evangelio
1994 1248 2107 1301 ait:

512 1340 577 1395 Si
598 1358 707 1407 vos,
741 1358 854 1394 cum
875 1341 988 1394 sitis
1020 1340 1163 1403 mali,
1196 1340 1356 1393 nostis
1379 1339 1515 1393 bona
1540 1339 1663 1392 data
1686 1340 1812 1393 dare
1843 1340 1967 1406 ﬁliis
1996 1354 2107 1392 ves-

515 1433 632 1498 tris,
664 1442 856 1502 quanto
882 1434 1047 1501 magis
1084 1433 1191 1500 28
1224 1430 1387 1483 Pater
1412 1447 1553 1484 meus
1583 1431 1802 1484 caelestis
1832 1430 1978 1483 dabit
2004 1430 2113 1498 spi-

511 1524 671 1577 ritum
712 1524 898 1578 bonum
927 1523 1212 1593 petentibus
1244 1538 1299 1575 se
1338 1521 1555 1592 (Matt/1.
1588 1540 1677 1587 vn,
1724 1522 1821 1590 il;
1855 1521 1984 1576 Luc.
2032 1537 2107 1585 χι,

514 1616 643 1685 d3)?
666 1617 800 1671 Hinc
830 1617 1025 1670 Paulus
1055 1616 1161 1669 ait:
1197 1614 1297 1679 Qui
1320 1618 1540 1669 seminat
1567 1617 1621 1669 in
1646 1614 2107 1680 benedictionibus,

512 1708 581 1761 de
619 1708 1054 1762 benedictionibus
1088 1717 1137 1761 et
1165 1717 1338 1772 metet,
1374 1709 1723 1778 unusquisque
1753 1718 1904 1777 prout
1948 1707 2111 1761 desti-

508 1801 654 1852 navit
684 1800 738 1852 in
769 1800 923 1853 corde
952 1816 1065 1865 suo,
1100 1815 1205 1852 non
1235 1816 1299 1851 ex
1330 1800 1563 1864 tristitia,
1589 1810 1677 1852 aut
1698 1816 1763 1853 ex
1784 1800 2106 1879 necessitate,

2213 599 2493 665 asseritur,
2530 595 2655 665 quia
2692 594 2866 649 solum
2900 590 3229 646 suﬂicienter
3253 604 3392 644 nova
3422 589 3683 659 praedicat
3713 588 3804 657 qui

2212 706 2331 747 eam
2357 690 2623 745 rationem
2646 702 2750 756 qua
2782 682 3125 753 intelligenda
3151 690 3277 736 sunt
3301 688 3484 735 vetera
3511 696 3619 734 non
3644 679 3802 747 igno-

2210 793 2316 840 rat.
2366 782 2435 837 Et
2478 781 2601 851 quia
2632 777 2851 835 easdem
2896 777 3205 847 Scripturas
3243 782 3457 830 veteres
3506 773 3810 841 intelligere

2212 876 2331 930 sine
2373 880 2708 945 prmceptore
2750 884 2855 926 non
2904 882 3215 940 possumus,
3259 877 3315 921 et
3348 865 3541 921 doctor
3578 864 3713 918 nihi-l
3757 864 3809 918 in

2211 966 2370 1022 nobis
2397 965 2645 1021 docendo
2667 962 2900 1034 prolicit,
2933 961 2979 1015 si
3007 959 3152 1030 quod
3181 959 3297 1028 ipse
3325 956 3455 1013 foris
3485 956 3729 1025 loquitur
3757 956 3810 1010 in

2212 1059 2466 1116 cordibus
2492 1058 2693 1115 nostris
2715 1072 2811 1127 per
2832 1056 3067 1109 divinam
3094 1052 3320 1122 gratiam
3342 1066 3449 1105 non
3474 1050 3809 1115 infundatur,

2212 1158 2385 1205 mater
2410 1165 2517 1204 non
2544 1148 2660 1205 sola
2687 1160 2916 1216 puerum
2947 1142 3164 1210 obtulit,
3189 1141 3284 1197 sed
3306 1156 3429 1195 cum
3453 1141 3591 1194 viro.
3618 1138 3682 1192 Ei
3713 1155 3809 1192 au-

2213 1251 2324 1298 tem
2364 1242 2449 1297 cui
2488 1241 2658 1295 lilium
2694 1238 2861 1293 tradit
2900 1250 2961 1292 se
2988 1251 3111 1292 cum
3155 1235 3321 1291 verbo
3367 1232 3625 1305 przeconii
3652 1233 3812 1288 Anna

2212 1333 2528 1397 insinuavit,
2557 1334 2782 1388 dicens:
2827 1330 2837 1339 ’
2921 1324 2930 1333 ’

2285 1423 2465 1496 (Vers.
2493 1423 2607 1493 26.)
2652 1420 2895 1489 Obsecro,
2927 1424 2998 1476 mi
3028 1420 3271 1486 Domine,
3311 1420 3432 1473 vivit
3472 1419 3652 1473 anima
3696 1426 3814 1486 tua,

2223 1535 2317 1591 ego
2347 1534 2461 1571 sum
2484 1517 2577 1571 illa
2605 1517 2809 1582 mulier,
2840 1532 2954 1587 quae
2977 1516 3116 1569 stetit
3144 1530 3320 1568 coram
3343 1523 3391 1567 te
3414 1512 3516 1567 hic.

2288 1607 2379 1663 51.
2420 1607 2615 1663 Coram
2650 1606 2767 1661 Heli
2804 1606 2958 1661 Anna
2984 1606 3155 1670 stetit,
3188 1606 3316 1675 quia
3350 1612 3535 1661 sancta
3566 1603 3813 1660 Ecclesia

2213 1704 2497 1759 doctorum
2537 1715 2822 1773 synagogas
2862 1700 3021 1754 nullis
3066 1698 3533 1769 persecutionihus
3578 1699 3809 1752 corruit.

2214 1795 2369 1862 Quod
2400 1795 2506 1849 tale
2527 1802 2609 1850 est
2630 1809 2695 1848 ac
2724 1794 2769 1848 si
2793 1792 2937 1847 dicat
2966 1790 3205 1846 Ecclesia
3235 1791 3476 1861 glorians
3512 1789 3813 1861 Synagoga:

511 1891 736 1945 hilarem
765 1894 902 1946 enim
930 1892 1165 1945 datorem
1196 1892 1367 1962 diligit
1394 1891 1536 1945 Deus
1568 1892 1658 1962 (II
1682 1892 1799 1947 Cor.
1834 1908 1907 1959 ιι,
1952 1893 2005 1957 6,
2030 1894 2107 1965 7).
2142 1894 2189 1954 B
2216 1897 2557 1967 praepositis:
2608 1895 2810 1949 Idcirco
2850 1893 3039 1948 orbem
3082 1906 3278 1961 parere
3322 1905 3418 1959 per
3461 1888 3813 1958 Evangelium

510 1980 650 2048 Quid
684 1996 915 2049 namque
938 1989 1019 2036 est
1048 1979 1321 2037 destinare
1368 1982 1420 2035 in
1446 1981 1630 2050 corde,
1672 1984 1773 2037 nisi
1810 2000 2115 2055 proponere

512 2092 583 2131 ex
626 2075 1052 2131 deliberatione?
1091 2074 1230 2129 Dum
1266 2090 1398 2144 ergo
1427 2075 1713 2131 destinavit
1742 2077 1908 2143 dixit,
1960 2078 2114 2148 quasi

509 2168 743 2223 vitulum
774 2166 1066 2223 adductum
1097 2168 1348 2223 asseruit.
1381 2166 1489 2223 Sed
1506 2167 1632 2223 dum
1663 2168 1886 2236 addidit,
1912 2186 2021 2225 non
2046 2186 2115 2225 ex

512 2260 749 2326 tristitia,
797 2268 889 2315 aut
930 2275 998 2315 ex
1040 2261 1399 2328 necessitate,
1436 2261 1561 2331 quia
1603 2261 1826 2317 hilarem
1869 2263 2114 2319 datorem

509 2350 687 2419 diligit
727 2350 889 2419 Deus,
930 2350 1224 2407 adductum
1270 2351 1500 2406 vitulum
1546 2352 1779 2421 qualiter
1808 2352 2116 2409 immolelur

510 2443 780 2513 exposuit.
818 2442 1170 2499 Adducuntur
1198 2458 1329 2513 ergo
1350 2445 1504 2499 vituli
1528 2460 1651 2499 cum
1680 2445 1747 2499 ad
1776 2446 1981 2515 agenda
2004 2446 2116 2501 for-

512 2533 587 2587 tia
614 2533 753 2589 bene
779 2536 1129 2605 proponenda
1158 2551 1543 2605 prteparamur,
1575 2538 1671 2591 sed
1695 2537 1896 2592 vitulus
1920 2538 2114 2594 immo-

510 2624 657 2681 latur
684 2641 807 2681 cum
835 2626 1150 2683 deliberatio
1179 2628 1308 2683 boni
1348 2630 1612 2701 propositi
1646 2631 1755 2686 Deo
1787 2631 2116 2701 impenditur

510 2716 571 2773 in
610 2718 882 2774 oblatione
914 2734 1120 2788 magna:
1164 2720 1486 2777 devotionis.
1536 2722 1772 2793 Uterque
1821 2733 2024 2794 autem,
2062 2725 2115 2780 id

512 2817 597 2865 est
618 2810 701 2864 vir
721 2818 777 2864 et
804 2826 961 2875 uxor,
990 2810 1217 2865 vitulum
1248 2812 1559 2869 immolasse
1581 2814 1956 2884 perhibentur,
1984 2816 2114 2885 quia

514 2905 706 2961 eadem
749 2906 993 2962 hilaritas
1034 2907 1277 2964 fidelibus
1314 2911 1540 2966 subditis
1585 2911 1951 2983 prmdicatoris
1977 2929 2115 2969 voce

514 2996 840 3063 ostenditur,
887 3007 1048 3068 atque
1087 3001 1143 3055 in
1188 3017 1374 3057 eorum
1418 3003 1675 3060 cordibus
1720 3006 1905 3061 divina
1944 3008 2113 3075 gratia

514 3094 862 3155 propagatur.
921 3089 1125 3144 Pariter
1165 3105 1295 3161 ergo
1336 3094 1564 3149 vitulum
1605 3096 1885 3152 immolant
1914 3114 2035 3153 cum
2061 3098 2115 3153 in

515 3176 682 3232 corde
721 3177 860 3235 bene
886 3180 1221 3248 prolicientis
1249 3185 1450 3240 subditi
1488 3186 1667 3241 divina
1696 3189 1947 3243 convenit
1989 3205 2113 3244 cum

2214 1985 2327 2042 Deo
2367 1986 2550 2057 potui,
2588 1986 2713 2055 quia
2743 1983 2969 2038 adversa
2998 1998 3118 2052 qua:
3157 1981 3288 2035 mihi
3313 1978 3571 2036 intulistis
3611 1979 3817 2033 invicta

2217 2078 2461 2133 toleravi.
2504 2076 2637 2131 Nam
2671 2076 2716 2130 si
2748 2076 2925 2145 pomis
2960 2074 3103 2129 victa
3135 2072 3393 2127 vetustati
3430 2074 3537 2143 29
3566 2086 3655 2126 me
3687 2072 3821 2125 sub-

2215 2167 2423 2233 derem,
2475 2184 2675 2223 novam
2726 2166 3078 2236 Redemptori
3119 2172 3203 2220 tot
3242 2164 3522 2231 nationum
3568 2162 3820 2218 sobolem

2215 2275 2556 2331 nequaquam
2602 2259 2929 2329 genuissem.
2964 2255 3029 2311 Et
3070 2257 3196 2327 quia
3238 2253 3512 2310 humiliter
3553 2253 3819 2323 loquitur,

2216 2352 2551 2407 obsecrando
2610 2350 2899 2405 Dominum
2960 2356 3139 2402 vocat.
3214 2346 3355 2412 Quia
3402 2360 3532 2400 vero
3582 2344 3632 2399 ei
3693 2345 3823 2398 vita

2215 2451 2429 2498 teternte
2466 2442 2659 2511 pignus
2690 2442 2743 2495 in
2778 2440 2883 2497 lide
2912 2438 3293 2508 Redemptoris
3323 2437 3439 2492 dari
3465 2436 3693 2507 appetit,
3733 2435 3824 2490 di-

2216 2538 2289 2592 cit
2316 2555 2327 2590 :
2362 2535 2497 2590 Vivit
2526 2536 2703 2590 animo
2735 2544 2841 2588 tua.
2868 2534 2974 2589 Sed
2998 2549 3117 2604 quae
3141 2548 3200 2588 se
3224 2532 3438 2587 stetisse
3462 2531 3690 2601 gloriata
3712 2538 3823 2600 est,

2216 2645 2412 2700 magna
2443 2629 2512 2685 de
2553 2646 2612 2685 se
2647 2629 2893 2700 protulit.
2928 2627 2996 2682 Et
3032 2628 3157 2697 quia
3187 2628 3376 2682 eadem
3410 2640 3603 2694 magna
3634 2625 3823 2680 humi-

2217 2721 2357 2787 liter,
2390 2736 2496 2775 non
2535 2720 2791 2790 superbe,
2839 2719 3070 2785 dixerat,
3116 2732 3180 2772 ea
3220 2717 3467 2787 protinus
3499 2715 3567 2769 ad
3599 2714 3821 2770 laudem

2217 2814 2607 2883 omnipotentis
2639 2814 2729 2867 Dei
2754 2813 2957 2878 retulit,
2984 2813 3168 2867 dicens
3195 2829 3208 2865 :

2289 2906 2465 2977 (Vers.
2485 2905 2602 2975 27.)
2629 2905 2807 2973 Oravi,
2830 2913 2877 2959 et
2899 2904 3041 2959 dedit
3064 2905 3188 2958 milii
3211 2903 3465 2959 Dominus
3480 2904 3812 2973 petitionem,

2218 3014 2371 3067 quam
2391 2998 2566 3069 rogavi
2598 3015 2734 3067 eum,
2756 2998 2951 3052 idcirco
2972 3006 3021 3052 et
3050 3013 3145 3069 ego
3178 2997 3531 3053 commendavi
3556 3013 3672 3051 eum
3700 2995 3823 3052 Do-

2218 3090 2380 3144 mino.
3794 3136 3799 3137 ,

2291 3180 2377 3234 52.
2408 3180 2595 3236 Divina
2623 3182 2796 3252 gratia
2818 3181 3011 3237 adhoc
3036 3188 3239 3237 sanctae
3267 3180 3522 3238 Ecclesia:
3546 3179 3685 3237 filios
3712 3178 3821 3237 tri-

510 3268 751 3323 humana
779 3271 1182 3340 praedicatione.
1217 3274 1351 3332 Tres
1372 3284 1553 3333 autem
1574 3278 1726 3334 vituli
1750 3279 2111 3348 adducuntur,
2139 3284 2186 3347 C
2218 3274 2354 3343 buit,
2382 3284 2440 3329 ut
2468 3291 2561 3333 eos
2589 3276 2835 3331 doctrina
2876 3275 3121 3330 veritatis
3152 3275 3421 3341 instituat,
3465 3270 3831 3345 bonisOmori-

515 3359 644 3435 quia
674 3376 799 3415 cum
830 3362 1089 3417 auxilium
1121 3364 1287 3435 lapsis
1307 3375 1362 3421 et
1389 3368 1656 3425 stantibus
1684 3370 1846 3440 ferre,
1876 3378 1931 3426 et
1959 3372 2115 3427 nobis

512 3452 646 3522 ipsis
675 3470 836 3524 opem
866 3456 1123 3512 custodite
1142 3461 1511 3530 proponimus,
1544 3462 1673 3517 dum
1715 3480 1821 3519 una
1849 3464 1992 3520 bona
2034 3466 2117 3521 in-

514 3544 760 3599 tentione
790 3546 907 3601 haec
938 3550 1288 3620 attendimus,
1319 3553 1420 3607 tria
1457 3554 1676 3622 quidem
1710 3564 1836 3610 sunt
1863 3568 2117 3628 respectu

516 3635 721 3704 operis,
753 3637 848 3691 sed
880 3654 1045 3693 unum
1071 3640 1127 3693 in
1148 3657 1373 3697 munere
1396 3644 1706 3701 oblationis.
1743 3646 1868 3702 Tria
1900 3649 2118 3717 quidem

513 3734 661 3791 sunt,
708 3728 834 3796 quia
879 3744 1005 3800 erga
1052 3747 1171 3797 nos,
1220 3740 1277 3788 et
1322 3735 1601 3803 proximos
1646 3746 1862 3793 nostros
1905 3740 2118 3796 diverso

516 3829 771 3889 respectu
796 3830 851 3875 et
879 3823 1106 3879 diversis
1129 3826 1464 3895 temporibus
1484 3830 1831 3897 exhibentur,
1860 3834 1952 3887 sed
1982 3850 2120 3889 unus

514 3914 867 3980 suntvitulus,
882 3917 1005 3984 quia
1029 3917 1186 3971 simul
1207 3929 1603 3989 proponuntur,
1623 3931 1680 3978 et
1702 3924 1818 3993 pari
1833 3925 2121 3983 devotione

516 4006 806 4065 ‘oblationis
845 4009 958 4065 Deo
989 4011 1389 4081 impenduntur,
1427 4022 1484 4071 ct
1514 4029 1619 4071 una
1650 4017 1706 4072 in
1735 4018 1828 4096 eis.
1842 4020 2107 4087 hilaritas,

522 4106 579 4153 et
605 4098 709 4153 alia
740 4116 848 4155 non
879 4101 1127 4156 habetur.

590 4191 682 4246 50.
723 4192 1013 4262 Sequitur:
1048 4194 1117 4247 Et
1156 4195 1452 4254 obtulerunt
1480 4215 1691 4271 puerum
1723 4199 1867 4257 Heli.
1913 4204 1972 4258 In
2000 4203 2121 4260 Heli

519 4300 631 4340 non
673 4285 847 4339 solum
892 4302 1136 4355 persona:
1180 4289 1463 4345 doctorum
1511 4301 1778 4360 veterum,
1824 4295 1917 4350 scd
1954 4298 2119 4352 etiam

518 4374 780 4430 doctrinae
812 4374 1125 4452 figurantur.
1152 4378 1293 4445 Quid
1322 4388 1405 4435 est
1429 4396 1558 4452 ergo
1582 4385 1726 4453 quod
1750 4400 1881 4455 puer
1902 4386 2121 4444 Samuel

523 4470 645 4526 Heli
685 4472 896 4529 oblatus
933 4475 1211 4541 asseritur,
1243 4476 1346 4532 nisi
1368 4478 1489 4544 hoc,
1524 4482 1670 4549 quod
1702 4493 1887 4552 aperte
1915 4498 2120 4552 cogno-

523 4564 712 4629 scitur,
744 4566 867 4635 quia
899 4567 1139 4636 quisquis
1166 4570 1510 4638 prtedicando
1550 4574 1669 4631 aliis
1702 4576 1961 4644 prodesse
1995 4580 2121 4633 niti-

2220 3368 2320 3422 bus
2348 3376 2593 3432 exornet,
2627 3368 2716 3438 pia
2746 3384 2911 3439 super
2948 3382 3044 3423 eos
3083 3368 3328 3423 custodia
3360 3366 3567 3437 vigilet,
3611 3381 3642 3419 a
3674 3364 3832 3423 malo

2223 3462 2501 3518 declinare
2545 3462 2785 3533 perfecte
2833 3461 3026 3529 faciat,
3078 3472 3132 3517 et
3180 3464 3249 3517 ad
3292 3469 3550 3516 :eternam
3591 3460 3833 3530 patriam

2222 3558 2580 3615 sufficientem
2629 3558 2896 3613 bonorum
2946 3573 3173 3628 operum
3220 3557 3435 3627 copiam
3487 3570 3826 3627 pneparare.

2223 3648 2349 3705 llrec
2376 3648 2613 3719 profecto
2644 3650 2927 3704 ministerii
2966 3648 3254 3719 pastoralis
3294 3655 3450 3713 sunt,
3493 3646 3589 3701 sed
3616 3648 3833 3702 electus

2223 3739 2542 3808 prcdicator
2563 3756 2626 3795 ea
2647 3742 2757 3795 suis
2778 3741 2985 3796 viribus
3015 3741 3239 3811 implere
3256 3756 3416 3811 posse
3443 3738 3655 3793 diﬂidit.
3681 3740 3828 3806 Quia

2224 3848 2353 3903 ergo
2383 3849 2483 3889 nec
2508 3850 2602 3889 sua
2633 3834 2831 3889 virtute
2880 3836 3088 3905 aliquos
3128 3850 3226 3905 per
3254 3834 3605 3904 Evangelium
3638 3842 3831 3903 potest

2224 3925 2463 3994 gignere,
2489 3943 2589 3983 nec
2612 3942 2745 3997 quos
2767 3938 2989 3997 generat
3007 3928 3301 3993 custodire,
3326 3936 3473 3983 recte
3496 3942 3593 3999 per
3610 3927 3834 3983 Annam

2226 4018 2281 4072 in
2325 4018 2577 4074 Ecclesia:
2628 4027 2755 4089 typo
2785 4034 2926 4074 nunc
2956 4019 3189 4073 dicitur:
3226 4018 3405 4085 Oravi,
3438 4027 3487 4072 et
3529 4018 3671 4071 dedit
3697 4017 3835 4074 mihi

2228 4109 2483 4166 Dominus
2510 4112 2832 4183 petitionem,
2864 4129 3016 4182 quam
3047 4112 3223 4182 rogavi
3252 4128 3387 4165 eum.
3420 4109 3624 4164 Idcirco
3652 4119 3703 4163 et
3730 4124 3836 4182 ego

2225 4204 2577 4257 commendavi
2605 4221 2718 4258 eum
2748 4204 2991 4268 Domino,
3025 4206 3223 4258 cunctis
3254 4204 3430 4257 diebus
3460 4200 3638 4273 quibus
3668 4199 3839 4272 fuerit

2226 4296 2612 4351 commendatus
2657 4296 2900 4351 Domino.
2943 4296 3076 4349 Nam
3108 4304 3166 4349 ut
3214 4295 3433 4364 gignere
3466 4294 3637 4363 possit
3666 4292 3836 4350 obse-

2227 4400 2378 4455 crat;
2408 4396 2463 4442 et
2488 4398 2547 4443 ut
2577 4388 2629 4442 hi
2659 4404 2796 4459 quos
2826 4388 3034 4443 orando
3065 4388 3276 4443 obtinet
3300 4388 3354 4441 in
3378 4395 3563 4442 sancta
3591 4401 3838 4442 conver-

2224 4482 2433 4537 satione
2456 4492 2935 4552 pcrmaneanl,eos
2959 4484 3084 4537 item
3114 4483 3471 4553 omnipotenti
3496 4482 3606 4536 Deo
3635 4482 3830 4551 preci-

2225 4573 2324 4628 bus
2354 4574 2716 4628 commcndat.
2732 4572 2798 4627 Et
2817 4575 2941 4643 quia
2959 4575 3025 4629 ab
3042 4574 3245 4629 eisdem
3273 4575 3523 4645 precibus
3543 4589 3836 4645 nunquam

524 4664 636 4721 tur,
672 4672 779 4711 non
806 4657 981 4711 solum
998 4674 1136 4713 nova
1149 4661 1389 4716 scribere
1412 4663 1594 4733 debet,
1611 4665 1705 4719 sed
1721 4668 1882 4721 etiam
1901 4671 2118 4725 vetera?
2146 4684 2197 4743 ι)
2224 4665 2440 4731 desinit,
2456 4666 2665 4721 cunctis
2680 4665 2870 4721 diebus
2884 4682 2942 4724 se
2957 4666 3339 4722 commendare
3359 4666 3527 4721 lilium
3543 4665 3655 4721 Deo
3670 4665 3832 4723 dicit.

526 4744 681 4800 Unde
708 4754 763 4800 et
792 4745 1051 4803 Dominus
1078 4750 1131 4801 in
1161 4748 1453 4819 Evangelia
1486 4770 1579 4821 per
1604 4757 1916 4824 parabolam
1948 4760 2079 4815 dicit
2106 4780 2118 4815 :

524 4835 657 4892 Ideo
679 4841 848 4893 omnis
874 4839 1045 4893 scriba
1074 4842 1253 4895 doctus
1283 4844 1337 4896 in
1366 4861 1526 4915 regno
1556 4846 1800 4901 caelorum
1829 4850 2016 4904 similis
2046 4862 2123 4907 est

527 4928 722 4983 homini
754 4932 1128 5001 patrifamilias
1155 4936 1239 5003 qui
1272 4937 1467 5007 profert
1496 4936 1558 4991 de
1590 4940 1830 4996 thesauro
1867 4960 1959 4997 suo
1990 4961 2123 5000 nova

528 5029 580 5075 et
628 5030 796 5076 vetera
843 5022 1057 5097 (Matt/1.
1107 5042 1221 5091 xm,
1253 5026 1365 5101 52),
1414 5029 1632 5089 Samuel
1660 5049 1787 5104 ergo
1832 5036 1950 5092 Heli
1994 5047 2123 5095 tunc

525 5109 773 5181 offertur,
807 5130 929 5169 cum
959 5132 1115 5172 mens
1143 5117 1281 5175 bene
1316 5122 1649 5191 prolicientis
1678 5128 1877 5185 subditi
1911 5132 2042 5201 legis
2066 5142 2123 5189 et

521 5205 912 5275 prophetarum
929 5209 1154 5266 scientia
1176 5213 1436 5283 eruditur,
1454 5226 1512 5272 ut
1534 5218 1586 5273 in
1612 5220 1760 5277 libris
1776 5223 2121 5293 antiquorum

524 5299 862 5389 occidentem
895 5302 1128 5358 litteram
1170 5306 1331 5377 legat,
1361 5310 1457 5365 sed
1485 5312 1649 5368 etiam
1684 5315 1979 5372 secundum
2007 5319 2121 5389 spi-

524 5388 688 5442 ritum
716 5391 1075 5449 vivilicantem
1116 5398 1406 5469 intelligat;
1438 5411 1493 5458 et
1518 5405 1597 5460 sic
1622 5408 1767 5475 quod
1801 5408 1933 5465 foris
1962 5388 2124 5466 sonat

526 5482 781 5552 accipiat,
815 5494 871 5539 ut
910 5495 1107 5555 prater
1137 5491 1528 5551 elementorum
1559 5513 1774 5565 sonum,
1805 5503 1949 5570 quod
1983 5504 2125 5559 intus

527 5573 745 5664 insonet
760 5574 980 5644 spiritus
993 5594 1375 5653 recognoscat;
1406 5596 1462 5642 et
1486 5589 1552 5643 ad
1570 5589 1729 5646 ﬁdem
1748 5608 1885 5648 nova
1905 5596 2120 5664 habeat,

524 5662 643 5731 sed,
672 5664 885 5734 quoties
907 5682 1131 5726 necesse
1159 5671 1339 5740 fuerit,
1372 5676 1439 5730 ad
1459 5677 1595 5733 Novi
1625 5680 1958 5738 Testamenti
1989 5662 2123 5742 con;-

527 5754 893 5849 Iirmationem
918 5760 1221 5834 Scripturas
1240 5774 1453 5824 veteres
1475 5770 1721 5829 adducat.
1748 5773 1899 5830 Tune
1919 5779 2124 5849 quippe

530 5845 820 5907 defendere
849 5867 988 5911 nova
1009 5855 1227 5924 poterit,
1262 5872 1385 5913 cum
1413 5874 1603 5918 eorum
1637 5864 1904 5923 rationem
1934 5845 1999 5924 ex
2020 5845 2123 5926 ve-

2226 4754 2444 4811 Cunctis
2483 4772 2717 4826 namque
2762 4757 2952 4812 diebus
2984 4758 3211 4811 Domino
3243 4757 3409 4812 lilium
3442 4758 3836 4815 commendare

2228 4860 2311 4905 est
2339 4850 2387 4903 ei
2419 4865 2518 4919 pro
2540 4865 2729 4905 eorum
2758 4850 2933 4906 salute
2962 4866 3099 4920 quos
3130 4860 3354 4919 generat
3380 4850 3529 4905 omni
3560 4851 3721 4921 hujus
3744 4854 3836 4909 vi-

2230 4951 2295 4995 tte
2322 4948 2568 5012 tempore
2597 4942 2922 5014 supplicare.
2958 4944 3080 5000 Dies
3110 4960 3343 5014 namque
3372 4944 3567 5015 quibus
3591 4944 3835 5004 Domino

2227 5033 2671 5090 commendamur
2721 5044 2964 5107 tempora
3013 5039 3291 5107 praesentis
3330 5037 3452 5092 vitae
3497 5036 3833 5106 significant.

2226 5111 2287 5181 In
2316 5127 2512 5195 quibus
2539 5126 2787 5221 prolecto
2816 5129 3005 5183 diebus
3044 5136 3195 5184 tanto
3237 5128 3583 5185 validioribus
3629 5129 3839 5185 divina:

2227 5219 2584 5288 protectionis
2626 5219 2839 5274 auxiliis
2869 5220 3192 5289 indigemus,
3235 5228 3439 5290 quanto
3485 5221 3839 5291 gravioribus

2228 5309 2514 5378 spirituum
2543 5310 2903 5378 malignorum
2948 5312 3296 5368 tentamentis
3327 5311 3656 5383 impetimur.
3690 5311 3842 5379 Quia

2226 5416 2358 5457 vero
2386 5402 2440 5456 in
2469 5403 2743 5473 plerisque
2786 5404 3072 5460 Codicibus
3110 5420 3217 5461 non
3248 5406 3637 5461 commendatus
3662 5446 3679 5471 ,
3732 5406 3843 5463 sed

2235 5496 2588 5551 commodatus
2618 5498 2832 5568 legitur,
2884 5514 2913 5553 a
2942 5498 3086 5554 bono
3125 5499 3405 5557 intellectu
3434 5516 3544 5556 non
3572 5509 3753 5556 vacat.
3791 5498 3844 5556 A

2235 5598 2407 5646 matre
2430 5591 2629 5663 quippe
2658 5591 2898 5648 Ecclesia
2928 5594 2981 5648 in
3014 5594 3116 5652 hac
3137 5596 3243 5652 vita
3272 5596 3362 5652 lilii
3388 5594 3843 5653 commodantur.

2234 5682 2499 5755 Quidquid
2529 5701 2658 5742 vero
2687 5689 3121 5759 commodamus,
3173 5689 3226 5746 id
3255 5690 3407 5747 reddi
3454 5691 3610 5747 nobis
3639 5691 3694 5745 in
3724 5689 3845 5746 ﬁde

2232 5776 2550 5846 excipientis
2577 5788 2973 5849 exspectamus.
3006 5784 3131 5840 Dies
3161 5798 3291 5843 vero
3316 5784 3581 5839 virtutum
3611 5782 3843 5852 spirita-

2232 5868 2361 5925 lium
2404 5870 2679 5931 claritatcs
2718 5883 2865 5931 sunt.
2914 5876 3120 5943 Quibus
3146 5876 3396 5947 profecto
3440 5876 3630 5934 diebus
3658 5874 3846 5933 Anne
