4044 6336
240 404 310 459 «i9
1087 399 1154 455 IN
1192 395 1455 453 PRIMUM
1494 394 1734 450 REGUM
1780 392 2288 451 EXPOSITIONES.
2332 425 2399 436 —
2438 394 2566 451 LIB.
2609 395 2648 451 I.
3449 392 3517 446 50

240 522 380 579 ﬁlius
410 520 641 577 Domino
668 517 1063 585 commodatur,
1103 516 1227 585 quia
1272 515 1321 570 ei
1362 521 1547 589 sancta
1586 510 1825 566 Ecclesia
1854 513 1901 572 Α
2004 510 2059 563 2.
2093 508 2220 577 Quce
2256 510 2418 564 etiam
2447 518 2630 564 nostra
2675 515 2832 575 sunt,
2864 508 2988 578 quia
3015 507 3069 561 hi
3098 506 3218 577 qui,
3248 506 3522 563 abrenun-

239 616 449 672 electos
465 613 625 683 oﬂ‘ert
647 612 701 666 in
723 611 968 668 claritate
988 610 1266 672 virtutum,
1291 616 1349 661 ut
1371 622 1465 661 eos
1486 604 1827 675 postmodum

238 708 308 763 ad
352 712 699 775 augmentum
744 702 827 760 sui
871 700 1055 756 :eterni
1105 698 1286 767 gaudii
1334 697 1435 751 sibi
1489 696 1829 766 omnipotens

237 800 382 857 Deus
410 798 665 853 exhibeat
704 797 755 850 in
796 793 1172 865 splendoribus
1217 784 1579 863 praemiorum.
1614 789 1681 843 Et
1726 805 1828 845 n0-

185 956 197 973 '
236 894 462 950 tandum
484 892 609 961 quia
631 889 882 946 omnibus
902 888 1090 942 diebus
1118 884 1526 942 commendatus
1548 884 1831 951 asseritur,

234 996 298 1042 ut
327 988 377 1042 ei
407 986 474 1041 de
497 1001 563 1040 eo
590 984 735 1054 quod
763 981 1071 1037 habendum
1101 988 1187 1036 est
1214 981 1281 1035 de
1301 978 1565 1050 spirituali
1596 994 1829 1034 conver-

235 1080 455 1139 satione
474 1079 606 1134 nihil
628 1078 785 1144 desit,
802 1091 961 1146 quem
986 1076 1307 1146 prmdicator
1330 1074 1532 1130 electus
1553 1074 1605 1129 in
1631 1083 1831 1128 aeterna

238 1173 351 1230 vita
377 1173 622 1242 recipere
652 1170 998 1226 tenebrosum
1028 1153 1301 1239 ex‘aliqua
1329 1176 1485 1239 parte
1528 1184 1637 1224 non
1671 1176 1830 1240 pote-

234 1267 329 1323 ῑὶι.
354 1266 642 1337 Sequitur:

308 1383 334 1447 (
348 1380 505 1436 Vers.
538 1378 654 1449 ΞΒ.)
687 1378 758 1432 Et
787 1379 1135 1433 adoraverunt
1162 1376 1232 1430 ibi
1261 1375 1561 1430 Dominum.

309 1471 380 1527 Et
404 1488 506 1527 nos
530 1471 772 1527 membra
800 1477 1001 1527 sancta:
1028 1468 1300 1533 Ecclesiae,
1333 1484 1455 1523 cum
1482 1482 1580 1539 per
1600 1467 1834 1537 scriptu-

235 1580 331 1620 ras
372 1563 707 1620 Testamenti
753 1562 999 1630 Veteris,
1048 1562 1414 1627 venerationi,
1459 1568 1515 1616 et
1561 1570 1833 1634 praecepto

236 1657 537 1715 conditoris
560 1667 583 1694 ο
607 1655 988 1721 submittimur,
1014 1655 1085 1709 ibi
1111 1654 1354 1725 profecto
1383 1654 1668 1708 Dominum
1698 1654 1832 1709 ado-

240 1764 454 1814 ramus,
506 1748 636 1818 quia
682 1747 903 1803 Patrum
948 1755 1189 1803 veterum
1240 1744 1399 1802 ﬁdem
1453 1755 1729 1811 tenemus,
1778 1752 1835 1799 et

245 1839 488 1895 eamdem
520 1838 681 1894 tidem
707 1853 807 1910 per
835 1838 1177 1895 dilectionem
1208 1839 1262 1894 in
1290 1839 1436 1895 bono
1475 1853 1642 1909 opere
1671 1852 1830 1894 exer-

244 1948 448 1989 ccmus.

877 2045 1106 2103 CAPUT
1144 2046 1211 2101 II.

312 2139 443 2195 Haec
470 2138 537 2193 de
561 2138 824 2210 principio
871 2140 1052 2211 typica
1095 2138 1436 2210 expositione
1476 2138 1831 2210 protulimus;

241 2250 390 2289 nunc
413 2233 466 2287 in
483 2233 719 2301 ejusdem
742 2233 920 2289 verbis
941 2233 1183 2288 historia:
1206 2232 1567 2288 eruditionem
1590 2241 1833 2289 nostram

240 2342 335 2397 per
357 2326 620 2381 moralem
649 2326 1098 2395 signiﬁcationem
1127 2327 1485 2396 requiramus.

310 2418 362 2488 (I
394 2416 529 2485 Reg.
560 2434 596 2481 ι,
626 2418 704 2487 1.)
754 2416 884 2471 Fuit
926 2419 1004 2472 uir
1049 2435 1205 2485 unus,
1236 2418 1429 2489 inquit,
1463 2418 1525 2473 de
1572 2417 1835 2474 Ramatlta

241 2507 480 2579 Sophim.

309 2602 360 2655 i.
395 2602 451 2655 tn
479 2601 588 2657 hoc
615 2602 734 2656 viro
765 2617 875 2657 uno
903 2601 1033 2673 quid
1059 2603 1260 2659 rectius
1282 2617 1442 2674 quam
1468 2606 1836 2677 unusquisque

237 2692 346 2764 30
386 2706 561 2747 novus
584 2693 765 2748 saeculi
793 2702 1138 2764 contemptor
1168 2694 1513 2765 designatur?
1557 2697 1649 2753 Vir
1678 2713 1836 2752 nam-

239 2799 344 2854 que
388 2784 618 2852 dicitur,
656 2785 779 2854 quia
815 2786 1094 2856 proposito
1135 2787 1291 2842 fortis
1330 2796 1445 2856 est;
1498 2805 1636 2845 unus
1674 2806 1833 2857 vero,

240 2876 364 2946 quia
417 2890 605 2930 amore
652 2877 978 2945 singularis;
1030 2879 1109 2933 vir
1150 2894 1382 2949 namque
1428 2890 1542 2947 est,
1596 2882 1721 2952 quia
1768 2898 1836 2937 ex

237 2987 434 3042 magna
461 2972 661 3028 virtute
691 2983 886 3028 cuncta
916 2974 1202 3043 praesentia
1230 2975 1489 3046 despicit;
1541 2975 1635 3030 sed
1663 2993 1832 3045 unus,

239 3065 364 3133 quia
414 3064 530 3119 sola
561 3064 949 3135 omnipotentis
978 3065 1074 3119 Dei
1117 3067 1299 3136 specie
1345 3066 1447 3120 frui
1476 3069 1834 3138 concupiscit.

240 3158 493 3227 Quisquis
520 3158 663 3213 enim
698 3158 938 3228 perfecte
976 3166 1192 3213 terrena
1236 3159 1483 3230 despicit,
1514 3161 1596 3215 vir
1638 3170 1722 3216 est
1765 3177 1836 3217 ex

238 3251 573 3317 fortitudine,
609 3251 704 3307 sed
735 3252 779 3307 si
810 3252 1148 3308 c0nditorem
1178 3268 1331 3308 suum
1361 3255 1615 3309 ardenter
1643 3256 1832 3311 videre

243 3359 347 3399 non
380 3344 593 3414 cupiat,
642 3359 750 3399 non
780 3353 865 3399 est
912 3360 1052 3400 unus
1080 3359 1148 3400 ex
1194 3346 1512 3401 intentione.
1564 3345 1833 3403 Perfectio

240 3435 405 3504 igitur
422 3435 523 3489 viri
552 3436 605 3489 in
633 3436 905 3505 praeconio
934 3438 1157 3509 ponitur
1185 3439 1429 3507 unitatis,
1452 3447 1513 3493 ut
1540 3440 1633 3509 qui
1663 3455 1833 3495 saecu-

240 3529 349 3583 lum
380 3537 637 3599 potenter
665 3530 888 3600 despicit
916 3540 1151 3587 mentem
1191 3548 1299 3587 non
1331 3532 1555 3599 dividat,
1588 3534 1717 3588 solis
1742 3548 1835 3588 su—

240 3623 423 3692 pernis
452 3623 645 3690 inhiet,
668 3622 735 3677 ad
760 3638 823 3678 ea
859 3632 1063 3678 tantum
1083 3640 1200 3695 quae
1221 3624 1286 3678 de
1305 3625 1511 3679 visione
1540 3624 1837 3679 conditoris

241 3724 364 3769 sunt
396 3722 602 3769 mterna
629 3716 823 3783 gaudia
859 3718 1114 3787 suspiret.
1149 3717 1296 3772 Talis
1322 3718 1565 3788 profecto
1601 3727 1720 3773 erat
1745 3719 1837 3789 qui

241 3803 355 3859 Deo
382 3805 647 3861 conﬁtens
675 3806 751 3861 ait
780 3825 792 3859 :
829 3805 966 3871 Quid
1000 3808 1124 3861 mihi
1153 3816 1314 3861 restat
1344 3808 1394 3862 in
1437 3809 1561 3864 60310
1581 3851 1593 3873 ,
1645 3818 1694 3863 et
1724 3827 1757 3865 α
1789 3817 1838 3864 te

242 3897 366 3968 quid
399 3898 535 3951 volui
564 3914 717 3968 super
748 3907 937 3952 terram
968 3898 1141 3969 (Psal.
1174 3914 1340 3963 Lxxu,
1374 3899 1464 3970 25)
1489 3902 1511 3953 ?
1540 3899 1675 3953 Hinc
1706 3900 1835 3954 item

242 3989 375 4044 dicit
402 4006 415 4041 :
454 3987 667 4042 Vultum
698 3999 859 4056 tuum,
890 3990 1130 4059 Domine,
1163 3992 1423 4059 requiram
1470 3991 1639 4060 (Psal.
1676 4008 1832 4054 xxvr,

242 4080 320 4150 8).
353 4080 455 4146 Qui
493 4082 634 4136 enim
666 4081 720 4136 in
754 4090 894 4137 terra
937 4083 1068 4137 nihil
1098 4083 1287 4148 voluit,
1319 4082 1565 4152 profecto
1592 4085 1675 4138 vir
1704 4086 1834 4149 fuit;

242 4174 335 4230 sed
359 4174 453 4244 qui
483 4189 660 4243 neque
692 4175 746 4229 in
776 4176 935 4241 cmlo,
964 4190 1138 4244 neque
1168 4176 1220 4230 in
1246 4185 1388 4230 terra
1419 4176 1619 4245 aliquid
1642 4184 1839 4245 printer

242 4267 417 4336 ipsum
451 4266 641 4332 voluit,
670 4266 785 4336 qui,
826 4267 1023 4338 spretis
1051 4267 1323 4329 omnibus,
1358 4267 1531 4322 solum
1576 4268 1692 4336 ejus
1720 4267 1838 4321 vul-

243 4367 355 4414 tum
380 4360 647 4430 qumsivit,
677 4374 786 4414 non
807 4360 980 4414 solum
1003 4360 1102 4423 vir,
1141 4358 1235 4413 sed
1256 4360 1419 4415 etiam
1444 4376 1584 4415 unus
1607 4359 1834 4440 exstitit.

242 4453 319 4509 De
336 4454 438 4508 hac
464 4454 673 4508 unitate
692 4452 951 4509 Dominus
967 4454 1016 4509 in
1037 4452 1330 4524 Evangelia
1345 4453 1567 4509 Marthae
1581 4454 1836 4524 loquitur,

242 4546 429 4602 dicens
454 4563 467 4599 :
494 4544 729 4612 Martha,
758 4545 994 4611 Mart/ta,
1027 4546 1254 4600 sollicita
1282 4563 1357 4613 es,
1386 4555 1435 4600 et
1468 4546 1692 4601 turbaris
1713 4563 1841 4619 erga

241 4642 500 4713 plurima;
531 4657 685 4711 porro
708 4656 867 4694 unum
887 4650 962 4696 est
986 4642 1330 4695 necessarium
1353 4640 1504 4708 (Luc.
1530 4657 1586 4708 x,
1608 4640 1696 4707 41,
1722 4640 1833 4712 42).

240 4708 381 4788 Dine
407 4708 584 4788 Lucas
610 4734 678 4786 de
704 4731 947 4801 perfecto
976 4732 1310 4787 credentium
1335 4746 1563 4786 numero
1586 4708 1831 4801 loquens,
1872 4708 1921 4766 Ῑ)

240 4826 317 4878 ait
343 4842 356 4877 :
390 4822 523 4876 Erat
552 4824 625 4876 eis
655 4838 745 4877 cor
770 4838 948 4889 unum,
989 4831 1037 4877 et
1085 4825 1263 4877 anima
1290 4840 1396 4877 una
1446 4822 1582 4894 (Aet.
1617 4838 1690 4890 ιν,
1722 4822 1832 4894 5‘2).

242 4915 423 4971 Unum
454 4914 655 4985 quippe
678 4915 757 4969 eis
785 4930 882 4970 cor
906 4923 1043 4981 erat,
1090 4916 1215 4985 quia
1240 4930 1339 4985 per
1368 4916 1720 4970 intentionem
1752 4930 1838 4969 ra-

241 5011 407 5065 tionis
436 5010 611 5065 solum
638 5010 974 5065 conditorem
1008 5019 1365 5080 aspexerant;
1410 5025 1570 5063 unam
1602 5010 1836 5063 animam

238 5102 535 5166 habebant,
580 5102 705 5171 quia
755 5117 853 5171 per
883 5101 1223 5158 aﬂ'ectionem
1266 5103 1468 5158 amoris
1515 5103 1690 5157 solum
1723 5102 1837 5171 ejus

238 5194 437 5249 faciem
467 5192 652 5247 videre
697 5193 1093 5249 desiderabant.
1144 5194 1280 5251 Hinc
1309 5203 1391 5249 est
1438 5194 1587 5265 quod
1616 5195 1841 5263 diligens

238 5286 523 5359 Pr0pheta
555 5304 738 5345 secum
771 5296 1009 5359 reputat,
1038 5289 1224 5345 dicens
1256 5307 1268 5343 :
1305 5287 1480 5344 Sitivit
1520 5291 1695 5342 anima
1726 5304 1841 5341 mea

239 5379 311 5433 ad
342 5378 512 5433 Deum
557 5382 754 5450 fontem
783 5381 970 5450 vivum,
1000 5382 1206 5451 quando
1251 5381 1453 5435 ueniam
1491 5389 1539 5434 et
1581 5378 1840 5450 apparebo

241 5480 367 5526 ante
408 5474 596 5545 faciem
640 5471 738 5527 Dei
771 5473 944 5546 (Psal.
973 5491 1081 5541 xu,
1116 5473 1212 5544 2)?
1242 5473 1347 5529 Pro
1377 5475 1479 5529 hac
1503 5474 1708 5528 unitate
1739 5474 1837 5528 ob-

242 5564 464 5619 tinenda
514 5562 726 5619 Veritas
770 5564 973 5620 docens
1019 5567 1131 5621 ait:
1169 5564 1269 5631 Qui
1317 5582 1419 5620 non
1465 5567 1839 5621 renuntiaverit

242 5656 484 5712 omnibus
515 5673 629 5727 qua
656 5658 888 5727 possidet
915 5674 1018 5712 non
1048 5669 1213 5730 potest
1240 5675 1382 5714 meus
1412 5674 1523 5714 esse
1550 5659 1836 5730 discipulus

246 5747 400 5819 (Luc.
436 5764 546 5815 xxv,
576 5747 691 5820 55).

316 5922 341 5953 ι
371 5913 431 5971 In
459 5913 619 5971 Guss.
651 5921 707 5972 et
726 5913 899 5973 Vatic.
925 5913 1254 5973 submittitur.

1934 603 2127 657 tiantes
2155 603 2372 666 saeculo,
2404 602 2713 657 remotioris
2750 600 2873 655 vita:
2902 608 3173 655 secretum
3206 600 3519 670 petivimus,

1930 694 2176 751 monachi
2202 708 2475 748 vocamur.
2504 691 2691 748 Mones
2720 691 2939 760 quidem
2968 690 3173 755 Grzece,
3200 690 3391 746 Latine
3421 707 3520 747 au-

1932 792 2213 839 tem‘unus
2241 783 2454 839 dicitur.
2484 782 2602 837 IIoc
2630 782 2830 853 quippe
2860 781 3017 836 titulo
3041 781 3419 852 appellationis
3444 783 3526 834 in-

1930 874 2238 939 scribimur,
2267 883 2326 928 ut
2349 888 2455 928 vox
2481 873 2715 927 nominis
2746 871 2918 926 nostri
2948 872 3104 927 nobis
3136 872 3371 926 insinuet
3403 872 3525 924 alti.

1934 967 2173 1022 tudinem
2199 967 2494 1037 dignitatis,
2520 974 2575 1020 et
2603 966 2814 1021 animus
2854 973 3037 1022 noster
3064 974 3215 1021 tanto
3247 967 3541 1021 ardentius

1934 1059 2003 1113 ad
2030 1060 2327 1114 conditoris
2360 1058 2623 1112 visionem
2656 1071 2715 1112 se
2744 1056 2939 1126 erigat,
2971 1066 3174 1127 quanto
3223 1056 3530 1112 sublimita-

1934 1159 2042 1206 tem
2075 1152 2357 1217 claritatis,
2388 1151 2440 1205 in
2473 1166 2577 1219 qua
2609 1165 2823 1221 semper
2843 1150 3005 1206 debet
3032 1150 3349 1217 consistere,
3374 1148 3529 1218 quasi

1935 1245 1991 1300 in
2020 1245 2197 1299 fronte
2226 1244 2504 1314 praelatam
2534 1250 2735 1313 portat.
2768 1241 2877 1297 Sed
2905 1242 3073 1297 divini
3112 1242 3313 1296 amoris
3358 1240 3529 1295 subli-

1934 1337 2095 1392 mitas
2124 1336 2177 1390 in
2209 1335 2324 1390 sola
2363 1335 2631 1389 catholica
2665 1334 2905 1389 Ecclesia
2933 1334 3078 1389 veris
3106 1333 3292 1389 electis
3321 1334 3531 1402 impen-

1936 1428 2101 1484 ditur.
2135 1429 2279 1483 Bene
2309 1441 2438 1496 ergo
2467 1428 2570 1496 vir,
2599 1428 2691 1496 qui
2719 1442 2857 1483 unus
2882 1426 3097 1492 dicitur,
3143 1427 3211 1482 de
3255 1426 3530 1481 Ramatha

1936 1522 2179 1593 Sophim,
2228 1521 2295 1577 de
2324 1529 2507 1576 monte
2551 1519 2807 1590 Ephraim
2849 1519 3013 1575 fuisse
3042 1520 3377 1589 perhibetur.
3414 1520 3524 1575 Ra~

1935 1616 2117 1671 matha
2163 1615 2381 1685 quippe,
2430 1623 2489 1669 ut
2524 1614 2637 1683 jam
2683 1615 2817 1683 dixi,
2866 1614 3152 1670 Hebraeum
3198 1629 3396 1669 nomen
3425 1625 3530 1683 est,

1935 1708 2029 1764 sed
2059 1706 2248 1760 Latina
2279 1707 2552 1762 locutione
2579 1706 2776 1761 dicitur
2809 1706 2954 1761 Visio
2980 1715 3372 1761 consummata.
3398 1705 3529 1772 Quae

1935 1800 2180 1873 profecto
2211 1801 2504 1872 appellatio
2551 1810 2751 1857 sanctae
2780 1800 3036 1858 Ecclesia:
3082 1803 3361 1865 convenit,
3413 1817 3533 1871 quae

1860 1910 1911 1972 Β
1938 1895 2234 1962 antiquitus
2262 1910 2291 1948 a
2324 1894 2604 1965 prophetis
2634 1894 2860 1965 praevisa
2891 1902 2994 1961 est,
3027 1895 3123 1949 sed
3155 1895 3207 1949 in
3237 1896 3398 1950 tinem
3429 1909 3533 1950 sae-

1939 1991 2185 2047 culorum
2216 1992 2268 2046 in
2294 1990 2674 2062 Redemptoris
2705 1991 2807 2046 lide
2835 1991 3112 2060 disposita.
3142 1994 3532 2047 Consummata

1938 2098 2070 2152 ergo
2097 2084 2235 2138 visio
2276 2092 2464 2138 sancta
2493 2081 2734 2138 Ecclesia
2764 2082 2976 2149 dicitur,
3009 2082 3133 2151 quia
3164 2098 3259 2151 per
3300 2081 3533 2135 Redem-

1941 2184 2153 2246 ptorem
2183 2176 2401 2229 humani
2444 2176 2658 2245 generis
2683 2183 2865 2229 erecta
2898 2181 2979 2229 est
3025 2174 3079 2228 in
3119 2173 3397 2242 religionis
3419 2172 3536 2227 cul-

1938 2269 2102 2335 mine,
2133 2283 2251 2338 quae
2273 2269 2401 2322 olim
2435 2276 2641 2322 tantum
2674 2267 2896 2337 praevisa
2930 2275 3050 2321 erat
3078 2265 3267 2336 spiritu
3294 2266 3534 2336 prophe-

1939 2359 2045 2413 tiae.
2097 2357 2224 2414 Hinc
2264 2366 2442 2412 autem
2473 2357 2696 2427 SOphim
2731 2372 2851 2412 esse
2893 2356 3217 2412 describitur
3251 2355 3311 2408 in
3349 2364 3535 2408 monte

1939 2446 2195 2518 Ephraim
2236 2448 2500 2503 mdilicata
2538 2448 2758 2519 (Supra,
2789 2449 2938 2502 initio
2969 2447 3303 2518 expositionis
3331 2448 3533 2517 allego~

1938 2543 2106 2611 τίσω),
2155 2542 2280 2611 quia
2332 2542 2792 2611 contemplatione
2838 2542 2933 2596 Dei
2980 2542 3275 2596 celsissima
3324 2549 3436 2608 est,
3483 2550 3540 2597 et

1939 2634 2271 2705 spiritalibus
2299 2633 2587 2687 virtutibus
2619 2632 2866 2687 fecunda.
2900 2632 3122 2703 Sophim
3164 2633 3363 2702 quippe
3409 2647 3535 2702 spe-

1940 2728 2064 2786 cula
2093 2727 2311 2795 dicitur,
2341 2725 2596 2796 Ephraim
2627 2724 2971 2781 Iructiﬁcans.
3005 2725 3135 2793 Qua:
3165 2728 3409 2796 profecto
3438 2741 3537 2781 v0-

1941 2822 2131 2879 cabula
2160 2822 2323 2875 situm
2352 2828 2553 2876 sancta:
2582 2818 2836 2874 Ecclesia:
2877 2828 3023 2874 recte
3064 2819 3368 2885 insinuant,
3416 2833 3536 2887 quae

1940 2928 2048 2968 non
2077 2912 2251 2967 solum
2275 2911 2575 2966 intentione
2598 2908 2818 2963 visionis
2847 2908 2955 2962 alta
2978 2916 3081 2976 est,
3100 2907 3195 2963 sed
3216 2907 3536 2964 excellentia

1939 2999 2386 3057 conversationis.
2420 2998 2622 3065 Quibus
2652 2998 2814 3053 etiam
2854 2997 3130 3053 vocabulis
3157 3005 3211 3053 et
3240 2997 3531 3054 hmretico-

1939 3109 2060 3148 rum
2090 3092 2390 3158 dementia,
2424 3099 2478 3146 et
2518 3099 2836 3146 czeterorum
2867 3091 3236 3160 improborum
3281 3090 3538 3145 sterilitas

1940 3186 2283 3256 reprobatur.
2315 3185 2393 3238 Illi
2420 3184 2658 3253 quidem,
2692 3184 2815 3237 dum
2846 3199 2876 3237 a
2920 3182 3239 3239 rectitudine
3282 3183 3408 3238 lidci
3438 3182 3531 3236 de-

1859 3298 1905 3360 ε
1938 3279 2121 3345 viant,
2156 3277 2585 3347 speculationem
2616 3275 2961 3330 sublimitatis
3007 3290 3115 3329 non
3158 3274 3396 3339 habent;
3446 3273 3539 3327 isti

1937 3382 2090 3433 vero,
2121 3367 2245 3435 quia
2266 3374 2419 3420 recta
2450 3365 2633 3420 vident
2662 3379 2782 3433 quae
2812 3372 2992 3431 agant,
3026 3371 3081 3416 et
3111 3377 3175 3417 ea
3198 3362 3542 3417 laceresem—

1939 3472 2040 3526 per
2064 3455 2425 3518 dissimulant,
2453 3452 2727 3522 speculam
2755 3452 2973 3519 quidem
3003 3449 3226 3515 habent,
3249 3449 3340 3503 sed
3370 3450 3541 3503 virtu-

1943 3557 2056 3601 tum
2078 3552 2318 3599 montem
2341 3544 2445 3615 31
2470 3542 2757 3597 excellenti
2778 3542 2888 3595 vita
2911 3557 3021 3595 non
3043 3540 3310 3597 obtinent.
3335 3540 3537 3598 Sancta

1942 3654 2075 3694 vero
2106 3637 2344 3692 Ecclesia
2373 3636 2496 3705 quia
2530 3635 2583 3689 in
2613 3633 2857 3705 Sophim,
2891 3634 2941 3688 id
2972 3642 3057 3691 est
3088 3634 3140 3688 in
3170 3635 3539 3705 speculatione

1941 3732 2183 3789 sublimis
2227 3738 2336 3795 est,
2386 3729 2665 3799 gloriatur,
2714 3727 2899 3783 dicens
2934 3745 2945 3781 :
2978 3726 3180 3783 Nostra
3222 3731 3542 3783 conversatio

1940 3828 1995 3880 in
2035 3824 2174 3881 cazlis
2217 3834 2293 3879 est
2326 3824 2548 3896 (Philip.
2580 3840 2658 3890 tn,
2691 3822 2805 3894 ΞΟ).
2838 3823 2975 3890 Quia
3005 3824 3167 3878 etiam
3199 3824 3254 3879 in
3284 3824 3541 3878 virtutum

1943 3926 2129 3971 monte
2156 3931 2252 3986 per
2274 3916 2402 3969 boni
2433 3915 2612 3985 operis
2641 3914 2871 3969 tructum
2901 3916 3188 3969 constituta
3219 3922 3322 3982 est,
3353 3915 3545 3969 elisam

1941 4005 2297 4075 reproborum
2332 4004 2490 4058 fidem
2522 4005 2839 4075 reprobans,
2875 4006 2951 4060 ait
2984 4024 2995 4058 :
3030 4004 3192 4059 Fides
3226 4008 3339 4059 sine
3368 4007 3541 4077 operi-

1944 4097 2035 4151 bus
2062 4106 2267 4151 mortua
2297 4107 2372 4150 est
2397 4097 2535 4168 (Jac.
2566 4114 2626 4163 ll,
2655 4098 2742 4164 ΞΟ,
2772 4098 2885 4168 26).
2915 4098 3053 4153 ινίἱηο
3083 4100 3211 4152 item
3237 4100 3541 4169 prmdicans

1943 4188 2072 4243 dicit
2098 4207 2109 4241 :
2143 4188 2281 4242 Dum
2304 4197 2503 4260 tempus
2526 4190 2794 4254 habemus,
2820 4207 3089 4260 operemur
3117 4191 3305 4244 bonum
3332 4192 3402 4243 ad
3430 4207 3541 4244 om-

1945 4299 2055 4348 nes,
2086 4283 2314 4335 maxime
2334 4291 2505 4335 autem
2534 4282 2601 4336 ad
2627 4283 2933 4337 domesticos
2960 4284 3081 4354 fidei
3105 4283 3303 4356 (Colat.
3329 4300 3401 4350 vr,
3430 4284 3540 4356 10).

1945 4373 2044 4428 Vir
2073 4388 2203 4442 ergo
2232 4375 2322 4442 qui
2369 4391 2506 4430 unus
2535 4375 2730 4429 dicitur
2779 4377 2845 4430 de
2892 4386 3075 4432 monte
3122 4376 3374 4448 Ephraim
3425 4394 3545 4434 esse

1946 4473 2299 4530 memoratur,
2341 4466 2467 4535 quia
2516 4475 2570 4519 et
2619 4474 2833 4522 terrena
2867 4469 3168 4539 deSpicere,
3213 4479 3267 4525 et
3312 4486 3544 4540 superna

1947 4555 2281 4619 desiderare,
2333 4557 2382 4610 ei
2416 4557 2588 4611 solum
2620 4560 2844 4629 prodi-st
2875 4562 2965 4630 qni
2996 4577 3091 4630 per
3121 4561 3277 4615 tidem
3312 4563 3543 4617 catholi-

1948 4661 2068 4701 cam
2094 4646 2234 4699 intra
2252 4653 2495 4700 sanctam
2512 4645 2805 4702 Ecclesiam
2829 4665 2948 4705 sese
2973 4650 3233 4705 continet.
3258 4650 3542 4718 Sequitur:

2021 4738 2295 4809 (νει-ελ.)
2323 4737 2392 4792 Et
2414 4756 2597 4794 nomen
2620 4741 2732 4811 ejus
2754 4741 3013 4810 llelcana,
3036 4743 3179 4812 ﬁiius
3204 4742 3541 4804 Hieroboam,

1946 4832 2045 4902 ﬁlii
2078 4830 2255 4895 Heliu,
2283 4830 2385 4900 ﬁlii
2417 4830 2583 4896 Tltau,
2623 4822 2723 4901 lilii
2754 4832 2922 4902 Suplt.

2016 4923 2070 4977 3.
2106 4922 2221 4978 Hoc
2262 4923 2423 4976 etiam
2456 4938 2650 4975 nomen
2697 4923 2942 4992 superius
2972 4923 2999 4961 δ
3028 4923 3382 4989 ostendimus,
3415 4923 3542 4991 quia

1946 5014 2013 5069 ab
2042 5012 2263 5067 Ilohrzea
2290 5013 2468 5080 lingua
2500 5014 2552 5066 in
2581 5020 2844 5075 nostram,
2875 5013 2967 5066 Dei
2994 5012 3190 5072 fervor.
3215 5020 3541 5067 verteretur.

1947 5104 2103 5173 Quod
2133 5103 2379 5176 profecto
2422 5120 2620 5158 nomen
2654 5104 2752 5158 viri
2783 5104 2920 5158 bene
2948 5103 3196 5171 congruit
3222 5104 3397 5159 ordini
3431 5104 3543 5174 spi-

1947 5196 2114 5251 ritalis
2134 5195 2503 5266 expositionis.
2530 5194 2633 5261 Qui
2654 5196 2796 5250 enim
2822 5195 2903 5249 vir
2928 5210 3062 5248 unus
3082 5193 3296 5259 dicitur,
3324 5208 3548 5248 necesse

1949 5297 2029 5344 est
2058 5298 2115 5342 ut
2144 5303 2208 5342 ex
2235 5287 2327 5342 Dei
2360 5286 2575 5352 fervore
2606 5296 2911 5342 censeatur.
2944 5285 3076 5351 Quis
3105 5286 3247 5340 enim
3280 5295 3373 5340 aut
3406 5293 3544 5340 tem-

1949 5378 2154 5448 poralia
2205 5378 2514 5447 despicere,
2558 5386 2651 5432 aut
2695 5392 2877 5431 amare
2921 5376 3161 5432 cmlestia
3209 5377 3325 5432 sine
3365 5378 3543 5432 divira

1948 5470 2120 5540 gratia
2148 5471 2358 5540 possit?
2392 5470 2621 5526 Necesse
2647 5470 2846 5539 quippe
2885 5478 2968 5525 est
2998 5478 3057 5524 ut
3096 5470 3238 5525 hunc
3267 5471 3438 5540 gratia
3470 5473 3551 5525 di-

1946 5567 2066 5619 vina
2098 5564 2418 5634 przeveniat,
2455 5568 2741 5630 quatenus,
2788 5560 3015 5630 Spiritus
3056 5563 3229 5617 sancti
3270 5562 3391 5631 igne
3422 5577 3548 5615 suc-

1946 5672 2162 5724 census,
2184 5664 2388 5724 quanto
2414 5654 2688 5708 ardentius
2710 5668 2916 5708 summa
2948 5653 3140 5722 diligit,
3168 5662 3321 5707 tanto
3352 5653 3546 5705 fortius

1945 5751 2053 5806 ima
2106 5755 2435 5803 contemnat.
2491 5745 2591 5800 Cui
2647 5746 2808 5800 etiam
2870 5747 2922 5801 in
2975 5747 3305 5816 genealogiae
3355 5744 3545 5799 ordine

2012 5910 2041 5951 δ
2070 5910 2322 5983 Superius
2343 5908 2490 5965 nulla
2512 5910 2736 5967 occurrit
2760 5894 3039 5983 explicatio
3068 5910 3218 5981 hujus
3241 5909 3486 5964 nominis.
