4044 6336
267 387 340 444 5'5
1126 373 1192 431 IN
1232 371 1494 430 PRIMUM
1531 365 1772 432 BEGUM
1813 359 2324 418 EXPOSITIONES.
2363 388 2432 399 —
2471 357 2598 414 LlB.
2639 359 2680 414 Ι.
3471 357 3540 412 54

267 500 481 563 Petrus,
510 495 636 552 dum
664 495 720 552 in
749 496 986 552 montem
1015 486 1326 554 assumitur,
1355 477 1481 542 dum
1507 482 1650 540 nube
1678 478 1854 536 lucida
1882 479 1936 542 Α
1959 475 2111 532 danae
2133 473 2430 530 atiectionis
2459 473 2705 542 deserat,
2732 484 2787 530 et
2808 473 3076 530 mulcetur
3094 474 3288 550 gaudio
3317 475 3544 546 utquod

268 589 644 654 obumbratur,
687 585 813 641 dum
863 583 913 638 ei
957 579 1316 648 transﬁgurati
1346 577 1514 647 gloria
1553 571 1853 636 ,Salvatoris

269 683 589 750 ostenditur,
628 680 799 738 dicit:
829 678 1033 738 Bonum
1079 687 1156 734 est
1205 693 1299 732 nos
1328 674 1409 728 hic
1463 688 1592 739 esse,
1634 669 1854 724 Domine

271 775 484 848 (Matth.
505 790 631 840 xvu,
657 772 736 844 4).
769 771 903 831 Nam
927 770 1051 840 quia
1068 768 1179 838 jam
1208 767 1304 822 Dei
1331 762 1714 836 omnipotentis
1737 776 1854 814 mu-

268 881 399 924 nere
436 875 674 924 meretur
705 874 726 897 υ
759 863 1023 924 interesse
1071 860 1404 928 sublimibus,
1435 852 1858 929 incomparabile

269 957 378 1013 illic
407 957 610 1012 bonum
659 954 1002 1014 ineffabiliter
1030 954 1218 1022 diligit,
1267 968 1333 1008 ex
1377 951 1528 1023 cujus
1556 947 1855 1024 pulchritu-

268 1047 391 1102 dine
421 1055 616 1102 cuncta
642 1061 760 1115 quae
783 1053 1060 1101 transeunt
1082 1043 1227 1107 velut
1250 1043 1388 1100 fteda
1418 1040 1782 1114 reprehendit.

199 1165 207 1210 ς
343 1139 395 1202 6.
430 1137 536 1193 Sed
554 1136 682 1208 quid
703 1144 786 1192 est
804 1135 948 1205 quod
966 1134 1104 1196 idem
1127 1135 1210 1192 vir
1229 1135 1296 1190 de
1316 1134 1534 1196 civitate
1553 1147 1651 1189 sua
1674 1147 1860 1188 ascen-

197 1211 207 1231 ’
273 1230 404 1288 dere
431 1230 659 1287 dicitur?
687 1227 826 1295 Quid
855 1243 982 1282 vero
1006 1234 1088 1284 est
1115 1226 1259 1284 aliud
1282 1226 1488 1293 civitas,
1515 1223 1617 1288 nisi
1640 1222 1860 1279 cohabi-

273 1325 502 1386 tantium
549 1319 976 1378 munimentum?
1006 1317 1137 1386 Quae
1179 1325 1359 1378 autem
1389 1325 1472 1372 est
1507 1316 1622 1374 haec
1648 1315 1859 1384 civitas,

273 1416 375 1472 nisi
399 1413 589 1468 muniti
613 1411 790 1468 cordis
810 1409 1046 1481 perfecta
1065 1409 1308 1465 custodia
1325 1407 1859 1480 circumspectionis?

274 1506 400 1562 Haec
430 1505 683 1566 nimirum
710 1503 857 1558 velut
901 1501 1276 1562 cobahitantes
1323 1501 1469 1559 cives
1514 1500 1636 1556 altis
1665 1499 1860 1560 mueni-

275 1598 370 1652 bus
391 1595 647 1666 protegit,
677 1594 800 1662 quia
829 1593 954 1650 dum
984 1591 1354 1650 custodiendis
1379 1592 1664 1648 virtutibus
1691 1591 1862 1646 soler-

276 1695 356 1740 ter
384 1684 645 1753 invigilat,
678 1684 946 1740 internam
974 1699 1161 1740 eorum
1201 1698 1389 1755 pacem
1421 1683 1593 1738 hostis
1638 1680 1862 1736 callidus

273 1795 378 1836 non
421 1778 727 1836 conturbat.
772 1777 830 1832 ln
862 1778 962 1838 hac
989 1783 1138 1836 certe
1176 1776 1394 1834 civitate
1425 1792 1523 1838 nos
1568 1777 1862 1834 consistere

1956 574 2284 640 praegustare
2304 566 2371 622 de
2395 567 2690 622 conditoris
2739 567 2983 623 bonitate
3010 566 3230 622 inchoat
3273 566 3546 621 ardentius

1955 661 2323 733 conwpiscat.
2357 659 2508 716 Tunc
2526 661 2726 732 quippe
2754 659 2973 736 adorat,
3013 674 3167 726 cum,
3208 659 3547 715 considerata

1957 759 2049 813 illa
2079 757 2438 814 immensitate
2460 759 2892 831 omnipotentiae,
2925 759 3002 813 sic
3029 757 3294 814 conditori
3323 755 3553 810 submit-

1957 850 2110 920 titur,
2140 858 2196 906 ut
2224 859 2410 910 contra
2439 851 2770 921 spiritualem
2821 850 3289 906 conversationem
3319 845 3552 902 carnalis

1958 943 2411 1013 concupiscentiae
2441 943 2755 1020 impulsibus
2781 959 2887 1000 non
2919 946 3146 1001 levetur.
3179 944 3424 1001 Adorans
3453 959 3549 998 au-

1961 1041 2071 1088 tem
2101 1033 2376 1101 immolat,
2407 1036 2530 1103 quia
2561 1051 2668 1104 quo
2699 1036 2950 1092 humilius
2998 1037 3176 1091 divina
3203 1035 3553 1092 veneratione

1959 1128 2358 1199 prosternitur,
2410 1143 2632 1184 summae
2681 1130 2940 1186 claritatis
2992 1131 3132 1188 illius
3183 1130 3554 1186 blandimento

1959 1221 2178 1277 suavius
2228 1219 2524 1280 refovetur.
2571 1221 2811 1278 Adorare
2861 1223 3020 1294 igitur
3070 1223 3418 1293 ascendenti,
3473 1230 3559 1278 est

1962 1311 2156 1367 divinae
2179 1312 2582 1383 omnipotentiae
2612 1327 2801 1383 magna
2823 1315 2957 1370 casti
2981 1314 3179 1370 amoris
3199 1313 3555 1370 veneratione

1963 1403 2238 1471 submitti;
2267 1403 2547 1459 immolare
2571 1419 2722 1472 vero,
2752 1404 2944 1460 divinae
2972 1406 3105 1461 lucis
3129 1407 3391 1460 suavitate
3421 1405 3556 1460 inef-

1961 1495 2196 1551 fabiliter
2233 1495 2509 1551 delectari.
2543 1494 2721 1552 Electa
2752 1498 2895 1551 enim
2935 1513 3089 1553 mens
3119 1498 3263 1554 velut
3290 1498 3556 1569 spirituali

1963 1587 2320 1644 immolationi
2349 1587 2461 1644 Deo
2492 1605 2551 1645 se
2581 1597 2895 1656 consecrat,
2928 1589 3055 1644 dum
3083 1590 3137 1644 in
3169 1591 3258 1645 illa
3299 1590 3556 1646 inetl’abili

1967 1683 2284 1738 elevationis
2322 1699 2434 1738 suae
2480 1683 2660 1737 laetitia
2691 1698 2811 1737 eam
2859 1683 2997 1752 ignis
3039 1683 3231 1738 divinae
3281 1683 3560 1740 charitatis

1967 1773 2240 1828 ardentius
2268 1773 2580 1828 inflammat.
2617 1773 2783 1829 Deum
2814 1789 2942 1846 ergo
2971 1775 3130 1831 electi
3161 1775 3419 1847 cujusque
3439 1784 3557 1830 stu-

273 1870 486 1940 sapiens
515 1869 604 1924 ille
635 1868 916 1940 praecepit,
963 1869 1055 1944 qui
1085 1869 1196 1923 ait:
1231 1868 1386 1924 Omni
1434 1870 1671 1926 custodia
1711 1886 1856 1926 serva
1889 1864 2111 1928 Bdium
2157 1866 2255 1920 sub
2297 1864 2623 1940 Ephrathaeo
2672 1866 2788 1922 viro
2831 1867 3161 1931 ostenditur,
3215 1876 3271 1922 et
3317 1866 3549 1923 adorare

272 1980 360 2017 cor
381 1971 546 2025 tuum,
577 1962 817 2031 quoniam
840 1977 904 2015 ex
929 1962 1039 2031 ipso
1061 1963 1165 2015 vita
1185 1962 1417 2033 procedit
1441 1962 1618 2034 (Prov.
1645 1979 1716 2030 tv,
1742 1962 1856 2032 25).

272 2053 408 2108 Hinc
439 2054 602 2108 etiam
634 2051 891 2107 Dominus
917 2053 1190 2120 discipulis
1215 2053 1476 2130 praecipit,
1499 2053 1683 2114 dicens
1708 2072 1721 2107 :
1765 2055 1862 2108 l‘os

271 2156 448 2199 autent
476 2145 643 2198 sedete
668 2145 720 2198 in
763 2145 987 2212 civitate,
1030 2145 1192 2199 donec
1235 2144 1525 2200 induamini
1569 2147 1754 2199 virtute
1801 2161 1862 2198 ex

273 2238 385 2292 alto
413 2235 562 2305 (Luc.
595 2253 740 2304 xxiv,
771 2235 882 2307 49).
905 2235 964 2294 In
994 2237 1212 2293 civitate
1241 2238 1437 2308 quippe
1466 2238 1715 2294 sedemus
1742 2253 1864 2293 cum

271 2344 372 2401 per
402 2327 771 2400 quotidianam
808 2329 1222 2384 sollicitudinem
1271 2331 1324 2384 in
1360 2330 1584 2394 internae
1612 2331 1868 2386 custodiae

273 2419 590 2474 defensione
630 2419 1039 2488 requiescimus.
1093 2419 1150 2474 in
1215 2435 1319 2492 qua
1373 2422 1624 2480 sedentes
1672 2424 1868 2478 virtute

274 2510 552 2564 induimur
580 2525 647 2564 ex
671 2509 800 2578 alto,
831 2511 955 2582 quia
987 2513 1269 2584 praeparati
1294 2513 1405 2584 jam
1427 2515 1481 2568 in
1507 2515 1869 2570 habitaculum

275 2601 452 2655 sancti
483 2599 716 2670 Spiritus
745 2615 842 2671 per
888 2601 1003 2670 ejus
1047 2605 1274 2674 gratiam
1314 2605 1367 2659 in
1414 2621 1659 2676 supernae
1686 2606 1870 2675 gloriae

279 2697 799 2767 contemplationem
825 2698 1191 2754 sublevamur.
1222 2699 1279 2754 lu
1313 2701 1416 2757 hoc
1440 2702 1602 2776 igitur
1626 2702 1769 2771 quod
1791 2700 1872 2756 vir

279 2784 640 2860 Ephrathaeus
667 2787 734 2844 de
763 2788 980 2844 civitate
1025 2805 1121 2852 sua
1148 2792 1438 2848 ascendere
1469 2793 1696 2858 dicitur,
1744 2793 1874 2864 quid

280 2882 426 2937 aliud
457 2898 617 2955 quam
641 2885 975 2955 negligentiae
1005 2897 1202 2946 nostrae
1226 2889 1384 2960 culpa
1407 2891 1712 2950 indicatur?
1740 2893 1874 2950 Nam

280 2990 381 3046 per
420 2977 933 3047 contemplationem
967 2977 1151 3036 rimari
1195 2981 1428 3038 caelestia
1460 2984 1742 3052 volumus,
1782 2985 1873 3054 qui

283 3083 394 3121 non
420 3068 598 3122 solum
624 3070 828 3136 cordis,
862 3070 956 3126 sed
981 3073 1141 3126 etiam
1165 3075 1406 3142 corporis
1433 3075 1736 3130 custodiam
1766 3093 1875 3131 non

283 3159 569 3215 habemus.
616 3158 682 3215 Et
741 3161 957 3234 quidem
1002 3179 1145 3235 saepe
1190 3165 1503 3222 indecenter
1551 3167 1870 3238 aspicimus,

1965 1957 2189 2026 dicitur,
2241 1965 2294 2018 et
2323 1956 2636 2028 immolare,
2681 1957 2806 2028 quia
2835 1956 2914 2013 sic
2959 1973 3112 2013 mens
3155 1958 3328 2012 electa
3357 1957 3562 2030 appetit

1966 2067 2200 2122 superna
2231 2051 2545 2120 compicere
2565 2092 2581 2118 ,
2629 2058 2690 2104 ut
2717 2049 2982 2121 spirituali
3009 2049 3219 2104 visione
3247 2049 3558 2122 proficiens,

1968 2154 2025 2198 et
2054 2157 2269 2198 omnem
2316 2150 2518 2196 statum
2549 2150 2797 2196 conterat
2838 2141 3071 2200 carnalis
3099 2140 3252 2205 vitae,
3303 2147 3358 2196 et
3386 2141 3560 2212 pleni-

1968 2233 2207 2287 tudinem
2252 2233 2429 2302 capiat
2474 2239 2692 2287 aeternae
2741 2232 2958 2288 laetitiae.
3004 2231 3138 2286 Nam
3167 2231 3269 2286 etsi
3319 2231 3384 2286 ad
3424 2232 3562 2286 hanc

1969 2338 2192 2378 summae
2215 2322 2686 2393 contemplationis
2726 2323 3061 2378 altitudinem
3107 2323 3337 2378 carnalis
3368 2323 3562 2392 aliquis

1970 2431 2078 2471 non
2105 2416 2412 2480 assumitur,
2441 2425 2701 2487 quantum
2729 2424 2905 2472 tamen
2934 2416 3001 2470 ad
3048 2416 3192 2471 illam
3232 2417 3562 2488 spiritualem

1973 2508 2470 2574 conversationem,
2502 2508 2554 2561 in
2584 2523 2745 2578 quam
2775 2508 2867 2563 illo
2897 2522 3122 2563 ascensu
3152 2508 3570 2580 contemplatio-

1973 2598 2057 2654 nis
2086 2597 2329 2668 proflcit,
2357 2610 2646 2667 antequam
2677 2599 2940 2669 proficiat,
2983 2600 3219 2669 quodam
3253 2599 3415 2656 modo
3442 2615 3564 2654 car-

1975 2689 2113 2744 nalis
2149 2696 2250 2742 est.
2283 2687 2398 2744 lloc
2443 2688 2585 2742 enim
2635 2688 2810 2758 ipsum
2856 2689 3011 2758 quasi
3057 2689 3275 2745 carnale
3319 2697 3432 2757 est,
3475 2704 3573 2759 per

1977 2779 2313 2835 altitudinem
2344 2781 2568 2837 visionis
2595 2796 2624 2835 a
2649 2796 3033 2851 corporearum
3062 2797 3244 2837 rerum
3273 2782 3574 2838 intentione
3623 2821 3628 2824 -

1976 2873 2216 2944 separari
2254 2888 2361 2929 non
2399 2888 2576 2943 posse.

2049 2984 2103 3040 8.
2136 2985 2262 3051 Sed,
2285 2995 2344 3042 ut
2379 2985 2652 3043 temeritas
2692 2987 2939 3042 humanae
2977 2986 3215 3042 audaciae
3253 2986 3576 3057 comprima.

1979 3085 2088 3144 tur,
2106 3077 2254 3147 prius
2275 3076 2501 3132 adorare
2518 3076 2731 3142 dicitur,
2751 3085 2939 3150 postea
2960 3077 3262 3133 immolare.
3287 3076 3576 3133 Ordinatus

1981 3169 2181 3238 quippe
2210 3167 2626 3238 contemplantis
2653 3183 2907 3224 ascensus
2937 3175 3035 3234 est,
3069 3168 3114 3222 si
3156 3184 3187 3222 a
3221 3167 3414 3224 timore
3442 3168 3578 3222 inci-

285 3250 465 3304 otiosa
496 3248 760 3318 audimus,
795 3251 1064 3326 superflua
1092 3253 1380 3325 loquimur,
1405 3271 1671 3325 somnum,
1693 3258 1873 3314 cibum
1903 3233 1951 3300 ο
1984 3263 2115 3332 piat.
2147 3259 2330 3314 Timor
2358 3269 2538 3314 autem
2563 3260 2696 3330 ipse,
2739 3259 2866 3329 quid
2896 3268 2979 3314 est
3027 3259 3171 3313 aliud
3199 3275 3359 3329 quam
3391 3259 3578 3313 electae

287 3354 396 3392 non
424 3338 490 3392 ad
522 3340 872 3397 refectionem
913 3345 1154 3415 corporis
1181 3345 1469 3418 habemus,
1498 3349 1593 3410 sed
1624 3348 1690 3403 ad
1721 3365 1875 3406 usum

288 3429 687 3486 delectationis.
711 3431 894 3503 itaque
914 3450 1038 3489 cum
1059 3435 1324 3492 discutere
1345 3439 1592 3507 ambigua
1611 3440 1876 3508 volumus,

288 3538 526 3594 superna
556 3527 866 3596 conspicere
885 3569 899 3598 ,
961 3530 1212 3585 tenebras
1240 3539 1451 3586 nostras
1477 3533 1727 3592 deserere
1746 3575 1760 3599 ,
1794 3535 1876 3590 iu-

291 3623 461 3671 ternae
488 3616 786 3674 dulcedinis
810 3635 1057 3690 saporem
1087 3630 1330 3692 gustare,
1379 3623 1446 3677 ab
1483 3624 1627 3680 illius
1668 3635 1880 3688 secreto

290 3719 446 3766 tanto
477 3711 690 3780 dignius
715 3714 1054 3784 repellimur,
1087 3724 1290 3786 quanto
1332 3718 1646 3778 munitionis
1683 3729 1882 3778 nostrae

291 3801 636 3858 fortitudines
678 3804 1031 3875 negligentius
1067 3805 1418 3880 dissipamus;
1459 3807 1680 3880 jamque
1728 3810 1884 3866 nobis

293 3902 447 3949 tanto
469 3902 554 3948 est
581 3895 873 3951 ascendere
899 3895 1188 3966 difﬁcilius,
1213 3908 1414 3968 quanto
1436 3901 1501 3954 ad
1528 3902 1885 3972 nosmetipsos

293 3992 492 4064 relapsi
511 3992 562 4045 in
579 3992 917 4048 altitudinem
940 3995 1194 4049 custodiae
1218 3996 1425 4064 erigere
1451 4011 1556 4051 non
1578 3998 1886 4054 curavimus

297 4082 478 4139 cordis
507 4086 852 4141 munitiones.
881 4087 1149 4142 Ascendat
1170 4103 1298 4157 ergo
1327 4091 1410 4144 vir
1430 4090 1496 4144 de
1521 4091 1738 4146 civitate
1767 4107 1886 4160 sua,

295 4185 359 4232 ut
389 4178 485 4252 qui
514 4193 610 4249 per
639 4177 902 4236 internam
947 4181 1460 4251 contemplationem
1493 4185 1698 4256 appetit
1725 4183 1889 4253 proli-

296 4285 455 4336 cere,
505 4270 801 4326 exteriores
832 4285 1022 4326 sensus
1051 4272 1295 4342 ordinet,
1351 4282 1584 4328 mentem
1620 4283 1804 4345 regat,
1838 4282 1893 4329 et

295 4363 454 4433 quasi
485 4364 538 4417 in
586 4363 708 4418 altis
751 4374 1000 4436 receptus
1030 4365 1414 4420 munitionibus
1441 4374 1753 4437 exspectet,
1804 4367 1891 4420 ubi

295 4469 421 4512 eum
453 4471 681 4532 superna
704 4457 986 4514 illustratio
1011 4458 1209 4513 visitet.
1234 4458 1313 4513 Ad
1337 4465 1659 4513 statutorum
1696 4459 1895 4530 quippe

298 4548 509 4603 dierum
558 4563 840 4603 ascensum
877 4550 987 4619 jam
1032 4550 1122 4621 qui
1153 4559 1368 4622 paratus
1409 4551 1669 4619 invigilat,
1703 4551 1894 4620 dignus

1983 3351 2179 3406 mentis
2208 3351 2275 3404 ad
2303 3351 2539 3406 divinam
2570 3351 2797 3418 gloriam
2830 3351 3214 3421 speculandam
3251 3349 3578 3405 transeuntis

1984 3441 2348 3512 praeordinata
2377 3442 2664 3510 purgatio?
2696 3440 2773 3493 Eo
2810 3443 2952 3494 enim
2988 3441 3170 3510 purius
3214 3440 3404 3494 divinae
3451 3440 3582 3496 lucis

1985 3538 2169 3592 radios
2196 3537 2391 3591 intueri
2431 3536 2454 3570 ¹ι
2489 3537 2816 3602 merebatur,
2841 3550 2968 3605 quo,
2996 3535 3242 3590 validiori
3270 3536 3463 3592 timore
3491 3534 3582 3589 dc-

1982 3625 2147 3696 jecta,
2179 3627 2370 3682 visioni
2398 3626 2692 3700 Majestatis
2723 3626 2925 3681 intimae
2969 3628 3248 3698 purgatior
3277 3626 3581 3684 exhibetur.

1988 3717 2079 3774 Sic
2130 3731 2259 3788 ergo
2308 3716 2614 3788 Ephrathaei
2657 3717 2814 3787 hujus
2858 3718 3200 3773 conversatio
3255 3717 3386 3774 foris
3426 3717 3583 3774 nobis

1989 3813 2306 3880 ostenditur,
2342 3821 2400 3867 ut
2419 3811 2485 3867 ad
2506 3811 2892 3883 perfectionem
2917 3814 3261 3870 tendentibus
3283 3814 3410 3883 quid
3439 3816 3586 3871 intus

1990 3906 2254 3976 agendum
2283 3907 2352 3960 sit
2381 3905 2774 3960 rationabiliter
2802 3905 3222 3962 demonstretur.
3253 3905 3420 3976 Igitur
3452 3906 3579 3961 dunt

1990 4015 2215 4055 summae
2238 3998 2422 4068 gloriae
2443 4000 2680 4069 respergi
2708 3998 2956 4054 claritate
2976 3998 3297 4069 appetimus,
3325 4014 3588 4067 praesum-

1993 4093 2193 4162 ptionis
2225 4099 2420 4145 nostrae
2459 4106 2648 4145 ausum
2684 4093 2734 4144 in
2768 4091 2872 4145 hoc
2910 4091 3122 4144 timoris
3152 4091 3380 4145 transitu
3411 4092 3585 4160 praeli-

1993 4197 2203 4252 gamus,
2235 4190 2290 4235 ut
2320 4196 2427 4250 quo
2456 4181 2816 4237 venerabilius
2847 4181 3271 4252 omnipotentem
3303 4181 3586 4236 Dominum

1994 4275 2312 4341 metuimus,
2346 4289 2412 4329 eo
2436 4273 2798 4344 perspicacius
2829 4272 3173 4342 benignitatis
3203 4271 3318 4341 ejus
3363 4272 3590 4339 gloriam

1996 4366 2294 4422 videamus.
2361 4365 2526 4434 Cujus
2587 4366 2747 4420 etiam
2795 4365 3004 4421 timoris
3054 4365 3365 4436 magnitudo
3411 4368 3595 4424 electae

1999 4461 2163 4514 menti
2201 4457 2490 4527 aliquando
2522 4465 2643 4526 post
2673 4458 3040 4513 ostensionem
3083 4459 3216 4513 laetae
3247 4459 3468 4515 visionis
3507 4457 3592 4512 in-

1998 4551 2218 4607 cutitur.
2260 4548 2414 4617 Quod
2457 4549 2704 4620 profecto
2743 4551 2868 4604 dum
2896 4551 2984 4611 tit,
3033 4566 3140 4606 non
3169 4552 3227 4605 lit
3268 4560 3324 4608 ut
3355 4559 3591 4608 mentem

298 4639 547 4696 custodia
571 4641 817 4711 puritatis
831 4639 1081 4709 efﬁcitur,
1101 4649 1158 4694 ut
1177 4642 1370 4716 saepius
1385 4641 1561 4695 divina
1580 4641 1888 4711 dignatione
1915 4628 1968 4692 Ι)
1998 4643 2063 4698 ad
2087 4641 2270 4710 gloriae
2292 4641 2552 4695 visionem
2583 4641 2847 4710 puriﬁcet,
2875 4641 2971 4697 sed
3005 4650 3064 4695 ut
3092 4642 3364 4697 custodiat
3392 4643 3459 4697 ab
3481 4641 3592 4696 ela-

296 4732 570 4787 visitetur.
621 4731 727 4786 Sed
773 4735 900 4786 dum
947 4732 1238 4788 ascendere
1287 4732 1512 4799 dicitur,
1561 4732 1891 4790 ascensionis

297 4827 462 4880 ctiam
490 4841 650 4882 causa
676 4835 1023 4894 memoratur,
1054 4841 1173 4882 cum
1204 4826 1448 4882 subditur
1477 4845 1489 4880 :
1527 4826 1593 4882 Ut
1625 4827 1890 4897 adoraret,

296 4929 347 4972 ct
374 4918 666 4972 immolaret
695 4918 918 4974 Domino
943 4921 1256 4976 exercituum
1278 4920 1331 4973 in
1359 4920 1493 4976 Silo.

372 5011 422 5065 7.
460 5011 711 5084 Quisquis
740 5012 931 5069 divinae
978 5014 1449 5084 contemplationis
1494 5029 1618 5070 arce
1665 5016 1894 5072 sustolli-

299 5110 403 5166 tur,
438 5103 486 5154 in
524 5102 611 5156 illa
636 5113 850 5172 cuncta,
878 5103 1214 5158 illuminante
1241 5103 1380 5172 luce,
1404 5106 1646 5176 respicit,
1673 5114 1727 5162 et
1747 5107 1894 5177 quod

297 5208 357 5245 se
387 5193 778 5248 admirabiliter
799 5203 1018 5260 terreat,
1039 5203 1093 5250 et
1111 5195 1254 5266 quod
1275 5196 1616 5253 ineifabiliter
1636 5198 1894 5254 delectet.

297 5281 430 5335 Nam
461 5284 547 5338 illa
573 5300 780 5338 summa
808 5285 974 5354 visio,
1000 5294 1059 5342 ut
1099 5287 1282 5342 electae
1314 5289 1481 5342 menti
1519 5304 1576 5344 se
1607 5292 1808 5360 aperit,
1842 5302 1896 5347 et

297 5376 825 5447 itnperscrutabilem
857 5380 1108 5452 abyssum
1135 5380 1461 5449 judiciorum
1492 5381 1585 5436 Dei
1608 5392 1660 5437 et
1690 5385 1901 5439 bonita-

297 5468 368 5522 tis
397 5468 512 5536 ejus
549 5469 928 5524 abundantiam
969 5473 1386 5527 misericorditer
1425 5475 1660 5530 ostendit
1685 5477 1793 5548 34
1834 5487 1893 5533 ut

297 5562 571 5618 videntem
605 5577 798 5632 magno
817 5579 1029 5636 .pavore
1055 5565 1303 5634 dejiciat,
1350 5575 1406 5620 et
1448 5566 1651 5636 ingenti
1696 5570 1891 5638 gaudio

299 5655 582 5723 sustollat;
613 5663 668 5710 et
695 5663 902 5711 terrore
921 5655 1134 5726 quidem
1159 5655 1406 5726 dejieitur
1427 5666 1484 5713 ut
1509 5667 1708 5715 statum
1731 5678 1890 5717 mun-

377 5869 400 5896 α
431 5858 597 5914 Gilot.
616 5899 631 5928 ,
677 5859 862 5913 inesse.

2000 4737 2166 4790 tione.
2205 4732 2353 4787 Unde
2382 4741 2438 4787 et
2466 4731 2676 4799 Petrus,
2711 4741 2766 4787 et
2790 4731 3055 4800 Iacobus,
3097 4743 3153 4788 et
3182 4734 3417 4792 Joannes
3444 4733 3594 4802 prius

2004 4827 2366 4885 transformati
2401 4827 2611 4881 Domini
2627 4825 2854 4896 gloriam
2877 4825 3148 4890 viderunt,
3167 4826 3362 4882 deinde
3379 4825 3596 4880 incusso

2001 4921 2080 4974 eis
2112 4919 2303 4972 timore
2331 4916 2576 4972 cecidere
2595 4956 2610 4982 ,
2641 4930 2708 4970 ne
2738 4914 2865 4970 elati
2894 4915 3182 4985 perderent
3207 4914 3350 4983 quod
3375 4914 3596 4970 humili-

2003 5019 2086 5074 ter
2115 5008 2376 5080 assumpti
2404 5007 2586 5062 videre
2613 5007 2937 5064 meruissent
2962 5005 3176 5078 (Matth.
3204 5021 3330 5072 xvtt,
3357 5005 3410 5074 ‘2,
3437 5009 3594 5078 δρψ).

2003 5103 2305 5173 Aliquando
2370 5115 2499 5172 ergo
2546 5099 2791 5156 adoratio
2838 5097 3262 5154 immolationem
3311 5099 3592 5170 praecedit,

2001 5197 2290 5268 aliquando
2327 5195 2624 5251 immolatio
2649 5194 3018 5250 adorationem
3040 5235 3056 5262 ,
3103 5194 3199 5250 sed
3231 5196 3482 5256 nimirum
3511 5194 3596 5250 di-

1998 5290 2122 5345 vina
2152 5287 2534 5358 dispositione,
2567 5303 2673 5344 non
2707 5296 2894 5346 nostro
2923 5287 3229 5343 conamine.
3271 5287 3365 5344 Vir
3393 5288 3595 5359 quippe

2001 5380 2376 5451 Ephrathaeus,
2409 5388 2467 5434 ut
2491 5380 2638 5450 prius
2663 5379 2935 5445 adoraret,
2966 5388 3021 5434 et
3048 5389 3236 5450 postea
3267 5380 3592 5450 immolaret,

1999 5472 2302 5529 ascendisse
2330 5472 2670 5537 describitur,
2703 5473 2828 5541 quia
2870 5472 3115 5543 profecto
3157 5473 3291 5530 ordo
3321 5474 3390 5530 ita
3413 5474 3593 5546 perfe-

1999 5576 2116 5622 ctus
2138 5574 2254 5634 est,
2304 5574 2361 5619 ut
2409 5582 2439 5619 a
2484 5565 2860 5631 veneratione,
2889 5580 3009 5634 quae
3047 5581 3116 5622 ex
3160 5583 3363 5638 pavore
3404 5567 3594 5624 divinae

2001 5660 2358 5718 districtionis
2377 5660 2632 5725 nascitur,
2652 5658 2717 5716 ad
2743 5659 3168 5729 speculationem
3190 5663 3326 5718 laetae
3345 5661 3602 5730 majesta.

2073 5864 2100 5902 δ
2129 5863 2315 5927 Gilot.,
2352 5845 2645 5917 merebitur.
