4044 6336
470 372 539 429 εςδ
1678 362 1919 421 sanan
1959 324 2284 416 custom!
2322 360 2536 417 suam
3679 363 3747 419 se

468 494 535 549 tis
564 490 871 547 efferamur.
894 487 1081 544 Divina
1112 494 1292 543 tamen
1315 486 1599 542 clementia
1629 484 1827 540 electas
1850 487 2057 535 mentes
2085 481 2137 540 Α
2162 479 2271 533 nim
2295 493 2445 534 mens
2463 521 2479 547 ,
2509 491 2618 548 quo
2645 476 2924 535 sublimius
2954 477 3161 534 tollitur
3190 477 3242 532 in
3272 477 3450 533 divina
3499 486 3747 534 contem-

464 583 755 653 aliquando
793 583 872 638 sic
896 596 1007 637 suae
1034 580 1332 636 dulcedinis
1362 579 1628 634 infusioue
1656 578 1941 640 exhilarat,
1993 582 2053 629 ut

462 692 556 730 cas
592 677 643 730 in
698 673 904 730 timoris
934 672 1355 743 magnitudinem
1392 688 1499 729 non
1529 672 1767 727 inducat.
1818 668 1970 724 Unde
1997 676 2053 724 et

462 767 712 823 subditur
748 785 761 821 :

537 860 713 932 (Vers.
741 859 821 930 4.)
871 858 1023 915 Venit
1061 875 1183 929 ergo
1230 857 1358 923 dies,
1383 864 1432 911 et
1476 855 1757 912 immolavit
1787 854 2043 909 Helcana.

535 953 587 1007 9.
622 951 761 1018 Quid
783 959 867 1008 est
893 951 1037 1020 quod
1063 951 1193 1005 dicit
1227 950 1423 1005 :Venit
1445 950 1590 1017 dies,
1637 962 1691 1003 et
1720 949 2048 1016 immolavit;

462 1059 517 1105 et
546 1066 654 1105 non
686 1050 824 1105 dixit
854 1067 867 1103 :
901 1049 1181 1115 Adoravit,
1206 1056 1261 1103 et
1291 1046 1601 1112 immolavit,
1636 1047 1737 1101 nisi
1767 1046 1871 1118 35
1902 1046 2049 1115 quia,

462 1151 523 1197 ut
549 1143 795 1213 superius
824 1142 965 1209 dixi,
995 1142 1073 1195 sic
1101 1155 1241 1209 smpe
1270 1139 1445 1193 divina
1491 1139 1804 1208 dignatione
1849 1138 1918 1192 ad
1966 1139 2050 1193 vi-

461 1235 694 1291 dendum
722 1235 947 1305 gloriam
977 1234 1170 1289 divin:e
1190 1234 1447 1289 claritatis
1474 1232 1803 1297 extollimur,
1828 1241 1885 1286 ut
1908 1232 2052 1288 nulla

462 1336 593 1383 tunc
633 1328 961 1397 judiciorum
1007 1327 1238 1381 immista
1276 1325 1706 1380 consideratione
1750 1326 2047 1380 turbemur.

460 1416 533 1472 Et
561 1433 869 1487 quanquam
915 1420 1031 1473 sine
1074 1430 1263 1488 magna
1302 1417 1649 1473 veneratione
1695 1416 2051 1486 omnipotenti

460 1508 574 1564 Deo
605 1510 777 1564 electa
800 1511 975 1563 anima
999 1524 1270 1579 nunquam
1297 1510 1533 1575 assistat,
1566 1517 1748 1563 tamen
1778 1509 1924 1563 velut
1952 1510 2051 1563 im-

460 1602 655 1665 molat,
690 1610 745 1656 et
774 1618 879 1657 non
911 1602 1128 1662 adorat,
1163 1601 1290 1655 dum
1320 1600 1395 1656 sic
1426 1602 1515 1655 illa
1544 1602 1737 1656 summi
1760 1602 1939 1670 gaudii
1969 1601 2049 1656 fe-

459 1693 662 1749 licitate
684 1692 893 1761 fruitur,
936 1702 995 1747 ut
1020 1694 1323 1761 dejectione
1347 1694 1555 1748 timoris
1578 1692 1723 1747 nulla
1753 1693 2046 1762 quatiatur.

460 1782 519 1838 In
570 1785 713 1838 hunc
762 1785 962 1854 quippe
1009 1782 1260 1838 affectum
1304 1792 1554 1849 venerat,
1604 1798 1722 1852 qum
1768 1784 1982 1839 dicebat
2032 1801 2046 1836 :

2157 574 2411 646 platione,
2431 589 2497 628 eo
2517 572 2759 628 devotius
2780 588 2838 627 se
2860 572 3099 627 extendit
3120 574 3174 627 in
3195 580 3379 627 sancta
3402 574 3744 642 operatione.

2155 664 2345 721 Partes
2370 680 2602 735 namque
2626 664 2811 719 matris
2837 665 3018 733 hujus,
3038 674 3092 719 et
3125 664 3372 733 ﬁliorum,
3397 669 3752 737 praeparatio-

2153 774 2251 814 nes
2271 768 2577 815 sanctorum
2592 773 2815 828 Operum
2838 766 2982 813 sunt.
3006 756 3174 812 Unam
3186 774 3317 813 vero
3337 767 3545 829 partem
3578 760 3750 816 Anna)

2155 855 2322 910 tristis
2335 853 2574 921 exhibet,
2586 853 2711 922 quia
2726 868 2823 923 per
2836 852 3370 922 contemplationem,
3390 868 3495 924 qua
3512 868 3750 923 superna

2155 945 2438 1011 desiderat,
2456 944 2711 1015 quandiu,
2732 944 2783 999 in
2800 945 2903 999 hac
2925 960 3162 998 aerumna
3190 946 3447 1015 temporis
3466 945 3749 1015 impedita,

2154 1050 2385 1107 superna
2431 1050 2549 1105 qua:
2596 1048 2742 1091 amat
2792 1051 2900 1091 non
2951 1037 3192 1103 obtinet,
3244 1037 3299 1091 in
3350 1038 3481 1092 solis
3532 1035 3750 1093 ﬂetibus

2154 1135 2366 1200 pastum
2415 1128 2724 1183 refectionis
2754 1128 2937 1183 habet.
2969 1127 3215 1197 Jejunam
3247 1130 3446 1200 quippe
3488 1144 3547 1185 se
3578 1138 3751 1197 tenet,

2156 1223 2398 1291 quoties,
2428 1235 2487 1276 se
2514 1221 2812 1292 projectam
2843 1221 2911 1276 ab
2940 1222 3154 1276 mternis
3182 1221 3387 1291 gaudiis
3418 1237 3750 1291 memorans,

2156 1310 2285 1368 ﬂere
2314 1329 2421 1367 non
2449 1320 2646 1382 potest.
2684 1311 2892 1367 Partem
2922 1312 3083 1381 igitur
3111 1328 3272 1366 unam
3304 1327 3334 1367 a
3366 1312 3503 1367 tristi
3534 1313 3750 1381 accipit,

2156 1405 2280 1475 quia
2312 1420 2581 1473 nunquam
2619 1420 2717 1475 pro
2745 1413 2875 1458 voto
2928 1401 3193 1470 reficitur,
3251 1403 3351 1458 nisi
3402 1418 3523 1457 cum
3574 1401 3753 1459 llendo

2156 1496 2399 1553 satiatur.
2443 1496 2612 1562 Quam
2653 1495 2703 1549 ei
2732 1495 2812 1549 vir
2840 1494 3193 1565 Ephrathzeus
3222 1496 3389 1549 tristis
3421 1495 3626 1557 tribuit,
3662 1495 3755 1567 qui

2156 1604 2277 1644 cum
2317 1597 2524 1658 partem
2574 1585 2880 1641 Phenenme
2930 1586 3223 1653 tribueret,
3276 1586 3441 1642 tristis
3474 1602 3584 1641 non
3630 1586 3754 1653 fuit,

2156 1680 2277 1751 quia
2307 1680 2554 1733 videlicet
2579 1679 2791 1733 lzetatur
2814 1680 2864 1733 in
2895 1680 3290 1749 prmparatione
3318 1680 3585 1734 bonorum
3612 1695 3749 1750 ope-

2156 1789 2304 1840 rum,
2327 1774 2452 1841 quia
2479 1772 2724 1841 supernis
2752 1786 2874 1841 quae
2903 1780 3049 1825 amat
3084 1770 3321 1841 quandiu
3349 1771 3621 1838 dilfertur,
3647 1774 3757 1847 36

459 1880 731 1936 Osculetur
758 1899 841 1936 me
868 1882 1043 1935 osculo
1069 1880 1173 1934 oris
1202 1881 1280 1933 sui
1311 1879 1486 1950 (Cant.
1516 1896 1553 1946 ι,
1584 1881 1657 1946 l).
1690 1879 1858 1946 Quem
1891 1879 2051 1933 timo-

2158 1865 2363 1934 gaudiis
2389 1880 2495 1920 non
2526 1864 2753 1918 laetatur.
2786 1864 2933 1919 lianc
2954 1872 3100 1919 certe
3128 1873 3334 1934 partem
3360 1865 3525 1919 Anna:
3550 1868 3755 1923 tribue-

458 1976 531 2029 ris
561 1973 809 2029 allectum
838 1972 1151 2043 prmtendit,
1185 1986 1303 2041 qua:
1344 1972 1575 2026 osculari
1629 1971 1869 2041 appetit?
1916 1972 2052 2027 llinc

458 2065 621 2119 etiam
666 2064 733 2117 de
761 2063 945 2134 Moyse
972 2064 1229 2132 scriptum
1257 2070 1340 2116 est
1366 2080 1377 2114 :
1414 2059 1549 2125 Quia
1571 2061 1678 2116 Deo
1727 2061 2048 2134 loquebatur,

458 2156 589 2209 sicut
631 2156 760 2209 solet
787 2155 923 2227 loqui
953 2158 1028 2209 uir
1060 2164 1081 2187 τι
1115 2155 1184 2207 ad
1214 2157 1436 2208 amicum
1457 2171 1605 2209 suum
1633 2154 1829 2226 (Exod.
1863 2172 2048 2223 χχχιιι,

460 2246 575 2315 Η).
606 2244 769 2314 Nam,
798 2246 945 2301 velut
971 2246 1219 2301 veniente
1250 2245 1335 2300 die
1356 2284 1370 2310 ,
1404 2246 1546 2299 hunc
1592 2244 1869 2315 Scriptura
1896 2262 2050 2302 sacra

458 2342 538 2397 sic
568 2341 847 2395 immolare
873 2340 1127 2405 ostendit,
1161 2348 1217 2394 ut
1246 2354 1369 2394 eum
1400 2339 1645 2394 adoratio
1671 2339 1879 2393 timoris
1907 2339 2049 2396 nulla

459 2432 860 2503 prostravisset.
894 2431 1009 2498 Quo
1039 2433 1091 2486 in
1121 2432 1238 2489 loco
1258 2431 1363 2487 hoc
1388 2430 1677 2486 notandum
1701 2431 1881 2498 video,
1906 2432 2051 2501 quod

461 2534 522 2579 ut
550 2525 833 2591 adoraret,
864 2532 920 2579 et
949 2524 1281 2589 immolaret,
1331 2524 1625 2579 ascendere
1664 2524 1889 2593 dicitttr,
1943 2540 2054 2580 non

462 2626 641 2672 tamen
671 2618 923 2672 adorasse
944 2626 995 2671 et
1027 2616 1362 2683 immolasse,
1392 2616 1643 2671 veniente
1672 2616 1791 2681 die,
1826 2616 1920 2671 sed
1948 2616 2052 2670 im-

461 2711 695 2765 molasse
718 2710 914 2766 solum.
937 2710 1035 2764 Alii
1061 2723 1189 2777 ergo
1211 2718 1334 2765 sunt
1353 2710 1467 2766 dies
1482 2711 1675 2781 quibus
1691 2712 2051 2777 ascendimus,

462 2809 522 2855 ut
545 2802 851 2869 adoremus,
881 2809 935 2857 et
963 2801 1329 2867 immolemus;
1362 2802 1498 2857 alius
1548 2804 1635 2858 ille
1666 2804 1779 2860 dies
1804 2804 1895 2873 qui
1926 2804 2054 2859 dum

461 2893 699 2957 venerit,
734 2893 1094 2949 immolamus.
1127 2893 1261 2948 Dum
1287 2894 1429 2949 enim
1462 2902 1647 2950 nostro
1681 2896 1966 2951 conamine
1997 2897 2052 2951 in

464 2982 765 3037 divinarum
809 2999 989 3038 rerum
1037 2984 1388 3040 meditatione
1445 2988 1855 3056 suspendimur,
1902 2988 2053 3057 quasi

464 3078 650 3133 statuti
683 3092 937 3133 ascensus
967 3079 1134 3133 nostri
1162 3079 1278 3135 dies
1315 3088 1469 3143 sunt,
1499 3081 1623 3151 quia
1652 3080 1910 3149 quosdam
1940 3082 2052 3150 spi-

466 3169 677 3224 ritualis
716 3170 932 3226 luminis
958 3170 1139 3226 radios
1168 3172 1470 3237 intuemur,
1522 3174 1781 3241 quosdam
1828 3190 1925 3228 nos
1953 3174 2051 3243 ipsi

464 3261 622 3316 nobis
648 3262 980 3331 ordinamus,
1002 3265 1068 3317 ab
1102 3266 1207 3319 imo
1228 3274 1423 3320 nostrze
1444 3265 1793 3321 humanitatis
1823 3268 2055 3337 quadam

464 3352 748 3409 altitudine
776 3354 1135 3411 sublevamur.
1170 3356 1274 3411 Sed
1319 3358 1443 3428 quia
1492 3358 1575 3413 his
1619 3359 2057 3415 meditationibus

463 3444 580 3498 sine
611 3444 789 3500 divina
817 3447 987 3514 gratia
1018 3448 1149 3502 nihil
1180 3450 1385 3517 agitur,
1434 3458 1487 3504 et
1518 3450 1644 3520 quia
1674 3465 1775 3504 nec
1805 3452 2053 3505 timorem

465 3536 625 3590 nobis
674 3538 1022 3606 prmvalemns
1054 3540 1327 3610 incutere,
1375 3558 1475 3597 nec
1521 3543 1712 3599 divinze
1759 3544 2056 3601 dulcedinis

468 3626 791 3681 suavitatem
822 3629 1077 3683 exhibere
1099 3671 1113 3695 ,
1146 3646 1397 3689 ascensus
1424 3635 1640 3703 quidem
1671 3636 1787 3691 dies
1809 3646 1965 3701 sunt,
2000 3638 2054 3691 in

464 3716 660 3785 quibus
687 3716 914 3771 adorare
943 3727 997 3773 et
1026 3720 1305 3776 immolare
1329 3726 1633 3789 statuimus,
1677 3726 1773 3781 sed
1799 3736 1974 3781 tamen
2003 3729 2056 3783 in

465 3808 544 3863 eis
572 3822 670 3863 nec
697 3810 1015 3879 adoramus,
1042 3826 1143 3867 nec
1170 3813 1529 3870 immolamus.
1563 3818 1685 3872 Dies
1717 3827 1894 3873 autem
1920 3820 2057 3876 alius

465 3902 640 3967 venit,
673 3910 727 3956 et
755 3902 1121 3972 immolamus,
1152 3908 1276 3977 quia
1306 3909 1479 3962 subita
1511 3910 1628 3964 luce
1654 3912 1837 3979 gratia:
1867 3914 2057 3967 divinze

466 3992 858 4062 respergimur,
885 3995 1026 4051 etde
1055 3997 1222 4066 gloria
1266 3998 1561 4067 Majestatis
1591 4001 1705 4070 ejus
1734 4001 2058 4058 ineffabilem

467 4084 798 4155 percipimus
836 4088 1217 4145 abundantiam
1271 4092 1593 4148 dilectionis.
1644 4093 1743 4148 llic
1787 4109 1914 4163 ergo
1945 4096 2060 4151 dies

467 4189 575 4229 non
603 4185 687 4233 est
715 4179 930 4237 illorum
955 4182 1169 4251 aliquis,
1201 4183 1294 4237 sed
1322 4184 1441 4238 illos
1463 4185 1725 4251 sequitur,
1750 4186 1873 4256 quia
1899 4185 2055 4241 nimi-

463 4290 585 4332 rum
612 4276 657 4330 si
686 4282 871 4329 nostra
900 4275 1252 4343 dispositione
1280 4276 1419 4332 hanc
1466 4276 1657 4330 divinae
1687 4278 1868 4345 gratim
1896 4278 2059 4347 largi—

461 4376 631 4423 tatem
664 4368 907 4437 accipere
950 4382 1056 4421 non
1088 4369 1382 4431 valeamus,
1414 4376 1591 4422 tamen
1621 4383 1740 4422 eam
1782 4384 2055 4438 nunquam

462 4475 858 4531 promeremur,
890 4458 989 4515 nisi
1019 4460 1239 4514 omnino
1267 4476 1533 4525 curemus,
1564 4468 1623 4514 ut
1646 4469 1701 4515 et
1727 4461 2052 4530 meditando,

465 4560 522 4608 et
546 4551 786 4621 quotidie
818 4551 1063 4619 legendo,
1115 4560 1170 4605 et
1208 4554 1433 4616 orando,
1456 4560 1512 4607 et
1543 4554 1595 4607 in
1628 4554 1691 4608 iis
1720 4569 1837 4623 quze
1861 4571 2053 4624 possu-

462 4657 583 4697 mus
625 4641 991 4711 spiritualibus
1039 4642 1366 4697 claritatibus
1417 4643 1782 4699 immorentur.
1833 4619 2136 4704 VenisseD

464 4742 645 4789 autem
673 4734 788 4790 dies
819 4735 1045 4801 dicitur,
1096 4744 1152 4790 ut
1195 4751 1426 4804 superna
1464 4736 1701 4805 dignatio
1724 4738 2054 4810 designetur,

465 4825 591 4893 quia
632 4840 754 4880 cum
800 4825 999 4881 electas
1028 4828 1233 4882 animas
1260 4829 1469 4895 visitat,
1520 4844 1626 4885 non
1671 4838 1753 4885 est
1792 4831 2057 4890 facultatis

466 4922 690 4981 nostrae,
722 4916 817 4970 sed
852 4916 1107 4972 bonitatis
1134 4934 1263 4972 suae.
1292 4908 1546 4988 Sequitur
1577 4937 1589 4972 :

538 5005 725 5076 (Vere.
761 5008 795 5059 4
828 5016 881 5061 et
909 5008 1001 5079 5.)
1054 5009 1303 5080 Deditque
1342 5009 1666 5077 Phenenme,
1720 5021 1769 5066 et
1802 5014 1959 5083 ﬁliis,
2008 5024 2059 5069 et

462 5096 675 5167 ﬁliabus
704 5106 896 5169 partes.
928 5100 1091 5153 Anna:
1113 5110 1283 5154 autem
1305 5100 1443 5155 dedit
1463 5113 1661 5173 partem
1685 5122 1841 5158 unam
1869 5107 2051 5173 tristis,

463 5190 584 5259 quia
613 5190 819 5245 Annam
860 5192 1123 5263 diligebat.

539 5278 626 5334 10.
652 5280 771 5336 Filii
794 5297 1022 5352 namque
1046 5283 1347 5341 Phenennte
1367 5297 1491 5345 sunt
1518 5290 1712 5345 mentis
1734 5306 1899 5347 sacne
1925 5307 2056 5348 con-

465 5371 584 5426 silia
607 5409 621 5435 ,
650 5386 770 5439 quat
799 5389 895 5444 per
924 5376 1156 5433 studium
1192 5381 1411 5450 pietatis
1454 5383 1641 5437 activae
1670 5384 1793 5439 vitae
1831 5385 2053 5441 subcre—

465 5469 645 5517 scunt.
676 5460 779 5529 Qui
812 5466 1059 5523 nimirum
1090 5470 1180 5526 lilii
1212 5487 1333 5527 cum
1360 5482 1531 5529 matre
1557 5482 1738 5545 partes
1763 5477 2051 5548 accipiunt,

467 5570 589 5610 cum
619 5555 842 5611 consilia
868 5558 1081 5628 pietatis
1110 5564 1179 5619 ad
1207 5566 1547 5636 splendorem
1586 5583 1831 5635 supernae
1869 5572 2057 5640 gratiae

466 5644 521 5700 in
551 5660 775 5717 operum
802 5648 1064 5708 bonorum
1089 5655 1445 5725 pinguescunt
1469 5657 1777 5715 devotione.
1812 5658 1906 5717 Pla
1938 5673 2055 5721 ete-

537 5855 567 5889 ει
596 5844 789 5918 αξιοι,
822 5866 936 5907 cunt
955 5852 1119 5908 amico
1148 5868 1261 5908 suo.

2159 1966 2273 2022 rat,
2310 1958 2400 2025 qui
2429 1959 2646 2013 aeternis
2673 1974 2732 2013 se
2762 1959 2975 2013 intuens
3004 1958 3280 2013 exclusum
3312 1959 3467 2013 bonis
3490 1960 3753 2029 loqueba-

2156 2058 2264 2116 tur,
2295 2050 2477 2105 dicens
2511 2068 2524 2103 :
2571 2050 2809 2105 Fuerunt
2852 2051 2975 2104 mihi
3018 2051 3261 2122 lacryma:
3308 2067 3436 2105 mea:
3469 2068 3629 2121 panes
3670 2054 3756 2106 die

2156 2159 2216 2195 ac
2240 2152 2405 2207 nocte,
2434 2144 2555 2196 dum
2585 2144 2773 2197 dicitur
2800 2144 2927 2197 mihi
2954 2144 3178 2212 quotidie
3209 2158 3226 2197 :
3253 2142 3336 2197 ubi
3367 2153 3441 2197 est
3472 2143 3610 2198 Deus
3640 2154 3756 2200 tuus

2160 2232 2331 2304 (Psal.
2375 2250 2495 2302 xu,
2534 2232 2638 2304 4)?
2688 2232 2794 2288 Sed
2850 2234 3155 2289 inchoantis
3198 2233 3374 2287 adhuc
3413 2233 3753 2305 imperfectio

2156 2326 2497 2395 designatur,
2545 2326 2672 2381 dum
2721 2325 3024 2397 Ephratbtei
3064 2324 3262 2395 conjux
3306 2325 3476 2380 altera
3525 2326 3754 2379 alteram

2157 2418 2395 2489 afﬂigere
2422 2428 2478 2474 et
2498 2420 2851 2474 vehementer
2878 2433 3078 2486 angere
3117 2418 3450 2489 perhibetur.
3503 2416 3754 2472 Perfecto

2156 2510 2300 2565 enim
2324 2511 2516 2579 cuique
2546 2526 2612 2565 eo
2647 2525 2986 2581 nequaquam
3019 2522 3198 2581 pugna
3229 2510 3582 2566 committitur
3609 2525 3751 2564 uxo-

2155 2618 2273 2658 rum
2291 2647 2304 2669 ,
2332 2619 2439 2673 quo
2471 2600 2621 2658 firma
2640 2603 2752 2673 jam
2775 2604 3109 2675 experientia
3140 2604 3290 2659 novit
3316 2603 3547 2657 discrete
3566 2602 3753 2673 dispo-

2155 2712 2284 2752 nere
2312 2697 2659 2766 indigentiam
2690 2698 2869 2767 operis
2908 2706 2963 2753 et
3002 2698 3358 2752 intentionem
3398 2695 3744 2765 contempla-

2157 2790 2339 2844 tionis.
2371 2789 2502 2844 Nam
2523 2791 2673 2845 velut
2693 2791 2745 2845 in
2776 2805 2909 2859 pace
2931 2798 3215 2859 utramque
3234 2804 3459 2844 uxorem
3487 2789 3749 2858 possidet,

2157 2880 2251 2949 qui
2310 2895 2412 2935 nec
2471 2887 2715 2950 tempora
2770 2880 2951 2951 operis
3007 2878 3451 2949 contemplationi
3505 2878 3751 2949 deputat,

2157 2987 2258 3028 nec
2286 2972 2759 3043 contemplationis
2788 2972 2898 3027 otia
2942 2985 3041 3043 per
3068 2972 3419 3027 intentionem
3449 2970 3628 3041 operis
3665 2970 3751 3024 in-

2157 3064 2381 3135 quietat.

2234 3160 2413 3229 (Vers.
2446 3159 2523 3229 6.)
2555 3161 2824 3233 Aﬂligebat
2853 3176 3049 3232 quoque
3070 3176 3183 3214 eam
3209 3158 3392 3213 aemula
3416 3158 3525 3229 ejus
3549 3198 3563 3225 ,
3595 3166 3643 3212 et
3668 3174 3751 3211 ve-

2081 3241 2129 3303 C
2162 3250 2421 3306 hementer
2441 3254 2695 3323 angebat;
2727 3255 2778 3307 iu
2831 3262 3049 3318 tantum,
3078 3261 3135 3305 ut
3163 3254 3495 3322 exprobraret
3536 3252 3583 3305 ei
3612 3250 3748 3323 quod

2160 3343 2491 3398 conclusisset
2522 3343 2776 3399 Dominus
2816 3346 3015 3400 vulvam
3044 3345 3176 3415 ejus.

2235 3433 2321 3487 il.
2344 3433 2425 3489 Ab
2455 3434 2646 3489 aemula
2671 3434 2824 3489 Anna
2853 3432 3126 3503 aﬂligitur,
3150 3450 3252 3490 cun
3279 3432 3633 3488 immoderata
3663 3432 3747 3487 in-

2161 3526 2331 3580 tentio
2362 3527 2489 3581 boni
2520 3528 2697 3597 operis
2726 3531 2909 3583 turbat
2943 3528 3183 3597 quietem
3229 3527 3451 3581 internae
3499 3526 3744 3581 visionis.

2160 3616 2444 3688 Aﬂligitur,
2480 3634 2601 3674 cum
2619 3621 2670 3675 ei
2702 3621 2789 3675 illa
2838 3620 3168 3690 praeponitur
3195 3633 3313 3688 qua:
3343 3634 3461 3674 esse
3508 3618 3746 3673 nobilior

2160 3714 2575 3781 comprobatur,
2628 3722 2683 3769 et
2730 3714 3081 3768 vehementer
3109 3714 3357 3783 angitur,
3397 3713 3522 3782 quia
3563 3713 3751 3768 electae

2160 3804 2355 3858 mentis
2381 3806 2767 3875 contemplatio
2796 3813 3141 3873 angustatur,
3190 3806 3316 3859 dum
3345 3806 3388 3860 is
3418 3806 3508 3874 qui
3532 3805 3584 3858 in
3614 3819 3749 3859 con-

2160 3898 2511 3967 templatione
2539 3898 2849 3953 sublimium
2875 3914 2995 3954 esse
3035 3899 3303 3955 desiderat
3329 3914 3448 3953 sese
3477 3900 3529 3953 in
3562 3899 3751 3954 activa:

2160 3992 2283 4045 vita:
2314 3992 2567 4061 operibus
2607 3993 3012 4049 immoderatius
3039 3995 3248 4050 dilatat.
3298 3996 3509 4064 Angere
3550 3994 3751 4063 quippe

2160 4086 2425 4154 stringere
2455 4094 2558 4142 est.
2602 4086 2797 4143 Mentis
2828 4090 3027 4159 quippe
3073 4088 3208 4143 visio
3255 4089 3567 4157 stringitur,
3594 4103 3748 4154 cum,

2160 4177 2419 4249 impedita
2443 4182 2889 4251 occupationibus
2906 4199 3147 4253 operum,
3175 4183 3229 4238 in
3253 4183 3342 4237 illa
3361 4184 3587 4238 interna:
3617 4182 3752 4238 lucis

2162 4272 2520 4328 immensitate
2550 4289 2887 4344 nequaquam
2919 4274 3192 4330 dilatatur.
3230 4276 3294 4327 Et
3338 4275 3462 4345 quia
3486 4276 3626 4329 hanc
3652 4288 3750 4328 ve-

2160 4364 2442 4420 hementer
2488 4382 2688 4437 angere
2715 4368 2913 4422 dicitur
2938 4410 2953 4435 ,
2999 4368 3296 4424 notandum
3319 4374 3401 4421 est
3429 4368 3556 4436 quia
3588 4366 3751 4420 etiam

2161 4457 2287 4512 boni
2338 4460 2518 4527 operis
2568 4459 2923 4516 immoderata
2969 4461 3272 4517 sollicitudo
3303 4460 3753 4530 contemplationi

2160 4564 2268 4604 non
2306 4566 2496 4621 parum
2528 4561 2707 4608 nocet.
2760 4552 3053 4609 Pbenenna
3098 4555 3298 4624 quippe
3333 4553 3544 4607 Annam
3582 4553 3753 4608 vehe-

2160 4650 2372 4697 menter
2394 4645 2566 4711 angit,
2600 4645 2725 4714 quia
2751 4659 2931 4710 mens,
2964 4644 3090 4699 dum
3126 4645 3311 4700 activa:
3336 4645 3461 4699 vita:
3490 4646 3753 4701 immode-

2161 4740 2277 4788 rate
2306 4734 2650 4803 impenditur,
2685 4736 2840 4791 valde
2861 4734 3082 4792 difllcile
3110 4745 3212 4801 est,
3244 4746 3304 4791 ut
3323 4752 3445 4793 cum
3477 4738 3545 4791 ad
3572 4738 3755 4809 dispo-

2162 4825 2338 4880 nenda
2388 4836 2600 4883 terrena
2654 4843 2715 4883 se
2763 4837 3025 4898 occupat,
3084 4829 3139 4883 in
3185 4830 3395 4884 visione
3450 4830 3754 4885 caelestium

2159 4924 2411 4987 potenter
2434 4927 2636 4986 surgat.
2664 4917 2764 4973 Cui
2788 4919 2952 4973 etiam
2972 4918 3123 4973 velut
3144 4919 3309 4974 sterili
3333 4917 3629 4975 Phenenna
3658 4935 3755 4974 ex-

2159 5011 2383 5080 probrat
2403 5054 2418 5079 ,
2448 5013 2573 5082 quia
2596 5011 2722 5065 dum
2752 5027 2822 5067 ex
2850 5012 3025 5067 activa
3065 5014 3175 5065 vita
3216 5011 3483 5066 bonorum
3525 5026 3754 5081 operum

2164 5104 2369 5160 fructus
2390 5107 2497 5161 cito
2527 5105 2875 5176 proferimus,
2904 5114 2960 5161 et
2992 5106 3057 5160 ad
3089 5106 3310 5160 internze
3341 5105 3759 5174 contemplatio-

2165 5200 2247 5253 nis
2285 5199 2480 5267 gaudia
2533 5198 2687 5254 facile
2720 5199 3025 5269 pertingere
3071 5216 3178 5254 non
3225 5199 3498 5265 valemus,
3557 5200 3758 5255 sterilis

2163 5293 2553 5356 ista'cernitur,
2579 5292 2703 5347 dum
2725 5292 2890 5348 rudes
2917 5292 2984 5347 de
3004 5292 3117 5361 ejus
3146 5291 3471 5347 fecunditate
3497 5291 3757 5361 despera-

2164 5400 2300 5440 mus.
2335 5385 2465 5439 Dum
2506 5398 2634 5454 ergo
2680 5400 2780 5454 pro
2810 5383 3135 5439 fecunditate
3177 5382 3527 5440 Phenennam
3574 5383 3756 5452 diligi-

2164 5491 2306 5544 mus,
2337 5476 2488 5530 Anna
2515 5474 2786 5543 allligitur,
2815 5472 3048 5541 angitur,
3068 5481 3123 5528 et
3138 5474 3435 5529 sterilitatis
3460 5475 3747 5547 cpprobrie

2165 5576 2401 5634 notatur,
2434 5568 2557 5638 quia
2584 5567 2712 5622 dum
2740 5565 3005 5625 bonorum
3027 5566 3301 5623 actionum
3330 5567 3755 5624 sollicitudinem

2166 5676 2276 5718 non
2301 5675 2363 5717 ea
2410 5674 2517 5731 qua
2560 5657 2820 5716 debemus
2860 5655 3186 5717 discretione
3222 5660 3624 5732 restringimus,
3654 5674 3754 5732 pu-
