4044 6336
245 402 312 457 57
1096 398 1161 455 IN
1202 397 1471 455 PRIMUM
1514 396 1751 452 REGUM
1793 394 2310 459 EXPOSITIONES.
2351 433 2422 446 —-
2459 405 2587 461 LIB.
2631 407 2671 464 Ι.
3460 413 3529 472 58

243 519 464 573 ritatem
514 512 990 585 contemplationis
1053 524 1207 571 tanto
1268 517 1424 574 nobis
1480 514 1838 571 diﬂieiliorem
1866 515 1918 576 Λ
1944 512 2064 570 Heli
2094 525 2149 572 et
2176 517 2331 575 Anna
2366 520 2673 591 insinuant;
2716 536 2841 578 nam
2878 536 3001 580 eum
3041 522 3132 581 ille
3174 532 3302 581 ante
3341 528 3530 598 postes

241 612 550 673 reddimus,
584 617 786 679 quanto
851 610 1171 665 nobiliorem
1202 612 1368 666 vitam
1407 609 1692 666 excellenti
1716 617 1830 664 stu-

239 709 327 763 dio
360 719 700 776 nequaquam
741 704 1055 759 retinemus.
1103 704 1209 760 Sed
1247 706 1370 776 quia
1413 704 1481 759 ad
1521 704 1713 759 altiora
1742 703 1828 759 in-

238 800 457 855 choavit
497 797 818 863 ascendere,
861 799 906 852 si
949 798 1100 853 fortis
1147 806 1229 854 est
1273 800 1327 853 in
1373 814 1473 854 suo
1522 798 1826 869 proposito,

237 890 549 960 hujusmodi
579 896 911 944 tentamenta
956 890 1221 955 tolerans,
1252 907 1361 947 non
1394 891 1665 961 desperat.
1693 890 1827 944 Nam

234 984 300 1037 ad
341 999 405 1036 ea
455 997 573 1051 qum
620 981 784 1053 coepit
811 981 919 1035 alta
964 984 1441 1053 contemplationis
1468 982 1741 1048 innititur,
1772 989 1828 1036 et

233 1076 299 1129 de
329 1074 559 1131 actionis
584 1073 706 1129 cibo
736 1073 1005 1129 consolari
1052 1074 1303 1145 despicit,
1354 1075 1445 1144 qui
1476 1075 1527 1129 in
1550 1074 1664 1129 sola
1691 1088 1826 1128 con-

232 1168 424 1223 ditoris
452 1167 635 1237 specie
661 1164 920 1221 delectari
949 1167 1275 1237 concupivit.
1316 1167 1456 1237 Apte
1493 1165 1675 1235 itaque
1700 1163 1826 1219 sub-

231 1260 417 1314 ditur:

303 1375 490 1447 (Vers.
521 1373 612 1445 7.)
644 1372 810 1428 Porro
840 1370 996 1426 Anna
1036 1374 1222 1442 ﬂebat,
1266 1382 1315 1427 et
1355 1388 1457 1427 non
1487 1370 1721 1441 capiebat
1745 1371 1823 1425 ci-

231 1468 371 1523 bum.

301 1559 389 1614 i2.
423 1558 478 1614 In
510 1559 639 1616 ﬂetu
665 1559 866 1632 quippe
888 1559 1085 1615 ardens
1115 1557 1437 1613 desiderium
1469 1556 1660 1612 divinae
1689 1571 1823 1611 con-

228 1652 595 1723 templationis
638 1651 972 1717 ostenditur,
1013 1650 1067 1705 in
1116 1648 1498 1719 dedignatione
1535 1654 1666 1703 vero
1716 1646 1821 1702 cibi

229 1756 252 1783 ³
282 1745 572 1815 despectus
594 1744 795 1799 lmtitia:
826 1744 1179 1799 transeuntis.
1207 1742 1359 1798 Mens
1386 1742 1529 1797 enim
1578 1755 1698 1809 qua:
1720 1738 1826 1795 fer-

226 1838 479 1892 ventibus
520 1836 801 1891 desideriis
842 1836 1051 1891 interna
1086 1834 1393 1900 desiderat,
1426 1833 1553 1888 dum
1593 1841 1824 1887 terrenae

224 1930 425 1985 laetitia:
450 1930 873 1984 blandimentum
904 1928 1131 1998 respuit,
1157 1927 1280 1981 dum
1300 1925 1622 1979 instantibus
1648 1924 1818 1994 gemi-
1846 1907 1897 1969 Β

227 2024 371 2079 tibus
408 2023 615 2078 infundi
648 2022 747 2077 sibi
772 2035 1020 2091 superna:
1049 2020 1182 2075 lucis
1203 2018 1570 2073 amoenitatem
1594 2016 1816 2086 expetit,

221 2115 317 2170 ﬂet
348 2116 554 2186 utique,
578 2123 632 2170 et
652 2114 830 2169 cibum
861 2129 966 2169 non
998 2112 1161 2182 capit.
1197 2110 1351 2165 Hune
1377 2124 1610 2179 namque
1640 2109 1817 2163 cibum

218 2205 551 2270 fastidiebat,
584 2206 671 2276 qui
704 2204 919 2260 dicebat
951 2221 963 2258 :
998 2203 1183 2258 Renuit
1212 2204 1469 2257 consolari
1498 2204 1675 2256 anima
1705 2218 1819 2255 mea

221 2297 399 2369 (Psat.
458 2313 645 2361 Lxxvt,
672 2297 748 2368 5).
780 2296 885 2351 Sed
932 2298 1025 2365 qui
1066 2296 1241 2351 cibum
1284 2296 1462 2351 solatii
1511 2310 1705 2365 capere
1752 2294 1819 2349 de

220 2388 624 2442 oblectamento
690 2402 871 2443 rerum
929 2386 1267 2441 conditarum
1323 2387 1643 2455 dedignatus
1699 2394 1813 2451 est,

216 2478 405 2548 epulas
435 2477 749 2534 deliciarum
801 2494 1055 2544 suarum,
1087 2479 1213 2547 quia
1264 2479 1318 2533 in
1366 2478 1485 2533 solo
1530 2477 1816 2533 conditore

216 2571 520 2639 invenerit,
546 2571 677 2627 dicit
707 2590 719 2624 :
749 2570 950 2625 Memor
991 2574 1067 2643 fni
1099 2571 1240 2636 Dei,
1286 2579 1335 2625 et
1370 2572 1649 2625 delectatus
1702 2587 1817 2624 sum

217 2664 407 2738 (Ibid.,
428 2666 517 2734 '4).
550 2664 630 2719 Ad
656 2665 754 2719 has
782 2665 1023 2734 profecto
1053 2664 1241 2734 epulas
1270 2663 1488 2718 ﬂentem
1532 2660 1816 2731 conjugem

215 2761 555 2826 hortabatur,
584 2775 705 2814 cum
732 2760 938 2815 diceret
966 2778 977 2812 :
1013 2756 1187 2822 Quare
1214 2759 1375 2813 tristis
1396 2775 1448 2812 es
1470 2760 1647 2812 anima
1676 2774 1814 2825 mea,

214 2863 264 2909 et
290 2870 453 2924 quare
484 2850 758 2906 conturbas
804 2851 920 2904 me?
957 2851 1123 2921 Spera
1162 2851 1215 2903 in
1248 2847 1379 2913 Deo,
1434 2850 1677 2921 quoniam
1706 2850 1809 2918 37

212 2944 384 2997 adhuc
406 2940 692 3012 conﬁtebor
720 2942 819 3006 illi,
851 2945 1081 2995 salutare
1108 2940 1272 2994 vultus
1304 2940 1402 2993 mei
1432 2949 1481 2993 et
1512 2938 1650 2993 Deus
1672 2954 1813 2993 meus

215 3037 391 3105 (Psal.
426 3050 555 3100 xui,
591 3032 665 3105 5).
711 3032 839 3099 Quae
869 3033 1118 3086 nimirum
1146 3029 1454 3086 exhortatio
1484 3030 1571 3084 hic
1600 3043 1815 3098 quoque

213 3126 581 3196 cognoscitur,
612 3124 735 3193 quia
766 3139 795 3177 a
823 3124 937 3179 viro
967 3139 1064 3178 suo
1106 3138 1203 3177 cur
1232 3121 1377 3187 ﬂeat,
1426 3129 1479 3176 et
1508 3135 1673 3191 quare
1705 3136 1811 3176 non

212 3217 486 3285 comedat,
514 3224 569 3271 et
589 3214 844 3270 aﬂlietum
871 3230 966 3270 cor
995 3215 1209 3281 habeat,
1234 3213 1613 3282 interrogatur.
1647 3211 1811 3278 Quasi

1934 610 2118 681 templi
2145 610 2357 668 Domini
2390 614 2638 681 sederet,
2671 623 2727 671 et
2755 616 2905 671 Anna
2937 625 3152 683 oraret,
3182 632 3242 673 os
3267 617 3381 687 ejus
3410 618 3530 675 Heli

1932 702 2253 771 observavit,
2295 713 2352 762 et
2391 721 2511 761 eam
2554 707 2759 763 ebriam
2800 708 3033 764 vocavit.
3081 708 3189 765 Sed
3234 710 3366 776 hme,
3407 724 3527 780 qua:

1930 801 2153 871 injurias
2177 803 2444 873 patienter
2470 803 2740 870 sustinuit,
2765 803 3123 859 humilitatem
3150 805 3397 876 responsi
3427 820 3523 860 ex-

1931 892 2238 949 hibuitcum
2263 893 2491 949 veritate
2515 894 2761 950 rationis.
2787 893 3049 949 Ancillam
3075 908 3135 951 se
3157 893 3273 963 ejus
3295 895 3528 949 asseruit

1929 999 1996 1041 ex
2023 986 2193 1041 multo
2218 985 2406 1042 dolore
2434 993 2491 1041 et
2519 1001 2751 1042 maerore
2780 985 2949 1056 loqui,
2985 993 3040 1040 et
3070 986 3337 1040 furentem
3371 985 3427 1040 in
3464 1001 3527 1043 se

1928 1077 2186 1143 animum,
2217 1092 2325 1145 non
2373 1077 2544 1132 solum
2572 1077 2813 1145 Isedavit,
2854 1079 2947 1132 sed
2985 1077 3147 1132 etiam
3196 1092 3295 1146 pro
3338 1086 3525 1133 conse-

1930 1170 2144 1241 quendo
2174 1169 2349 1225 fructu
2381 1170 2465 1226 sui
2494 1169 2747 1225 desiderii
2790 1169 2857 1225 ad
2884 1169 3183 1225 orationem
3231 1169 3521 1225 convertit.

2002 1282 2088 1339 14.
2122 1283 2227 1339 Sed
2263 1284 2387 1355 quia
2433 1285 2550 1340 hac
2593 1283 2781 1339 ultima
2830 1284 2898 1339 ad
2944 1283 3221 1340 historiam
3269 1282 3523 1351 diximus,

1928 1392 2037 1432 non
2068 1378 2135 1432 ab
2164 1392 2225 1432 re
2252 1378 2459 1447 agimus
2487 1376 2533 1432 si
2563 1376 2617 1431 in
2636 1376 2719 1433 his
2746 1391 2914 1432 sacrae
2932 1376 3169 1432 historia:
3188 1376 3368 1432 verbis
3397 1390 3525 1431 eru-

1929 1468 2191 1525 ditionem
2239 1477 2479 1524 nostram
2534 1469 2695 1539 paulo
2751 1468 2999 1526 subtilius
3054 1468 3412 1539 requiramus.
3465 1467 3527 1524 Si

1926 1574 2056 1632 ergo
2092 1577 2274 1618 rerum
2311 1563 2444 1617 ordo
2484 1562 2792 1632 requiritur,
2846 1563 2996 1633 prius
3042 1563 3411 1629 manducavit,
3460 1567 3527 1618 et

1928 1655 2080 1721 bibit,
2106 1654 2304 1711 dehinc
2331 1670 2573 1710 amarum
2619 1656 2858 1710 animum
2901 1656 3104 1721 habuit,
3136 1658 3311 1711 oravit
3332 1656 3522 1715 Domi-

1927 1764 2057 1803 num
2106 1746 2239 1803 ﬂens
2280 1749 2520 1818 largiter,
2552 1756 2744 1818 postea
2794 1755 2981 1802 votum
3027 1748 3192 1816 vovit,
3236 1756 3290 1801 et
3335 1761 3524 1818 preces

1927 1839 2323 1909 multiplicavit.
2356 1838 2495 1904 Quid
2524 1837 2901 1908 multiplicatio
2928 1852 3147 1907 precum
3178 1838 3344 1891 Annae
3363 1877 3377 1903 ,
3420 1837 3523 1892 nisi

1924 1933 2071 1989 illam
2098 1934 2389 1989 electorum
2418 1931 2805 2002 perfectionem
2835 1928 3119 2001 signiﬁcat,
3144 1928 3212 1983 ad
3233 1943 3392 1998 quam
3421 1943 3522 1985 nos

1926 2027 2129 2083 Doctor
2156 2026 2403 2095 egregius
2430 2025 2700 2090 hortatur,
2729 2023 2913 2079 dicens
2945 2039 2957 2076 :
2984 2021 3113 2077 Sine
3140 2021 3520 2076 intermissione

1924 2130 2068 2175 orate
2106 2118 2157 2191 (1
2191 2118 2369 2173 Thess.
2401 2133 2456 2181 v,
2502 2116 2619 2185 i7)?
2656 2116 2785 2171 Sine
2835 2114 3232 2170 intermissione
3282 2126 3517 2181 namque

1923 2226 2081 2267 orare
2126 2210 2226 2265 nisi
2275 2210 2547 2279 perfectus
2594 2209 2678 2263 vir
2722 2216 2937 2279 potest;
2995 2221 3151 2262 orare
3207 2205 3347 2261 enim
3406 2204 3523 2260 sine

1923 2301 2319 2357 intermissione
2347 2309 2430 2355 est
2472 2316 2569 2371 per
2607 2299 2858 2355 aﬂ'ectum
2888 2297 3293 2369 supplicationis
3322 2294 3518 2350 condi-

1922 2393 2027 2447 tori
2083 2406 2299 2463 semper
2364 2392 2635 2447 assistere.
2698 2390 2799 2458 Qui
2866 2399 3044 2445 autem
3099 2386 3522 2459 imperfectionis

1921 2484 2097 2539 adhuc
2128 2480 2441 2538 inﬁrmitate
2487 2482 2826 2553 deprimitur,
2868 2496 2934 2537 eo
2973 2481 3090 2536 sine
3120 2478 3520 2536 intermissione

1920 2574 2205 2629 Dominum
2228 2590 2335 2629 non
2361 2574 2630 2642 obsecrat,
2659 2573 2800 2643 quod
2831 2573 2885 2627 in
2914 2572 3031 2642 ipso
3062 2572 3223 2627 etiam
3252 2568 3517 2625 orationis

1920 2676 2167 2738 tempore
2204 2683 2234 2722 a
2263 2675 2555 2737 conspectu
2582 2666 2696 2736 ejus
2723 2666 2919 2721 mentis
2946 2665 3175 2721 elabitur
3201 2664 3514 2735 vagatione.

1921 2759 2065 2815 Bene
2114 2768 2294 2815 autem
2335 2770 2461 2815 ante
2509 2774 2730 2830 precum
2781 2758 3283 2828 multiplicationem
3331 2764 3518 2810 votum

1916 2855 2134 2908 vovisse
2160 2860 2342 2907 sancta
2374 2852 2568 2906 mulier
2587 2851 2799 2917 dicitur,
2825 2850 2949 2921 quia
2974 2848 3076 2903 nisi
3105 2847 3226 2918 quis
3254 2862 3313 2902 se
3341 2854 3516 2901 totum

1916 2946 2151 3002 caelitem
2182 2960 2279 3015 per
2316 2944 2587 3014 propositi
2625 2943 2857 3011 rigorem
2898 2940 3174 3006 exhibeat,
3212 2954 3277 2994 eo
3324 2937 3520 3007 smpius

1916 3040 1984 3094 ab
2028 3036 2226 3093 aﬂ'ectu
2273 3035 2677 3107 supplicationis
2727 3033 2994 3099 educitur,
3050 3046 3159 3101 quo
3208 3028 3513 3085 mobilitate

1916 3128 2111 3185 mentis
2169 3129 2221 3183 in
2271 3142 2461 3200 gyrum
2510 3125 2792 3183 mundana:
2826 3121 3143 3178 intentionis
3170 3120 3428 3185 vertitur,
3463 3125 3520 3173 et

1917 3224 1971 3277 in
2038 3230 2337 3292 conspectu
2408 3218 2620 3274 Domini
2668 3232 2767 3288 per
2804 3215 3002 3271 fortem
3048 3212 3348 3268 custodiam
3402 3225 3513 3265 non

210 3308 357 3363 dicat
380 3326 393 3361 2
418 3308 529 3362 Cur
546 3307 613 3362 de
641 3323 750 3361 non
777 3306 957 3361 habita
983 3305 1453 3376 contemplationis
1481 3303 1813 3375 perfectione
1841 3305 1888 3367 C
1920 3324 2157 3371 tenetur,
2199 3313 2306 3371 Sed
2352 3312 2581 3384 spiritali
2626 3309 2904 3381 proposito
2950 3320 3069 3362 sese
3115 3318 3312 3359 vovere
3355 3300 3515 3357 electi

213 3399 603 3468 contristaris,
632 3412 790 3467 quam
820 3398 866 3453 si
904 3398 1050 3452 rudis
1097 3412 1203 3451 non
1233 3396 1472 3459 obtines,
1523 3395 1811 3465 proliciens

211 3492 523 3547 obtinebis?
548 3490 701 3547 Unde
730 3498 783 3546 et
809 3506 928 3561 qua:
957 3489 1155 3546 afﬂicta
1200 3491 1268 3547 ab
1293 3491 1485 3546 aemula
1526 3490 1812 3545 comedere

210 3584 405 3649 noluit,
433 3598 464 3638 a
490 3584 607 3638 viro
631 3583 912 3639 cehortata
942 3584 1314 3648 manducavit;
1361 3584 1486 3653 quia
1514 3598 1633 3653 qua:
1660 3582 1689 3621 ι)
1718 3598 1811 3637 sa-

209 3677 351 3733 niori
381 3674 608 3731 consilio
639 3675 744 3730 ima
771 3674 1016 3745 despicit,
1066 3676 1452 3744 perfectionem
1478 3675 1811 3745 contempla-

208 3769 375 3825 tionis
404 3767 568 3823 habet
596 3767 799 3837 in'spe,
841 3781 1001 3837 quam
1048 3766 1288 3821 nondum
1318 3766 1483 3821 habet
1525 3767 1579 3821 in
1612 3766 1811 3822 virtute

210 3860 585 3932 experientiae.
612 3859 750 3914 Fere
796 3860 940 3915 enim
969 3856 1241 3915 deﬁcienti
1280 3868 1335 3914 et
1379 3860 1629 3931 collapsre
1677 3875 1809 3916 eon-

210 3954 550 4025 templationi
578 3955 691 4025 spei
713 3962 985 4009 renovatae.
1012 3954 1263 4022 gaudium
1292 3953 1443 4025 cibus
1474 3962 1575 4011 est.
1602 3953 1684 4008 Ad
1711 3954 1809 4010 viri

208 4061 342 4116 ergo
369 4047 451 4101 sui
482 4060 671 4101 vocem
706 4046 857 4100 Anna
886 4046 1153 4112 reﬁcitur,
1182 4062 1304 4102 cum
1336 4047 1810 4120 contemplationis

211 4138 445 4194 intentio
467 4153 727 4193 concussa
748 4153 848 4208 per
867 4138 1221 4193 tentationem
1242 4138 1310 4194 ab
1336 4154 1401 4193 eo
1422 4139 1512 4209 qui
1548 4155 1606 4194 se
1627 4154 1810 4194 amare

209 4238 452 4301 emperat
473 4226 540 4283 ad
566 4243 716 4299 spem
739 4229 823 4285 sui
851 4227 1125 4298 profectus
1146 4229 1434 4285 excitatur.
1469 4226 1621 4283 Unde
1657 4244 1807 4284 sum-

208 4332 305 4394 pto
320 4324 447 4379 cibo
469 4323 726 4389 surrexit,
743 4321 1100 4391 omnipotenti
1125 4323 1236 4379 Deo
1257 4337 1449 4393 preces
1465 4322 1616 4390 ludit,
1642 4332 1808 4392 atque

208 4419 260 4472 ei
282 4432 477 4473 sexum
508 4416 737 4483 virilem,
764 4414 807 4471 si
836 4415 979 4470 hunc
1006 4418 1073 4473 ab
1101 4432 1169 4474 eo
1199 4406 1465 4489 accipere.
1487 4426 1805 4485 mereretur,

208 4511 379 4565 vovit.

284 4602 373 4657 15.
430 4602 627 4659 Natum
677 4604 846 4663 ﬁlium
901 4606 1261 4677 omnipotenti
1310 4605 1421 4662 Deo
1470 4613 1664 4675 vovet,
1711 4606 1805 4676 qui

1916 3424 2071 3463 mens
2099 3406 2409 3463 coelestibus
2436 3403 2643 3474 gaudiis
2672 3400 2895 3471 poterit,
2922 3400 2968 3453 si
2996 3398 3216 3467 largiter
3243 3395 3373 3449 ﬂere
3398 3393 3512 3462 jam

1916 3501 2096 3564 novit,
2128 3498 2174 3554 si
2222 3496 2443 3550 ﬂetuum
2469 3495 2717 3562 largitate
2747 3505 2994 3561 superate
3022 3486 3320 3544 dulcedinis
3347 3499 3511 3555 sapo-

1914 3606 2029 3647 rem
2055 3599 2270 3660 gustare
2289 3588 2400 3658 jam
2423 3586 2627 3651 didicit,
2659 3590 2843 3654 atque,
2866 3582 2919 3637 in
2940 3581 3078 3636 illius
3101 3580 3325 3635 interna:
3341 3577 3515 3633 refec-

1916 3684 2077 3740 tionis
2107 3698 2214 3738 sua:
2253 3679 2447 3752 gaudio
2492 3680 2603 3752 38
2650 3684 2936 3746 occupata,
2984 3672 3253 3743 respicere
3302 3678 3517 3725 terrena

1912 3777 2135 3833 fastidit.
2172 3774 2369 3845 Aperte
2398 3772 2559 3841 igitur
2584 3778 2708 3825 ante
2731 3778 2917 3823 votum
2948 3780 3103 3821 suum
3144 3760 3358 3819 ﬂevisse
3398 3760 3509 3814 lar-

1913 3871 2053 3939 giter
2078 3868 2230 3923 Anna
2260 3864 2603 3929 describitur,
2630 3860 2755 3931 quia
2787 3867 2955 3913 totum
2978 3870 3099 3912 sese
3119 3855 3236 3925 quis
3256 3851 3512 3908 exhibere

1912 3962 1991 4018 sic
2020 3962 2274 4026 cmlitem,
2307 3967 2520 4013 terrena
2549 3952 2918 4011 obliviscendo
2939 3993 2955 4019 ,
2987 3965 3093 4005 non
3124 3944 3353 4019 poterit,
3384 3943 3511 4013 nisi,

1916 4051 2126 4121 magnis
2168 4064 2430 4105 accensus
2482 4046 2727 4111 ﬂetibus,
2778 4044 2830 4098 in
2869 4048 3097 4096 mortua:
3143 4038 3257 4106 jam
3311 4036 3513 4089 mundo

1912 4142 2106 4197 mentis
2134 4140 2329 4195 solatio
2358 4135 2733 4193 delectationis
2762 4132 2963 4187 intimae
2990 4128 3236 4198 recipere
3262 4126 3504 4181 suavita—

1912 4245 2018 4290 tem
2048 4233 2216 4289 novit.
2242 4231 2309 4287 Et
2337 4232 2463 4303 quia
2488 4231 2541 4284 in
2572 4226 2766 4296 gaudio
2797 4225 2989 4279 anima:
3018 4222 3121 4276 hoc
3149 4220 3509 4289 lacrymarum

1909 4326 2162 4382 solatium
2203 4339 2309 4380 non
2348 4322 2624 4392 recipitur.
2667 4318 2711 4374 si
2758 4333 2819 4373 se
2856 4315 3001 4387 prius
3048 4327 3157 4367 non
3199 4308 3368 4365 alﬁcit
3412 4321 3512 4378 per

1910 4416 2329 4472 amaritudinem
2370 4411 2821 4483 eompunctionis,
2864 4416 2920 4464 et
2953 4403 3209 4477 quidquid
3246 4402 3299 4457 in
3341 4417 3401 4457 se
3442 4401 3513 4457 de

1909 4508 2110 4563 labenti
2146 4506 2282 4560 vivit
2310 4503 2497 4559 laetitia
2526 4501 2757 4557 salubris
2798 4497 3029 4554 tristitiae
3069 4495 3303 4566 pugione
3329 4500 3507 4546 trans-

1911 4600 2040 4672 ﬁgit.
2085 4601 2237 4654 Anna
2278 4610 2463 4652 amaro
2498 4595 2677 4650 animo
2715 4601 2841 4648 ante
2882 4589 3093 4647 ﬂevisse
3122 4587 3292 4642 relata
3321 4592 3424 4650 est,
3456 4590 3514 4638 et

206 4694 467 4765 gaudium
489 4698 965 4769 contemplationis
996 4697 1062 4755 ad
1091 4697 1323 4754 fructum
1349 4697 1545 4754 mentis
1570 4698 1805 4769 expetit,
1838 4688 1887 4749 Ι)
1911 4700 1988 4756 sic
2018 4698 2237 4766 largiter
2265 4693 2394 4750 ﬂere
2424 4692 2684 4763 potuisse.
2728 4687 2884 4756 Quod
2921 4687 3059 4741 bene
3087 4680 3345 4738 Salomon
3376 4678 3509 4734 insi-

208 4802 321 4841 nou
372 4786 441 4840 ad
482 4787 723 4845 favorem
764 4791 1037 4848 vanitatis.
1064 4790 1171 4847 Sed
1214 4793 1354 4848 bene
1398 4792 1704 4862 petentibus
1747 4792 1801 4847 in

206 4880 689 4947 contemplationis
724 4881 991 4939 desiderio
1031 4884 1276 4939 carnales
1315 4883 1589 4955 prtepositi
1624 4885 1803 4940 obsis-

209 4975 327 5053 tere
356 4970 710 5028 vehementer
746 4973 951 5040 solent;
1003 4989 1070 5030 eo
1118 4975 1319 5046 quippe
1366 4976 1599 5045 ineptius
1645 4989 1805 5045 agere

210 5064 565 5120 secretiorem
592 5067 759 5122 vitam
786 5076 1105 5139 appetentes
1144 5070 1405 5139 cogitant,
1434 5085 1542 5139 quo
1571 5070 1671 5142 ipsi
1694 5071 1803 5125 vim

210 5153 441 5209 internae
496 5156 793 5214 dulcedinis
849 5161 1117 5229 ignorant.
1170 5159 1274 5228 Qui
1317 5162 1362 5216 si
1413 5160 1699 5230 aliquando
1750 5161 1805 5215 in

210 5244 488 5313 spiritales
518 5249 765 5306 subditos
800 5267 937 5307 voce
965 5268 1169 5323 asperae
1199 5253 1520 5309 invectionis
1558 5253 1803 5319 szeviunt,

209 5334 277 5389 ab
307 5336 387 5390 eis
430 5336 726 5396 humillima
755 5343 968 5399 ratione
998 5343 1219 5398 sedandi
1248 5352 1391 5398 sunt.
1418 5342 1549 5398 Nam
1573 5345 1615 5398 si
1641 5358 1699 5399 se
1729 5343 1804 5398 ir-

210 5427 613 5485 rationabiliter
640 5442 829 5488 contra
843 5443 991 5490 recte
1002 5443 1224 5504 agentes
1240 5437 1475 5506 erigunt,
1489 5436 1802 5491 reverentia

207 5519 509 5587 superioris
550 5522 753 5579 ordinis
783 5525 949 5594 exigit
993 5535 1052 5581 ut
1099 5534 1227 5582 tunc
1277 5527 1631 5594 honorentur,
1682 5542 1804 5584 cum

207 5612 435 5666 modum
472 5614 698 5670 rationis
748 5616 1039 5673 excedunt.
1082 5617 1227 5685 Quos
1271 5633 1401 5676 sane
1450 5626 1707 5691 utrosque
1750 5626 1807 5676 et

206 5703 461 5762 carnales
485 5706 697 5763 scilicet
715 5708 988 5781 praelatos,
1016 5718 1070 5765 et
1088 5712 1356 5781 spiritales
1377 5712 1639 5778 subditos,
1668 5711 1807 5769 bene

284 5908 307 5936 α
343 5898 451 5957 Alii
479 5898 627 5958 Editi
648 5942 665 5971 ,
697 5901 1007 5976 despectura.

1910 4798 2063 4859 nuat,
2106 4789 2290 4844 dicens
2324 4784 2487 4854 :Cor,
2532 4783 2667 4857 quod
2704 4783 2843 4837 novit
2875 4776 3274 4834 amaritudinem
3320 4772 3510 4825 anima:

1911 4899 2035 4946 sate,
2067 4883 2121 4936 in
2145 4880 2333 4952 gaudio
2356 4880 2468 4951 ejus
2491 4893 2593 4930 non
2617 4875 2859 4929 miscetur
2882 4879 3157 4925 extraneas
3186 4863 3369 4934 (Prov.
3393 4875 3504 4926 xlv,

1918 4971 2024 5043 10).
2059 4970 2358 5025 Extraneus
2388 4967 2588 5039 quippe
2617 4973 2700 5020 est
2740 4963 2832 5033 qui
2861 4962 3035 5017 adhuc
3064 4958 3131 5012 de
3165 4952 3321 5013 bonis
3349 4958 3505 5043 exte-

1908 5042 2139 5120 rioribus
2168 5061 2520 5116 intentionem
2547 5054 2923 5112 delectationis
2943 5051 3128 5107 habet.
3152 5045 3252 5113 Qui
3279 5052 3424 5099 certe
3453 5042 3508 5098 in

1908 5155 2105 5227 gaudio
2128 5151 2402 5207 amaricati
2426 5148 2603 5206 cordis
2629 5162 2737 5203 non
2758 5145 3034 5215 recipitur,
3056 5139 3177 5210 quia
3201 5152 3307 5192 non
3330 5139 3511 5206 potest

1911 5248 2150 5319 experiri
2174 5261 2296 5315 qua:
2320 5245 2389 5300 sit
2416 5245 2625 5297 interna
2648 5238 2850 5305 laetitia,
2873 5235 2973 5292 nisi
2999 5233 3089 5304 qui
3111 5229 3348 5303 perfecte
3378 5239 3510 5319 eon-

1912 5318 2154 5399 temnere
2176 5341 2502 5397 exteriorem
2530 5343 2705 5394 curat.
2736 5331 2843 5389 Sed
2869 5326 3165 5387 notandum
3188 5321 3361 5378 adhuc
3382 5318 3506 5389 quia

1912 5444 2039 5492 ante
2082 5436 2185 5490 ista
2225 5434 2406 5489 omnia
2452 5429 2749 5488 surrexisse
2790 5423 2961 5481 relata
3005 5426 3088 5475 est
3126 5424 3181 5473 et
3219 5421 3507 5482 antequam

1913 5533 2177 5596 surgeret,
2211 5523 2512 5581 comedisse
2542 5527 2596 5575 et
2624 5517 2843 5574 bibisse.
2876 5512 3008 5581 Quis
3036 5516 3120 5567 est
3142 5507 3294 5563 cibus
3318 5503 3505 5596 electa:

1919 5594 2140 5683 animm,
2174 5616 2277 5670 nisi
2311 5613 2463 5683 juxta
2500 5609 2744 5667 veritatis
2786 5618 2978 5663 vocem
3028 5620 3041 5656 :
3087 5599 3252 5656 Omne
3298 5594 3506 5683 verbunt

1916 5710 2051 5786 quod
2080 5681 2399 5781 procedit—de
2428 5720 2515 5761 ore
2544 5701 2639 5757 Dei
2670 5698 2846 5773 (Matt.
2874 5713 2947 5765 tv,
2975 5694 3071 5768 4)?
3099 5701 3155 5757 et
3181 5688 3313 5765 quid
3342 5693 3425 5743 est
3451 5681 3504 5740 ei

1981 5904 2009 5946 δ
2039 5904 2142 5962 Alii
2170 5903 2345 5972 Editi,
2387 5901 2603 5960 senioris
2632 5901 2851 5959 consilio
2893 5901 3000 5957 ima
3041 5896 3278 5969 despicit.
