4044 6336
490 417 561 478 δε,
888 440 895 447 ,
1694 377 1935 442 SANC'I‘I
1976 367 2301 434 cnneonu
2345 365 2557 424 MAGNI
3705 356 3776 413 eo

491 539 735 599 surgere,
764 520 867 579 nisi
893 532 956 575 se
997 514 1063 574 ad
1098 516 1301 575 petatem
1337 514 1585 577 superna:
1622 494 1935 559 intentionis
1973 490 2079 548 eri—
2106 492 2162 551 Α
2184 499 2334 545 suam
2381 496 2501 538 esse
2538 477 2907 543 indubitanter
2946 472 3148 539 credit,
3179 485 3335 528 suam
3370 482 3609 539 namque
3647 469 3790 523 hanc

1970 586 1982 598 .
2192 579 2454 599 -24.-.-”
2490 590 2603 599 ΑΜ...
2637 575 2958 599 ,ιηηηη-νηςηι
3016 566 3103 599 η.ιῖ
3134 564 3346 599 ("nnbat
3382 579 3393 591 -
3430 562 3636 599 Ωρὸηιηε
3664 560 3789 599 mnia

494 586 655 695 gero?
703 617 843 672 Ante
891 624 1020 679 ergo
1069 602 1390 665 surrexisse,
1447 611 1611 670 quam
1664 606 1850 657 amaro
1896 586 2077 645 animo

495 686 658 773 fuisse
687 710 912 771 dicitur,
944 710 997 758 et
1025 706 1315 768 antequam
1343 699 1588 763 surgeret
1633 686 1987 744 manducasse
2025 690 2082 737 et

495 812 714 875 bibisse,
745 804 869 875 quia
892 802 1061 856 electa
1085 794 1261 851 anima
1290 790 1357 847 de
1384 801 1624 847 aerumna
1652 783 1776 839 vita:
1802 778 2084 853 prazsentis

498 869 682 957 dolere
701 869 816 952 non
849 888 1073 963 poterit,
1107 886 1151 940 si
1179 898 1302 939 sese
1329 880 1397 937 ad
1423 880 1514 937 illa
1543 891 1661 946 quae
1691 875 1743 928 in
1775 869 2084 939 coelestibus

497 989 733 1065 perdidit
762 960 870 1040 non
895 978 1170 1045 extendit;
1204 982 1259 1031 et
1286 988 1343 1029 se
1369 971 1436 1031 ad
1466 970 1555 1024 illa
1583 980 1792 1024 summa
1823 978 1929 1025 non
1971 960 2085 1016 ele-

496 1057 615 1150 vat,
647 1083 691 1138 si
720 1097 751 1136 a
780 1077 1070 1147 Scripttu-ae
1108 1084 1277 1128 sacra:
1304 1064 1502 1139 pabulo
1522 1062 1752 1133 ieiunat.
1796 1057 1869 1113 Ut
1896 1069 2085 1124 surga-

499 1198 615 1236 mus
638 1191 795 1246 ergo,
828 1170 1214 1228 manducamus
1243 1170 1296 1219 et
1325 1160 1587 1224 bibimus,
1618 1155 1743 1226 quia
1772 1160 1884 1207 tum
1916 1149 1983 1205 ad
2009 1148 2086 1202 al-

508 1244 784 1329 titudinem
826 1263 1043 1334 superni
1086 1256 1284 1315 amoris
1333 1252 1615 1323 erigimur,
1648 1263 1769 1302 cum
1799 1244 2089 1314 Scriptura:

500 1376 670 1419 sacra:
698 1354 974 1429 profundis
1016 1360 1071 1411 et
1107 1346 1436 1420 planioribus
1462 1341 1707 1399 sensibus
1749 1339 2085 1393 roborantur.

502 1452 706 1511 Dehinc
726 1451 770 1505 si
791 1459 1088 1517 surgamus,
1114 1436 1521 1501 amaritudinem
1544 1432 1722 1489 cordis
1744 1428 2088 1498 acquirimus,

503 1541 629 1611 quia
656 1540 785 1605 dum
811 1538 864 1595 in
910 1548 1142 1607 superna
1181 1546 1275 1601 per
1322 1541 1562 1583 amorem
1594 1524 1847 1589 ferimur,
1891 1536 2008 1589 qum
2038 1519 2092 1573 in

503 1608 615 1689 imo
637 1636 759 1687 sunt
785 1642 893 1683 non
926 1623 1080 1685 nobis
1102 1621 1345 1693 praebent
1372 1615 1739 1675 blandimenta
1766 1611 1979 1693 gaudii,
1999 1608 2095 1666 sed

503 1726 847 1797 asperitatem
868 1718 1192 1787 amictiouis.
1219 1714 1323 1769 Sed
1352 1713 1463 1785 iam
1507 1712 1573 1766 ab
1614 1688 1800 1773 amaro
1823 1710 2001 1763 animo
2031 1706 2097 1762 ad

503 1818 726 1875 ﬂetuum
755 1815 954 1883 fluenta
984 1806 1422 1873 conscendimus,
1455 1802 1579 1872 quia
1604 1816 1724 1859 cum
1754 1799 1867 1869 iugi
1896 1798 2095 1853 valida-

503 1923 608 1979 que
635 1902 1055 1975 compuuctioue
1082 1894 1470 1963 transligiinur,
1502 1907 1565 1945 ea
1596 1889 1736 1957 mala
1765 1903 1884 1959 qua:
1909 1888 1961 1941 in
1993 1887 2095 1942 hac

504 2002 645 2067 valle
664 2001 1025 2069 lacrimarum
1052 1988 1395 2053 incurrimus,
1420 1993 1474 2040 et
1488 1983 1665 2039 futura
1686 1996 1805 2051 quae
1824 1980 2093 2043 timemus,

507 2104 563 2152 et
589 2102 793 2149 interna
821 2090 964 2151 bona
988 2099 1108 2156 quae
1133 2082 1407 2153 amisimus
1428 2120 1443 2146 ,
1476 2077 1611 2147 ﬂere
1641 2074 1911 2147 copiosius
1951 2074 2099 2127 vale-

507 2202 650 2251 mus.
700 2183 838 2238 illnc
888 2195 1018 2243 vero
1061 2177 1129 2232 ad
1172 2172 1540 2239 vovendorum
1588 2175 1839 2224 votorum
1891 2170 2100 2219 secreta

509 2278 879 2353 procedimus,
905 2273 1030 2345 quia
1053 2272 1181 2327 dum
1222 2269 1289 2324 ab
1320 2264 1467 2322 omni
1494 2263 1639 2333 quod
1688 2260 1819 2329 foris
1846 2258 1977 2314 libet
2007 2254 2102 2310 lle-

512 2348 663 2429 tuum
695 2384 793 2429 nos
820 2367 1039 2435 largitas
1069 2360 1283 2433 sepelit,
1313 2357 1460 2413 velut
1489 2362 1631 2411 totos
1650 2351 1872 2408 effectos
1895 2348 2103 2404 coclites

511 2460 761 2534 supernis
789 2456 1065 2529 obtutibus
1094 2450 1364 2518 ostendit,
1394 2455 1449 2525 et
1474 2454 1599 2502 vota
1627 2457 1884 2501 vovemus
1913 2441 2105 2510 quibus

512 2532 591 2615 sic
616 2560 817 2617 aeterna
842 2550 984 2605 bona
1012 2546 1256 2616 placent,
1308 2548 1367 2603 ut
1416 2554 1568 2611 mens
1614 2544 1801 2591 nostra
1832 2550 1930 2605 per
1961 2532 2105 2587 nulla

514 2656 729 2705 terrena
757 2649 919 2712 atque
946 2636 1182 2701 carnalia
1220 2648 1279 2697 se
1308 2631 1569 2703 inquinet.
1605 2628 1807 2683 Dehinc
1836 2624 2108 2696 profectus

515 2747 727 2797 nostros
752 2748 972 2807 precum
1011 2726 1388 2799 multiplicatio
1431 2722 1703 2795 sequitur,
1753 2720 1876 2790 quia
1908 2734 1974 2777 eo
1996 2718 2107 2789 iam

515 2829 798 2893 libentius,
839 2824 1033 2895 saepius
1063 2831 1118 2877 et
1144 2820 1433 2879 instantius
1461 2822 1661 2877 interna
1691 2811 1896 2868 orando
1916 2810 2111 2889 quaeri-

514 2937 668 2988 mus,
694 2934 804 2989 quo
848 2917 903 2989 in
933 2915 1049 2973 solo
1081 2911 1385 2969 futurorum
1416 2908 1683 2971 bonorum
1713 2903 1907 2977 solatio
1937 2903 2110 2972 respi—

518 3024 720 3073 ramus.
753 3006 910 3062 Mane
933 3011 1117 3079 autem
1163 3000 1420 3067 adorant,
1470 3005 1525 3053 et
1552 2997 1605 3069 in
1646 2995 1917 3067 civitatem
1958 3008 2114 3051 suam

522 3106 894 3169 revertuntur.

594 3220 682 3274 45.
711 3218 842 3273 Post
867 3211 1373 3284 multiplicatiouem
1394 3223 1616 3280 precum
1647 3221 1769 3261 cum
1799 3205 1952 3259 Anna
1979 3218 2113 3259 con-

518 3315 647 3387 iuge
689 3326 848 3367 mane
893 3307 1125 3363 adorare
1175 3311 1259 3358 est
1305 3302 1445 3357 inter
1471 3313 1670 3369 magna
1694 3299 1950 3352 virtutum
1974 3295 2113 3350 dona

523 3403 843 3464 humilitatis
869 3400 1126 3456 virtutem
1148 3394 1453 3461 custodire;
1484 3400 1541 3449 et
1562 3392 1686 3462 quia
1708 3390 1763 3447 in
1785 3390 1873 3445 illa
1902 3388 2117 3444 sublimi

524 3498 732 3555 visione
762 3494 961 3549 diutius
990 3498 1137 3547 stare
1166 3502 1275 3544 non
1322 3492 1503 3557 potest
1549 3484 1728 3541 anima
1773 3498 1893 3552 quae
1940 3482 2117 3537 adhuc

527 3592 630 3647 ista
659 3585 1020 3657 corruptionis
1057 3582 1269 3638 sarcina
1310 3587 1705 3651 praegravatur,
1734 3585 1861 3648 apte
1909 3575 1962 3631 in
1992 3575 2122 3631 civi-

529 3688 697 3738 tatem
728 3693 881 3734 suam
910 3674 1114 3732 reversi
1141 3672 1467 3730 referuntur.
1518 3670 1703 3741 Electa
1732 3670 1907 3725 anima
1929 3708 1942 3733 ,
1978 3685 2118 3732 cum,

532 3771 844 3829 infirmitate
871 3771 1263 3838 praegravante,
1292 3778 1325 3817 a
1344 3762 1440 3819 Dei
1467 3761 1923 3832 contemplatione
1951 3761 2125 3830 repel-

534 3866 681 3927 litur,
706 3870 764 3916 ut
783 3860 960 3915 redire
978 3859 1032 3913 in
1057 3857 1302 3913 eamdem
1324 3855 1546 3910 visionis
1568 3852 1905 3909 altitudinem
1929 3851 2123 3919 valeat,

534 3957 699 4014 debet
724 3952 927 4009 habere
957 3957 1267 4006 constructa
1295 3946 1520 4002 aedilicia
1559 3944 1891 4017 munitionis,
1935 3949 2126 4011 quate-

537 4066 675 4110 nus,
702 4047 768 4103 ad
797 4044 1141 4114 semetipsam
1162 4040 1403 4111 relapsa,
1438 4038 1492 4092 in
1522 4038 1632 4093 alto
1662 4052 1722 4092 se
1749 4043 1953 4100 teneat,
1988 4035 2129 4090 unde

538 4144 736 4198 iterum
750 4139 817 4194 ad
842 4137 1087 4193 eamdem
1108 4132 1309 4187 intimae
1338 4130 1616 4186 cbaritatis
1636 4127 1973 4183 altitudinem
1998 4141 2129 4183 con-

539 4239 743 4300 surgat.
775 4226 928 4295 Quod
968 4233 1024 4282 et
1066 4224 1165 4279 sub
1204 4231 1332 4294 typo
1369 4219 1663 4277 Jerusalem
1712 4219 1897 4275 electa:
1939 4218 2132 4273 animae

540 4340 639 4396 per
669 4323 996 4391 Pr0phctam
1022 4317 1217 4379 dicitur
1246 4315 1366 4371 :Sla
1406 4316 1461 4368 in
1489 4315 1712 4380 excelso,
1743 4325 1791 4368 et
1819 4313 1931 4367 vide
1949 4314 2136 4383 jucun-

544 4420 757 4473 ditatem
777 4429 889 4487 quae
920 4413 1082 4469 veniet
1104 4409 1195 4463 tibi
1216 4410 1323 4480 39
1347 4425 1379 4461 a
1408 4406 1518 4461 Deo
1549 4414 1635 4460 tuo
1658 4406 1905 4474 (Barucli.
1937 4421 2007 4470 tv,
2034 4404 2132 4468 56;

543 4527 597 4564 v.
633 4508 705 4580 5).
756 4505 919 4573 Quasi
948 4504 1121 4571 dicat,
1151 4500 1252 4557 etsi
1290 4514 1510 4555 manere
1536 4499 1734 4569 iugiter
1778 4499 1831 4553 in
1862 4498 1960 4553 Dei
2001 4512 2135 4553 con-

546 4598 896 4671 templatione
921 4612 1028 4651 non
1057 4601 1213 4665 potes
1233 4635 1249 4661 ,
1301 4608 1371 4648 ne
1395 4584 1567 4661 usque
1595 4590 1663 4646 ad
1692 4592 1797 4645 ima
1827 4590 2136 4660 deponaris,

546 4703 607 4750 ut
632 4694 699 4749 ab
721 4692 842 4747 altis
863 4689 1115 4747 custodiae
1139 4695 1240 4742 tua:
1264 4687 1498 4745 turribus
1521 4685 1589 4740 ad
1617 4700 1739 4740 eum
1767 4684 2138 4753 contemplan-

548 4788 676 4843 dum
722 4785 841 4841 sine
886 4780 1202 4837 difficultate
1245 4778 1613 4835 conscendere
1653 4791 1813 4846 quem
1868 4774 2141 4830 desideras

546 4878 744 4951 possis.
781 4873 839 4929 In
872 4872 1134 4928 Ramatha
1180 4869 1397 4939 quidem
1427 4868 1700 4924 civitatem
1726 4880 1878 4925 suam
1917 4864 2142 4923 reverti-

550 4982 655 5035 tur,
687 4972 732 5025 si
761 4983 882 5025 cum
913 4983 943 5022 a
972 4965 1164 5021 divinae
1192 4963 1487 5033 Maiestatis
1526 4960 1736 5016 visione
1764 4957 2062 5029 repellitur,
2088 4957 2143 5011 in

552 5072 861 5121 sanctorum
885 5061 1198 5130 angelorum
1233 5054 1693 5125 contemplatione
1722 5052 2005 5106 retinetur.
2037 5048 2143 5109 Sed

552 5174 676 5215 cum
708 5156 777 5213 de
807 5156 909 5211 ista
936 5152 1204 5211 subtiliori
1252 5157 1475 5213 natura,
1509 5147 1561 5202 id
1587 5154 1669 5202 est
1696 5144 1966 5215 angelica,
1998 5142 2145 5211 cogi-

557 5261 672 5307 tare
703 5266 809 5306 non
832 5247 1109 5319 prmvalet,
1140 5245 1183 5301 si
1210 5243 1276 5298 ad
1307 5244 1498 5298 beatos
1522 5244 1809 5309 martyres,
1833 5235 1920 5290 vel
1945 5233 2150 5291 electos

558 5346 725 5409 alios,
757 5342 846 5413 qui
873 5341 985 5411 iam
1030 5338 1336 5394 aeternitate
1383 5331 1587 5402 recepti
1633 5339 1788 5397 sunt,
1838 5326 2149 5384 meditando

558 5436 805 5501 recurrit,
834 5434 959 5503 quia
980 5432 1047 5488 de
1072 5429 1312 5502 perfecta
1332 5440 1520 5481 eorum
1547 5423 1714 5491 gloria
1740 5422 1959 5489 cogitat,
1988 5419 2148 5477 nimi-

561 5544 681 5586 rum
713 5537 841 5583 tunc
886 5528 941 5581 in
987 5539 1083 5583 sua
1139 5522 1356 5577 civitate
1392 5516 1679 5587 recipitur,
1728 5514 1818 5583 qui
1867 5513 2068 5568 morari
2096 5514 2151 5568 in

564 5621 885 5677 sublimibus
911 5617 1244 5691 prohibetur.
1270 5611 1416 5667 Bene
1456 5618 1636 5664 autem
1666 5606 1853 5663 eadem
1886 5605 2148 5660 Ramatha

568 5718 757 5773 civitas
803 5729 901 5770 sua
945 5712 1169 5774 dicitur,
1214 5707 1339 5777 quia
1383 5718 1545 5775 quam
1596 5698 1932 5756 familiariter
1958 5697 2150 5767 diligit,

646 5936 670 5963 θ
703 5926 870 5987 Abest
905 5926 994 5979 sed
1024 5932 1267 5980 a'ternam
1301 5922 1357 5975 in
1385 5919 1522 5975 caelis
1551 5918 1605 5973 in
1633 5913 1798 5971 Gilot.

2185 579 2457 637 civitatem
2486 590 2605 631 esse
2634 575 2991 641 cognoverat,
3014 566 3106 636 qui
3134 564 3349 620 dicebat
3382 579 3393 614 :
3426 562 3636 616 Scimus
3664 560 3790 629 quia

2183 672 2229 726 si
2260 668 2516 725 terrestris
2540 667 2719 721 domus
2767 670 2944 716 nostra
2974 657 3124 729 hujus
3154 655 3491 709 habitationis
3524 652 3785 706 dissolva-

2187 768 2288 828 tur,
2316 759 2436 825 quia
2459 753 2857 826 mdiﬁcationcm
2888 748 3131 803 habemus
3159 763 3223 799 ea“.
3254 744 3363 799 Deo
3384 785 3399 812 ,
3443 744 3650 797 domum
3674 758 3781 794 non

2184 856 2560 925 manufactam,
2594 857 2619 886 ⁸
2649 846 2739 901 sed
2768 854 3011 899 wiernam
3038 843 3093 895 in
3142 839 3281 893 ccelis
3313 835 3400 906 (11
3442 835 3563 891 Cor.
3602 850 3667 903 v,
3709 833 3777 904 1).

2186 946 2323 1001 Hinc
2350 944 2545 999 iterum
2577 940 2704 995 dicit
2735 954 2749 992 :
2773 936 3095 997 Jerusalem,
3124 947 3237 1003 qua:
3266 945 3471 985 sursum
3492 934 3597 993 est,
3628 934 3797 978 mater

2188 1044 2365 1103 nostra
2395 1044 2467 1089 cst
2500 1030 2645 1102 (Gal.
2680 1046 2750 1094 IV,
2799 1025 2910 1094 “2.6).
2937 1024 3040 1080 Sed
3071 1022 3160 1090 qui
3193 1022 3245 1073 in
3278 1018 3365 1072 illa
3418 1015 3632 1072 sublimi
3663 1014 3796 1068 civi-

2190 1136 2300 1183 tate
2327 1123 2527 1182 reverti
2554 1138 2664 1177 non
2693 1125 2892 1190 potest,
2925 1114 3112 1169 redeat
3135 1108 3483 1167 nihilominus
3510 1107 3561 1160 in
3602 1105 3796 1160 civita-

2191 1229 2299 1276 tem
2329 1232 2480 1274 suam
2512 1213 2811 1277 Ramatha;
2843 1216 2898 1264 et
2925 1207 3016 1277 qui
3042 1206 3109 1260 ab
3157 1202 3417 1257 altissima
3450 1200 3535 1253 illa
3562 1196 3796 1267 deponi-

2194 1321 2300 1377 tur,
2330 1310 2382 1363 in
2408 1308 2560 1362 istius
2579 1302 2837 1358 Ecclesia:
2860 1300 3033 1355 adhuc
3056 1297 3107 1351 in
3132 1296 3239 1349 imo
3261 1290 3674 1363 peregrinantis,
3698 1287 3797 1343 sed

2191 1401 2433 1459 sublimis
2460 1399 2582 1454 vita:
2616 1395 2825 1463 fulgore
2858 1389 3117 1447 radiantis
3136 1429 3150 1453 ,
3182 1384 3391 1440 visione
3419 1391 3687 1437 teneatur.
3713 1379 3796 1434 Eo

2194 1495 2392 1565 quippe
2422 1492 2547 1546 hinc
2587 1488 2781 1543 iterum
2810 1485 2989 1540 redire
3038 1480 3105 1535 ad
3132 1476 3474 1533 revisendum
3513 1472 3674 1543 iubar
3704 1470 3801 1524 alti

2194 1576 2419 1656 verique
2444 1582 2663 1640 luminis
2694 1578 2914 1650 poterit,
2953 1591 3061 1645 quo
3091 1588 3214 1629 eum
3235 1583 3455 1626 sensum
3482 1580 3645 1637 quem
3676 1578 3801 1620 car-

2198 1679 2282 1735 nis
2310 1677 2523 1733 sarcina
2553 1674 2621 1729 ab
2649 1672 2876 1726 internae
2906 1666 3040 1722 lucis
3063 1671 3273 1721 secreto
3294 1658 3521 1717 retrahit
3544 1671 3716 1727 usque
3738 1654 3807 1709 ad

2201 1783 2362 1827 terrae
2390 1768 2414 1806 ι)
2448 1765 2631 1821 infima
2664 1778 2774 1818 non
2804 1759 3044 1830 deponit.

2124 1867 2174 1945 β
2273 1860 2359 1916 l6.
2416 1857 2557 1927 Quid
2607 1864 2692 1911 est
2743 1861 2923 1908 autem
2959 1849 3105 1921 quod
3134 1854 3259 1918 post
3286 1844 3493 1900 dierum
3540 1839 3805 1896 circulum

2201 1957 2357 2013 Anna
2389 1952 2626 2022 concipit
2664 1956 2719 2003 et
2746 1946 2922 2018 parit,
2954 1944 3052 1997 nisi
3095 1942 3220 2010 quia
3252 1938 3505 2008 gaudium
3552 1932 3811 2005 perfecta:

2203 2044 2509 2104 devotionis
2556 2036 2944 2108 contemplatio
2990 2033 3058 2088 ad
3101 2028 3398 2087 conditoris
3443 2022 3806 2099 pulchritudi-

2204 2152 2327 2193 nem
2368 2132 2538 2191 semel
2567 2131 2785 2186 elevata
2832 2141 2941 2181 non
2971 2122 3229 2192 suscipit?
3270 2119 3401 2175 Post
3448 2116 3653 2171 dierum
3676 2126 3810 2179 ergo

2205 2228 2465 2286 circulum
2494 2220 2814 2293 concepisse
2845 2224 2900 2272 et
2944 2213 3221 2286 peperisse
3265 2210 3492 2273 dicitur,
3522 2206 3651 2276 quia
3678 2204 3809 2259 dum

2207 2338 2277 2377 ex
2306 2314 2697 2376 consuetudine
2720 2306 3106 2379 contemplatio
3137 2306 3204 2359 ad
3230 2316 3462 2373 superna
3491 2297 3721 2368 rapitur,
3759 2294 3814 2349 in

2208 2415 2417 2470 visione
2446 2407 2666 2480 superni
2696 2403 2915 2460 luminis
2944 2414 3136 2455 munus
3164 2395 3359 2466 accipit
3388 2391 3707 2448 desiderata:
3732 2387 3805 2442 fe-

2211 2506 2517 2565 cunditatis.
2545 2499 2791 2556 Circulus
2833 2507 3068 2563 namque
3108 2490 3316 2546 dierum
3360 2493 3444 2541 est
3478 2483 3674 2538 inlusio
3723 2480 3807 2535 di-

2211 2600 2349 2656 vince
2370 2596 2523 2652 lucis.
2553 2593 2685 2661 Quae
2714 2590 2957 2662 profecto
2988 2588 3044 2641 in
3064 2600 3163 2640 suo
3193 2581 3396 2637 ambitu
3417 2577 3607 2633 diebus
3632 2572 3809 2646 pluri-

2212 2693 2311 2745 bus
2343 2686 2601 2755 cingitur,
2628 2683 2757 2737 dum
2780 2694 2887 2734 una
2916 2692 3013 2733 sua
3037 2673 3285 2730 claritate
3307 2676 3543 2724 mentem
3564 2663 3814 2731 irradiat,

2214 2779 2308 2837 sed
2336 2778 2416 2833 sui
2446 2770 2750 2846 splendoris
2785 2768 2967 2824 radios
2997 2780 3094 2836 per
3120 2762 3266 2818 vices
3292 2756 3669 2829 dispensativae
3701 2770 3822 2808 ma-

2217 2868 2575 2929 nifestationis
2593 2866 2645 2921 ei
2669 2863 2925 2927 insinuat,
2953 2870 3232 2935 quousque
3253 2850 3545 2925 perfectius
3565 2848 3822 2918 gaudium

2217 2963 2285 3019 de
2314 2958 2565 3029 ampliori
2597 2951 3041 3010 manifestatione
3069 2941 3510 3016 comprehendat.
3543 2939 3641 2994 Vel
3669 2946 3824 2993 certe

2218 3062 2342 3127 post
2368 3052 2576 3107 dierum
2614 3044 2872 3103 circulum
2900 3042 3054 3097 Anna
3102 3036 3367 3107 concipit,
3393 3035 3520 3104 quia
3568 3031 3823 3086 nimirum

2223 3144 2462 3216 quandiu
2506 3138 2702 3194 mentis
2758 3134 2932 3189 aciem
2980 3125 3455 3199 contemplationis
3498 3122 3707 3177 ruditas
3768 3121 3821 3174 in

2145 3250 2191 3329 ς
2222 3210 2413 3309 gyrum
2454 3226 2833 3287 mutabilitatis
2870 3221 3143 3284 concutit,
3197 3218 3313 3288 ipsa
3359 3230 3511 3271 mens
3540 3212 3609 3268 ad
3638 3210 3824 3282 perci-

2363 3326 2374 3329 -
2558 3322 2571 3329 -
2794 3319 2805 3329 .
2854 3324 2864 3329 -
3000 3328 3003 3329 γ
3412 3305 3657 3329 ____‘,,___A
3713 3320 3822 3329 un

2220 3305 2471 3401 piendum
2520 3322 2740 3393 plenum
2793 3319 3017 3373 internae
3066 3310 3361 3381 maiestatis
3409 3305 3662 3377 gaudium
3712 3320 3826 3358 non

2222 3398 2472 3487 assurgit.
2508 3413 2666 3469 Velut
2714 3410 2858 3466 enim
2897 3408 2951 3462 in
2982 3404 3216 3477 quodam
3254 3400 3455 3457 circulo
3485 3398 3601 3455 dies
3646 3405 3828 3451 trans-

2224 3519 2381 3577 eunt,
2423 3522 2543 3561 cum
2590 3518 2745 3558 mens
2794 3498 3099 3554 inchoantis
3148 3494 3204 3548 in
3247 3487 3723 3559 contemplationis
3769 3500 3831 3541 se

2225 3602 2439 3658 culmen
2472 3598 2684 3660 elevat,
2716 3591 2815 3648 sed
2865 3592 2955 3645 vix
2986 3603 3084 3659 per
3134 3584 3365 3655 respeeti
3409 3581 3567 3649 iubar
3609 3578 3831 3635 luminis

2228 3706 2346 3746 eam
2393 3688 2568 3743 adhuc
2596 3690 2877 3739 rorantem
2914 3695 2979 3733 ac
3024 3676 3411 3731 discurrentem
3457 3670 3621 3725 fixam
3650 3669 3705 3723 in
3733 3682 3831 3723 sua

2228 3782 2348 3836 luce
2396 3784 2596 3833 servat.
2642 3775 2771 3828 Post
2829 3771 3039 3826 dierum
3089 3781 3217 3836 ergo
3262 3762 3519 3820 circulum
3561 3760 3826 3831 concipit,

2229 3871 2353 3941 quia
2378 3868 2527 3939 prius
2557 3882 2587 3920 a
2615 3861 2926 3918 mutationis
2956 3873 3066 3915 sua:
3087 3855 3348 3925 vertigine
3369 3854 3422 3907 in
3452 3850 3628 3907 standi
3658 3850 3830 3905 robur

2231 3962 2411 4016 anima
2439 3957 2654 4013 ducitur
2673 3997 2687 4021 ,
2718 3961 2773 4008 et
2802 3967 2923 4007 cum
2953 3960 3097 4006 stare
3130 3948 3234 4001 lixa
3280 3960 3345 3999 ex
3376 3960 3475 4000 usu
3504 3943 3557 3997 in
3588 3951 3837 3998 contem-

2232 4052 2472 4125 platione
2520 4046 2796 4109 didicerit,
2860 4042 3111 4113 gaudium
3143 4038 3397 4110 perfectae
3444 4033 3750 4090 devotionis
3784 4034 3838 4087 in

2233 4143 2408 4197 fructu
2436 4154 2548 4194 sua:
2569 4134 2909 4192 fecunditatis
2929 4128 3304 4203 apprehendit.
3330 4125 3485 4194 Quod
3506 4125 3671 4180 etiam
3697 4138 3836 4179 cono

2236 4242 2451 4305 ceptum
2483 4231 2657 4303 parit,
2688 4227 2903 4299 quando
2934 4224 3191 4296 proximis
3220 4222 3289 4276 ad
3327 4219 3555 4291 gloriam
3584 4230 3838 4289 superna:

2236 4324 2536 4396 maiestatis
2559 4320 2867 4377 inuotescit.

2312 4422 2398 4476 17.
2430 4420 2595 4475 Natus
2624 4431 2755 4471 vero
2806 4427 2941 4484 puer
2986 4411 3039 4465 in
3069 4409 3243 4463 tribus
3273 4404 3453 4467 vitulis
3482 4404 3549 4458 ad
3574 4401 3835 4456 taberna—

2241 4513 2418 4570 culum
2450 4508 2698 4574 ducitur,
2731 4505 2854 4574 quia
2893 4503 2960 4557 de
2986 4501 3236 4569 largitate
3273 4495 3572 4568 spiritualis
3600 4493 3844 4549 muneris

2241 4602 2441 4672 gratias
2464 4598 2668 4655 referre
2694 4596 2954 4651 debemus
2987 4588 3513 4648 summce~Trinitati.
3541 4586 3618 4641 De
3647 4586 3845 4655 quibus

2242 4693 2428 4750 vitulis
2452 4690 2737 4745 Dominum
2782 4688 3076 4743 obsecrans
3122 4681 3386 4752 propheta
3415 4678 3546 4735 dicit
3578 4694 3590 4729 :
3627 4675 3847 4731 Omnem

2244 4787 2394 4856 aufer
2416 4783 2760 4853 iniquitatem,
2787 4786 2835 4832 et
2858 4777 3031 4845 accipe
3076 4774 3263 4829 bonum
3282 4812 3298 4838 ,
3329 4780 3379 4829 et
3407 4768 3681 4825 reddemus
3712 4769 3847 4822 vitu-

2245 4878 2323 4932 los
2348 4864 2615 4929 labiorum'
2638 4878 2934 4926 nostrorum
2980 4866 3153 4937 (Osee.
3191 4879 3311 4927 xw,
3350 4862 3429 4932 3).
3460 4858 3624 4927 Quasi
3656 4858 3803 4913 dicat
3832 4876 3844 4910 :

2247 4964 2355 5022 Pro
2397 4965 2646 5035 largitate
2694 4973 2972 5016 numerum
3015 4955 3302 5015 reddemus
3346 4950 3607 5013 sacrificia
3651 4949 3847 5012 laudis,

2246 5074 2345 5131 per
2371 5055 2689 5126 obsequium
2708 5053 2991 5113 labiorum.
3023 5049 3130 5119 ω
3150 5047 3210 5101 ln
3237 5045 3456 5103 domum
3479 5058 3608 5103 vero
3634 5039 3853 5097 Domini

2252 5165 2387 5223 puer
2409 5145 2717 5205 oﬂ'erendus
2746 5143 3064 5209 adducitur,
3099 5154 3223 5195 cum
3254 5152 3425 5193 sacra:
3453 5134 3649 5191 mentis
3670 5134 3858 5203 profe-

2253 5251 2372 5297 ctus
2391 5282 2404 5307 ,
2435 5246 2635 5295 sanctae
2663 5235 2915 5293 Ecclesiae
2944 5232 3255 5289 doctoribus
3286 5229 3559 5285 revelatur
3584 5270 3598 5295 ,
3630 5234 3692 5281 ut
3723 5224 3853 5279 dum

2262 5332 2551 5389 collatione
2580 5330 2882 5400 sapientum
2912 5325 3221 5387 discutitur,
3253 5320 3445 5378 fraude
3474 5318 3645 5374 hostis
3676 5314 3856 5371 callidi

2259 5442 2601 5499 nequaquam
2624 5423 2944 5479 maculetur.
2970 5421 3155 5475 Potest
3177 5426 3232 5474 et
3252 5417 3447 5472 domus
3468 5413 3679 5469 Domini
3699 5419 3860 5466 aeter-

2260 5541 2384 5580 nam
2429 5522 2657 5593 patriam
2715 5518 3017 5585 designare.
3074 5515 3151 5569 De
3190 5514 3292 5569 hac
3327 5511 3527 5581 quippe
3576 5505 3863 5561 Psalmista

2261 5617 2563 5679 exsultans,
2594 5612 2721 5666 dicit
2756 5627 2766 5662 :
2798 5610 2944 5663 Beati
2968 5608 3056 5679 qui
3085 5607 3318 5662 habitant
3342 5607 3395 5658 in
3422 5604 3573 5656 domo
3604 5610 3726 5664 tua,
3751 5597 3861 5651 Do-

2261 5710 2415 5774 mine,
2435 5708 2491 5759 in
2512 5702 2703 5759 swcula
2728 5700 3033 5756 saeculorum
3049 5697 3334 5753 laudabunt
3356 5705 3403 5751 te
3428 5693 3603 5764 (Psal.
3622 5704 3855 5757 Lxxxut,

2338 5906 2362 5945 ι)
2397 5899 2594 5969 Vatia,
2640 5897 2850 5969 infirma
2880 5916 2984 5954 non
3015 5897 3241 5965 deponit.
