4044 6336
498 328 566 384 65
1710 326 1955 385 SANCTl
1997 321 2320 379 GREGORII
2364 324 2578 380 MAGNI
3701 336 3768 393 δι

495 442 621 497 tatis
666 441 719 496 in
766 442 1101 498 humanitate
1129 441 1285 498 nobis
1321 448 1503 497 erecta
1549 446 1631 497 est
1679 437 2073 509 Redemptoris.
2105 436 2395 507 Aeloquio
2445 438 2708 496 Salutaris
2754 441 2969 499 dicitur.
3020 442 3099 499 De
3155 457 3264 515 quo
3304 446 3467 502 etiam
3521 447 3775 510 Habacuc

496 532 648 589 Unde
673 541 727 589 et
755 536 823 589 de
862 534 1051 589 eodem
1094 533 1454 604 Redemptore
1484 549 1580 605 per
1607 533 1917 588 Zachariam
1945 529 2079 583 dici-

492 636 581 683 tur
605 646 617 682 :
651 627 835 683 Erexit
862 644 1019 683 cornu
1049 628 1233 682 salutis
1260 628 1426 695 nobis,
1474 629 1529 682 in
1557 629 1709 682 domo
1737 625 1907 679 David
1934 623 2080 695 pueri

491 724 591 790 sui,
640 724 769 777 sicut
796 722 993 776 locutus
1041 730 1118 777 est
1155 740 1245 793 per
1281 740 1339 777 os
1373 732 1670 777 sanctorum
1707 719 2075 789 prophetarum

490 830 699 868 suorum
730 813 879 885 (Luc.
913 830 950 879 ι,
981 812 1071 880 69,
1115 814 1227 885 70),
1257 816 1380 883 quia
1408 815 1700 870 exaltatum
1724 828 1891 869 cornu
1918 824 2075 865 suum

488 906 673 975 refert,
709 907 941 963 latenter
988 906 1209 975 indicat,
1256 909 1379 977 quia
1431 915 1557 963 ante
1605 922 1772 961 cornu
1816 904 2076 959 habuerat

486 1000 629 1068 quod
669 1001 965 1056 exaltatum
995 1016 1101 1056 non
1153 1010 1289 1055 erat.
1340 1000 1541 1056 Sancta
1588 1000 1786 1069 quippe
1834 994 2073 1052 Ecclesia

485 1098 611 1146 ante
652 1091 1027 1162 Redemptoris
1070 1091 1359 1147 adventum
1404 1107 1572 1148 cornu
1625 1092 1836 1157 habuit,
1865 1088 1988 1158 quia
2018 1088 2073 1142 in

483 1185 803 1253 patriarchis
834 1194 889 1241 et
916 1188 1196 1257 prophetis
1227 1195 1331 1241 tam
1366 1196 1514 1243 recte
1542 1184 1649 1258 42
1677 1183 1895 1239 vivendi
1926 1182 2071 1237 ordi-

486 1290 608 1329 nem
630 1292 788 1347 quam
826 1277 1201 1348 delinquentes
1229 1278 1532 1347 corrigendi
1578 1284 1902 1346 potestatem
1936 1274 2073 1328 divi-

482 1369 628 1427 nitus
656 1371 879 1441 accepit.
928 1370 1030 1426 Sed
1080 1379 1255 1425 tamen
1286 1387 1453 1427 cornu
1495 1370 1788 1425 exaltatum
1833 1383 1942 1423 non
1972 1367 2072 1421 ba-

479 1463 616 1530 buit,
635 1464 755 1533 quia
786 1464 885 1517 etsi
912 1464 1092 1518 vivere
1114 1463 1256 1532 juste
1280 1472 1508 1534 poterat,
1534 1472 1712 1516 tamen
1734 1460 1799 1514 ad
1831 1458 2071 1515 Paradisi

479 1555 670 1623 gaudia
699 1554 814 1609 sine
861 1553 1232 1623 Redemptoris
1259 1553 1544 1623 prtesentia
1573 1550 1751 1607 redire
1776 1566 1884 1605 non
1913 1558 2069 1619 pote-

428 1686 435 1691 .
478 1655 583 1701 rat.
606 1646 754 1701 Nunc
774 1653 951 1701 autem
969 1651 1169 1699 sanctae
1194 1642 1448 1698 Ecclesiae
1463 1657 1632 1698 cornu
1651 1642 1946 1696 exaltatum
1964 1648 2065 1707 est,
2114 1660 2117 1663 ν

475 1740 564 1807 qui
589 1738 698 1807 jam
746 1739 930 1794 mundi
961 1737 1379 1807 Redemptorem
1408 1737 1716 1791 venientem
1740 1735 2066 1806 recepimus,

2181 526 2283 582 sibi
2330 529 2581 597 gaudium
2624 534 2971 601 repromittit,
3004 534 3227 591 dicens:
3281 536 3526 593 Gaudebo
3557 541 3609 594 in
3662 540 3773 597 Deo

2181 619 2306 674 Jesu
2335 638 2447 677 meo
2478 624 2495 694 (
2520 624 2725 680 Habac.
2756 642 2835 692 ιιι,
2867 626 2935 682 18
2957 628 2998 697 ).
3030 627 3170 684 Ecce
3195 637 3440 685 veterum
3466 631 3774 689 ludaeorum

2180 715 2404 770 vocibus
2435 718 2691 775 Dominus
2719 720 2875 776 Jesus
2902 722 3043 777 Deus
3070 725 3347 780 asseritur.
3381 726 3487 782 Sed
3518 744 3663 786 nunc
3682 729 3775 786 Ju-

2179 806 2279 863 dmi
2309 809 2648 867 Salvatorem
2677 824 3011 884 exspectant,
3039 832 3199 886 quem
3228 818 3397 873 Deum
3423 834 3541 876 esse
3566 836 3773 893 nequa-

2178 912 2341 968 quam
2388 902 2633 959 credunt.
2688 904 2795 961 Sed
2837 906 3067 962 fortasse
3116 908 3221 964 hoc
3248 908 3416 965 Judrci
3446 911 3499 966 in
3549 928 3646 968 ore
3673 929 3771 969 suo

2178 994 2473 1064 reprobare
2499 999 2854 1067 contendunt,
2886 1008 2943 1055 et
2972 1000 3095 1055 dum
3125 1000 3307 1059 Jesum
3334 1003 3673 1061 Salvatorem
3704 1007 3774 1062 in-

2179 1095 2568 1160 terpretantur,
2596 1092 2762 1149 Deum
2794 1094 3129 1152 Salvatorem
3156 1110 3265 1151 non
3309 1097 3564 1166 unigeniti
3591 1112 3775 1168 perso-

2176 1194 2322 1245 nam,
2366 1183 2459 1237 sed
2489 1182 2664 1241 Patris
2687 1186 3032 1256 intelligunt;
3076 1199 3451 1246 verumtamen
3480 1192 3533 1246 in
3574 1191 3767 1248 eodem

2176 1270 2297 1327 loco
2360 1274 2647 1346 subditur,
2713 1278 2853 1334 unde
2916 1279 3175 1348 unigeniti
3236 1297 3467 1351 persona
3531 1286 3773 1356 apertius

2176 1363 2610 1422 demonstretur:
2664 1369 2885 1426 Domine
2929 1371 3071 1428 Deus
3096 1416 3112 1443 ,
3154 1376 3354 1446 inquit,
3393 1379 3553 1435 virtus
3606 1398 3766 1448 mea,

2174 1457 2425 1511 constitue
2439 1460 2593 1528 pedes
2607 1476 2746 1516 meos
2761 1464 2813 1516 in
2830 1465 3287 1533 consummatione,
3312 1476 3363 1522 et
3382 1485 3534 1541 super
3559 1474 3767 1528 excelsa

2175 1557 2342 1604 statue
2384 1567 2485 1615 me,
2517 1561 2574 1606 ut
2601 1555 2803 1610 vincam
2860 1558 2915 1610 in
2969 1558 3210 1614 claritate
3247 1561 3409 1631 ipsius
3450 1562 3616 1635 (Ibid.
3654 1565 3765 1638 19).

2176 1639 2319 1697 Ecce
2349 1643 2459 1699 Deo
2487 1644 2725 1715 loquitur
2752 1646 2938 1704 dicens
2964 1667 2977 1702 :
3019 1650 3207 1705 Statue
3233 1669 3316 1707 me
3344 1671 3499 1725 super
3531 1660 3761 1713 excelsa.

2174 1733 2279 1790 Sed
2323 1737 2448 1805 quia
2480 1738 2637 1793 dicit:
2679 1739 2899 1795 Vincam
2937 1743 2990 1797 in
3014 1744 3253 1799 claritate
3282 1747 3464 1815 ipsius,
3499 1748 3639 1804 alius
3657 1752 3766 1806 uti-

472 1843 570 1900 pcr
598 1830 751 1899 cujus
779 1830 1004 1898 gratiam
1030 1843 1139 1882 non
1168 1827 1343 1883 solum
1374 1836 1522 1883 recte
1549 1842 1835 1897 possumus
1861 1826 2058 1891 vivere,
2096 1833 2143 1893 B
2170 1845 2277 1901 que
2306 1840 2385 1887 est
2404 1832 2472 1889 de
2487 1849 2596 1903 quo
2617 1835 3061 1908 dicit.Quisergo
3074 1840 3235 1895 estde
3251 1854 3360 1910 quo
3375 1841 3626 1900 dicitnisi
3650 1847 3767 1901 uni-

471 1926 566 1980 sed
609 1934 665 1981 et
695 1925 760 1978 ad
791 1925 1026 1995 paradisi
1054 1925 1246 1994 gaudia
1276 1924 1522 1991 transire,
1557 1925 1682 1995 quia
1709 1923 1799 1979 ille
1820 1923 1929 1991 jam
1960 1938 2060 1992 pro

470 2018 628 2072 nobis
658 2024 900 2072 mortuus
930 2018 1247 2081 resurrexit,
1280 2019 1332 2072 in
1357 2017 1508 2086 cujus
1532 2025 1704 2073 morte
1727 2031 1872 2070 mors
1901 2014 2058 2081 obiit,

470 2121 525 2166 et
553 2111 831 2181 paradisus
860 2127 917 2167 se
964 2111 1083 2181 ejus
1129 2112 1372 2168 lidelibus
1419 2112 1701 2168 reserat-it.
1747 2110 2058 2183 Exaltatum

469 2214 553 2260 est
580 2219 708 2274 ergo
736 2220 903 2260 cornu
953 2214 1193 2262 nostrum
1225 2207 1278 2261 in
1322 2206 1435 2262 Deo
1465 2214 1672 2274 nostro,
1703 2208 1849 2277 quia,
1892 2205 2056 2261 eﬁ‘usa

462 2298 572 2367 jam
602 2300 772 2367 gratia
800 2299 973 2354 sancti
999 2299 1229 2369 Spiritus
1255 2301 1310 2354 in
1339 2300 1638 2355 electorum
1660 2300 2059 2355 multitudinem

465 2390 781 2462 impressam
805 2392 1181 2464 Redemptoris
1200 2393 1487 2462 imaginem
1516 2393 1782 2459 videmus,
1809 2393 1937 2448 dum
1967 2393 2060 2463 qui

464 2492 680 2539 terrena
711 2486 894 2539 omnia
937 2485 1239 2555 despiciunt
1268 2486 1445 2542 carnis
1474 2486 1781 2556 voluptates
1811 2486 2055 2557 fugiunt,

462 2576 681 2646 propria
710 2576 1110 2647 derelinquunt,
1133 2585 1284 2633 tanto
1315 2579 1493 2634 altiori
1523 2586 1795 2650 potestate
1824 2580 2054 2645 radiant,

462 2677 667 2739 quanto
698 2670 812 2726 haec
843 2680 991 2726 tanta
1018 2673 1487 2742 virtutisinsignia
1519 2674 1572 2728 in
1605 2682 1845 2730 veterum
1876 2677 2058 2730 multi-

462 2762 650 2816 tudine
693 2770 877 2819 sancta
909 2762 1151 2820 Ecclesia
1180 2781 1287 2821 non
1334 2766 1587 2822 habebat.
1616 2766 1924 2823 Exaltatum
1974 2777 2059 2825 est

464 2870 634 2911 cornu
662 2867 905 2913 nostrum
932 2859 985 2914 in
1017 2860 1129 2916 Deo
1152 2861 1372 2917 salutari
1403 2870 1609 2928 nostro,
1632 2863 1757 2932 quia
1787 2872 2057 2933 quotquot

462 2963 586 3004 eum
613 2950 922 3021 recipimus,
951 2951 1100 3007 dedit
1125 2952 1280 3009 nobis
1310 2960 1635 3024 potestatem
1664 2954 1805 3011 ﬁlios
1835 2955 1929 3011 Dei
1961 2956 2055 3012 ﬁe-

458 3039 505 3094 ri
530 3038 709 3109 (Joan.
742 3057 780 3105 l,
811 3041 924 3109 12).
953 3042 1066 3097 Hoc
1093 3059 1263 3098 cornu
1287 3044 1526 3099 exaltare
1544 3045 1758 3100 volebat
1788 3047 2055 3105 Salutaris

460 3139 668 3200 naster,
697 3148 819 3187 cum
848 3134 1088 3189 dicebat:
1123 3134 1259 3190 Ecce
1282 3136 1399 3189 dedi
1438 3135 1578 3191 vobis
1606 3146 1909 3209 potestatem
1945 3141 2054 3195 cal-

2164 1925 2376 1992 genitus
2396 1926 2491 1981 Dei
2519 1927 2558 1981 F
2564 1928 2703 1994 ilius,
2736 1944 2898 2000 quem
2920 1946 3029 1985 non
3049 1933 3223 1987 solum
3241 1948 3425 1988 verum
3458 1935 3765 2005 hominem,

2163 2014 2259 2069 sed
2297 2016 2458 2070 etiam
2496 2016 2665 2073 Deum
2694 2020 2904 2076 credit?
2926 2021 3060 2076 Dum
3092 2037 3223 2092 ergo
3260 2024 3373 2079 Deo
3396 2026 3654 2097 loquitur,
3688 2030 3768 2086 di-

2161 2121 2317 2164 cens:
2335 2108 2578 2165 Gaudebo
2594 2112 2698 2182 43
2711 2114 2763 2169 in
2778 2113 2889 2169 Deo
2899 2114 3023 2168 Jesu
3038 2132 3173 2182 meo,
3187 2126 3235 2171 et
3248 2118 3511 2174 viucamin
3526 2120 3770 2179 claritate

2161 2202 2346 2271 ipsius,
2390 2220 2499 2257 non
2529 2204 2700 2260 Deum
2737 2206 2901 2262 alium
2926 2246 2941 2271 ,
2975 2209 3069 2264 sed
3110 2210 3253 2267 Deus
3282 2227 3571 2282 personam
3601 2216 3767 2272 aliam

2160 2293 2521 2351 demonstrat.
2568 2295 2663 2352 lite
2690 2307 2817 2354 sunt
2856 2309 3053 2357 sancta:
3090 2300 3346 2358 Ecclesiae
3384 2306 3641 2373 rationes,
3676 2310 3762 2366 ha:

2162 2395 2350 2442 contra
2400 2387 2709 2445 Judaeorum
2740 2392 3019 2463 perﬁdiam
3052 2394 3393 2453 invincibiles
3430 2401 3764 2458 assertiones

2163 2491 2261 2547 per
2291 2478 2602 2535 universum
2631 2482 2820 2537 orbem
2850 2482 3071 2539 diﬁ'usaa.
3107 2484 3396 2541 Dilatatum
3422 2502 3553 2557 ergo
3575 2504 3638 2545 os
3661 2490 3764 2546 ba-

2160 2567 2254 2624 bet
2279 2577 2465 2625 sancta
2506 2568 2751 2627 Ecclesia
2797 2587 2962 2644 super
3006 2575 3256 2632 inimicos
3280 2592 3431 2646 suos,
3461 2579 3586 2648 quia
3622 2579 3761 2649 jam,

2160 2667 2385 2716 auctore
2411 2662 2546 2731 Deo,
2576 2664 2781 2734 ubique
2805 2668 3173 2735 cognoscitur,
3204 2669 3343 2724 unde
3373 2677 3428 2723 et
3452 2668 3760 2727 Judznorum

2158 2754 2383 2825 perfidia
2422 2757 2798 2814 convincatur.
2830 2758 3062 2815 Causam
3091 2760 3252 2829 igitur
3288 2761 3496 2817 dilatati
3526 2764 3638 2818 oris
3662 2780 3763 2819 au-

2158 2845 2327 2913 diant,
2357 2848 2449 2920 qui
2481 2840 2731 2906 Salutare
2757 2850 2852 2906 Dei
2877 2860 3096 2920 negant,
3130 2861 3187 2908 et
3226 2853 3293 2907 de
3320 2854 3516 2922 gaudio
3541 2854 3757 2911 Saluta-

2158 2939 2234 2995 ris
2266 2941 2434 2995 nostri
2467 2940 2731 2997 feriantur
2761 2952 3083 3014 argumento
3112 2944 3445 3001 confusionis
3474 2960 3603 3001 sum.
3650 2946 3759 3004 Sed

2157 3031 2304 3087 feriri
2334 3042 2582 3103 possunt,
2616 3050 2646 3087 a
2691 3034 3040 3105 blaSphemiis
3068 3052 3199 3092 vero
3238 3038 3349 3093 suis
3394 3053 3611 3093 cessare
3659 3055 3764 3095 no-

2159 3123 2295 3179 lunt.
2326 3124 2443 3179 .lam
2476 3124 2572 3180 Dei
2602 3124 2847 3182 Salutare
2882 3129 3115 3184 mundus
3141 3110 3377 3200 excepit,
3419 3130 3595 3185 omnis
3626 3146 3761 3187 caro

459 3224 615 3278 ceudi
641 3241 795 3295 super
832 3235 1109 3295 serpentes,
1150 3235 1200 3282 et
1240 3230 1554 3298 scorpiones,
1580 3238 1630 3284 et
1657 3247 1859 3286 omnem
1887 3233 2047 3286 virtu-
2076 3217 2126 3284 C
2155 3214 2305 3282 Vidn,
2350 3214 2568 3270 ίυάωυε
2609 3232 2715 3271 ηοη
2744 3218 2933 3286 cred“:
2980 3219 3128 3290 (ἰυίδο
3164 3228 3223 3273 υι
3250 3220 3380 3287 dm,
3414 3219 3762 3276 Salvatorem

458 3325 560 3371 tem
615 3320 812 3373 inimici
853 3318 1004 3389 (Luc.
1036 3336 1093 3386 x,
1137 3320 1247 3390 l9).
1281 3320 1416 3377 Hinc
1459 3322 1590 3378 item
1636 3338 1884 3380 asserens
1931 3326 2048 3380 ait:

459 3404 807 3476 Quodcunque
835 3409 1073 3479 ligaveris
1115 3427 1271 3481 super
1310 3420 1496 3466 terram
1525 3413 1625 3466 erit
1661 3415 1877 3486 ligatum
1917 3423 1967 3469 et
1994 3418 2051 3471 in

458 3499 598 3551 caelis
627 3498 838 3569 (Matth.
879 3517 988 3566 na,
1044 3500 1154 3571 19).
1187 3500 1323 3557 Hinc
1353 3503 1547 3559 iterum
1586 3509 1936 3576 repromittit,
1966 3509 2049 3562 di-

381 3620 391 3629 ι
457 3602 618 3642 cens:
651 3588 908 3643 Sedebitis
940 3607 1089 3660 super
1116 3593 1261 3646 sedes
1276 3595 1571 3664 judicantes
1595 3597 1864 3652 duodecim
1891 3600 2048 3653 tribus

458 3677 628 3732 Israel
654 3677 844 3749 (Ibid.,
877 3696 989 3743 xu,
1020 3680 1133 3751 28).
1167 3682 1320 3737 Dicat
1352 3699 1480 3753 ergo
1511 3687 1664 3741 Anna
1698 3705 1710 3740 :
1740 3686 2050 3743 Exaltatum

455 3777 532 3824 est
562 3786 722 3824 cornu
753 3786 921 3824 meum
951 3771 1004 3824 in
1038 3769 1148 3826 Deo
1180 3789 1317 3838 meo,
1347 3784 1405 3829 ut
1437 3776 1689 3832 videlicet
1717 3787 1917 3835 sancta:
1942 3780 2044 3836 Ec-

455 3862 632 3918 clesia:
658 3862 825 3931 gloria
856 3862 1194 3933 designetur,
1228 3882 1349 3937 quae
1391 3870 1663 3939 singulare
1710 3873 1921 3929 culmen
1952 3892 2050 3945 po-

455 3952 673 4008 testatis
703 3953 909 4009 obtinet
947 3955 1014 4011 de
1059 3960 1344 4028 przesentia
1385 3959 1780 4033 Redemptoris.
1818 3967 1884 4019 Et
1923 3968 2050 4037 quia

452 4044 565 4114 jam
616 4046 669 4100 in
698 4054 814 4102 toto
843 4048 1042 4104 mundo
1073 4049 1415 4119 distenditur,
1447 4066 1569 4122 qua:
1607 4057 1877 4124 quondam
1906 4057 2047 4114 intra

454 4132 692 4191 Iudaeam
723 4141 1190 4208 persecutionibus
1220 4144 1533 4213 angebatur,
1566 4148 1808 4215 sequitur
1833 4167 1845 4202 :

528 4226 705 4295 (Vcrs.
756 4227 833 4299 1.)
876 4228 1167 4285 Dilatatum
1202 4241 1280 4286 est
1316 4251 1373 4288 os
1413 4251 1583 4289 meum
1625 4254 1779 4308 super
1808 4240 2045 4298 inimicos

453 4334 614 4374 meos.

525 4411 577 4464 5.
594 4410 693 4477 Qui
708 4411 848 4466 enim
874 4412 1074 4469 inimici
1088 4412 1341 4471 Ecclesia:
1369 4416 1460 4471 alii
1485 4431 1645 4487 quam
1660 4417 1827 4475 Judtei
1844 4422 2043 4478 intelli-

454 4505 613 4576 gendi
645 4506 812 4560 sunt?
835 4505 1010 4577 Supra
1035 4523 1170 4577 quos
1194 4508 1443 4563 nimirum
1473 4510 1750 4567 dilatatum
1776 4530 1837 4568 os
1858 4512 2057 4581 habet,

2157 3314 2455 3377 exspectat,
2488 3308 2581 3378 qui
2626 3307 2769 3364 Deus
2809 3326 2915 3364 non
2960 3310 3050 3365 sit.
3083 3310 3318 3365 Audiant
3347 3326 3475 3380 ergo
3502 3313 3763 3369 maledic-

2157 3398 2360 3454 tionem
2388 3400 2666 3469 prOphetaa
2688 3400 2915 3456 dicentis
2940 3419 2953 3454 :
2978 3400 3290 3457 Maledictus
3308 3403 3481 3468 homo,
3512 3406 3598 3476 qui
3626 3422 3759 3461 con-

2154 3491 2274 3561 ﬁdit
2300 3493 2354 3545 in
2384 3493 2608 3558 homine,
2638 3501 2688 3547 et
2728 3511 2761 3546 a
2792 3494 3017 3550 Domino
3048 3496 3241 3550 recedit
3270 3513 3360 3551 cor
3388 3497 3500 3568 ejus
3531 3496 3753 3568 (Jerem.

2154 3600 2282 3651 χιιι,
2317 3582 2392 3653 5).
2445 3582 2502 3639 In
2550 3586 2822 3641 hominem
2862 3586 3033 3642 ludii
3063 3588 3360 3655 conﬁdunt,
3409 3590 3500 3659 qui
3528 3590 3759 3647 credere

2154 3677 2208 3731 in
2240 3677 2659 3750 Redemptorem
2689 3678 2980 3750 refugiunt,
3013 3679 3140 3735 dum
3171 3679 3560 3736 Antichristum
3588 3685 3640 3736 in
3684 3683 3754 3735 ﬁ-

2153 3786 2222 3825 ne
2242 3773 2423 3826 mundi
2447 3773 2849 3842 prmstolantur.
2870 3772 2927 3827 In
2948 3788 3180 3843 quorum
3202 3770 3573 3830 confusionem
3600 3774 3756 3830 Psal-

2152 3863 2311 3917 mista
2350 3864 2625 3933 praedicat,
2667 3864 2886 3921 dicens:
2930 3866 3183 3921 Viderunt
3223 3884 3398 3923 omnes
3437 3871 3570 3939 ﬁnes
3600 3879 3759 3926 terra:

2154 3954 2399 4011 Salutare
2420 3956 2517 4011 Dei
2548 3957 2721 4024 (Psal.
2749 3974 2911 4025 xcvn,
2944 3958 3021 4030 5).
3045 3958 3207 4025 Quasi
3233 3959 3510 4030 perﬁdiam
3540 3960 3759 4020 Judaeu-

2150 4063 2271 4103 rum
2311 4048 2602 4105 confundat
2647 4051 2871 4105 dicens:
2924 4050 3064 4117 Quid
3114 4051 3165 4105 in
3208 4059 3484 4121 posterum
3517 4053 3759 4111 visiones

2152 4137 2423 4195 diﬁ‘ertis?
2451 4141 2620 4207 Quem
2652 4142 2979 4211 exspectatis
2995 4141 3107 4211 jam
3137 4143 3309 4211 venit,
3332 4159 3494 4213 quem
3524 4146 3761 4214 promis-

2153 4248 2274 4287 sum
2322 4234 2586 4289 habuistis
2611 4234 2725 4303 jam
2773 4236 3028 4290 omnibus
3067 4234 3263 4290 ﬁnibus
3295 4246 3451 4291 terra:
3479 4240 3759 4307 apparuit,

2150 4339 2270 4379 cum
2300 4324 2570 4380 clausistis
2598 4325 2811 4394 oculos,
2836 4327 3046 4381 transiit
3071 4342 3085 4393 ;
3120 4327 3227 4381 imo
3251 4328 3328 4382 sic
3348 4327 3478 4382 cmci
3508 4327 3634 4381 facti
3663 4343 3755 4383 es-

2150 4417 2239 4483 tis,
2264 4418 2406 4486 quod
2435 4432 2619 4472 coram
2643 4417 2796 4471 vobis
2817 4424 2964 4471 tanta
2989 4418 3078 4471 lux
3104 4418 3275 4483 stetit,
3303 4426 3358 4473 et
3388 4433 3495 4472 non
3522 4417 3756 4474 vidistis.

2151 4506 2309 4579 Ergo,
2336 4508 2565 4580 jubilate
2591 4508 2816 4564 Domino
2846 4511 3012 4563 omnis
3046 4519 3204 4573 terra,
3238 4517 3467 4581 cantate,
3499 4517 3547 4562 et
3572 4512 3759 4565 exsul-

454 4596 581 4665 quia
612 4602 801 4651 contra
845 4612 1028 4653 eorum
1078 4600 1357 4669 perﬁdiam
1388 4603 1628 4657 omnium
1674 4606 1912 4672 gentium
1937 4608 2048 4675 jam
2079 4603 2131 4663 D
2156 4611 2278 4669 tate,
2311 4612 2358 4656 et
2381 4603 2625 4673 psallite;
2665 4602 2871 4672 psallite
2893 4602 3003 4657 Deo
3026 4611 3203 4658 nostra
3232 4603 3285 4655 in
3310 4603 3541 4668 cithara,
3566 4612 3614 4654 et
3636 4618 3762 4655 voce

454 4687 689 4742 ﬁdelium
720 4687 926 4757 linguas
953 4699 1154 4746 movet.
1185 4689 1257 4747 Os
1287 4706 1415 4762 ergo
1446 4703 1645 4752 sancta:
1684 4695 1936 4752 Ecclesia:
1966 4699 2047 4753 di-

453 4782 677 4837 latatum
708 4791 811 4850 est,
852 4785 975 4854 quia
1015 4800 1113 4855 per
1159 4787 1463 4843 universum
1495 4791 1680 4846 orbem
1710 4791 2043 4861 diffunditur,

454 4883 511 4930 et
555 4876 681 4929 dum
736 4876 984 4931 nationes
1038 4879 1315 4935 universas
1366 4882 1747 4951 praedicatione
1800 4888 2044 4943 veritatis

454 4969 649 5035 erudit,
681 4969 987 5027 Iudaeorum
1019 4972 1323 5041 stultitiam,
1351 4977 1519 5031 veluti
1562 4976 1787 5034 dilatato
1818 4996 1933 5041 ore,
1965 4995 2045 5034 re-

450 5063 756 5132 prehendit.
802 5066 871 5120 Et
895 5069 1021 5136 quia
1053 5068 1157 5124 hoc
1187 5068 1309 5123 inde
1336 5069 1528 5141 potuit,
1578 5072 1703 5141 quia
1731 5073 2041 5128 venientem

452 5153 507 5208 in
558 5171 721 5211 carne
770 5160 953 5213 mundi
1006 5160 1421 5233 Redemptorem
1460 5165 1757 5233 gaudenter
1806 5165 2038 5235 excepit,

454 5263 669 5304 causam
696 5250 905 5308 dilatati
937 5255 1048 5309 oris
1077 5256 1321 5326 exponit,
1355 5256 1537 5312 dicens
1562 5276 1574 5310 :

526 5342 703 5412 (Vera.
735 5344 811 5415 1.)
856 5343 988 5411 Quia
1032 5348 1207 5402 ltetata
1227 5366 1341 5403 sum
1380 5350 1435 5403 in
1466 5348 1690 5402 salutari
1716 5356 1823 5402 tuo.

525 5433 576 5487 4.
608 5434 727 5490 Jam
772 5439 891 5507 quis
920 5441 990 5493 sit
1018 5440 1265 5497 salutaris
1303 5442 1399 5495 Dei
1430 5426 1797 5510 cognovimus.
1830 5441 1906 5497 De
1933 5456 2042 5512 quo

454 5525 619 5581 etiam
648 5526 809 5582 lsaias
840 5531 1139 5589 vaticinans
1170 5544 1192 5570 ει
1224 5536 1296 5589 ait
1324 5553 1337 5589 :
1371 5535 1575 5589 Videbit
1605 5535 1769 5589 omnis
1790 5552 1912 5590 caro
1950 5535 2047 5591 Sa-

455 5618 621 5674 lutare
668 5620 796 5686 Dei;
830 5623 1066 5679 videbunt
1106 5642 1282 5682 omnes
1311 5628 1443 5697 ﬁnes
1485 5637 1635 5682 terra:
1666 5627 1914 5682 Salutare
1951 5627 2049 5682 Dei

455 5710 589 5766 tlsa.
641 5729 732 5781 ur,
767 5713 872 5781 10;
918 5715 1066 5771 Psal.
1098 5734 1264 5788 xcvn,
1313 5718 1390 5789 5).
1423 5717 1581 5775 Jesus
1629 5728 1809 5775 autem
1858 5728 2046 5776 nostro

525 5860 549 5886 α
574 5850 700 5911 Haec
722 5851 873 5911 Isaiae
902 5854 1221 5913 omittuntur
1249 5858 1304 5916 in
1330 5858 1504 5915 Vatic.
1537 5865 1592 5916 et
1621 5860 1675 5915 in
1699 5857 1969 5917 Gussanv.

2152 4696 2343 4766 psalmi
2371 4736 2384 4760 ,
2407 4696 2459 4749 in
2489 4694 2619 4749 tubis
2651 4695 2787 4748 ducti
2797 4694 2945 4762 -'ibus,
2972 4704 3021 4749 et
3051 4711 3168 4749 voce
3195 4694 3329 4748 tuba:
3352 4712 3573 4749 cornere.
3599 4693 3759 4747 ,Ιηὸὶ-

2153 4790 2258 4845 late
2286 4792 2339 4843 in
2367 4798 2639 4860 conspectu
2662 4791 2795 4861 regis
2823 4788 3034 4844 Domini
3060 4807 3078 4855 ;
3101 4800 3367 4845 moveatur
3388 4807 3533 4844 mare
3562 4798 3611 4843 et
3640 4790 3759 4859 ple-

2153 4884 2332 4938 nitudo
2363 4882 2496 4953 ejus,
2539 4883 2678 4937 orbis
2721 4892 2974 4937 terrarum
3002 4925 3015 4950 ,
3050 4893 3099 4937 et
3134 4885 3359 4938 universi
3388 4886 3474 4955 qui
3514 4883 3762 4936 habitant

2149 4978 2205 5030 in
2236 4995 2313 5032 eo.
2349 4977 2597 5031 Flumina
2622 4976 2867 5047 plaudent
2896 4992 3051 5028 manu
3099 4977 3153 5029 in
3202 4976 3450 5046 idipsum,
3505 4984 3704 5028 montes
3732 4974 3758 5011 δ

2150 5068 2478 5123 exsultabant
2518 5076 2637 5121 ante
2667 5068 2852 5138 faciem
2881 5064 3114 5132 Domini,
3158 5068 3403 5138 quoniam
3435 5067 3589 5129 venit,
3625 5081 3757 5135 quo-

2152 5162 2295 5215 niam
2350 5161 2483 5212 venit
2534 5159 2776 5229 judicare
2834 5167 3026 5212 terram
3069 5156 3235 5228 (Ibid.
3287 5172 3357 5223 IV,
3391 5156 3545 5228 seq.).
3582 5154 3751 5223 Quasi

2151 5253 2329 5308 dicat:
2362 5250 2497 5317 Quia
2548 5259 2655 5303 tam
2708 5251 2967 5304 immensa
2998 5250 3241 5305 caecitate
3290 5257 3633 5319 premuntur,
3683 5254 3746 5300 ut

2153 5359 2494 5415 nequaquam
2524 5343 2710 5398 videre
2740 5343 3057 5407 meruerint,
3086 5356 3183 5396 vos
3211 5340 3444 5410 gaudete
3473 5338 3751 5394 abundan-

2152 5441 2278 5505 tius,
2311 5439 2401 5508 qui
2428 5438 2655 5493 vidistis.
2683 5436 2789 5491 Sed
2818 5450 2979 5505 quam
3007 5434 3346 5499 mirabiliter,
3380 5441 3544 5501 atque
3567 5430 3761 5486 ineﬁ‘a-

2152 5535 2334 5590 biliter
2361 5531 2699 5601 gaudendum
2739 5530 2829 5591 sit,
2863 5528 3011 5596 signa
3042 5526 3225 5595 gaudii
3254 5538 3607 5591 coacervans,
3639 5524 3753 5578 ait:

2151 5626 2404 5694 Jubilate,
2437 5632 2661 5689 cantate,
2686 5628 2736 5677 et
2760 5620 2985 5692 psallite.
3018 5618 3402 5675 Celebritatem
3424 5632 3642 5689 quoque
3664 5617 3759 5671 Icc-

2157 5721 2288 5776 titite
2316 5717 2592 5774 insinuare
2611 5715 2866 5783 gestiens,
2887 5712 3241 5770 instrumenta
3266 5710 3753 5780 ejuslenumerans,

2220 5856 2249 5897 ι)
2290 5853 2482 5922 Gilot.,
2516 5851 2902 5909 exsultaverunt
2932 5857 3050 5905 ante
3077 5848 3264 5921 faciem
3294 5845 3531 5905 Domini.
