4044 6336
313 430 381 486 (‘5'
1167 434 1230 491 IN
1270 432 1527 495 PRIMUM
1568 432 1804 496 REGUM
1845 437 2355 498 EXPOSITIONES.
2401 471 2465 481 —
2503 442 2630 498 LIB.
2676 443 2715 500 Ι.
3504 448 3569 506 (ἶίὶ

308 547 477 603 dicit:
513 539 734 604 Psallite
760 545 984 602 Domino
1014 549 1067 602 in
1096 549 1318 619 cithara,
1352 560 1400 605 et
1428 553 1647 619 cithara,
1691 562 1739 607 et
1775 571 1897 609 voce
1922 558 1975 618 Α
2000 555 2195 624 tetigit,
2244 555 2461 625 sanguis
2497 558 2663 614 stetit.
2716 556 2835 613 Non
2870 564 2954 616 est
2988 574 3117 630 ergo
3163 571 3378 620 sanctus
3406 575 3463 620 ut
3491 574 3576 621 est

306 636 516 707 psalmi,
539 636 751 692 intubis
779 638 1050 692 ductilibus
1074 648 1121 692 et
1140 655 1258 693 voce
1280 639 1410 695 tuba:
1432 658 1650 709 cornere,
1672 641 1893 712 jubilate

305 731 359 781 in
389 739 664 799 conspectu
699 731 836 800 regis
862 728 1106 784 Domino.
1156 730 1293 797 Quid
1324 731 1376 785 in
1408 742 1697 802 conspectu
1728 733 1888 801 regis,

308 819 409 872 nisi
441 819 494 873 in
534 818 841 888 cognitione
880 819 1301 891 Redemptoris?
1341 821 1444 876 Sed
1475 837 1505 876 a
1535 823 1746 893 quantis
1777 823 1892 878 haec

303 909 628 976 gaudiorum
658 911 971 967 solemnitas
1015 913 1085 967 sit
1113 913 1319 981 agenda
1348 915 1612 984 exponit,
1662 914 1888 971 dicens:

307 996 578 1052 Moventur
608 1017 771 1067 mare,
802 1012 853 1056 et
895 1004 1158 1072 plenitudo
1187 1005 1320 1075 ejus,
1366 1005 1503 1060 orbis
1542 1016 1810 1072 terrarum,
1844 1014 1893 1060 et

302 1093 530 1147 universi
556 1095 644 1164 qui
669 1093 902 1149 habitant
929 1098 981 1151 in
1001 1114 1081 1152 eo.
1112 1096 1157 1152 Ο
1184 1098 1368 1153 infelix
1396 1098 1604 1168 Judaea,
1632 1099 1762 1154 lines
1783 1106 1893 1155 ter—

303 1197 378 1235 rae
421 1182 671 1239 viderunt
698 1185 947 1243 Salutare
975 1188 1091 1254 Dei,
1124 1191 1300 1245 omnis
1329 1199 1473 1245 terra
1511 1199 1779 1247 commota
1802 1190 1893 1259 ju-

301 1272 455 1341 bilat,
478 1275 675 1344 gaudet
694 1277 976 1335 universus
1001 1279 1166 1346 orbis,
1195 1280 1416 1336 ﬁumina
1437 1281 1697 1352 plaudunt
1716 1283 1891 1337 mani-

301 1362 422 1431 bus,
455 1375 668 1423 montes
692 1369 1001 1438 exsultant;
1047 1371 1143 1426 sed
1181 1371 1344 1442 impia
1388 1371 1695 1429 Iudaeorum
1726 1373 1890 1429 corda

301 1468 413 1510 non
440 1456 689 1527 credunt,
712 1467 767 1514 et
798 1460 851 1515 in
879 1460 1137 1517 caecitatis
1163 1478 1274 1517 suae
1300 1463 1537 1519 tenebris
1567 1463 1749 1535 livoris
1777 1479 1893 1533 pa:-

303 1561 374 1601 na
398 1548 689 1605 feriuntur.
728 1550 836 1607 Sed
862 1568 1023 1621 quem
1067 1553 1441 1625 blasphemare
1468 1571 1577 1611 non
1622 1562 1891 1623 metuunt,

298 1648 487 1694 sancta
515 1638 759 1698 Ecclesia
789 1644 1047 1700 attentius
1076 1646 1441 1713 commendat,
1472 1646 1689 1703 dicens:

370 1750 550 1819 (Vers.
578 1752 658 1826 2.)
698 1752 824 1810 Non
852 1766 930 1812 est
957 1768 1167 1813 sanctus
1188 1768 1245 1814 ut
1272 1770 1348 1815 est
1377 1759 1657 1817 Dominus.

371 1842 428 1898 5.
477 1844 538 1899 ln
567 1845 924 1919 descriptione
952 1850 1327 1922 Redemptoris
1355 1855 1535 1909 omnia
1564 1856 1894 1926 incompara-

1995 645 2273 716 Dominus,
2298 650 2424 718 quia
2451 649 2694 719 quisquis
2722 652 2896 720 potuit
2923 663 3142 708 sanctus
3168 654 3420 722 existere,
3454 656 3571 726 ejus

1995 737 2444 808 accepitmunere
2474 748 2532 795 ut
2559 750 2778 798 sanctus
2806 758 2925 797 esse
2962 746 3243 814 potuisset.
3276 746 3391 803 Hoc
3425 764 3575 803 nam-

1994 842 2097 896 que
2126 838 2305 883 sancta
2335 829 2571 886 Ecclesia
2598 833 2943 903 subsequenti
2986 836 3151 891 verbo
3180 836 3474 906 insinuans,
3507 839 3575 894 ad

1995 917 2241 972 eumdem
2273 919 2686 991 Redemptorem
2715 939 2783 977 ex
2812 925 2975 980 nimia
3000 926 3263 983 cliaritate
3291 930 3564 985 converti-

1996 1012 2101 1072 tur,
2140 1006 2325 1063 dicens
2355 1027 2368 1063 :

2070 1101 2245 1167 (Vers.
2278 1102 2357 1174 2.)
2412 1102 2593 1177 Neque
2634 1107 2769 1162 enim
2794 1117 2871 1162 est
2896 1108 3030 1163 alius
3057 1119 3206 1165 extra
3228 1119 3294 1166 te.

2068 1190 2120 1245 6.
2156 1192 2500 1262 Subauditur,
2532 1208 2764 1253 sanctus.
2798 1199 2965 1255 Extra
2989 1217 3109 1257 eum
3138 1210 3355 1259 sanctus
3384 1203 3579 1274 aliquis

1996 1292 2159 1351 esset,
2190 1286 2235 1339 si
2265 1286 2467 1358 absque
2496 1288 2639 1345 dono
2672 1292 2933 1360 unigeniti
2959 1293 3396 1351 sanctiﬁcationis
3424 1296 3580 1365 spiri-

1996 1382 2105 1428 tum
2148 1374 2349 1431 habere
2385 1379 2668 1446 potuisset.
2699 1379 2804 1435 Sed
2835 1384 2955 1450 quis
2982 1384 3089 1439 hoc
3112 1400 3356 1440 asserere
3383 1387 3578 1441 audeat

1994 1463 2062 1519 de
2088 1464 2409 1533 hominibus,
2439 1469 2582 1537 quod
2607 1470 2673 1525 de
2712 1472 2927 1540 Angelis
2956 1491 3293 1548 nequaquam
3324 1480 3577 1533 constat?

1994 1556 2263 1626 Scriptum
2293 1560 2488 1632 quippe
2515 1570 2598 1617 est
2624 1582 2635 1616 :
2684 1564 2841 1620 Verbo
2870 1565 3081 1622 Domini
3102 1573 3213 1624 caeli
3234 1572 3431 1640 ﬁrmati
3456 1580 3579 1626 sunt

2000 1655 2050 1700 et
2069 1650 2253 1719 spiritu
2280 1652 2385 1704 oris
2406 1652 2518 1721 ejus
2540 1656 2705 1708 omnis
2728 1656 2886 1710 virtus
2909 1675 3082 1713 eorum
3107 1660 3278 1731 (Psal.
3304 1680 3471 1729 xxxu,
3499 1664 3577 1733 6).

1993 1734 2229 1792 Verbum
2260 1740 2467 1795 Domini
2512 1751 2594 1796 est
2635 1745 2936 1812 unigenitus
2981 1748 3094 1804 Dei.
3129 1750 3297 1816 Quem
3334 1753 3578 1821 profecto

1996 1831 2324 1898 evangelista
2352 1830 2585 1888 Joannes
2614 1834 2911 1900 insinuans,
2939 1839 3013 1892 ait
3037 1858 3049 1892 :
3085 1839 3152 1894 In
3180 1843 3435 1912 principio
3467 1854 3581 1898 erat

295 1939 426 1996 bilia
447 1918 814 2010 designantur.
842 1945 975 2001 Inde
995 1947 1140 2002 enim
1157 1918 1326 2005 verus
1354 1947 1685 2019 Redemptor
1708 1918 1892 2005 osten-
1922 1945 1972 2006 B
2006 1918 2227 2019 Κενέτυη
2259 1962 2275 2019 ’_
2302 1930 2364 2019 7“
2411 1922 2635 2013 verbum.
2677 1937 2789 1979 erat
2833 1930 2973 1998 apud
2995 1929 3184 1999 Deum’
3214 1941 3265 1985 ⁸⁸
3300 1932 3441 1988 De“
3471 1943 3582 1987 ⁸⁷³⁸

295 2031 464 2101 ditur,
495 2034 638 2103 quod
668 2036 723 2090 in
767 2037 913 2092 omni
942 2038 1088 2108 quod
1119 2038 1186 2093 ad
1215 2038 1333 2108 ejus
1363 2040 1589 2110 gloriam
1620 2039 1815 2095 dicitur
1842 2041 1895 2098 ei

296 2136 464 2178 nemo
494 2134 854 2195 comparatur.
886 2127 981 2183 Ille
1011 2129 1154 2183 enim
1185 2145 1374 2186 omnes
1402 2131 1634 2187 redemit
1657 2134 1749 2201 qui
1779 2147 1897 2187 om-

298 2211 462 2268 nibus
508 2216 743 2271 excellit.
788 2217 945 2284 Quod
975 2227 1120 2274 recte
1168 2228 1359 2276 contra
1396 2218 1634 2276 Judaeam
1676 2221 1891 2289 dicitur,

296 2319 420 2372 qua:
452 2322 520 2361 eo
556 2308 812 2365 audacius
842 2309 1260 2383 Redemptorcm
1283 2314 1527 2385 despicit,
1558 2330 1665 2385 quo
1694 2317 1895 2390 multos

296 2411 361 2451 se
386 2397 639 2454 habuisse
658 2400 807 2456 viros
832 2402 1041 2468 recolit,
1067 2404 1159 2473 qui
1182 2419 1374 2475 magna
1397 2408 1707 2461 claruerunt
1736 2404 1895 2461 laude

301 2489 627 2545 sanctitatis.
659 2489 909 2555 Hineest
947 2495 1091 2550 enim
1133 2496 1277 2565 quod
1309 2497 1610 2553 illuminato
1638 2513 1778 2554 caeco
1806 2514 1894 2553 ex-

302 2581 626 2650 probrantes
651 2584 837 2640 dicunt
861 2602 874 2639 :
911 2585 985 2639 Tu
1010 2588 1077 2641 sis
1101 2588 1382 2659 discipulus
1411 2589 1569 2656 illius,
1599 2605 1694 2645 nos
1724 2598 1895 2644 autem

299 2671 475 2744 Moysi
496 2674 738 2746 discipuli
762 2694 957 2733 sumus.
991 2680 1215 2744 Scimus,
1248 2682 1367 2751 quia
1396 2681 1567 2752 Moysi
1598 2682 1795 2737 locutus
1818 2691 1896 2737 est

297 2762 465 2833 Deus,
488 2765 623 2820 hunc
652 2770 905 2823 nescimus
934 2770 1071 2825 unde
1094 2773 1161 2825 sit
1184 2772 1362 2841 (Joan.
1393 2788 1469 2837 ix,
1500 2770 1589 2838 28,
1619 2771 1731 2843 29).
1757 2772 1893 2829 Hinc

298 2853 429 2907 item
465 2854 786 2925 gloriantur,
817 2868 873 2913 et
900 2858 1123 2914 dicunt:
1156 2860 1345 2916 Semen
1366 2862 1588 2916 Abrahaz
1618 2880 1814 2927 sumus,
1846 2873 1896 2919 et

296 2946 492 2998 nemini
501 2948 793 3003 seruiuimus
804 2950 1219 3023 unquam'(Joan.
1236 2970 1345 3018 vm,
1364 2953 1475 3023 55).
1493 2953 1598 3009 Sed
1611 2956 1772 3011 homo
1788 2955 1897 3029 44,

307 3033 411 3089 fuit
438 3034 672 3109 Moyses,
700 3040 864 3096 homo
886 3042 1180 3111 Abraham,
1198 3044 1361 3100 homo
1381 3042 1645 3103 Christus.
1673 3045 1898 3103 .Verum-

314 3137 497 3185 tamen
528 3130 604 3186 illi
630 3134 891 3205 assumpti
912 3134 980 3190 ad
1008 3135 1336 3192 locutionem
1365 3137 1482 3206 Dei,
1514 3138 1617 3194 iste
1646 3154 1894 3211 assump-

310 3222 462 3277 tusin
492 3221 847 3281 divinitatem.
891 3225 970 3280 Illi
1001 3228 1257 3297 assumpti
1279 3227 1344 3283 ad
1378 3228 1755 3296 ministerium,
1793 3231 1896 3286 iste

2008 2012 2228 2069 Verbum
2259 2017 2436 2087 (Joan.
2473 2034 2509 2083 ι,
2542 2008 2705 2089 1)(δὶ
2731 2035 2859 2090 ergo
2883 2023 3042 2077 etiam
3064 2026 3238 2094 angeli
3262 2026 3581 2083 sanctiﬁcati

1996 2104 2291 2159 creduntur
2316 2107 2367 2161 in
2394 2107 2551 2175 Filio,
2580 2110 2749 2166 multo
2778 2113 2948 2181 magis
2976 2104 3042 2169 de
3081 2115 3388 2173 hominibus
3411 2118 3582 2173 credi-

1985 2201 2085 2285 .tur
2112 2195 2235 2264 quia
2264 2206 2416 2253 extra
2445 2214 2568 2255 eum
2599 2201 3040 2260 sanctiﬁcationis
3065 2206 3295 2276 gratiam
3336 2208 3577 2264 invenire

1994 2301 2103 2341 non
2133 2298 2380 2357 possunt.

2067 2378 2118 2434 ’1.
2144 2379 2329 2436 Potest
2354 2383 2516 2437 etiam
2542 2384 2645 2441 hoc
2673 2386 2791 2443 sine
2817 2387 3393 2458 aliquasubauditione
3422 2393 3583 2448 intel—

1993 2468 2105 2539 ligi.
2136 2469 2268 2526 Cum
2287 2486 2413 2540 ergo
2440 2474 2602 2530 dicit:
2633 2474 2748 2531 Nec
2761 2488 2838 2532 est
2856 2479 2993 2534 alius
3015 2489 3159 2536 extra
3182 2490 3248 2547 te,
3273 2482 3401 2551 quid
3430 2483 3575 2539 aliud

1995 2560 2051 2615 in
2070 2561 2427 2633 Redemptore
2449 2582 2607 2636 quam
2644 2567 2835 2624 divina:
2864 2572 3106 2626 essentia:
3134 2573 3579 2630 incommutabilio

1995 2658 2079 2708 tas
2103 2652 2461 2722 designatur?
2490 2655 2641 2712 Unde
2670 2666 2724 2712 et
2752 2658 2948 2715 Judaeis
2977 2660 3475 2731 blasphemantihus
3499 2665 3579 2719 di-

1996 2745 2107 2800 cit.:
2166 2746 2452 2819 Antequam
2505 2750 2771 2807 Abraham
2815 2754 2963 2824 ﬁeret
2989 2772 3083 2826 ego
3111 2773 3221 2811 sum
3255 2757 3435 2828 (Joan.
3466 2774 3579 2821 vm,

1998 2834 2131 2907 58).
2187 2837 2423 2909 Idipsum
2488 2842 2542 2895 in
2599 2840 2795 2898 Genesi
2858 2844 3027 2916 Moysi
3082 2845 3401 2911 insinuans,
3465 2848 3582 2901 ait:

1996 2926 2113 2999 Ego
2172 2947 2284 2983 sum
2340 2933 2427 3002 qui
2477 2950 2590 2987 sum
2648 2933 2872 3006 (Exod.
2939 2952 3034 3001 ιιι,
3090 2936 3221 3008 id).
3282 2938 3392 2994 Deo
3440 2940 3583 2994 enim

1996 3019 2274 3088 unigenito
2296 3037 2415 3078 esse
2444 3031 2527 3078 est
2572 3024 2898 3081 dissimiliter
2950 3042 3224 3095 nunquam
3285 3043 3422 3084 esse.
3483 3027 3584 3095 Qui

1999 3120 2148 3166 certe
2194 3122 2369 3169 status
2415 3124 2562 3171 tanto
2608 3117 2767 3187 longe
2811 3125 2894 3173 est
2922 3134 2953 3173 a
2997 3121 3203 3175 cunctis
3246 3120 3583 3186 mortalibus,

1999 3212 2200 3273 quanto
2244 3205 2439 3261 clarius
2477 3208 2824 3277 cognoscitur
2850 3210 2975 3278 quia
3017 3212 3303 3268 momentis
3362 3212 3585 3279 singulis

298 3324 362 3368 ω
390 3314 691 3384 unigenims
705 3324 1012 3387 “sumplus
1039 3320 1105 3372 ad
1128 3294 1541 3388 regnumunde
1562 3328 1616 3375 et
1636 3294 1889 3390 loqmur’
1919 3316 1966 3379 ο
1996 3307 2095 3362 per
2118 3294 2282 3390 multa
2304 3297 2597 3390 variantur.
2624 3297 2811 3354 Potest
2837 3300 2942 3357 hoc
2972 3311 3027 3356 et
3053 3302 3118 3356 ad
3142 3301 3364 3370 justitiae
3386 3310 3585 3356 statum

294 3404 486 3459 dicens
511 3444 525 3458 .
561 3403 749 3460 Omnia
774 3423 888 3478 qua:
911 3406 1064 3462 habet
1094 3407 1254 3463 Pater
1274 3428 1390 3465 mea
1418 3418 1538 3465 sunt
1569 3411 1749 3482 (Joan.
1780 3428 1889 3480 xvi,

295 3496 416 3566 15).
440 3496 558 3553 Νοιι
586 3508 663 3553 est
689 3508 898 3554 sanctus
918 3508 975 3554 ut
996 3509 1072 3555 est
1099 3500 1373 3558 Dominus.
1408 3503 1523 3559 Hoc
1550 3506 1713 3560 etiam
1741 3520 1895 3560 sacra

296 3587 579 3658 Scriptura
607 3599 857 3657 testatur,
887 3591 1072 3647 dicens
1098 3610 1110 3644 :
1146 3591 1240 3647 Cui
1270 3610 1325 3647 se
1352 3595 1546 3664 infudit
1586 3595 1753 3648 omnis
1783 3594 1893 3663 ple-

299 3681 483 3736 nitudo
513 3682 794 3737 divinitatis
825 3684 1170 3755 corporaliter
1200 3685 1333 3753 (Col.
1365 3700 1421 3749 ιι,
1456 3684 1531 3754 9).
1567 3684 1702 3740 Hinc
1730 3686 1894 3741 .loano

296 3787 399 3826 nes
428 3772 504 3826 ait
528 3791 539 3825 :
590 3771 672 3827 De
700 3772 1017 3844 plenitudine
1046 3775 1158 3845 ejus
1186 3791 1363 3829 omnes
1389 3777 1678 3845 accepimus
1710 3775 1889 3846 (Joan.

244 3886 247 3889 ·
298 3880 339 3931 ι,
374 3864 486 3936 16).
520 3866 636 3922 Non
667 3876 742 3921 est
788 3878 999 3923 sanctus
1029 3878 1083 3923 ut
1114 3877 1189 3924 est
1231 3870 1508 3926 Dominus.
1540 3870 1679 3938 Quia
1728 3871 1780 3927 in
1826 3887 1892 3928 eo

296 3958 451 4027 quod
481 3958 741 4015 Dominus
767 3961 1047 4029 asseritur,
1093 3962 1393 4017 sanctitatis
1430 3962 1547 4032 ejus
1573 3962 1892 4018 excellentia

297 4050 730 4105 commendatur.
749 4049 855 4106 Sed
876 4049 1045 4106 Judzei
1069 4051 1532 4123 Christum,quem
1555 4062 1888 4124 exspectant,

295 4154 496 4209 purum
540 4139 813 4195 hominem
837 4151 1105 4208 asserunt,
1139 4150 1192 4197 et
1220 4151 1400 4199 tamen
1429 4160 1583 4198 suum
1608 4142 1893 4200 Dominum

297 4226 539 4282 futurum
568 4238 625 4283 et
662 4230 1005 4297 singulariter
1043 4239 1287 4287 sanctum
1318 4233 1561 4287 credunt.
1596 4231 1701 4288 Sed
1747 4233 1896 4288 Psal-

298 4319 462 4374 inista
501 4319 621 4375 illos
649 4321 968 4390 reprobans,
999 4336 1098 4375 nos
1119 4321 1184 4375 ad
1217 4322 1339 4377 lidei
1368 4322 1616 4392 gaudium
1642 4324 1896 4393 cohqrta-

298 4420 412 4477 tur,
441 4412 627 4467 dicens
655 4430 667 4465 :
699 4411 926 4467 Jubilate
954 4411 1065 4467 Deo
1091 4415 1255 4468 omnis
1285 4423 1444 4481 terra,
1469 4417 1650 4469 servile
1670 4414 1895 4471 Domino

294 4506 358 4557 in
412 4504 615 4558 ltetitia.
650 4502 854 4559 Intrate
882 4507 936 4558 in
982 4516 1252 4573 conspectu
1297 4507 1407 4577 ejus
1445 4508 1498 4561 in
1529 4507 1892 4572 exsultatione,

299 4597 483 4651 scitote
525 4598 769 4668 quoniam
822 4595 1074 4651 Dominus
1104 4598 1212 4667 ipse
1250 4607 1325 4651 est
1354 4596 1493 4651 Deus
1527 4597 1698 4669 (Psal.
1728 4613 1800 4665 lC,
1833 4598 1888 4662 1,

2000 3384 2288 3454 pertinere,
2329 3388 2454 3455 quia
2483 3388 2781 3445 electorum
2811 3406 2932 3447 esse
2960 3400 3044 3446 est
3084 3393 3138 3447 in
3168 3393 3281 3447 Deo
3311 3408 3406 3462 per
3425 3392 3584 3461 justi—

1996 3473 2125 3528 tiam
2156 3490 2394 3531 manere.
2426 3477 2495 3531 Et
2522 3480 2647 3549 quia
2676 3480 2979 3549 nnigenitus
3005 3480 3100 3537 Dei
3128 3482 3267 3537 Deus
3295 3492 3398 3551 est,
3425 3494 3582 3538 extra

1997 3579 2119 3619 eum
2148 3582 2257 3621 non
2285 3567 2593 3637 estaliquis,
2627 3570 2752 3639 quia
2782 3586 2941 3627 nemo
2971 3576 3263 3629 electorum
3294 3575 3393 3630 nisi
3425 3576 3478 3630 in
3502 3576 3583 3646 ip-

1997 3672 2059 3713 so
2104 3665 2206 3713 est.
2240 3657 2394 3725 Quod
2439 3661 2485 3715 si
2514 3662 2745 3716 refertur
2771 3663 2838 3717 ad
2866 3663 3201 3721 divinitatem
3231 3666 3364 3736 ejus,
3398 3676 3459 3722 ut
3486 3684 3583 3723 ne-

1997 3766 2267 3820 quaquam
2297 3752 2629 3809 iutellectum
2660 3756 3006 3813 humanitatis
3034 3758 3149 3828 ejus
3178 3768 3421 3827 evacuet,
3453 3761 3581 3830 quia

1990 3843 2169 3914 justus
2193 3862 2312 3903 esse
2340 3847 2445 3920 45
2476 3864 2584 3904 non
2611 3858 2792 3921 potest
2812 3852 2903 3921 qui
2932 3852 3094 3907 tidem
3121 3868 3231 3908 non
3256 3853 3421 3909 habet
3446 3854 3584 3909 divi-

1997 3951 2081 3992 nae
2109 3938 2533 4005 lucarnationis;
2561 3940 2732 3996 Judazi
2763 3957 2892 4012 ergo
2923 3958 3020 4015 per
3047 3943 3160 3999 haec
3185 3944 3391 4013 singula
3419 3944 3583 4000 verba

1995 4028 2283 4101 feriuntur,
2325 4033 2436 4103 qui,
2467 4032 2592 4089 dum
2625 4033 3043 4104 Redemptorem
3069 4043 3438 4104 contemnunt,
3482 4038 3585 4092 An-

1997 4122 2298 4176 ticliristum
2352 4131 2687 4192 exspectant,
2746 4124 2837 4192 qui
2879 4124 3020 4179 Deus
3068 4141 3176 4179 non
3220 4140 3341 4181 esse
3382 4125 3583 4193 liquido

1998 4216 2401 4284 comprobatur.
2432 4214 2583 4270 Unde
2628 4223 2682 4271 et
2708 4230 2807 4285 per
2831 4217 3047 4271 beatum
3074 4216 3172 4272 Job
3198 4218 3432 4274 dicitur:
3463 4216 3582 4271 Ha-

1999 4307 2159 4363 bitent
2185 4310 2239 4362 in
2286 4308 2615 4363 tabernaculo
2644 4310 2756 4380 ejus
2785 4309 2913 4363 socii
2940 4312 3049 4387 ejus
3078 4312 3166 4383 qui
3188 4327 3293 4366 non
3320 4320 3395 4366 est
3437 4310 3580 4383 (Job.

1999 4419 2146 4469 xvm,
2182 4401 2293 4470 15).
2328 4402 2751 4458 'l‘abernaculum
2781 4404 3096 4463 Antichristi
3123 4416 3204 4464 est
3230 4408 3383 4463 amor
3420 4406 3584 4478 perﬁ-

2000 4494 2123 4563 dite,
2154 4510 2263 4564 quo
2292 4495 2414 4550 lidei
2438 4496 2756 4552 contradicit
2782 4496 3176 4568 Redemptoris.
3205 4500 3264 4555 In
3294 4516 3402 4571 quo
3427 4501 3585 4555 nimi-

1998 4600 2117 4638 rum
2149 4584 2499 4640 tabernaculo
2542 4584 2711 4642 Judaei
2749 4604 2891 4644 nunc
2919 4600 3256 4659 permanent,
3302 4593 3425 4661 quia
3454 4593 3584 4647 dum

298 4687 358 4753 2,
390 4689 466 4758 ὃ).
497 4687 579 4743 llli
606 4688 893 4743 Dominum
926 4696 1141 4755 vocant,
1175 4688 1264 4758 qui
1300 4688 1441 4743 Deus
1472 4706 1577 4743 non
1608 4690 1698 4744 sit.
1730 4688 1892 4745 Nobis

1998 4678 2235 4750 perﬁdiae
2262 4694 2374 4734 suae
2416 4680 2577 4735 situm
2620 4690 2864 4737 amanter
2898 4682 3220 4751 inhabitant,
3253 4695 3440 4739 contra
3476 4684 3586 4740 Re-

300 4794 434 4850 ergo
459 4779 815 4848 juhilandum,
865 4780 1019 4835 nobis
1060 4780 1111 4834 in
1159 4779 1342 4834 laetitia
1388 4780 1749 4846 serviendum,
1799 4781 1892 4849 qui

299 4872 469 4926 talem
498 4872 760 4926 habemus
788 4871 1091 4936 Dominum,
1144 4870 1236 4941 qui
1263 4870 1427 4925 etiam
1454 4870 1597 4925 Deus
1626 4871 1895 4926 veraciter

301 4964 579 5031 credatur,
615 4964 705 5033 qui
730 4963 1070 5032 majestatem
1099 4962 1408 5027 divinitatis,
1442 4979 1598 5034 quam
1628 4964 1683 5018 in
1727 4981 1786 5020 se
1814 4980 1899 5019 as-

300 5056 493 5121 seruit,
525 5054 1035 5124 incomparabilibus
1063 5054 1339 5109 miraculis
1367 5055 1756 5127 comprobavit.
1790 5054 1895 5123 Qui

303 5160 433 5214 ergo
466 5146 791 5201 invisibilem
821 5147 937 5215 ejus
981 5146 1317 5201 divinitatem
1344 5146 1630 5215 abnegant,
1662 5149 1894 5216 patenti-

302 5235 407 5291 bus
434 5236 689 5307 operibus
731 5236 975 5292 credant.
1007 5236 1113 5292 Sed
1160 5251 1319 5306 quam
1351 5235 1483 5290 mira
1514 5236 1771 5293 sanctitas
1802 5238 1890 5293 illa

300 5334 407 5393 est,
437 5342 558 5397 qua:
585 5334 900 5398 peccatores
922 5326 1259 5383 sanctiﬁcat?
1288 5325 1441 5381 Unde
1462 5334 1516 5382 et
1543 5326 1611 5381 de
1640 5327 1895 5396 peccatri-

301 5436 370 5477 ce
398 5421 623 5477 muliere
652 5421 778 5477 dicit
802 5439 815 5475 :
850 5421 1200 5476 Remittuntur
1223 5423 1268 5475 ei
1309 5428 1522 5491 peccata
1550 5422 1734 5489 multa,
1762 5438 1891 5491 quo-

304 5517 451 5569 niam
478 5514 660 5569 dilezit
682 5514 894 5568 multum
920 5513 1069 5583 (Luc.
1095 5529 1185 5579 vn,
1210 5512 1324 5583 4'7).
1349 5512 1500 5567 Hanc
1520 5512 1894 5569 excellentiam

304 5606 628 5672 sanctitatis,
664 5606 750 5661 illa
777 5606 830 5663 in
858 5606 1004 5659 ﬁuxu
1033 5605 1306 5673 sanguinis
1330 5605 1503 5675 posita
1534 5618 1887 5673 cognoscens,

306 5701 419 5754 ait:
475 5700 536 5755 Si
567 5702 782 5771 tetigero
819 5700 896 5754 vel
936 5698 1195 5768 ﬁmbriam
1240 5698 1526 5753 vestimenti
1571 5699 1704 5768 ejus,
1744 5698 1890 5751 salva

306 5809 394 5846 ero
429 5791 643 5861 (Matth.
670 5809 743 5859 ιχ,
771 5792 883 5861 2i).
916 5789 1020 5846 Sed
1048 5791 1167 5858 quis.
1196 5789 1354 5844 ﬁdem
1385 5790 1499 5859 ejus
1529 5799 1810 5854 assereret,
1844 5791 1889 5846 si

310 5882 534 5944 cliectus
559 5885 678 5943 ﬁdei
704 5902 809 5943 non
836 5884 1089 5958 pateret?
1118 5882 1250 5938 Nam
1283 5893 1339 5939 ut
1368 5885 1742 5940 vestimentum
1772 5884 1888 5955 ejus

1996 4769 2331 4840 demptorem
2359 4778 2619 4840 pugnant.
2661 4771 2763 4839 Qui
2793 4772 2957 4828 etiam
2980 4773 3098 4843 ejus
3118 4775 3209 4844 qui
3239 4790 3347 4829 non
3376 4782 3461 4829 est
3487 4789 3583 4830 so-

1994 4861 2063 4917 cii
2105 4874 2225 4916 esse
2252 4861 2577 4926 referuntur,
2609 4862 2736 4931 quia
2766 4862 2820 4918 in
2860 4864 3142 4934 proposito
3181 4879 3280 4920 suo
3309 4864 3585 4921 diabolum

1995 4954 2271 5023 adjuvant,
2315 4954 2429 5023 qui,
2472 4954 2599 5009 dum
2629 4970 2659 5009 a
2690 4971 2912 5011 summa;
2940 4957 3085 5013 illius
3112 4955 3359 5013 essentia:
3398 4971 3585 5012 amore

1995 5045 2220 5112 corruit,
2275 5059 2462 5099 verum
2515 5058 2636 5100 esse
2678 5045 2923 5115 protinus
2951 5046 3149 5101 amisit.
3182 5044 3279 5101 Cui
3328 5046 3582 5101 nimirum

1995 5152 2105 5192 non
2127 5151 2247 5191 esse
2277 5144 2360 5191 est
2380 5135 2447 5192 ab
2474 5153 2740 5193 summam
2768 5138 2912 5195 illam
2932 5139 3146 5195 beatam
3175 5140 3463 5197 essentiam
3484 5154 3583 5210 per

1995 5228 2193 5285 amoris
2235 5229 2701 5301 participationem
2746 5230 2947 5288 reverti
2995 5247 3104 5289 non
3135 5246 3311 5302 posse.
3361 5230 3429 5286 Et
3454 5232 3581 5303 quia

1993 5321 2301 5380 Judzeorum
2329 5326 2579 5397 populus,
2610 5343 2719 5382 non
2749 5325 2923 5382 solum
2952 5325 3174 5381 arduam
3205 5333 3415 5397 patrum
3439 5333 3583 5383 vete-

1995 5431 2115 5470 rum
2146 5418 2627 5484 conversationem,
2669 5417 2765 5473 sed
2794 5418 2956 5473 etiam
2996 5417 3375 5474 miraculorum
3407 5426 3581 5475 osten-

1995 5508 2203 5564 sionem
2232 5508 2302 5564 ad
2341 5518 2685 5579 augmentum
2710 5509 2960 5565 elationis
2985 5509 3192 5577 habuit,
3221 5509 3505 5566 subditur:

2071 5601 2257 5673 (Vers.
2284 5600 2375 5672 2.)
2404 5600 2475 5655 Et
2500 5618 2602 5657 non
2630 5609 2707 5656 est
2734 5602 2884 5672 fortis
2917 5602 3047 5655 sicut
3076 5600 3216 5657 Deus
3247 5610 3443 5656 noster.

2067 5692 2120 5748 8.
2149 5694 2312 5762 Quasi
2335 5695 2567 5751 inaniter
2593 5694 2913 5763 gloriantem
2934 5692 3171 5749 Judzeam
3194 5694 3474 5763 reprimat,
3500 5686 3579 5743 di-

1996 5801 2124 5843 cens
2149 5806 2163 5843 :
2195 5787 2341 5855 Quos
2368 5804 2561 5857 magna
2592 5788 2784 5845 fecisse
2805 5787 3020 5853 astruis,
3054 5787 3169 5858 puri
3193 5787 3437 5841 homines
3466 5784 3580 5837 lue-

1993 5888 2140 5946 runt;
2164 5895 2321 5949 quem
2341 5883 2589 5951 przcllicn,
2612 5900 2714 5937 non
2733 5884 2907 5938 solum
2928 5880 3091 5935 homo
3103 5885 3321 5936 sanctus
3336 5875 3461 5942 fuit,
3482 5870 3576 5929 sed
