4044 6336
523 343 594 404 67

1728 351 1970 410 SANCTI
2008 351 2335 414 GREGORII
2372 358 2585 418 MAGNI
3740 377 3808 439 63

521 455 683 510 etiam
703 464 898 527 potens
919 456 1080 514 Deus.
1103 455 1239 513 Dum
1260 472 1390 528 ergo
1413 455 1670 518 fortitudo
1693 465 1996 552 respicitur,
2019 481 2112 522 ex-
2141 471 2190 532 Α
2218 476 2273 524 et
2302 485 2370 525 ex
2408 471 2587 542 seipse
2614 481 2826 543 potens,
2861 475 3161 549 paralytico
3190 477 3494 552 imperans,
3525 485 3601 541 ait
3634 505 3648 541 :
3698 489 3806 548 Tit:

519 548 773 604 C‘ellentia
827 550 1108 617 indicatur,
1160 553 1283 621 Quia
1334 552 1584 607 nimirum
1633 558 1852 612 omnino
1901 549 2110 617 infirma

518 649 600 695 est
631 640 805 694 omnis
841 639 1098 695 fortitudo
1149 641 1382 699 hominis
1413 643 1471 696 in
1493 647 1896 716 comparatione
1937 647 2108 705 deita-

516 731 606 787 tis.
638 729 756 796 Quo
780 735 956 786 tamen
987 732 1039 785 in
1067 731 1190 787 loco
1218 734 1445 789 assertio
1467 733 1762 792 divinitatis
1786 754 1894 793 non
1916 741 2108 810 prohat

513 817 890 878 excellentiam
916 823 1118 894 operis,
1146 825 1242 880 sed
1267 826 1760 900 incomparabilitas
1784 831 2106 893 fortitudinis

511 909 742 967 ostendit
797 915 1080 970 veritatem
1131 915 1370 974 deitatis.
1428 918 1595 986 Quasi
1643 922 1838 978 dicat:
1892 923 1951 978 ln
1998 927 2104 982 hoc

507 1006 848 1076 cognoscitur
868 1008 993 1076 quia
1019 1023 1145 1063 vera
1167 1011 1412 1080 protulit,
1439 1013 1563 1082 quia
1585 1013 1841 1072 deitatem
1863 1032 2022 1086 quam
2050 1020 2102 1075 in

505 1109 563 1149 se
592 1095 822 1150 asseruit
861 1097 1371 1168 incomparabilibus
1415 1099 1669 1172 operibus
1707 1109 2100 1178 comprobavit.

509 1171 655 1241 Unde
676 1192 776 1256 per
799 1189 1151 1258 semetipsum
1179 1189 1307 1246 dicit
1336 1208 1349 1244 :
1382 1187 1443 1246 Si
1472 1210 1631 1264 apera
1662 1212 1765 1250 non
1790 1189 2022 1267 fecissem
2046 1202 2101 1255 in

501 1276 604 1346 eis,
649 1283 762 1349 qua:
803 1283 949 1334 nemo
996 1269 1130 1334 alius
1179 1281 1319 1352 fecit,
1377 1295 1643 1354 peccatum
1695 1305 1798 1341 non
1855 1288 2101 1347 haberent

503 1359 682 1440 (Joan.
708 1377 793 1440 itv,
817 1363 929 1443 2i).
963 1374 1078 1428 Jam
1107 1390 1235 1431 vero
1265 1376 1379 1447 ipsa
1404 1394 1569 1449 opera
1595 1379 1929 1439 discutienda
1951 1395 2096 1444 sunt.

501 1461 712 1534 Moyses
737 1483 882 1520 mare
915 1465 1110 1537 (Exod.
1154 1485 1260 1535 xlv,
1297 1470 1407 1537 l2),
1455 1471 1635 1529 Helias
1674 1472 1874 1533 ﬂumen
1913 1479 2098 1536 divisit

503 1543 569 1625 (1
583 1542 620 1607 V
663 1554 791 1625 Reg.
825 1572 892 1646 ιιι,
927 1555 1014 1628 8);
1047 1547 1311 1646 Dominus
1342 1572 1530 1619 noster
1571 1563 1726 1625 Iesus
1757 1584 1918 1639 super
1946 1588 2096 1629 mare

496 1645 785 1699 ambulavit
816 1635 1028 1716 (Matth.
1060 1666 1180 1716 xxv,
1213 1635 1325 1721 24).
1358 1651 1497 1719 Quid
1520 1670 1649 1725 ergo
1681 1667 1762 1713 est
1796 1635 2094 1730 elegantius

494 1735 546 1789 in
576 1735 720 1790 sicco
748 1735 996 1807 profundi
1028 1741 1183 1796 alveo
1213 1742 1350 1796 viam
1388 1748 1684 1802 transeunti
1714 1750 1911 1820 populo
1939 1754 2093 1810 exhi-

490 1826 639 1893 bere,
664 1834 730 1884 an
754 1817 922 1899 ipsa'm
951 1832 1116 1886 maris
1139 1831 1334 1889 faciem
1361 1835 1503 1891 viam
1523 1833 1739 1894 facere?
1761 1841 1842 1896 llli
1869 1844 2090 1926 quippe,

489 1920 614 1988 quia
654 1912 1001 1977 humanitatis
1046 1924 1489 1995 deprimebantur
1536 1932 1807 2002 pondere,
1855 1912 1907 1990 in
1959 1912 2089 2008 pro:

490 2005 639 2064 fundi
663 2000 836 2066 solido
857 2013 994 2067 viam
1011 2029 1118 2083 qua
1149 2028 1438 2086 pergerent
1464 2000 1847 2092 requirebant;
1873 2000 1976 2084 sed.
1994 2029 2088 2098 qui

488 2097 700 2153 inlirma
741 2099 988 2157 humanm
1025 2107 1232 2160 natura:
1272 2109 1325 2164 in
1366 2110 1738 2168 celsitudinem
1790 2114 2086 2174 divinitatis

487 2191 842 2259 assumpsisse
882 2197 1255 2268 cognoscitur,
1304 2216 1468 2271 super
1506 2219 1673 2274 aquas
1710 2207 1912 2264 virtute
1957 2221 2086 2280 pro-

490 2280 608 2348 pria
631 2280 922 2340 ferebatur.
945 2287 1156 2360 Moyses
1177 2290 1245 2346 de
1272 2295 1548 2350 consortio
1578 2301 1842 2355 sermonis
1870 2301 2084 2359 Domini

484 2370 827 2441 splendorem
859 2377 1033 2432 vultus
1063 2367 1294 2435 obtinuit
1325 2381 1523 2452 (Exod.
1554 2403 1734 2455 xxxnv,
1768 2388 1883 2462 29),
1918 2391 2084 2450 Josue

483 2463 816 2519 orationilnis
832 2466 1002 2522 solem
1025 2461 1139 2523 tixit
1157 2471 1342 2541 (Josue
1361 2471 1519 2542 x,12,
1552 2475 1658 2547 15);
1680 2478 1772 2534 sed
1794 2461 1920 2549 quia
1942 2481 2082 2539 Deus

483 2560 568 2608 est
595 2552 780 2622 Jesus,
827 2572 1008 2612 coram
1040 2561 1315 2633 discipulis
1343 2565 1396 2620 in
1435 2568 1564 2623 solis
1593 2571 1792 2628 virtute
1839 2576 2082 2646 resplen-

481 2645 614 2700 duit.
631 2646 689 2700 ln
711 2648 854 2706 illius
875 2649 1066 2707 faciem
1082 2651 1172 2708 lilii
1196 2654 1359 2712 Israel
1379 2659 1654 2718 intendere
1674 2679 1781 2719 non
1805 2645 2077 2738 poterant,

479 2736 633 2792 istius
661 2731 883 2809 gloriam
911 2744 1001 2812 qui
1033 2757 1344 2802 meruerunt
1388 2765 1613 2807 cernere
1654 2756 1986 2825 ceciderunt,
2022 2767 2081 2815 ut

475 2839 661 2898 aperte
678 2845 1032 2900 cognosceres
1054 2837 1178 2907 quia
1195 2838 1434 2896 divinum
1449 2843 1704 2901 existeret
1721 2863 1828 2918 quo
1844 2849 2077 2908 humana

479 2923 752 2978 transiret.
777 2924 930 2993 Huic,
955 2927 1008 2982 in
1031 2927 1214 2985 monte
1237 2924 1341 2988 illis
1364 2929 1758 3008 assistentibus,
1781 2943 1849 2997 ab
1871 2951 2077 3001 aeterno
2113 2981 2115 2984 -

474 3003 636 3066 Patre
661 3013 855 3069 dicitur
881 3034 894 3070 :
919 3015 972 3069 Η
978 3019 1024 3072 ic
1043 3029 1119 3073 est
1141 3009 1312 3077 Filius
1333 3042 1474 3081 meus
1496 3003 1814 3096 dilectuspin
1830 3052 1928 3106 quo
1950 3038 2078 3092 mihi

477 3103 783 3174 complacui,
815 3109 983 3175 ipsum
1005 3111 1179 3167 audite
1208 3111 1422 3187 (Matth.
1445 3134 1574 3186 xvu,
1606 3109 1660 3192 5,
1685 3123 1762 3195 6).
1876 3127 2076 3184 idcirco

470 3194 633 3249 etiam
677 3195 891 3264 Helias,
921 3201 1013 3270 qui
1055 3219 1126 3306 ne
1163 3206 1375 3276 plueret
1419 3211 1617 3296 coelum
1665 3194 1876 3284 clausit,
1909 3227 1965 3274 et
2009 3227 2070 3275 ut
2098 3245 2142 3306 ο

428 3302 437 3312 ’
471 3285 680 3355 plueret
706 3292 966 3381 reseravit
999 3281 1126 3365 (ΙΙΙ
1162 3295 1292 3369 Reg.
1336 3317 1472 3367 xvu,
1509 3291 1575 3374 1)
1605 3305 1657 3359 in
1706 3305 1823 3377 ejus
1852 3281 2070 3381 compa-

469 3377 679 3433 ratione
707 3371 838 3448 quid'
865 3379 947 3437 est
975 3384 1068 3454 qui
1109 3391 1311 3457 apertis
1341 3392 1493 3447 cmlis
1513 3434 1526 3456 ,
1557 3371 1792 3451 Patrem
1829 3371 2071 3456 exhibuit

469 3469 661 3522 testem
691 3481 801 3524 sum
832 3469 1028 3529 divina:
1058 3479 1466 3545 generationis?
1507 3481 1633 3540 Non
1659 3497 1737 3542 est
1764 3505 1886 3562 ergo
1917 3492 2068 3563 [ortis

465 3565 521 3610 ut
552 3555 822 3627 Dominus,
851 3566 976 3632 quia
1006 3568 1263 3638 quidquid
1297 3573 1508 3631 virtutis
1537 3575 1750 3648 Moyses
1779 3555 2067 3640 ostenda-re

473 3651 668 3719 potuit,
700 3651 974 3725 Dominus,
1019 3675 1125 3714 non
1157 3662 1272 3732 ipse
1299 3662 1444 3720 fecit.
1477 3666 1635 3724 .Itrsus
1669 3669 1850 3726 autem
1885 3676 2065 3730 omnia

463 3759 584 3812 qua:
612 3737 743 3803 mire
769 3751 934 3818 gessit
962 3755 1180 3823 propria
1204 3756 1400 3813 virtute
1430 3760 1694 3829 exhibuit,
1721 3766 1848 3834 quia
1880 3766 2064 3823 Domi-

461 3851 562 3926 nlus
586 3839 746 3894 etiam
780 3833 948 3915 Moysi
978 3843 1096 3903 fuit.
1128 3835 1248 3906 Non
1275 3854 1419 3908 enim
1468 3854 1683 3927 Moyses
1711 3861 1914 3931 populo
1939 3879 2064 3933 per-

464 3918 680 4025 d'eser‘ta
711 3935 994 4005 gradienti,
1028 3940 1120 3995 sed
1163 3943 1422 4001 Dominus
1456 3918 1653 4005 marina
1683 3918 1819 4022 pluit
1849 3918 2055 4025 (Ebod.

466 4035 575 4088 xvi,
608 4009 695 4093 13,
723 4027 879 4099 seq.).
913 4029 1031 4087 Non
1063 4031 1296 4106 Moyses,
1328 4038 1422 4093 sed
1452 4009 1712 4100 Dominus
1735 4045 1788 4099 in
1809 4009 2058 4104 columna

460 4111 597 4183 ignis
619 4131 716 4187 per
743 4129 978 4189 noctem,
1011 4133 1066 4180 et
1097 4127 1252 4184 nubis
1282 4129 1336 4185 in
1359 4131 1465 4198 die,
1497 4137 1755 4205 populum
1778 4143 2056 4209 praecessit

461 4209 649 4280 (Ibid.,
677 4230 787 4302 xiv,
816 4216 925 4287 19).
969 4219 1088 4276 Νοη
1123 4221 1356 4296 Moyses,
1388 4227 1482 4282 sed
1510 4231 1732 4286 verbum
1758 4236 1901 4304 quod
1941 4237 2054 4294 fac-

460 4309 571 4355 tum
597 4312 681 4358 est
705 4295 930 4390 adeum,
952 4325 1144 4380 aquam
1168 4295 1234 4369 de
1254 4332 1388 4387 rupe
1415 4320 1672 4389 produxit
1696 4295 1861 4396 (Ibid.
1906 4347 2013 4387 xvu
2033 4373 2049 4401 ,

459 4393 492 4447 6
514 4396 554 4464 ).
582 4396 697 4452 Νοη
729 4387 957 4472 Moyses,
989 4405 1085 4492 sed
1104 4406 1362 4492 Dominus
1399 4387 1634 4492 volatilia
1665 4387 2050 4492 concupiscen:

460 4487 600 4574 tibus
629 4484 870 4547 exhibuit
912 4484 1077 4565 (Ibid.
1110 4515 1228 4565 XVI,
1265 4491 1376 4571 t7).
1413 4489 1565 4564 Unde
1592 4518 1646 4564 et
1675 4484 1934 4572 Dominus
1954 4517 2048 4574 Ju-

459 4573 604 4661 dazos
619 4578 669 4632 in
687 4592 895 4650 patrum
912 4583 1224 4646 fortitudine
1239 4593 1528 4662 gloriantes
1543 4604 1806 4676 reprimit,
1826 4608 2042 4666 dicens:
2074 4639 2126 4700 Β

467 4667 580 4700 ΜΛ..
611 4671 808 4700 ιΙ,...---
861 4680 945 4700 --.ι
976 4669 1010 4700 ἠ
1055 4692 1065 4700 .
1329 4690 1340 4700 .
1395 4692 1424 4700 ..
1540 4695 1580 4700 .-

457 4667 582 4758 Non
601 4671 659 4725 Μ
662 4692 829 4768 oyies,
855 4669 1126 4768 sed-Pater
1141 4703 1282 4768 meus
1304 4690 1446 4746 dedit
1470 4667 1811 4768 vobis-panem
1835 4704 1898 4758 de
1918 4707 2042 4762 caelo

453 4755 616 4830 (Joan
639 4779 707 4830 Vl,
733 4755 845 4834 3‘2).
862 4759 1117 4854 Hinc
1145 4765 1424 4836 Psalmista
1442 4800 1547 4839 non
1570 4755 2044 4860 Moysenvinaniter

453 4849 701 4938 efferens,
749 4858 841 4911 sed
872 4851 1158 4920 Dominum
1189 4868 1530 4951 laudabiliter
1558 4849 1841 4951 extollens,
1871 4887 2034 4944 dicit:

452 4933 602 4996 Fecit
638 4945 898 5004 mirabilia
939 4954 994 5007 in
1022 4964 1159 5012 terra
1197 4947 1440 5035 Egypti,
1471 4970 1525 5022 in
1557 4987 1737 5044 campo
1769 4976 2037 5050 Thaueos,

449 5033 730 5142 interrupi:
751 5056 911 5130 mare,
935 5056 982 5098 et
1013 5049 1253 5118 perduxit
1276 5033 1382 5123 eos,
1413 5033 1463 5112 et
1492 5033 1682 5117 statuit
1694 5083 1856 5138 aquas
1885 5033 2036 5142 quasi

772 5121 778 5130 Ι
1015 5117 1018 5118 ,
1369 5117 1378 5123 ι
1699 5117 1854 5138 "1""'
1886 5117 2036 5142 ‘1'"""

448 5125 501 5176 in
525 5135 658 5182 utre.
683 5117 882 5187 Eduxit
903 5153 989 5191 eos
1019 5140 1072 5193 in
1097 5144 1226 5197 nube
1251 5147 1368 5215 diei,
1397 5159 1446 5204 et
1469 5161 1577 5208 tota
1600 5161 1820 5214 noctein
1846 5163 2038 5217 illumi-

449 5213 655 5273 ttatibtte
681 5222 836 5293 ignis.
865 5215 1062 5284 Eduxit
1091 5250 1278 5312 aquam
1308 5213 1371 5293 de
1399 5254 1566 5312 petra,
1600 5256 1648 5300 et
1678 5245 1891 5306 deduxit
1919 5262 2037 5309 tan-

445 5317 598 5375 quam
627 5309 842 5378 [lumina
873 5333 1053 5388 aquas.
1089 5308 1156 5375 Et
1183 5308 1448 5393 mandauit
1477 5308 1693 5389 nubibus
1721 5338 1954 5411 desuper,
1986 5353 2037 5398 et

435 5395 637 5466 januas
679 5399 792 5459 coeli
829 5414 1050 5480 aperuit,
1078 5424 1128 5468 et
1155 5417 1286 5487 pluit
1323 5421 1428 5476 illis
1474 5441 1666 5480 ntanna
1707 5429 1776 5483 ad
1815 5395 2033 5489 mandu-

445 5487 696 5556 candum,
729 5503 776 5546 et
807 5497 936 5566 p'luit
983 5518 1135 5574 super
1163 5525 1250 5562 eos
1297 5511 1428 5565 sicut
1467 5516 1723 5583 pulverem
1748 5517 1951 5592 carnes,
1982 5536 2033 5581 et

443 5580 575 5634 sicut
618 5600 833 5642 arenam
878 5598 1037 5651 maris
1079 5600 1308 5656 volatilia
1338 5619 1561 5675 pennata
1607 5605 1777 5680 (Psal.
1811 5632 2026 5688 Lxxvu,

447 5662 512 5688 In
683 5677 693 5688 ι
755 5673 790 5688 Α
893 5684 904 5688 -
1285 5685 1288 5688 ’

442 5667 531 5779 I4-2,
568 5677 721 5748 seq.).
753 5673 1010 5742 Dominus
1038 5698 1217 5745 autem
1254 5667 1410 5752 Iesus
1439 5698 1589 5756 fortis
1611 5667 2028 5779 ‘incomparahi:

433 5757 566 5818 liter
593 5770 781 5829 nonin
807 5773 983 5832 aliena
1013 5779 1208 5839 virtute
1233 5789 1500 5859 apparuit,
1533 5779 1704 5851 sed-in
1730 5757 1846 5854 suat.
1875 5797 2027 5858 Unde

2213 561 2346 628 dico,
2372 579 2525 634 surge
2553 553 2770 636 (Matth.
2813 581 2888 633 lx,
2926 568 3003 639 ti).
3041 569 3178 628 Hinc
3203 573 3366 633 etiam
3393 576 3652 649 scriptum
3686 594 3802 640 est:

2213 645 2471 726 Quotquot
2490 658 2772 728 tangebam
2791 678 2928 729 eum,
2953 663 3084 718 salvi
3103 665 3299 734 fiebant
3320 686 3353 722 a
3375 645 3679 745 quocunque
3701 679 3809 733 lun-

2209 762 2371 815 guore
2397 747 2707 803 tenebantur
2736 750 2933 821 (Marc.
2982 770 3054 822 v1,
3083 755 3198 827 56).
3229 757 3297 813 Et
3336 761 3531 819 iterum
3575 785 3588 819 :
3637 766 3807 822 Virtus

2206 837 2271 891 de
2290 839 2381 894 illo
2402 839 2658 911 exibat,et
2674 844 2896 900 sanabat
2917 864 3094 904 omnes
3117 849 3269 920 (Luc.
3285 870 3357 922 vr,
3383 854 3487 925 19).
3513 857 3630 916 Hoc
3656 877 3807 916 nam-

2206 942 2313 997 que
2344 930 2553 1002 insigne
2583 931 2934 1004 fortitudinis,
2969 955 3070 996 nec
3098 940 3339 1014 Moyses,
3368 961 3470 1002 nec
3500 948 3684 1007 Helias
3714 953 3806 1007 ha-

2203 1019 2334 1075 bere
2363 1024 2558 1092 potuit,
2583 1032 2660 1094 ut,
2693 1025 2821 1083 dum
2862 1029 3302 1103 incomparabilia
3324 1036 3475 1106 signa
3497 1040 3804 1099 innotescec

2205 1118 2355 1180 rent,
2406 1111 2700 1171 adventum
2747 1119 3010 1189 unigeniti
3053 1126 3393 1195 apertissime
3435 1130 3800 1201 designarent.

2205 1191 2372 1260 Recte
2410 1221 2539 1277 ergo
2591 1210 2876 1286 Synagoga
2918 1191 3184 1288 perpetuo
3224 1221 3441 1278 silentio
3491 1191 3798 1294 damnata,

2202 1307 2322 1348 cum
2355 1297 2602 1354 subditur
2633 1319 2651 1354 :
2913 1304 2930 1320 '

2237 1462 2240 1466 Ι
2273 1387 2450 1457 (Vers.
2476 1377 2558 1461 ὃ.)
2590 1391 2771 1450 Nolite
2800 1399 3145 1471 multiplicare
3172 1404 3312 1478 loqui
3339 1407 3604 1466 sublimia;
3633 1410 3799 1469 Rece-

2201 1476 2329 1532 dant
2358 1490 2527 1536 vetera
2556 1483 2619 1538 de
2643 1501 2733 1540 ore
2759 1498 2944 1546 uestro.

2270 1555 2321 1624 9.
2353 1556 2514 1639 Quasi
2545 1575 2688 1632 dicat
2719 1597 2732 1632 :
2765 1579 2902 1636 Dum
2931 1583 3423 1658 incomparabiliter
3448 1606 3588 1650 nova
3617 1597 3798 1652 cerni-

2199 1660 2289 1729 tis,
2321 1673 2475 1752 gesta
2497 1667 2842 1739 antiquorum
2873 1677 3369 1746 reprehensibiliter
3388 1681 3608 1740 etfertis.
3633 1685 3797 1752 Quasi

2195 1756 2337 1811 enim
2367 1747 2552 1816 umbra
2581 1762 2671 1818 illa
2716 1777 3127 1836 praecesserant.
3158 1763 3264 1830 Sed
3305 1792 3446 1833 nunc
3475 1777 3652 1848 palam
3681 1781 3796 1835 veri

2124 1866 2171 1927 Β
2198 1849 2382 1907 fideles
2428 1853 2542 1910 haec
2573 1853 2950 1931 Redemptoris
2979 1866 3151 1921 nostri
3199 1883 3363 1938 opera
3415 1873 3797 1929 venerabiliter

2195 1941 2443 2011 adorant,
2476 1948 2601 2016 quia
2638 1939 2784 2018 quod
2813 1941 3164 2011 umbrabatur
3201 1957 3273 2012 ibi
3313 1957 3676 2018 occultatione
3701 1977 3792 2017 sa-

2190 2039 2473 2104 eramenti,
2516 2039 2568 2094 in
2613 2037 2845 2099 adventu
2888 2041 3263 2119 Redemptoris
3307 2053 3510 2122 patuit,
3561 2069 3791 2126 exspec-

2187 2131 2329 2182 tasse
2355 2139 2552 2199 corpus
2575 2132 2876 2189 revelandaz
2904 2137 3167 2195 veritatis.
3202 2138 3339 2210 Ergo
3360 2131 3408 2197 si
3435 2145 3498 2196 ad
3531 2160 3672 2199 nova
3702 2160 3787 2200 re-

2185 2217 2447 2288 ferantur,
2481 2235 2667 2278 vetera
2697 2243 2802 2281 non
2833 2226 2979 2299 sunt,
3011 2232 3136 2300 quia
3176 2222 3228 2288 in
3257 2235 3456 2307 Spiritu
3484 2245 3675 2294 sancto
3705 2239 3787 2293 in-

2184 2309 2418 2378 tellecta,
2454 2319 2774 2373 vetustatem
2815 2317 3046 2391 aliquam
3087 2339 3194 2381 non
3239 2327 3528 2398 recipiunt.
3573 2328 3652 2385 De
3691 2325 3787 2388 illo

2183 2409 2380 2479 quippe
2408 2424 2707 2471 renovante
2742 2418 2922 2472 omnia
2949 2409 3163 2490 Spiritu,
3193 2422 3474 2480 Psalmista
3502 2431 3784 2500 precaturg,

2183 2501 2366 2559 dicens
2398 2523 2410 2558 :
2438 2505 2634 2562 Emitte
2657 2512 2896 2581 spiritum
2921 2521 3064 2567 tuum
3090 2524 3140 2568 et
3178 2516 3509 2585 creabantur,
3540 2529 3589 2574 et
3630 2537 3781 2578 reno-

2181 2593 2322 2649 vabis
2353 2583 2541 2682 faciem
2571 2607 2725 2655 terra:
2766 2601 2938 2674 (Psal.
2968 2621 3076 2672 cut,
3106 2595 3217 2678 50).
3265 2606 3457 2663 Vetera
3485 2583 3611 2680 ergo
3635 2621 3782 2682 sunt,

2184 2677 2228 2743 si
2278 2677 2660 2763 Redemptoris
2707 2699 2964 2767 operibus
3008 2677 3393 2771 conferantur;
3439 2707 3534 2763 sed
3563 2723 3688 2763 cum
3716 2708 3782 2763 ad

2185 2782 2555 2840 conﬁrmanda
2585 2787 2698 2844 haec
2728 2791 3044 2860 spiritaliter
3076 2795 3161 2849 illa
3192 2796 3539 2866 proferimus,
3567 2816 3634 2856 eo
3663 2803 3780 2872 spi-

2179 2873 2286 2926 ritu
2313 2889 2422 2943 quo
2444 2874 2559 2931 haec
2581 2865 2923 2948 intelligimus
2943 2882 3033 2937 illa
3054 2865 3403 2942 renovantur.
3429 2888 3625 2945 Sancta
3648 2865 3779 2961 ergo

2181 2961 2420 3048 Ecclesia
2450 2970 2576 3025 dum
2604 2957 2819 3028 Judzeos
2857 2974 2926 3031 de
2969 2985 3209 3033 veterum
3241 2981 3550 3037 narratione
3592 2999 3778 3054 repre-

2179 3043 2384 3128 hendit,
2415 3061 2542 3132 quid
2568 3063 2711 3118 aliud
2739 3078 2901 3133 quam
2941 3081 3036 3123 eos
3061 3077 3184 3126 acta
3221 3071 3438 3128 Patrum
3473 3043 3775 3146 spiritualia

2178 3151 2466 3208 carnaliter
2511 3156 2814 3227 intelligere
2852 3161 3206 3234 designatur?
3246 3169 3527 3240 Synagoga
3573 3173 3776 3230 etenim

2401 3256 2644 3307 sanctam
2684 3250 2981 3312 Ecclesiam
3007 3273 3068 3315 se
3116 3267 3270 3317 tanto
3300 3265 3555 3320 temerius
3582 3267 3773 3338 erigit,

2174 3346 2378 3406 quanto
2407 3340 2541 3411 legis
2579 3351 2637 3398 et
2663 3347 3054 3417 prophetarum
3093 3353 3316 3409 scientia
3347 3357 3633 3425 superbius
3675 3372 3773 3413 ex-

2174 3429 2401 3497 tollitur,
2428 3448 2590 3503 quam
2621 3437 2733 3491 suis
2756 3439 2998 3506 patribus
3022 3441 3278 3500 divinitus
3299 3444 3630 3515 inspiratam,
3665 3448 3771 3505 sibi

2171 3529 2350 3577 autem
2378 3526 2733 3584 materialiter
2755 3530 3050 3587 exhibitam
3080 3534 3283 3590 didicit.
3315 3535 3462 3592 Unde
3483 3540 3763 3608 sequitur:

2170 3613 2352 3671 Nolite
2375 3620 2719 3692 multiplicare
2739 3625 2881 3697 loqui
2899 3625 3163 3697 sublimia,
3184 3632 3488 3701 gloriantes.
3507 3633 3573 3688 Et
3599 3644 3656 3690 ut
3680 3643 3767 3690 tu-

2168 3722 2320 3764 mere
2345 3709 2614 3779 desinant,
2641 3715 2936 3787 subjungit,
2964 3720 3147 3778 dicens
3171 3739 3184 3776 :
3214 3722 3478 3780 Recedant
3505 3735 3673 3781 cetera
3698 3727 3764 3782 de

2166 3813 2255 3851 ore
2281 3809 2466 3856 uestro.
2499 3801 2616 3856 Jam
2662 3806 2862 3877 quippe
2889 3810 2937 3864 ei
2968 3821 3151 3868 vetera
3180 3823 3329 3882 sunt,
3371 3831 3510 3885 qum,-
3542 3827 3601 3872 ut
3627 3819 3761 3887 dixi,

2165 3901 2263 3956 per
2290 3901 2642 3948 renovantem
2670 3897 2916 3968 spiritum
2947 3916 3054 3957 non
3095 3904 3484 3976 intelliguntur.
3517 3908 3646 3965 Tale
3677 3919 3762 3968 est

2164 3979 2327 4048 igitur
2356 3999 2418 4040 ac
2447 3987 2491 4041 si
2521 3985 2668 4043 dicat
2700 4007 2714 4043 :
2761 3990 2986 4061 Dignum
3017 4004 3100 4050 est
3143 4006 3201 4051 ut
3231 3999 3298 4054 ab
3337 4014 3526 4055 eorum
3567 4017 3761 4056 narra-

2161 4070 2308 4126 tione
2329 4072 2506 4141 sileas,
2533 4091 2762 4146 quorum
2793 4096 2962 4137 novos
2983 4094 3037 4139 et
3057 4086 3365 4157 splendidos
3387 4105 3573 4147 sensus
3604 4094 3758 4160 igno-

2159 4178 2268 4220 ras.
2301 4165 2430 4232 Quae
2469 4169 2717 4226 nimirum
2749 4175 2848 4230 etsi
2871 4177 3138 4236 subtiliter
3167 4182 3450 4254 intelligis,
3488 4194 3754 4243 tumorem

2158 4258 2477 4344 arrggantiae
2497 4261 2590 4316 tibi
2615 4273 2872 4334 praestare
2896 4285 2999 4326 non
3021 4270 3240 4339 debent,
3262 4276 3386 4344 quia
3409 4277 3549 4334 Dens
3579 4281 3756 4337 scien-

2156 4325 2353 4400 tiar‘um
2388 4325 2643 4409 Dominus
2673 4363 2776 4410 est.
2827 4356 3158 4430 Redemptor
3185 4325 3383 4438 quippe
3412 4367 3629 4425 humani
3657 4386 3754 4441 ge-

2153 4438 2318 4502 neris,
2368 4441 2492 4510 quia
2523 4447 2714 4500 summi
2760 4445 2936 4505 Patris
2960 4460 3042 4506 est
3071 4452 3338 4524 Verbum,
3369 4457 3630 4517 Dominus
3665 4438 3754 4520 est

2153 4530 2335 4598 utique
2364 4535 2602 4591 omnium
2633 4538 3005 4598 scientiarum.
3053 4546 3176 4602 Alta
3217 4550 3436 4621 quippe,
3467 4561 3522 4607 et
3553 4567 3750 4624 magna

2152 4618 2360 4677 locutus
2389 4635 2470 4680 est
2518 4627 2713 4699 Isaias,
2747 4648 2938 4703 magna
2968 4637 3177 4696 locutus
3203 4650 3286 4698 est
3331 4643 3620 4716 Jeremias;
3651 4649 3748 4705 sed

2150 4714 2394 4780 profecto
2423 4718 2554 4773 nihil
2583 4720 2856 4791 dicerent,
2899 4727 2944 4782 si
2985 4727 3091 4786 hoc
3119 4730 3353 4790 Verbum
3397 4714 3744 4796 scientiarum

2150 4798 2409 4859 Dominus
2454 4824 2562 4863 non
2609 4811 2708 4879 eis,
2743 4824 3032 4887 antequam
3077 4821 3445 4895 loquerentur,
3487 4829 3743 4889 scientias

2147 4890 2427 4973 indicaret.
2463 4896 2614 4956 Unde
2642 4910 2696 4956 et
2725 4904 3034 4974 frequenter
3058 4911 3112 4966 in
3145 4890 3294 4970 libris
3323 4890 3561 4986 ejusdem
3593 4922 3741 4978 Isaia:

2145 4971 2421 5050 propheta:
2447 4987 2644 5055 legitur
2667 5009 2679 5044 :
2717 4971 2937 5052 Verbum
2965 5001 3102 5069 quod
3121 5004 3314 5074 factum
3335 4971 3739 5067 est—adulabili;

2142 5074 2467 5140 prophetam.
2493 5079 2829 5152 Frequenter
2857 5091 2988 5146 etin
3018 5093 3155 5149 libro
3175 5094 3422 5155 Ieremia:
3447 5103 3732 5160 scribitur:

2155 5161 2370 5244 Verbum
2399 5172 2535 5242 quod
2558 5175 2752 5244 factum
2777 5183 2943 5237 estad
2964 5183 3246 5242 Jeremiam
3266 5197 3592 5261 prophetam.
3620 5196 3737 5254 Hoc

2145 5253 2376 5312 Verbum
2408 5263 2754 5322 scientiarum
2783 5270 3069 5331 Dominum
3105 5277 3343 5337 Joannes
3377 5283 3430 5338 in
3471 5287 3734 5345 altissimo

2138 5349 2331 5402 summi
2377 5346 2552 5409 Patris
2589 5356 2712 5412 sinu
2741 5361 3025 5431 aspiciens,
3056 5368 3178 5424 ait:
3224 5369 3291 5426 In
3319 5376 3576 5447 principio
3619 5389 3732 5434 erat

2142 5434 2387 5509 Verbum,
2414 5452 2460 5496 et
2495 5445 2718 5503 Verbum
2737 5463 2850 5506 erat
2871 5457 3012 5524 apud
3029 5457 3278 5532 Deum,et
3301 5434 3440 5522 Deus
3461 5434 3573 5523 erat
3605 5471 3728 5526 Ver-

2135 5528 2254 5583 bum
2278 5530 2455 5604 (Joan.
2485 5552 2526 5604 ι,
2559 5537 2633 5609 1).
2676 5539 2813 5598 Hinc
2841 5546 3034 5604 Paulus
3062 5528 3410 5613 scientiarum
3439 5561 3729 5619 Dominum

2134 5619 2551 5704 Redemptorem
2599 5642 2843 5690 nostrum
2873 5637 2979 5709 47
3025 5641 3333 5716 insinuans,
3361 5650 3488 5708 dicit
3527 5670 3559 5725 τ,
3591 5653 3728 5719 Quia

2128 5714 2181 5766 in
2211 5715 2323 5785 ipso
2358 5718 2555 5776 habitat
2580 5727 2746 5780 omnis
2773 5729 3036 5799 plenitudo
3073 5714 3360 5797 diuinitatis
3387 5714 3728 5816 corporaliter

2133 5804 2268 5878 (Cat.
2299 5822 2358 5880 tt,
2389 5812 2466 5885 9).
2496 5814 2630 5874 Dum
2669 5833 2800 5892 egro
2827 5822 2958 5884 dicit
2983 5842 2996 5883 :
3023 5826 3302 5892 Recedant
3326 5804 3500 5894 uetera
3528 5840 3595 5896 de
3633 5852 3726 5898 ore
