4044 6336
229 373 298 443 63
1110 381 1176 438 IN
1213 378 1476 438 PRIMUM
1512 378 1758 437 REGUM
1794 378 2310 443 EXPOSITIONES.
2342 415 2413 429 --
2450 389 2578 445 LIB.
2620 390 2661 446 Ῑ.
3450 398 3523 457 70

229 507 416 567 vestro,
451 516 573 573 quia
599 497 743 555 Deus
782 497 1116 554 scientiarum
1155 495 1413 554 Dominus
1453 505 1548 565 est,
1590 496 1718 568 quid
1746 505 1829 553 est
1854 499 1908 560 Α
1933 507 2110 555 torum
2139 501 2315 559 minas
2343 519 2451 560 non
2479 506 2872 563 erubescebant
2902 505 3270 566 delitescendo
3299 511 3521 584 fugere;

228 597 371 652 aliud
396 584 595 662 dicere,
618 594 721 650 nisi
742 593 1036 665 Synagoga:
1061 601 1246 663 aperta
1267 593 1481 648 ratione
1501 599 1827 660 monstrare,

228 698 287 744 ut
316 696 473 745 tanto
513 687 743 744 sollicite
785 694 962 742 tacere
1005 673 1231 754 debeat,
1259 691 1462 755 quanto
1508 698 1615 739 non
1654 683 1828 739 solum

229 782 378 852 quod
402 783 530 848 sint,
561 769 659 837 sed
685 780 848 836 etiam
871 795 902 833 a
927 794 1036 848 quo
1065 778 1172 834 sint
1196 793 1259 834 ea
1287 793 1408 848 qua:
1436 777 1566 833 dicit
1585 777 1828 846 ignorat?

231 877 395 943 Quasi
426 875 573 932 dicat
604 893 618 929 :
659 873 811 928 Illam
840 873 1118 928 scientiam
1137 913 1152 936 ,
1183 887 1344 943 quam
1373 878 1588 942 patrum
1613 877 1830 927 tuorum

228 969 396 1024 fuisse
445 966 677 1033 astruis,
706 973 858 1020 tanto
887 964 984 1019 tibi
1020 963 1150 1018 dare
1193 963 1558 1032 arrogantiam
1585 977 1694 1016 non
1736 961 1831 1016 de-

227 1061 366 1128 buit,
391 1066 595 1130 quanto
622 1073 732 1113 non
756 1056 1018 1127 ipsorum,
1043 1056 1137 1109 sed
1160 1054 1417 1123 unigeniti
1447 1053 1566 1108 Filii
1588 1053 1684 1110 Dei
1710 1052 1830 1121 fuit,-

227 1160 282 1207 et
303 1153 475 1221 ipsam
497 1149 744 1205 eamdem
765 1147 1048 1203 scientiam
1074 1162 1180 1201 non
1205 1145 1476 1214 intelligis.
1502 1145 1641 1201 Dicit
1669 1160 1825 1215 ergo:

229 1232 499 1296 Recedant
529 1249 697 1296 cetera
725 1239 790 1292 de
817 1254 907 1293 ore
948 1245 1134 1291 vestro.
1177 1234 1250 1290 Ut
1291 1225 1462 1290 ,ιυάωὶ
1492 1249 1828 1306 nequaquam

229 1338 527 1403 depravent
546 1330 692 1402 quod
715 1327 1013 1399 intelligere
1041 1334 1192 1383 recte
1213 1342 1322 1382 non
1351 1325 1664 1396 pmvalcnt.
1689 1325 1831 1380 Deus

227 1424 580 1481 scientiarum
600 1464 615 1489 ,
647 1421 796 1486 dicit,
828 1417 1087 1475 Dominus
1135 1427 1236 1484 cst,
1269 1426 1328 1472 ut
1373 1415 1517 1487 quod
1566 1415 1832 1470 veraciter

230 1520 330 1575 Dei
357 1533 477 1574 esse
500 1515 876 1587 comprobant,
904 1512 1211 1568 hominibus
1239 1503 1502 1565 fallaciter
1527 1523 1634 1563 non
1663 1507 1831 1562 ascri-

228 1615 377 1663 bant.
404 1605 512 1664 Sed
542 1607 668 1662 dum
699 1597 766 1660 de
803 1603 982 1659 verbis
1019 1600 1290 1672 jactantim
1318 1597 1500 1654 Judtca
1529 1596 1828 1668 reprehen-

229 1701 396 1768 ditur,
423 1699 548 1771 quia
570 1699 719 1753 nullo
741 1697 932 1752 timore
961 1693 1360 1764 compungitur,
1387 1691 1437 1748 ei
1458 1692 1622 1747 etiam
1643 1691 1710 1746 de
1736 1706 1830 1746 oc-

229 1793 389 1848 cultis
434 1789 762 1863 perfidorum
801 1787 1045 1844 cordiurn
1092 1786 1326 1843 motibus
1371 1791 1640 1865 tormenta
1687 1799 1828 1839 nun-

231 1884 458 1940 tiantur.
488 1882 624 1940 Nam
653 1881 929 1952 sequitur:

304 1997 484 2068 (Vers.
517 1995 596 2067 5.)
629 1994 700 2049 Et
725 1994 826 2067 ipsi
854 2001 1221 2065 prazparantur
1241 1993 1601 2065 cogitationes.

302 2087 395 2141 10.
429 2085 595 2153 Quasi
621 2085 764 2140 dicat
793 2101 806 2137 :
841 2083 1011 2150 Quem
1041 2083 1418 2154 blasphemare
1462 2097 1572 2138 non
1599 2080 1828 2147 metuis,

230 2197 347 2236 non
375 2179 551 2235 solum
602 2178 796 2246 linguae
843 2175 1069 2232 habebis
1112 2176 1382 2245 judicem,
1412 2173 1506 2230 sed
1546 2181 1601 2229 et
1628 2173 1827 2229 cordis.

231 2273 391 2328 Unde
413 2280 469 2326 et
489 2286 584 2341 per
602 2269 794 2326 lsaiam
817 2267 1192 2332 comminatur,
1211 2267 1426 2322 dicens;
1445 2264 1554 2337 Ego
1577 2282 1754 2335 opera,
1779 2271 1830 2318 et

232 2367 574 2440 cogitationes
602 2381 777 2419 eorum
801 2365 946 2419 uenio
966 2371 1021 2416 ut
1045 2357 1826 2433 congregem(Isai.-va1,i8).

231 2459 372 2513 lline
403 2473 499 2529 per
527 2457 748 2530 Moysen
790 2455 1047 2510 Dominus
1072 2451 1441 2517 comminans,
1471 2451 1545 2503 ait
1578 2467 1590 2502 :
1639 2447 1830 2502 Nonne

229 2553 345 2605 lucc
365 2550 576 2605 condita
597 2556 718 2603 sunt
739 2547 877 2620 apud
901 2563 1000 2612 me,
1032 2553 1083 2600 et
1120 2546 1324 2616 signata
1341 2543 1395 2596 in
1415 2541 1668 2594 thesauris
1705 2539 1828 2592 meis

235 2643 418 2712 (Deut.
461 2658 634 2705 nm,
659 2639 777 2712 '54)?
803 2638 872 2693 Et
899 2639 1024 2709 quia
1046 2637 1128 2692 his
1150 2634 1329 2690 verbis
1358 2632 1626 2687 silentium
1654 2629 1828 2701 Syna-

231 2749 384 2804 gogac
413 2733 748 2806 prmcipitur,
777 2729 1055 2786 videamus
1078 2727 1190 2798 jam
1221 2733 1409 2782 sancta
1437 2722 1680 2778 Ecclesia
1711 2720 1829 2790 qui-

232 2827 335 2882 bus
355 2826 695 2882 fecunditatis
717 2840 827 2880 sua:
850 2821 1094 2879 laudibus
1114 2821 1169 2876 in
1197 2820 1364 2874 Anna:
1384 2831 1520 2874 voce
1545 2815 1826 2887 glorietur.

233 2917 484 2975 Subdens
507 2931 739 2987 namque
764 2916 839 2971 ait
864 2933 878 2970 :

305 3031 486 3103 (Vers.
515 3029 596 3101 4.)
621 3029 786 3085 Arcus
815 3029 1027 3100 fortium
1046 3030 1319 3096 superatus
1346 3030 1443 3078 est.

303 3123 393 3177 11.
418 3121 675 3189 Quisnam
697 3127 781 3177 est
801 3133 960 3176 arcus
978 3117 1216 3182 fortium,
1242 3115 1344 3170 nisi
1368 3111 1705 3168 fraudulenta
1727 3125 1827 3166 sat-

231 3217 364 3271 vitia
388 3214 743 3271 Judteorum?
782 3211 864 3268 Ex
891 3210 1105 3268 occulto
1143 3209 1374 3280 quippe,
1403 3206 1556 3277 quasi
1584 3221 1652 3260 ex
1696 3219 1825 3259 arcu

1930 600 1984 648 et
2012 595 2104 665 qui
2129 595 2414 652 mulierum
2444 600 2608 654 verba
2633 601 2946 672 timuerant,
2971 605 3346 662 auctoritatem
3371 610 3522 678 prin-

1930 696 2106 766 cipum
2138 697 2387 754 libertate
2413 697 2748 767 frangebant.
2775 699 2917 756 Vicit
2945 702 3110 757 robur
3140 702 3482 759 formidinem
3505 731 3528 775 δ

1931 794 2186 855 terrores,
2218 791 2408 855 minas,
2440 799 2496 848 et
2523 795 2697 850 caedes
2724 797 3034 867 supera-vit;
3064 805 3122 853 et
3152 812 3292 866 quos
3327 814 3526 869 super-

1929 880 2200 936 veniendo
2222 881 2422 953 induit,
2449 883 2501 939 in
2529 885 2738 943 casiesti
2768 887 2958 942 militia
2989 888 3249 944 mirabilis
3278 890 3517 945 audacias

1931 971 2228 1042 insignibus
2265 975 2572 1043 illustravit,
2611 987 2670 1033 ut
2695 978 2836 1034 inter
2871 977 3100 1048 flagella,
3127 979 3304 1038 caades
3333 990 3387 1036 et
3423 971 3528 1052 op-I

1933 1065 2148 1135 probria
2192 1082 2299 1122 non
2340 1076 2641 1124 metuerent
2684 1070 2816 1142 48,
2843 1070 2942 1126 sed
2985 1073 3337 1129 exsultarent.
3374 1074 3527 1130 Scri-

1933 1165 2080 1226 ptum
2114 1158 2313 1228 quippe
2335 1158 2402 1213 de
2430 1160 2509 1215 eis
2530 1161 2633 1215 hoc
2645 1159 2754 1231 jam
2778 1163 2976 1219 robore
2999 1163 3197 1220 indutis
3217 1173 3299 1222 est
3326 1183 3339 1220 :
3369 1164 3528 1222 Ibant

1933 1251 2153 1317 apostoli
2182 1253 2460 1322 gaudentes
2490 1271 2522 1307 α
2551 1264 2822 1326 conspectu
2856 1258 3082 1324 concilii,
3114 1260 3356 1330 quoniam
3381 1247 3530 1332 digni

1933 1342 2092 1398 habiti
2119 1353 2236 1398 sunt
2257 1363 2352 1416 pro
2382 1349 2586 1402 nomine
2617 1348 2743 1403 Jesu
2771 1352 3136 1407 contumeliam
3164 1355 3274 1424 pali
3305 1354 3441 1422 (Act.
3467 1369 3527 1420 ν,

1931 1433 1993 1489 ﬂ
2023 1435 2066 1506 ).
2099 1434 2235 1491 Hinc
2259 1437 2368 1508 jam
2403 1439 2774 1508 praedicantes,
2806 1441 2994 1497 dicunt
3025 1461 3038 1498 :
3082 1441 3250 1499 Omne
3274 1446 3523 1517 gaudium

1931 1527 2254 1595 existimate,
2286 1530 2475 1610 fratres
2495 1571 2510 1596 ,
2540 1547 2654 1586 cum
2684 1533 2737 1585 in
2764 1535 3067 1590 tentationes
3087 1538 3258 1591 uarias
3286 1539 3532 1593 incideri-

1931 1619 1996 1673 tis
2027 1616 2165 1689 (Jac.
2198 1638 2235 1688 ι,
2265 1620 2344 1693 2).
2392 1622 2538 1678 Bene
2585 1637 2714 1692 ergo
2743 1625 2939 1680 dicitur
2964 1645 2977 1681 :
3010 1629 3173 1682 Arcus
3200 1631 3411 1701 fortium
3437 1647 3531 1686 stt-

1930 1720 2137 1776 peratus
2166 1719 2260 1777 est,
2293 1721 2341 1766 et
2363 1713 2559 1783 infirmi
2587 1717 2808 1770 accincti
2835 1727 2953 1772 sunt
2987 1718 3192 1775 robore.
3215 1721 3350 1787 Quia
3380 1722 3529 1792 prius

1933 1814 1962 1852 a
2003 1801 2228 1858 mortuis
2257 1805 2572 1868 resurrexit,
2623 1814 2680 1860 et
2723 1807 2801 1862 sic
2846 1808 2913 1862 ad
2957 1810 3153 1866 emtum
3199 1811 3532 1884 Redemptor

1854 1881 1909 1958 Β
1933 1891 2084 1958 abiit,
2109 1901 2165 1948 et
2181 1892 2438 1964 Spiritum
2460 1905 2710 1952 sanctum
2730 1898 3006 1969 discipulis
3021 1903 3184 1958 misit.
3205 1900 3358 1958 Prius
3377 1881 3530 1959 nam-

1935 2001 2042 2054 que
2070 1987 2405 2058 superandus
2434 1999 2550 2045 erat
2579 2007 2736 2047 arcus
2781 1992 3000 2048 fortium
3019 2033 3035 2060 ,
3081 2002 3137 2050 et
3165 2005 3290 2066 post
3333 1997 3532 2054 infirmi

1936 2077 2136 2132 robore
2166 2080 2498 2150 accingendi.
2535 2080 2687 2138 Unde
2725 2090 2781 2139 et
2817 2084 3077 2155 scriptum
3103 2094 3188 2142 est
3220 2105 3232 2139 :
3279 2085 3530 2144 Nondum

1933 2177 2047 2222 erat
2074 2171 2286 2239 spiritus
2321 2173 2473 2228 datus
2491 2217 2506 2242 ,
2534 2177 2655 2245 quia
2681 2174 2834 2232 Jesus
2875 2177 3102 2234 nondum
3130 2181 3302 2252 fuerat
3325 2182 3530 2253 gloriﬁ-

1933 2269 2076 2316 catus
2105 2263 2282 2336 (Joan.
2309 2281 2401 2332 vn,
2431 2266 2541 2337 59).

2004 2357 2093 2412 15.
2126 2357 2242 2424 Quo
2272 2359 2325 2413 in
2349 2358 2472 2414 loco
2500 2361 2797 2416 notandum
2823 2368 2907 2417 est
2936 2362 3060 2434 quia
3087 2362 3194 2419 hoc
3221 2372 3410 2420 contra
3436 2363 3530 2437 Ju-

1935 2453 2103 2510 daeam
2135 2453 2328 2509 dicitur
2368 2469 2490 2524 quae
2525 2455 2785 2511 miracula
2832 2455 3208 2528 Redemptoris
3244 2465 3395 2514 tanto
3433 2473 3531 2514 su-

1935 2542 2153 2614 perbius
2179 2543 2430 2613 despicit,
2461 2554 2666 2614 quanto
2691 2546 2832 2601 inter
2857 2546 3120 2616 supplicia
3146 2553 3420 2602 mortuum
3445 2561 3532 2604 re-

1934 2635 2230 2704 cognoscit.
2265 2634 2406 2690 Dicit
2442 2649 2572 2706 ergo
2607 2654 2619 2690 :
2671 2637 2833 2691 Arcus
2860 2638 3074 2709 fortium
3111 2645 3384 2707 superatus
3426 2647 3531 2704 est,

1929 2737 1982 2782 et
2020 2728 2220 2799 inﬁrmi
2257 2729 2478 2783 accincti
2525 2737 2644 2784 sunt
2671 2728 2873 2785 robore.
2925 2730 3090 2797 Quasi
3134 2740 3364 2786 mortem
3410 2730 3523 2786 Re-

1933 2818 2231 2888 demptoris
2251 2819 2602 2875 calumnianti
2620 2821 2917 2892 Synagoga:
2938 2820 3290 2892 respondeat,
3307 2821 3527 2878 dicens:

1931 2909 2051 2965 Noli
2084 2910 2361 2982 despicere
2387 2912 2533 2984 quod
2578 2912 2718 2968 mori
2747 2913 2944 2984 potuit,
2990 2914 3084 2969 sed
3125 2913 3324 2970 mirare
3346 2915 3531 2985 potius

1931 3006 2058 3074 quia
2108 3015 2352 3062 mortuus
2397 3005 2728 3071 resurrexit,
2786 3013 2843 3062 et
2880 3007 3056 3076 gentis
3105 3015 3208 3063 tuae
3269 3008 3526 3066 saavitiem

1930 3098 2302 3154 reviviscendo
2354 3099 2647 3170 superavit.
2700 3096 2767 3154 Et
2813 3099 2939 3169 quia
2994 3100 3100 3157 hoc
3143 3101 3212 3157 de
3251 3101 3529 3172 praeterito

1932 3190 2198 3260 ostendit,
2241 3205 2350 3247 non
2407 3190 2584 3246 solum
2633 3181 2999 3248 denuntiando
3037 3192 3088 3248 ei
3127 3192 3399 3262 loquitur,
3428 3177 3528 3249 sed

236 3308 584 3378 Redemptori
607 3307 801 3362 vulnus
828 3303 1165 3369 inﬂixerant,
1195 3315 1358 3371 quem
1384 3299 1626 3370 gentium
1653 3283 1898 3351 mani-C
1929 3283 2257 3342 insultando.
2325 3281 2489 3354 Quasi
2559 3285 3003 3355 enimlinaniter
3070 3285 3349 3342 insultanti
3421 3285 3526 3340 im-

231 3402 337 3458 bus
381 3400 721 3458 occidebant.
771 3396 878 3454 Sed
931 3403 1221 3466 superatus
1253 3400 1337 3449 est
1365 3408 1522 3449 arcus
1565 3390 1823 3458 fortium,

230 3494 360 3565 quia
389 3492 481 3563 qui
511 3507 702 3548 eorum
727 3489 950 3545 vulnere
975 3487 1132 3551 obiit,
1159 3501 1190 3539 a
1232 3484 1460 3540 mortuis
1487 3482 1785 3538 resurrexit
1802 3513 1821 3549 ,-

229 3592 290 3647 in
313 3591 508 3646 etaiam
534 3587 795 3654 ascendit,
817 3569 1146 3658 promissum
1161 3582 1423 3653 Spiritum
1451 3587 1695 3636 sanctum
1717 3576 1825 3632 dis-

230 3685 428 3757 cipulis
456 3683 619 3739 misit.
655 3679 810 3736 Unde
838 3677 1124 3733 subditur:

307 3775 490 3850 (νει-ε.
519 3772 597 3844 5.)
628 3771 698 3826 Et
724 3771 921 3842 infirmi
950 3768 1166 3823 accincti
1189 3774 1309 3821 sunt
1335 3765 1536 3820 robore.

303 3868 395 3926 12.
429 3855 807 3938 Appellatione
835 3862 1052 3932 quidem
1103 3859 1333 3925 roboris,
1364 3858 1538 3913 virtus
1581 3854 1823 3912 ostendi-

229 3975 320 4020 tur
340 3962 574 4035 Spiritus
598 3958 788 4016 sancti.
822 3954 974 4012 Unde
994 3962 1050 4011 et
1075 3953 1324 4009 eumdem
1353 3950 1610 4021 Spiritum
1642 3946 1826 4001 Domi-

226 4071 338 4112 nus
363 4052 636 4124 discipulis
664 4050 1068 4122 repromittens,
1101 4046 1175 4100 ait
1201 4063 1215 4098 :
1255 4045 1358 4099 Vos
1387 4052 1558 4096 autent
1582 4040 1750 4095 sedete
1769 4040 1823 4092 in

227 4148 467 4214 civitate,
497 4146 657 4200 donec
703 4141 996 4198 induamini
1033 4141 1217 4194 virtute
1255 4153 1318 4191 ea:
1348 4137 1452 4190 alto
1485 4133 1633 4206 (Luc.
1677 4149 1824 4200 xxrv,

225 4238 346 4308 49).
374 4238 560 4293 Robur
587 4244 766 4290 autem
789 4233 959 4302 gratia
985 4230 1158 4286 sancti
1183 4227 1414 4298 Spiritus
1439 4233 1587 4280 recte
1608 4224 1822 4308 dicitur,

227 4342 396 4399 quam
427 4335 486 4380 ut
515 4325 670 4381 electi
700 4324 987 4394 recipiunt,
1028 4327 1218 4376 contra
1248 4317 1426 4372 omnia
1459 4315 1684 4370 adVersa
1725 4302 1826 4367 hu-

222 4420 314 4490 jus
343 4418 529 4474 saeculi
552 4416 718 4473 fortes
748 4416 901 4470 fiunt.
931 4411 1182 4481 Quivero
1207 4410 1402 4466 infirmi
1424 4410 1530 4463 hoc
1557 4408 1697 4469 loco,
1727 4405 1825 4459 nisi

227 4510 481 4582 apostolo
506 4507 835 4577 intelligendi
858 4506 1023 4561 sunt?
1050 4504 1157 4561 Sed
1183 4502 1378 4559 infirmi
1408 4499 1673 4572 profecto,
1699 4513 1824 4554 cum

227 4621 388 4661 arcus
419 4604 636 4660 fortium
666 4599 920 4666 tenditur,
955 4615 1064 4656 non
1094 4611 1214 4654 cum
1245 4597 1443 4652 virtute
1469 4611 1537 4650 ex
1567 4594 1675 4648 alto
1706 4607 1824 4647 ves-

1928 3383 2226 3447 properet,
2277 3377 2462 3434 dicens
2509 3396 2522 3432 :
2575 3376 2714 3445 Quid
2777 3375 2930 3434 vobis
2995 3375 3196 3448 profuit
3257 3378 3530 3437 occidisse

1927 3473 2087 3541 quem
2112 3469 2302 3524 mortis
2324 3467 2548 3536 laqueus
2571 3484 2680 3523 non
2710 3469 2886 3537 potuit
2912 3465 3139 3523 tenere?
3167 3469 3270 3523 Vos
3294 3470 3524 3527 occidis-

1926 3560 2016 3627 tis,
2047 3573 2115 3613 ne
2140 3564 2264 3628 post
2304 3562 2428 3613 eum
2451 3559 2596 3614 totus
2633 3556 2863 3613 mundus
2882 3553 3022 3624 iret;
3049 3553 3145 3613 sed
3174 3557 3375 3614 idcirco
3405 3565 3530 3629 post

1926 3657 2052 3706 eum
2106 3658 2250 3706 totus
2289 3649 2523 3706 mundus
2570 3637 2748 3716 vadit,
2788 3649 2914 3720 quia
2954 3666 3140 3706 verum
3184 3667 3242 3707 se
3290 3651 3386 3708 Dei
3433 3651 3525 3708 Fi-

1926 3733 2058 3797 lium
2086 3739 2353 3814 probavit,
2380 3741 2506 3798 dum
2539 3743 2821 3800 moriendo
2850 3745 3146 3800 humanum
3183 3759 3352 3816 genus
3380 3746 3525 3803 redi-

1925 3847 2118 3904 meret,
2139 3846 2194 3893 et
2215 3837 2341 3894 dum
2363 3837 2695 3908 resurgendo
2719 3836 2985 3893 viventem
3009 3854 3067 3894 se
3083 3848 3442 3906 monstraret,
3468 3848 3527 3898 et

1928 3931 1995 3985 ad
2025 3931 2221 3988 coelum
2269 3930 2689 4000 conscenderet,
2720 3941 2775 3986 et
2820 3931 3067 4000 spiritum
3098 3939 3344 3987 sanctum
3393 3948 3524 4003 pro-

1927 4027 2149 4082 missum
2178 4013 2451 4094 discipulis
2479 4023 2793 4084 destinaret.
2843 4013 2912 4078 Et
2951 4026 3073 4093 quia
3105 4041 3204 4097 pro
3233 4015 3527 4082 increduli-

1928 4116 2052 4171 tatis
2080 4131 2190 4170 sum
2214 4118 2407 4171 merito
2436 4114 2718 4187 Synagoga
2751 4131 2782 4168 a
2809 4114 3223 4185 participatione
3249 4115 3526 4184 promissa:

1926 4207 2107 4273 gratim
2137 4207 2349 4276 repulsa
2385 4213 2485 4274 est,
2531 4205 2588 4261 id
2611 4208 2783 4276 ipsum
2812 4207 2995 4260 sancta
3037 4195 3276 4260 Ecclesia
3315 4207 3521 4276 impro-

1927 4313 2123 4366 perans
2153 4299 2222 4364 ei,
2255 4298 2511 4365 subdens,
2541 4297 2617 4351 ait
2648 4312 2661 4350 :

2000 4389 2021 4460 (
2039 4389 2170 4444 Vers
2202 4387 2293 4458 5.)
2334 4389 2534 4458 Repleti
2562 4390 2727 4460 prius,
2758 4406 2855 4459 pro
2877 4389 3092 4460 panibus
3117 4407 3173 4446 se
3207 4391 3526 4464 locaverunt,

1927 4489 1976 4533 et
2001 4481 2226 4551 {antelici
2251 4482 2473 4534 saturati
2495 4487 2633 4536 sunt.

2002 4571 2086 4626 M.
2122 4573 2223 4640 Qui
2252 4573 2468 4627 fuerant
2495 4573 2642 4643 prius
2666 4575 2878 4643 repleti,
2914 4576 3016 4630 nisi
3044 4577 3133 4645 qui
3159 4578 3520 4647 cognitionem

229 4697 462 4751 tiuntur.
514 4685 647 4748 Nam
698 4692 753 4746 in
807 4691 938 4746 hora
985 4688 1276 4745 Dominicac
1326 4681 1822 4754 comprehensionis

1933 4667 2042 4733 Dei,
2088 4671 2374 4733 antequam
2420 4666 2598 4720 cmteri
2635 4667 2850 4738 populi,
2896 4667 3236 4723 habuerunt?
3265 4667 3365 4736 Qui
3395 4685 3524 4739 ergo

228 4788 496 4856 scriptum
522 4784 589 4840 de
614 4783 693 4839 eis
719 4790 820 4848 est,
851 4782 997 4852 quia,
1029 4780 1206 4834 relicto
1249 4776 1492 4841 Domino,
1525 4789 1698 4829 omnes
1741 4774 1825 4844 {u-

231 4886 420 4952 gerunt
451 4875 663 4949 (Matth.
689 4889 837 4943 xxvr,
865 4872 978 4944 56).
1005 4872 1086 4926 An
1117 4879 1224 4926 n‘on
1253 4869 1403 4924 valde
1431 4865 1670 4924 infirmus
1697 4867 1824 4920 tunc

234 4970 432 5027 Petrus
470 4971 589 5024 erat
610 5008 623 5033 ,
657 4982 779 5023 cum
828 4964 1212 5034 interrogantis
1233 4961 1500 5016 ancillulae
1524 4971 1712 5012 vocem
1752 4956 1823 5010 ti-

234 5062 391 5128 muit,
417 5068 473 5117 et
495 5059 912 5128 Redemptorem
940 5054 1154 5125 negavit
1178 5052 1364 5124 (Ibid.,
1389 5067 1536 5116 Lxm,
1563 5045 1826 5118 74)?Jam

234 5158 440 5226 quippe
460 5157 743 5226 snperatu‘s
765 5161 883 5210 erat
904 5166 1062 5207 arcus
1083 5149 1322 5211 fortium,
1353 5145 1642 5201 annihilata
1668 5142 1821 5198 sacvi-

235 5248 311 5303 tia
340 5243 667 5313 Juda'z'orum,
700 5244 826 5316 quia
852 5243 1181 5313 Redemptor
1211 5247 1384 5295 morte
1415 5237 1552 5292 victa
1580 5247 1830 5292 surrexe-

236 5349 322 5397 rat
341 5353 362 5410 ;‘
381 5349 436 5397 et
455 5349 636 5396 tamen
659 5339 835 5394 adhuc
861 5336 1055 5392 infirmi
1083 5333 1315 5406 apostoli
1337 5339 1619 5405 superatos
1643 5327 1830 5395 fortes,

234 5436 438 5492 clausis
478 5425 678 5505 januis,
710 5431 1024 5487 metuebant
1071 5429 1266 5502 (Joan.
1305 5443 1390 5492 xx,
1424 5423 1548 5496 19).
1603 5422 1712 5478 Sed
1738 5420 1833 5477 ubi

237 5543 336 5585 eos
363 5527 536 5584 robur
555 5518 726 5582 induit
756 5525 887 5580 libet
908 5521 1104 5579 intueri
1140 5535 1302 5592 quam
1343 5518 1509 5573 fortes
1537 5513 1684 5571 fecit.
1718 5512 1828 5569 Re-

238 5620 465 5692 pentino
499 5617 699 5688 quippe
727 5616 906 5672 sonitu
935 5629 1096 5684 super
1123 5627 1217 5668 eos
1244 5611 1470 5680 Spiritus
1490 5613 1707 5663 sanctus
1739 5615 1834 5660 ve-1

240 5711 343 5777 nit,
372 5709 429 5765 et
462 5711 657 5765 emunt
679 5703 1044 5762 inﬁrmitatem
1088 5703 1148 5756 in
1171 5701 1316 5754 mima
1355 5697 1632 5754 charitatis
1661 5695 1831 5749 virtu—

244 5811 355 5858 tem
393 5801 721 5872 permutavit
768 5798 902 5869 (Act.
935 5812 999 5862 η,
1048 5792 1149 5861 22,
1176 5792 1328 5863 seq.).
1357 5789 1650 5861 Cmperunt
1690 5787 1834 5844 enim

243 5892 522 5953 Christum
545 5891 656 5964 jam
684 5891 879 5948 robore
904 5885 1076 5945 induti
1105 5883 1392 5956 praedicare
1409 5923 1425 5954 ,
1464 5883 1556 5954 qui
1582 5883 1836 5953 persecu-

1931 4757 2122 4828 replcti
2153 4757 2299 4828 prius
2320 4757 2649 4828 intelligendi
2677 4765 2800 4812 sunt
2828 4758 2916 4813 alii
2946 4774 3107 4828 quam
3128 4758 3314 4828 Judaei,
3347 4761 3436 4828 qui
3468 4760 3524 4815 in

1933 4849 2036 4905 ﬁde
2065 4849 2360 4906 conditoris
2394 4847 2507 4906 fere
2535 4849 2602 4905 ab
2644 4849 2762 4919 ipso
2789 4847 3006 4906 fuerunt
3044 4851 3306 4921 principio
3337 4849 3522 4904 mundi
3589 4837 3596 4844 ’

1931 4944 2123 5000 eruditi
2146 4944 2169 4998 ?
2189 4943 2293 5014 Ipsi
2315 4943 2533 5012 quidem
2560 4958 2660 5014 pro
2689 4945 2916 5013 panibus
2939 4960 2998 5001 se
3026 4945 3356 5002 locaverunt.
3381 4933 3522 5011 Quid

1931 5035 2070 5090 enim
2095 5045 2262 5104 panes
2289 5034 2392 5088 hoc
2419 5033 2540 5089 loco
2571 5033 2890 5104 significant,
2924 5035 3024 5090 nisi
3053 5034 3304 5105 mysteria
3332 5034 3524 5089 divinae

1931 5123 2366 5181 Incarnationis?
2406 5125 2581 5181 Locus
2622 5133 2803 5181 autem
2835 5125 3276 5182 inveniendorum
3321 5142 3522 5198 panum

1932 5232 2085 5274 sacra
2115 5224 2198 5272 est
2225 5215 2525 5286 Scriptura.
2564 5215 2711 5274 Unde
2740 5223 2796 5275 et
2814 5219 2987 5290 panis,
3019 5219 3110 5287 qui
3136 5217 3204 5274 de
3228 5219 3365 5274 coelo
3398 5217 3523 5272 des-

1935 5312 2135 5381 cendit,
2165 5313 2231 5366 ad
2261 5311 2638 5368 inveniendum
2670 5327 2728 5369 se
2759 5303 3128 5382 ignorantibus
3153 5311 3282 5366 dicit
3317 5329 3330 5364 :
3363 5311 3524 5366 Scru-

1937 5406 2116 5460 tamiui
2165 5404 2493 5475 Scripturas,
2535 5406 2656 5477 quia
2692 5406 2820 5475 ipsa:
2865 5412 2984 5459 sunt
3022 5419 3136 5474 qua:
3176 5404 3524 5458 testimonium

1935 5498 2205 5572 perhibent
2233 5498 2295 5554 de
2333 5516 2413 5555 me
2442 5497 2630 5571 (Joan.
2663 5515 2717 5564 ν,
2747 5495 2860 5570 59).
2903 5495 3008 5553 Pro
3040 5497 3266 5568 panibus
3306 5510 3434 5566 ergo
3464 5511 3524 5553 se

1935 5601 2268 5667 locaverunt,
2301 5601 2424 5671 quia
2456 5613 2644 5655 omnes
2669 5591 2974 5667 Scripturas
3001 5604 3348 5668 acceperant,
3379 5602 3438 5652 ut
3467 5595 3524 5654 in

1934 5695 2012 5749 eis
2061 5700 2393 5748 sacramenta
2451 5687 2645 5745 divina:
2689 5681 3080 5745 incarnationis
3128 5681 3368 5746 invenire
3422 5686 3521 5741 de-

1937 5789 2178 5843 buissent
2212 5806 2224 5840 :
2255 5784 2348 5840 sed
2377 5798 2498 5838 eum
2529 5781 2684 5852 panis
2729 5782 2905 5848 venit,
2950 5779 3253 5852 Synagoga,
3301 5790 3422 5846 qua:
3463 5788 3525 5830 se

1938 5899 2036 5954 pro
2067 5895 2203 5952 pane
2248 5878 2540 5944 locaverat,
2573 5873 2748 5932 locum
2776 5873 3011 5945 reliquit,
3058 5871 3114 5927 in
3137 5884 3246 5940 quo
3282 5865 3526 5924 invenire
