4044 6336
514 296 579 357 Ἠ
1761 296 2005 358 SANCTI
2040 298 2366 358 GREGORII
2406 300 2619 359 MAGNI
3727 318 3797 373 ἠ

514 424 704 485 panem
734 413 920 471 debuit
946 427 1107 487 quem
1134 416 1398 488 quaesivit.
1436 412 1739 489 Scripturas
1766 419 1982 490 quidem
2001 459 2016 486 ,
2048 428 2107 475 ut
2132 420 2183 479 Δ
2209 416 2324 490 20),
2356 418 2435 475 sic
2461 420 2655 476 dicitur
2684 422 2752 477 ab
2785 421 2867 488 eis
2892 418 3085 495 accipi,
3131 424 3272 482 sicut
3298 428 3473 493 nosci,
3506 429 3671 502 sicut,
3702 448 3799 504 per

513 505 645 575 dixi,
668 505 737 562 ad
764 508 1198 577 cognoscendum
1220 508 1641 582 Redemptorem
1664 512 1866 579 habuit,
1888 511 1983 567 sed
2011 512 2103 582 qui

510 601 809 655 secundum
833 598 1137 671 Scripturas
1171 610 1421 671 venerat,
1451 604 1757 660 venientem
1782 604 2100 660 confutavit.

509 690 766 749 Famelici
794 709 924 764 ergo
968 696 1195 750 saturati
1224 705 1371 765 sunt,
1399 698 1523 767 quia
1550 699 1641 770 qui
1669 700 2009 756 crediderunt
2036 701 2104 758 de

510 786 775 853 gentibus,
821 787 945 843 dum
977 789 1233 860 mysteria
1276 789 1469 845 divina:
1514 790 1903 849 Incarnationis
1938 809 2103 850 vene-

508 885 692 933 ranter
719 878 1008 948 accipiunt,
1042 880 1317 938 caelestem
1346 882 1523 939 cibum
1557 884 1757 940 habent
1784 884 1849 940 ad
1878 886 2102 943 internae

507 970 881 1028 delectationis
903 988 1078 1030 usum.
1110 974 1368 1032 Famelici
1395 978 1611 1048 quidem
1640 978 1769 1035 dicti
1799 988 1941 1049 sunt,
1975 980 2101 1051 quia

507 1076 635 1123 ante
663 1068 953 1125 adventum
995 1070 1391 1142 Redemptoris,
1424 1072 1752 1131 inﬁdelitatis
1792 1075 1933 1132 fame
1969 1091 2100 1146 pro-

502 1157 656 1229 jecti,
682 1162 980 1232 spiritualis
1000 1164 1315 1221 refectionis
1338 1166 1515 1222 cibum
1545 1167 1750 1223 nullum
1774 1168 2096 1224 habuerunt.

513 1249 608 1307 Vel
637 1262 787 1310 certe
814 1253 1045 1310 famelici
1075 1254 1343 1323 dicuntur,
1376 1258 1502 1327 quia
1530 1258 1820 1329 spiritualis
1849 1261 1953 1315 cibi
1983 1260 2102 1315 dul-

509 1346 753 1403 cedinem
800 1365 923 1405 cum
973 1363 1165 1418 magna
1216 1351 1473 1407 aviditate
1519 1353 1839 1424 suscipiunt.
1887 1354 2102 1425 Repleti

506 1450 659 1502 vero,
710 1440 799 1509 qui
855 1455 913 1496 se
959 1456 1058 1511 pro
1109 1456 1249 1512 pane
1297 1442 1645 1511 locaverunt,
1674 1445 1895 1501 audiant
1939 1461 2100 1515 quem

506 1531 938 1598 exspectabant:
992 1530 1106 1603 Ego
1162 1550 1275 1588 sum
1314 1537 1467 1604 panis
1511 1538 1678 1602 vivus,
1727 1537 1815 1608 qui
1869 1536 1932 1591 de
1974 1538 2099 1593 coelo

506 1617 749 1673 descendi
776 1620 958 1689 (Joan.
987 1637 1061 1692 vr,
1090 1623 1178 1689 5'5,
1203 1623 1291 1691 4|,
1325 1625 1481 1695 seq.).
1507 1625 1611 1680 Sed
1638 1628 1761 1697 quia
1788 1643 1894 1682 non
1919 1644 2097 1685 mere—

504 1706 700 1763 bantur
723 1724 1039 1779 agnoscere,
1072 1713 1469 1782 respondebant
1497 1734 1508 1767 :
1536 1714 1726 1770 Nonne
1755 1718 1837 1771 hic
1862 1728 1939 1772 est
1959 1720 2099 1789 ﬁlius

2204 510 2366 569 ﬁdem
2387 522 2548 571 notus
2576 516 2643 572 ab
2663 516 2761 583 eis,
2793 532 2891 587 per
2917 518 3196 576 charitatis
3225 520 3551 579 desiderium
3582 534 3800 597 poterat

2204 606 2537 677 concupisci.
2580 607 2878 680 Synagogae
2908 611 3071 681 igitur
3110 614 3161 667 in
3196 615 3383 683 primis
3407 617 3653 687 patribus
3682 621 3800 690 glo-

2203 696 2365 753 rianti
2385 739 2400 764 ,
2430 700 2467 753 ii
2504 700 2735 757 accincti
2765 703 2963 759 robore
2994 714 3016 741 ιι
3046 704 3424 776 praeferuntur,
3455 720 3514 765 ut
3542 711 3674 767 dum
3704 730 3802 769 no-

2204 804 2330 843 vum
2362 791 2575 847 culmen
2620 793 2918 850 electorum
2947 798 3279 867 conspicitur
3316 802 3660 870 praecelsum,
3706 821 3804 860 ne-

2204 892 2474 950 quaquam
2500 883 2736 941 inaniter
2758 886 2896 942 ultra
2924 888 3204 957 glorietur.
3237 890 3303 946 Et
3332 894 3458 963 quia
3479 910 3511 949 a
3534 896 3804 951 discubitu

2203 983 2406 1031 sanctae
2450 977 2703 1035 Ecclesia:
2742 982 2894 1038 cibus
2939 984 3061 1037 vitae
3102 1000 3379 1055 nunquam
3422 988 3648 1057 tollitur,
3700 999 3807 1044 tam

2201 1066 2382 1123 iutura
2411 1086 2573 1141 quam
2604 1075 2878 1142 praeterita
2908 1076 3203 1145 insinuans,
3237 1078 3313 1133 ait
3340 1098 3353 1133 :

2276 1159 2461 1231 (Vers.
2495 1162 2586 1233 6.)
2627 1162 2821 1244 Donec
2850 1170 3040 1223 sterilis
3069 1172 3266 1239 peperit
3292 1171 3569 1242 plurimos,
3614 1182 3665 1227 et
3694 1188 3811 1244 qua:

2202 1254 2392 1310 mullos
2420 1255 2639 1311 habebat
2667 1242 3100 1331 ﬁlios-inﬁrmata
3129 1273 3223 1318 est.

2276 1345 2364 1400 16.
2398 1345 2527 1413 Quze
2554 1359 2638 1404 est
2665 1351 2885 1420 sterilis,
2917 1353 3019 1407 nisi
3047 1362 3233 1409 sancta
3263 1354 3524 1424 Ecclesia,
3554 1366 3615 1413 ut
3644 1374 3809 1430 supra

2203 1438 2365 1497 latius
2392 1441 2445 1496 in
2488 1442 2654 1498 Anna:
2685 1452 2812 1516 typo
2838 1447 2948 1515 jam
2979 1448 3249 1503 diximus?
3278 1449 3417 1516 Quid
3446 1460 3530 1507 est
3559 1466 3693 1521 ergo
3726 1452 3807 1507 fa-

2202 1533 2429 1589 melicos
2458 1537 2709 1601 saturari,
2757 1538 2932 1594 donec
2961 1540 3159 1596 sterilis
3188 1543 3380 1613 pariat,
3413 1544 3513 1600 nisi
3548 1560 3724 1614 usque
3755 1546 3808 1601 in

2201 1626 2387 1680 mundi
2438 1625 2599 1682 ﬁnem
2650 1644 2847 1698 panem
2886 1632 3010 1685 vitae
3049 1632 3362 1703 possidere?
3410 1635 3563 1701 Quod
3606 1645 3662 1690 et
3694 1637 3811 1706 ipse

2202 1720 2549 1788 repromittit,
2584 1720 2770 1776 dicens
2803 1740 2815 1776 :
2850 1721 2987 1777 Ecce
3008 1741 3099 1795 ego
3128 1726 3385 1782 vobiscum
3414 1744 3527 1781 sum
3560 1745 3721 1800 usque
3754 1732 3811 1785 in

502 1799 697 1870 Joseph
714 1802 738 1855 φ
756 1805 1009 1875 quomodo
1032 1806 1180 1870 dicit,
1206 1807 1327 1875 quia
1350 1807 1413 1861 de
1434 1808 1559 1862 caelo
1586 1810 1825 1865 descendi
1847 1810 1999 1882 (Luc.
2023 1830 2096 1880 tv,
2128 1814 2178 1875 Β
2206 1813 2702 1867 consummationem
2723 1816 2901 1870 swculi
2925 1815 3141 1888 (Matth.
3166 1836 3351 1884 xxvut,
3384 1820 3497 1891 20).
3521 1799 3641 1876 Non
3662 1824 3811 1877 enim

499 1889 606 1958 22;
638 1892 797 1949 Joan.
838 1911 913 1963 vt,
945 1896 1074 1965 42)?
1114 1897 1233 1967 lpse
1263 1910 1465 1963 autem,
1514 1902 1603 1971 qui
1644 1903 1753 1975 49
1778 1906 1957 1961 omnia
1999 1922 2101 1963 no-

499 1994 655 2040 verat
666 1986 730 2040 ad
742 1987 1114 2044 delectationis
1124 2004 1233 2045 sua:
1246 1993 1546 2049 recubitum
1559 1994 1831 2054 famelicos
1845 2015 1944 2055 ven
1955 2010 2102 2059 turos

499 2075 879 2144 prophetabat,
898 2078 1083 2135 dicens
1114 2099 1127 2135 :
1159 2084 1322 2138 Amen
1344 2086 1459 2141 dico
1481 2087 1640 2155 vobis,
1663 2091 1783 2161 quia
1805 2090 1868 2144 ab
1893 2090 2102 2148 Oriente

501 2174 551 2219 et
579 2169 858 2225 Occidente
879 2173 1100 2241 venient,
1120 2184 1168 2230 et
1185 2179 1475 2234 recumbent
1500 2196 1613 2235 cum
1633 2181 1916 2248 Abraham,
1945 2183 2102 2239 Isaac

500 2266 551 2311 et
572 2256 735 2315 Jacob
764 2263 819 2315 in
846 2280 1004 2335 regno
1028 2267 1292 2338 caelorum,
1321 2272 1420 2341 ﬁlii
1451 2282 1618 2327 autem
1642 2277 1789 2344 regni
1817 2277 2099 2347 projicien-

502 2356 585 2403 tur
605 2350 659 2404 in
690 2352 921 2410 tenebras
944 2360 1223 2415 exteriores
1249 2361 1464 2433 (Matth.
1494 2381 1611 2434 vm,
1636 2365 1722 2432 11,
1749 2366 1860 2439 12).
1886 2368 2101 2439 Repleti

500 2456 631 2513 ergo
660 2459 719 2500 se
762 2445 1077 2506 locaverunt
1106 2468 1205 2522 pro
1251 2455 1507 2524 panibus,
1538 2456 1633 2513 sed
1674 2456 1907 2515 famelici
1953 2469 2101 2517 satu-

498 2540 709 2602 rantur,
740 2538 864 2606 quia
893 2538 1189 2613 Synagoga:
1214 2543 1308 2601 ﬁlii
1338 2547 1391 2603 in
1422 2547 1718 2620 Scripturis
1746 2553 1945 2608 sanctis
1980 2569 2101 2624 pas-

499 2633 615 2682 tum
642 2628 765 2685 fidei
793 2631 862 2687 de
885 2633 1062 2691 futura
1088 2636 1465 2697 lncarnatione
1493 2641 1870 2714 Redemptoris
1894 2646 2101 2704 habue-

497 2724 659 2786 runt;
689 2721 783 2777 sed
813 2739 974 2793 nunc,
1022 2729 1283 2799 projectis
1303 2731 1441 2800 illis,
1474 2734 1601 2789 dum
1629 2737 1856 2805 gentiles
1884 2738 1935 2792 in
1975 2754 2099 2795 eum

496 2813 765 2871 veraciter
791 2818 1038 2886 credunt,
1070 2821 1370 2881 divinitatis
1398 2835 1452 2881 et
1489 2828 1840 2889 humanitatis
1867 2833 1983 2903 ejus
2011 2851 2097 2890 sa—

496 2907 837 2965 cramentain
858 2908 1233 2971 delectationis
1248 2916 1448 2974 intima:
1468 2918 1764 2979 refectione
1775 2926 2094 2997 suscipiunt.

570 3019 659 3075 15.
706 3021 842 3090 Quia
880 3041 1010 3083 vero
1050 3043 1149 3098 per
1200 3032 1474 3101 egregium
1518 3035 1807 3094 Doctorem
1859 3040 2095 3097 dicitur:

499 3109 692 3169 Omnes
718 3117 1153 3197 eamdemescam
1182 3126 1645 3197 mandacaverunt,
1678 3142 1728 3186 et
1752 3150 1929 3188 omnes
1956 3152 2098 3190 eum-

497 3204 614 3260 dem
652 3196 1155 3284 spiritalem'potum
1198 3216 1435 3273 biberunt
1482 3221 1753 3293 (bibebant
1780 3225 1845 3279 de
1874 3227 2099 3297 spiritali

497 3310 839 3372 consequente
879 3321 969 3359 eos
1005 3317 1173 3375 petra,
1218 3320 1366 3380 petra
1396 3323 1565 3368 autem
1596 3325 1708 3369 erat
1735 3317 1992 3390 Christus)
2043 3319 2099 3393 (ι

496 3385 616 3445 Cor.
660 3408 711 3459 ι,
746 3395 799 3460 5,
830 3393 908 3466 4),
956 3406 1139 3468 potest
1186 3402 1579 3462 rationabiliter
1625 3408 1803 3478 colligi
1849 3385 1984 3480 quia
2022 3385 2099 3467 illi

493 3481 978 3555 manducaverunt,
1010 3498 1065 3545 et
1091 3506 1202 3548 non
1232 3504 1357 3550 sunt
1389 3498 1648 3567 saturati,
1684 3499 1773 3555 isti
1801 3502 2099 3559 manduca-

494 3586 710 3645 verunt,
743 3589 798 3635 et
819 3585 1053 3639 saturati
1075 3597 1221 3643 sunt.
1246 3588 1403 3656 Quod
1427 3593 1683 3647 nimirum
1708 3605 1899 3651 contra
1928 3597 2099 3669 Syna—

492 3670 691 3736 gogam
719 3683 751 3723 a
779 3680 965 3726 sancta
995 3672 1237 3733 Ecclesia
1262 3688 1414 3736 recte
1443 3682 1662 3752 dicitur,
1690 3693 1750 3740 ut
1789 3687 1826 3741 ii
1855 3690 1946 3757 qui
1976 3699 2100 3745 sunt

495 3758 597 3813 sub
626 3760 797 3828 gratia
824 3763 958 3820 mira
988 3766 1311 3827 celsitudine
1337 3775 1694 3842 praeeminere
1723 3777 1824 3833 sub
1855 3779 1975 3849 lege
2002 3796 2099 3850 po-

496 3848 616 3904 sitis
645 3851 1013 3922 designentur.
1047 3857 1186 3925 Quid
1214 3862 1360 3918 enim
1398 3864 1504 3921 illis
1530 3866 1631 3922 fuit
1660 3883 1718 3924 se
1743 3884 1843 3939 pro
1872 3848 2098 3941 panibus

494 3936 701 4008 locare,
733 3943 835 3999 nisi
856 3959 1193 4007 sacramenta
1215 3954 1428 4009 venturi
1456 3954 1840 4029 Redemptoris
1869 3961 1923 4017 in
1949 3962 2095 4019 Scri-

495 4040 656 4101 ptura
687 4050 842 4093 sacra
874 4042 1225 4112 perquirere?
1262 4046 1502 4114 Quorum
1532 4051 1776 4123 profecto
1805 4057 2097 4127 unusquis-

494 4140 600 4199 que
630 4133 996 4205 manducavit,
1031 4150 1087 4205 et
1112 4150 1387 4201 saturatas
1416 4163 1524 4204 non
1556 4158 1656 4217 est,
1689 4152 1816 4223 quia
1856 4154 2093 4213 futuram

494 4224 690 4278 summi
714 4225 972 4295 unigeniti
993 4229 1424 4292 lncarnationem
1455 4240 1703 4309 credidit,
1733 4244 1828 4299 sed
1854 4262 2094 4316 praesen-

495 4320 606 4403 tem
646 4331 757 4372 non
798 4320 952 4375 vidit.
994 4322 1317 4383 Manducare
1357 4331 1574 4399 quidem
1605 4336 1654 4390 ei
1684 4334 1815 4403 fuit,
1857 4338 2093 4397 divinam

493 4399 928 4464 lncarnationem
966 4411 1020 4466 in
1048 4418 1245 4471 mentis
1274 4417 1543 4477 desiderio
1570 4423 1804 4482 dulciter
1836 4430 2093 4500 retinere,

496 4500 551 4546 et
592 4510 700 4549 non
729 4500 957 4553 saturari
987 4501 1036 4556 ei
1065 4501 1165 4557 fuit
1194 4505 1557 4565 desideratam
1599 4512 1715 4582 ejus
1750 4522 2088 4587 praesentiam

494 4600 602 4639 non
625 4587 829 4645 videre.
861 4591 969 4647 Sed
999 4592 1215 4665 inﬁrmi,
1246 4600 1338 4668 qui
1359 4602 1557 4659 robore
1578 4606 1891 4676 accingendi
1913 4621 2087 4682 erant,
2122 4597 2167 4657 ί)

493 4678 791 4735 saturitatis
840 4691 959 4739 suae~
1003 4689 1273 4756 prmconia
1325 4692 1393 4747 ab
1439 4710 1505 4748 eo
1552 4711 1660 4765 quo
1709 4678 2090 4759 saturabantur

442 4829 455 4846 ι
491 4783 633 4839 pane
660 4772 955 4832 audiebant
979 4796 992 4832 :
1018 4777 1165 4836 Beati
1191 4784 1327 4838 oculi
1348 4788 1433 4857 qui
1456 4787 1626 4842 vident
1647 4808 1760 4862 quia
1780 4809 1866 4846 vos
1884 4794 2085 4850 videtis.

490 4865 653 4921 Amen
675 4869 791 4925 dico
820 4873 957 4928 vobis
983 4877 1103 4944 quia
1125 4879 1273 4934 multi
1298 4896 1444 4953 reges
1465 4893 1513 4937 et
1536 4886 1799 4955 prapheta:
1820 4889 2089 4945 voluerunt

492 4961 661 5016 videre
692 4982 806 5036 qua:
836 4985 920 5024 vos
949 4970 1149 5038 videtis,
1178 4984 1228 5029 et
1255 4993 1359 5031 non
1389 4980 1643 5047 viderunt,
1685 4992 1733 5036 et
1767 4983 1948 5037 audire
1975 5001 2087 5054 quae

491 5065 579 5145 vos
609 5054 822 5125 auditis,
844 5069 893 5113 et
914 5077 1018 5116 non
1047 5065 1325 5121 audierunt
1351 5068 1564 5139 (Matth.
1592 5088 1704 5139 xm,
1732 5072 1819 5142 16,
1846 5073 1956 5145 i7).
1982 5075 2083 5142 Qui

491 5140 636 5196 enim
677 5146 862 5203 videre
890 5152 1167 5223 volebant,
1196 5156 1309 5225 jam
1338 5158 1540 5216 intimae
1576 5140 1952 5220 delectationis
1982 5140 2080 5235 pia-

488 5245 613 5288 nem
640 5251 737 5305 per
761 5238 1087 5299 desiderium
1130 5249 1553 5321 manducabant;
1600 5254 1694 5309 sed
1735 5256 1860 5325 quia
1899 5257 2082 5313 videre

490 5337 599 5415 non
627 5337 906 5400 poterant,
940 5336 1209 5394 habebant
1237 5342 1489 5410 gaudium
1519 5344 1797 5415 desiderii,
1840 5348 1934 5404 sed
1972 5367 2079 5406 non

490 5412 757 5475 habebant
807 5440 903 5493 per
931 5425 1240 5487 fruitionem
1270 5435 1589 5491 saturitatis.
1633 5412 1907 5496 Namvetsi
1936 5440 2081 5497 Scri-

490 5514 651 5575 ptura
678 5512 822 5570 dicat
854 5536 866 5570 :
902 5520 1037 5584 Quia
1075 5543 1262 5595 panem
1302 5546 1501 5583 omnem
1539 5534 1845 5588 suavitatem
1889 5535 2081 5591 haben-

495 5605 595 5655 tem
620 5612 670 5660 et
694 5622 894 5667 omnem
933 5616 1275 5688 dulcedinem,
1322 5622 1463 5680 Deus
1488 5626 1563 5682 eis
1602 5626 1744 5683 dedit
1774 5628 1937 5701 (Sap.
1965 5646 2075 5701 XVI,

503 5888 511 5897 ι
564 5814 590 5843 ⁸
619 5807 796 5872 Vauc.
829 5824 881 5870 Cl
910 5817 1071 5877 Gilol.
1100 5830 1450 5899 proferuntur.

2205 1911 2331 1957 sunt
2376 1905 2477 1959 nisi
2515 1904 2751 1963 famelici
2779 1924 2917 1979 quos
2954 1920 3141 1967 sancta
3184 1914 3426 1969 Ecclesia
3466 1918 3629 1985 parit.
3665 1916 3812 1988 Ergo

2204 1996 2378 2053 donec
2403 1999 2562 2068 parit,
2588 1998 2820 2057 famelici
2842 2013 3173 2073 saturantur,
3202 2008 3329 2077 quia
3353 2024 3523 2078 usque
3547 2009 3598 2063 in
3623 2012 3811 2067 mundi

2202 2088 2367 2144 ﬁnem
2398 2090 2512 2147 Deo
2554 2092 2693 2150 ﬁlios
2738 2104 2980 2165 generat,
3012 2100 3104 2167 qui
3145 2099 3271 2155 dum
3301 2103 3510 2158 venisse
3551 2104 3605 2157 in
3646 2120 3810 2162 carne

2204 2180 2625 2254 Redemptorem
2642 2188 2887 2254 credunt,
2912 2206 3105 2260 panem
3122 2176 3264 2259 vitae,
3286 2208 3447 2263 quem
3472 2194 3809 2268 desiderant,

2203 2276 2522 2345 comedunt,
2567 2286 2623 2334 et
2650 2280 2988 2350 plenitudine
3016 2284 3315 2354 replentur.
3351 2285 3455 2342 Sed
3487 2286 3663 2345 donec
3692 2298 3808 2344 ste-

2204 2365 2320 2420 rilis
2368 2366 2632 2436 plurimos
2677 2372 2849 2441 parit,
2901 2389 2965 2428 ea
3010 2389 3127 2444 qua:
3164 2377 3364 2432 multos
3395 2377 3631 2434 habebat
3668 2379 3809 2438 ﬁlios

2204 2453 2526 2514 inﬁrmatur.
2569 2460 2835 2518 Inﬁrmari
2864 2464 3161 2537 Synagoga:
3190 2477 3276 2523 est
3303 2470 3645 2528 institutione
3675 2473 3810 2542 legis

2203 2549 2402 2604 veteris
2425 2567 2615 2621 parere
2638 2569 2748 2609 non
2771 2571 2950 2625 posse.
2976 2557 3107 2624 Quae
3132 2559 3273 2614 enim
3297 2561 3454 2617 fidem
3480 2563 3581 2617 viri
3611 2564 3810 2634 prioris

2204 2640 2461 2710 perdidit,
2495 2643 2711 2701 diabolo
2736 2647 2849 2717 jam
2880 2657 2935 2704 et
2963 2666 3073 2705 non
3104 2650 3217 2706 Deo
3255 2654 3413 2723 parit.
3447 2653 3593 2710 Bene
3625 2665 3809 2712 autem

2201 2730 2400 2789 dicitur
2428 2752 2442 2788 :
2474 2735 2602 2803 Quae
2630 2740 2830 2797 multos
2860 2742 3093 2797 habebat
3128 2743 3289 2810 ﬁlios,
3320 2746 3446 2815 quia
3469 2748 3593 2802 dum
3628 2749 3682 2803 in
3706 2762 3808 2804 ve-

2201 2824 2364 2882 ritate
2391 2825 2788 2899 Scripturarum
2818 2834 3122 2904 subjectum
3151 2837 3252 2892 sibi
3276 2838 3383 2909 50
3411 2840 3672 2910 populum
3704 2857 3808 2898 an-

2204 2917 2432 2990 tiquitus
2454 2921 2693 2979 erudiret
2716 2926 2928 2980 venturi
2955 2924 3335 2998 Redemptoris
3357 2930 3650 2987 adventum
3677 2947 3809 2989 con-

2203 3012 2514 3082 cupiscere,
2548 3015 2615 3071 de
2654 3018 2942 3089 complexu
2978 3021 3216 3077 cmlestis
3245 3024 3429 3093 sponsi
3458 3023 3596 3081 ﬁlios
3620 3027 3808 3096 parie-

2200 3106 2314 3162 bat.
2346 3108 2501 3166 Nunc
2529 3120 2711 3167 autem
2733 3128 2852 3184 qua:
2886 3114 3119 3171 habebat
3153 3115 3292 3173 ﬁlios
3319 3118 3585 3175 inﬁrmata
3608 3128 3711 3188 est,
3747 3129 3807 3178 et

2128 3202 2170 3263 C
2205 3200 2345 3259 filios
2372 3220 2480 3259 non
2513 3204 2697 3260 habet.
2725 3206 3037 3278 Scripturas
3065 3210 3280 3279 quidem
3314 3213 3425 3268 suis
3461 3213 3804 3271 auditoribus

2205 3296 2454 3363 exhibet,
2506 3298 2601 3353 sed
2649 3300 2771 3370 quia
2804 3299 3223 3374 Redemptorem
3263 3314 3459 3375 negat,
3506 3306 3619 3363 Deo
3664 3307 3809 3364 ﬁlios

2205 3404 2480 3457 nunquam
2508 3400 2751 3459 generat.
2801 3391 3067 3448 lnfirmari
3096 3409 3225 3464 ergo
3255 3394 3481 3464 dicitur,
3523 3398 3611 3453 cui
3639 3398 3806 3469 spiri-

2204 3481 2364 3536 tualis
2392 3480 2693 3539 fecunditas
2723 3496 2965 3555 negatur.
3002 3486 3065 3541 Et
3090 3488 3214 3557 quia
3249 3497 3355 3543 tam
3385 3490 3681 3562 Synagogze
3710 3507 3803 3548 re-

2203 3574 2383 3644 pulsio
2412 3590 2577 3645 quam
2597 3577 2790 3634 electio
2812 3581 3126 3648 gentilitatis
3154 3582 3683 3654 incomprehensibili
3705 3586 3801 3643 Dei

2197 3663 2400 3734 judicio
2426 3667 2569 3723 laeta
2601 3676 2701 3734 est,
2734 3673 2977 3741 sequitur
3003 3691 3015 3725 :

2275 3780 2452 3851 (Vers.
2486 3780 2627 3852 6-8.)
2658 3780 2911 3838 Dominus
2934 3785 3233 3855 mortiﬁcat,
3258 3793 3307 3840 et
3323 3788 3567 3858 viviﬁcat,
3592 3790 3800 3845 deducit

2204 3871 2273 3925 ad
2321 3874 2535 3945 inferos,
2580 3882 2629 3926 et
2668 3875 2895 3941 reducit;
2946 3875 3201 3931 Dominus
3231 3895 3510 3948 pauperem
3551 3882 3701 3951 facit,
3750 3890 3801 3936 et

2202 3964 2363 4030 ditat;
2393 3967 2630 4020 humiliat
2650 3975 2699 4021 et
2724 3968 2973 4024 sublevat.
2998 3969 3230 4025 Suscitat
3252 3972 3317 4026 de
3338 3972 3540 4043 pulvere
3559 3990 3795 4045 egenum,

2198 4064 2249 4110 et
2274 4055 2337 4109 de
2360 4065 2584 4111 stercore
2612 4060 2765 4128 erigit
2795 4077 3092 4132 pauperem,
3120 4071 3176 4116 ut
3203 4063 3378 4118 sedeat
3400 4080 3514 4119 cum
3543 4065 3800 4136 principi-

2200 4146 2311 4215 bus,
2343 4157 2393 4203 et
2419 4150 2605 4204 solium
2627 4151 2808 4222 gloriae
2829 4161 3019 4210 teneat.

2271 4262 2358 4316 17.
2390 4264 2555 4329 Quasi
2581 4265 2984 4336 obstupescenti
3014 4269 3171 4326 alicui
3194 4270 3261 4326 de
3283 4279 3391 4325 tam
3415 4273 3599 4329 electae
3621 4273 3797 4343 gentis

2196 4357 2505 4427 repulsione
2530 4360 2876 4431 respondeat,
2907 4360 3093 4420 dicens
3123 4383 3134 4417 :
3168 4362 3305 4430 Quid
3337 4367 3389 4420 in
3415 4367 3498 4421 his
3521 4369 3793 4422 rationem

2197 4451 2416 4519 quaeris,
2448 4467 2568 4521 qua:
2593 4468 2802 4509 summa
2824 4456 2962 4510 ratio
2986 4457 3605 4527 incomprehensibiliter
3628 4459 3795 4516 facit?

2197 4538 2353 4605 Quod
2385 4542 2546 4595 etiam
2588 4557 2757 4612 genus
2798 4545 3076 4614 quaerendi
3110 4547 3300 4605 doctor
3329 4552 3577 4619 egregius
3607 4567 3795 4621 repre-

2194 4630 2457 4699 hendens,
2490 4635 2565 4688 ait
2596 4653 2607 4687 :
2640 4634 2831 4702 Ilomo,
2867 4648 2918 4690 tu
2947 4640 3060 4709 quis
3088 4655 3160 4706 es,
3189 4642 3275 4711 qui
3296 4642 3610 4711 respondeas
3640 4642 3794 4697 Deo?

2194 4721 2450 4794 Nunquid
2476 4725 2601 4779 dicit
2628 4728 2929 4798 ﬁgmentum
2961 4732 3146 4801 {actori
3176 4750 3308 4787 suo:
3342 4732 3480 4796 Quid
3514 4751 3594 4787 me
3623 4736 3791 4805 feciin

2191 4820 2306 4873 sic?
2340 4822 2442 4874 Aut
2483 4839 2586 4876 non
2632 4823 2783 4878 habet
2817 4834 3121 4894 potestatem
3148 4829 3341 4899 ﬁgulus
3370 4848 3435 4884 ea:
3477 4832 3655 4885 eodeni
3682 4833 3790 4887 luto

2191 4914 2335 4967 aliud
2363 4917 2567 4987 quidem
2583 4936 2672 4974 vas
2693 4922 2863 4991 facere
2890 4923 2943 4976 in
2974 4924 3241 4993 honorem,
3267 4926 3412 4979 aliud
3435 4944 3550 4981 vero
3580 4929 3635 4979 in
3664 4944 3791 4981 con-

2191 5009 2454 5063 tumeliam
2483 5011 2500 5080 (
2518 5009 2667 5066 Rom.
2704 5030 2789 5083 ιχ,
2822 5014 2911 5083 20,
2944 5015 3071 5087 2|)?
3103 5016 3232 5073 Tale
3273 5028 3356 5074 est
3382 5034 3512 5088 ergo
3536 5035 3600 5074 ac
3630 5021 3677 5075 si
3706 5020 3790 5074 di-

2189 5107 2278 5153 cat
2312 5118 2321 5152 :
2354 5100 2489 5168 Quia
2520 5106 2758 5161 omnium
2790 5106 3048 5163 Dominus
3077 5118 3224 5165 recte
3253 5111 3612 5179 cognoscitur,
3649 5126 3788 5180 opus

2188 5190 2348 5257 illius,
2376 5202 2431 5248 et
2453 5194 2505 5249 in
2524 5195 2718 5252 Judteze
2740 5198 3065 5268 abjectione,
3092 5212 3145 5257 et
3168 5202 3223 5257 in
3237 5205 3477 5272 gentium
3493 5205 3783 5272 electione,

2186 5286 2554 5340 venerandum
2597 5296 2653 5344 et
2703 5306 2809 5345 non
2856 5290 3251 5350 discutiendum
3297 5310 3418 5351 esse
3459 5297 3782 5353 sentiamus.

2186 5372 2475 5433 Mortiﬁcat
2510 5380 2727 5448 quidem
2765 5381 3052 5451 Dominus,
3097 5387 3222 5456 quia
3250 5388 3785 5460 incomprehensibili

2180 5467 2384 5537 judicio
2424 5472 2692 5541 quondam
2736 5475 2970 5531 electum
2998 5478 3305 5535 Judaeorum
3335 5482 3591 5552 populum
3620 5497 3652 5536 a
3681 5498 3783 5538 co-

2184 5560 2427 5629 gnitione
2456 5566 2696 5621 veritatis
2724 5578 2963 5637 separat,
2994 5580 3051 5626 et
3079 5572 3131 5626 in
3174 5581 3494 5644 perpetuum
3534 5573 3778 5630 damnat.

2184 5653 2453 5729 Viviﬁcat,
2484 5659 2609 5731 quia
2633 5661 2989 5732 gentilitatem
3016 5666 3084 5723 ad
3112 5667 3442 5739 agnitionem
3470 5668 3557 5728 sui
3588 5666 3785 5738 unige-
