4044 6336
454 372 526 430 75

1673 362 1915 421 SANC'I‘I
1955 359 2282 421 GREGORII
2317 364 2528 423 MAGNI

3670 368 3747 429 Ἰθ

455 497 575 539 nms
603 489 661 538 et
694 476 1011 537 inconcussa
1054 476 1356 533 humilitate
1396 473 1683 531 sublimem
1728 475 1967 531 animum
2010 489 2043 530 a
2072 480 2119 538 Α
2148 478 2310 545 mitti,
2338 493 2459 535 cum
2482 494 2579 551 per
2608 480 2852 539 excelsos
2871 480 3041 539 caelos
3058 483 3301 539 tonantia
3323 482 3526 555 judicia
3556 482 3747 542 audie-

460 589 597 630 vana
624 572 983 629 delectatione
1005 567 1360 624 refrenamus.

526 677 615 733 22.
647 675 881 733 Possunt
906 679 1083 727 autem
1116 672 1281 743 pedes
1314 678 1626 727 sanctorum
1656 671 1789 727 ﬁdes
1814 678 1870 726 et
1893 684 2048 726 amor

456 767 833 841 Redemptoris
869 764 1117 833 intelligi.
1166 763 1370 829 Quibus
1401 764 1645 834 profecto
1674 764 1899 835 pedibus
1924 777 2047 833 gra-

453 866 699 930 diuntur,
750 876 871 917 cum
900 874 1025 914 eum
1055 872 1213 930 quem
1255 872 1352 927 per
1394 856 1553 913 ﬁdem
1596 856 1780 913 ﬁdeles
1819 857 2048 912 credunt

454 968 641 1011 amore
662 959 1084 1022 consequuntur.
1119 948 1229 1008 llos
1260 948 1507 1020 profecto
1531 950 1695 1020 pedes
1719 950 1919 1006 servari
1944 948 2045 1004 sibi

451 1062 481 1101 a
514 1046 741 1102 Domino
769 1043 1105 1116 postulabat,
1139 1041 1229 1113 qui
1260 1041 1601 1111 precabatur,
1635 1041 1819 1097 dicens
1845 1060 1858 1095 :
1890 1050 1911 1075 δ’
1936 1042 2043 1097 Su-

450 1156 539 1208 per
580 1136 786 1192 excelsa
832 1143 1000 1190 statue
1052 1150 1157 1201 me,
1189 1140 1245 1186 ut
1274 1133 1473 1187 vincam
1517 1134 1571 1186 in
1609 1132 1846 1187 claritate
1883 1131 2046 1202 ipsius

452 1226 695 1299 (Hebae.
748 1243 827 1291 ιιι,
870 1224 981 1293 19).
1030 1224 1207 1294 Super
1234 1224 1446 1279 excelsa
1490 1223 1778 1291 statuitur,
1823 1223 1909 1278 cui
1938 1221 2045 1278 Re-

450 1317 747 1388 demptoris
787 1316 1038 1371 divinitas
1079 1315 1367 1370 revelatur.
1420 1313 1487 1369 Et
1531 1315 1585 1369 in
1633 1314 1881 1369 claritate
1926 1314 2042 1384 ejus

448 1411 643 1478 vincit,
690 1410 816 1481 quia
862 1410 987 1466 dum
1026 1409 1140 1479 ejus
1173 1409 1198 1450 δ
1229 1410 1492 1466 claritatis
1520 1410 1685 1466 radiis
1724 1410 2041 1477 illustratur,

450 1512 642 1557 cuncta
673 1502 887 1572 maligni
917 1501 1138 1572 spiritus
1160 1507 1493 1558 tentamcnta
1524 1501 1891 1557 destruuntur.
1924 1501 2048 1556 Sta-

454 1600 595 1649 tutos
640 1591 855 1664 quidem
905 1592 958 1647 in
1007 1601 1195 1647 monte
1234 1593 1399 1663 pedes
1446 1601 1620 1661 tenet,
1669 1594 1762 1662 qui
1801 1593 2047 1648 veritatis

452 1679 910 1750 contemplatione
962 1679 1159 1735 arduus
1213 1688 1331 1748 est,
1382 1688 1438 1735 et
1492 1681 1607 1749 ejus
1665 1696 1824 1750 quem
1874 1680 2047 1734 credit

451 1771 647 1827 summi
691 1768 867 1826 Patris
912 1769 1247 1838 unigenitum
1290 1783 1473 1824 amore
1512 1784 1821 1824 succensus.
1871 1769 2047 1839 Super

2148 570 2258 625 rint
2284 579 2501 628 aeternae
2526 588 2639 628 suae
2661 572 3043 631 damnationis.
3072 577 3223 632 Unde
3246 585 3302 632 et
3326 578 3577 634 subditur
3602 598 3617 630 :

2218 664 2400 735 (Vers.
2430 665 2540 736 10.)
2578 665 2649 719 Et
2670 680 2823 737 super
2842 668 2984 737 ipsos
3012 670 3065 723 in
3085 670 3227 724 cretis
3268 670 3491 726 torrebit.

2218 756 2306 813 25.
2331 757 2435 825 Qui
2454 759 2596 814 enim
2616 761 2878 817 calorum
2902 763 3122 819 nomine
3141 764 3245 819 hoc
3273 762 3415 831 loco,
3440 764 3543 819 nisi
3572 767 3747 822 sancti

2148 852 2379 919 apostoli
2419 852 2812 921 designantur?
2853 853 3058 921 Quibus
3105 855 3351 925 profecto
3392 856 3545 912 cmlis
3572 857 3747 912 subli-

2148 944 2352 999 mitatis
2403 960 2515 1000 sua:
2560 946 2790 1013 gloriam
2845 946 3106 1003 Dominus
3158 948 3576 1017 repromittens,
3623 948 3744 1002 ait:

2149 1034 2404 1091 Sedebitis
2429 1054 2587 1106 super
2612 1038 2757 1093 sedes
2780 1039 3080 1110 judicantes
3100 1040 3370 1095 duodecim
3391 1040 3553 1094 tribus
3576 1038 3750 1095 Israel

2149 1124 2365 1197 (Matth.
2399 1143 2510 1193 xu,
2542 1127 2657 1197 28).
2699 1127 2902 1184 Horum
2940 1128 3186 1200 profecto
3212 1131 3475 1187 calorum
3508 1132 3752 1185 tonitrua

2148 1216 2345 1274 Judmis
2386 1219 2642 1276 Dominus
2682 1221 2990 1289 insinuans,
3036 1222 3111 1277 ait
3144 1239 3159 1276 :
3193 1221 3307 1293 Ipsi
3341 1222 3545 1293 judices
3594 1220 3751 1276 uestri

2147 1322 2298 1366 erunt
2326 1312 2478 1382 (Luc.
2513 1328 2588 1382 ιι,
2617 1313 2729 1385 19).
2759 1314 2936 1386 Super
2951 1314 3166 1371 Judaaos
3192 1302 3356 1385 igitur
3392 1316 3589 1387 impios
3620 1314 3752 1370 tunc

2150 1402 2203 1456 in
2232 1404 2384 1460 cmlis
2425 1405 2653 1471 tonabit,
2682 1406 2807 1475 quia
2849 1422 2881 1461 a
2911 1406 3112 1463 sanctis
3139 1407 3400 1477 apostolis
3426 1414 3557 1461 tunc
3584 1406 3750 1461 terri-

2150 1495 2280 1552 bilia
2302 1495 2503 1564 judicia
2530 1511 2642 1553 suae
2668 1496 3025 1555 damnationis
3051 1498 3294 1564 audient,
3317 1505 3375 1554 ut
3397 1514 3588 1553 eorum
3618 1513 3751 1554 exa-

2150 1587 2295 1642 mine
2313 1589 2638 1643 sententiam
2664 1598 2879 1645 aeternio
2906 1591 3096 1647 mortis
3124 1592 3423 1661 accipiant,
3444 1607 3585 1661 quos
3610 1606 3752 1661 prte-

2151 1678 2396 1734 dicantes
2420 1679 2697 1737 humiliter
2719 1682 2839 1737 vita
2863 1688 3080 1738 aeternae
3104 1683 3247 1738 bona
3278 1683 3752 1753 persecutionibus

2151 1770 2477 1839 amigehant.
2501 1771 2635 1838 Quia
2654 1788 2785 1829 vero
2806 1774 2875 1831 de
2903 1782 3148 1832 extremo
3166 1774 3372 1839 judicio
3394 1775 3494 1831 ista
3518 1775 3749 1846 intelligi

452 1860 665 1916 excelsa
710 1860 929 1929 quidem
957 1858 1151 1914 Petrus
1188 1866 1423 1916 statutus
1466 1867 1609 1927 erat,
1655 1860 1747 1929 qui
1786 1874 1907 1914 cum
1940 1860 2047 1915 Do-
2083 1868 2126 1927 Β
2152 1862 2405 1930 debeant,
2428 1863 2710 1933 sequitur:

453 1955 601 2009 mino
631 1953 1001 2015 conliteretur,
1030 1952 1216 2009 dicens
1248 1971 1262 2007 :
1295 1953 1369 2007 Tu
1396 1972 1449 2009 es
1476 1955 1711 2009 Christus
1740 1954 1913 2010 Filius
1952 1954 2049 2009 Dei

446 2050 573 2114 vivi,
623 2048 867 2117 protinus
896 2047 1101 2102 audivit
1144 2065 1155 2101 :
1210 2046 1404 2102 Beatus
1446 2066 1533 2116 es,
1579 2049 1762 2105 Simon
1793 2049 2045 2120 Barjona,

448 2141 568 2208 quia
588 2154 709 2195 caro
736 2147 785 2193 et
810 2140 1025 2209 sanguis
1052 2155 1157 2194 non
1178 2141 1422 2195 reuelauit
1442 2141 1551 2208 tibi,
1583 2142 1675 2196 sed
1701 2141 1863 2195 Pater
1884 2158 2046 2210 meus,

448 2229 535 2300 qui
590 2238 667 2283 est
718 2228 774 2281 in
830 2228 969 2281 ctelis
1028 2226 1244 2297 (Matth.
1296 2245 1405 2296 xvi,
1460 2230 1546 2297 16,
1605 2230 1718 2296 17).
1775 2229 2049 2285 Fundatus

450 2322 593 2377 enim
650 2319 779 2387 ﬁde,
833 2335 1095 2376 accensus
1122 2322 1414 2389 charitate,
1460 2339 1583 2379 eum
1621 2338 1783 2394 quem
1834 2323 2049 2378 amabat

448 2413 613 2467 etiam
651 2412 1004 2483 praedicabat.
1054 2413 1202 2470 Bene
1252 2427 1384 2481 ergo
1429 2415 1497 2472 de
1548 2416 1794 2486 reprobis
1823 2414 2047 2485 subjun-

448 2508 596 2558 ctum
617 2510 701 2558 est
728 2519 743 2557 :

519 2592 697 2664 (Vers.
726 2593 809 2664 9.)
836 2591 906 2646 Et
933 2594 1078 2665 impii
1101 2595 1157 2648 in
1188 2594 1413 2650 tenebris
1439 2597 1798 2654 conticescant.

514 2684 607 2739 25.
639 2684 741 2752 Qui
763 2684 907 2740 enim
932 2685 1081 2756 impii
1109 2687 1214 2741 hoc
1238 2686 1293 2742 in
1326 2687 1469 2757 loco,
1500 2689 1601 2745 nisi
1641 2688 1812 2746 Judaei
1843 2693 2043 2751 intelli-

449 2785 663 2847 guntur,
708 2780 802 2850 qui
852 2796 883 2836 a
929 2781 1129 2852 pietate
1174 2799 1317 2839 verte
1363 2782 1485 2839 ﬁdei
1522 2794 1647 2840 sunt
1676 2789 1942 2854 extranei,
1988 2799 2045 2848 et

451 2869 826 2941 Redemptoris
845 2881 1023 2928 morte
1042 2874 1290 2930 cruenti?
1321 2874 1399 2931 De
1424 2876 1617 2947 quibus
1637 2886 1785 2934 recte
1805 2880 2001 2937 dicitur
2024 2900 2038 2937 :

452 2958 519 3013 In
560 2963 783 3015 tenearis
821 2965 1189 3031 conticescent,
1239 2966 1365 3035 quia
1411 2969 1585 3023 sancti
1626 2984 1788 3040 super
1826 2972 2041 3030 excelsa

451 3053 641 3108 statuti
657 3053 1076 3125 Redemptorem
1096 3058 1305 3125 mundi,
1329 3072 1488 3127 quem
1510 3060 1561 3114 in
1579 3060 1771 3117 divina:
1792 3063 2043 3132 majesta-

451 3146 518 3200 tis
539 3146 783 3202 claritate
810 3146 1168 3212 conspiciunt,
1191 3150 1407 3207 aeternis
1427 3150 1673 3209 laudibus
1693 3153 2037 3213 conﬁtentur.

2227 1951 2401 2021 (Vers.
2437 1952 2550 2023 10.)
2581 1952 2834 2010 Dominus
2856 1954 3115 2027 judicabit
3140 1957 3270 2027 ﬁnes
3302 1966 3473 2012 terra.

2222 2043 2313 2099 26.
2354 2043 2458 2110 Qui
2480 2053 2607 2103 sunt
2630 2045 2765 2101 lines
2792 2056 2968 2115 terrae,
2995 2049 3097 2104 nisi
3123 2048 3311 2103 ultima
3338 2048 3496 2117 hujus
3525 2045 3747 2103 mundi!

2152 2133 2312 2191 Fines
2336 2150 2467 2191 vero
2511 2144 2669 2192 term
2712 2138 2973 2195 Dominus
2995 2139 3219 2210 iudicat,
3246 2148 3306 2195 ut
3328 2140 3599 2209 aequitatis
3627 2139 3751 2207 eius

2150 2224 2419 2279 sententia
2464 2226 2726 2296 impunita
2767 2236 2863 2284 aut
2907 2230 3297 2287 irremunerata
3333 2232 3477 2286 nulla
3505 2231 3750 2287 derelin-

2151 2322 2308 2385 quat,
2341 2313 2466 2384 quia
2496 2316 2624 2373 dum
2650 2319 2704 2373 in
2728 2318 2933 2388 judicio
2962 2329 3209 2380 extrema
3234 2323 3529 2391 concludit,
3560 2323 3750 2394 aliqua

2150 2404 2483 2462 discutienda
2514 2423 2621 2463 non
2651 2408 2870 2466 deserit.

2222 2498 2400 2569 (Vers.
2440 2500 2547 2571 l0.)
2591 2500 2733 2558 Tunc
2762 2504 3058 2561 sublimabit
3081 2525 3244 2564 cornu
3276 2508 3470 2566 Christi
3496 2510 3597 2565 sui.

2218 2591 2310 2646 ‘27.
2366 2592 2592 2660 Quando
2634 2611 2824 2653 omnes
2852 2598 3057 2657 electos
3094 2601 3149 2656 in
3175 2609 3379 2657 mterna
3408 2601 3751 2672 contempla-

2148 2682 2297 2739 tione
2316 2685 2399 2739 sui
2427 2683 2694 2755 Unigeniti
2722 2689 2968 2759 recipiet,
2996 2697 3057 2746 nt
3080 2691 3159 2747 eis
3186 2700 3389 2749 acterna
3420 2692 3509 2747 illa
3530 2702 3587 2748 et
3609 2692 3751 2749 incl-

2146 2774 2295 2830 labili
2323 2774 2602 2847 Majestate
2624 2781 2931 2852 praesideat,
2954 2783 3047 2853 qui
3076 2782 3201 2839 dum
3228 2785 3284 2840 in
3313 2787 3591 2857 pncsentis
3623 2788 3752 2841 vitae

2146 2868 2579 2938 peregrinatione
2606 2871 2852 2928 viverent
2877 2888 3062 2929 secum
3089 2888 3108 2914 ο
3139 2890 3245 2930 non
3270 2884 3445 2931 erant.
3481 2875 3623 2930 Tunc
3651 2895 3749 2931 su-

2146 2955 2379 3013 blimabit
2407 2975 2566 3015 cornu
2608 2960 2797 3016 Christi
2836 2964 2940 3031 sui,
2970 2962 3191 3034 quando
3221 2965 3275 3019 in
3298 2964 3617 3022 celsitudine
3648 2982 3751 3024 sua

2145 3047 2253 3120 54
2271 3050 2588 3121 respicietur
2605 3052 2903 3109 sublimitas
2930 3053 3322 3126 Redemptoris.
3356 3056 3433 3112 De
3458 3058 3559 3114 hac
3582 3061 3749 3115 subli-

2146 3140 2332 3195 mitate
2370 3156 2466 3210 per
2506 3138 2770 3199 Joannem
2799 3144 2995 3201 dicitur
3030 3163 3043 3199 :
3092 3147 3390 3204 Videbimus
3431 3167 3549 3206 eum
3592 3152 3752 3207 sicuti

450 3237 508 3292 In
524 3240 760 3296 tenebris
776 3253 905 3309 ergo
928 3248 1111 3297 tacent
1129 3242 1297 3314 impii,
1330 3243 1457 3314 quia
1477 3243 1646 3300 Judaei
1667 3244 1790 3303 ideo
1813 3246 2043 3305 Redem-

2153 3244 2225 3291 est
2254 3233 2306 3307 (I
2333 3235 2490 3292 Joan.
2515 3253 2592 3301 tu,
2617 3239 2694 3310 9).
2720 3240 2853 3295 Nam
2878 3249 3117 3313 potestas
3137 3242 3253 3300 sive
3276 3234 3501 3315 regnum
3532 3244 3752 3304 Domini

449 3336 661 3397 ptorem
706 3346 816 3386 non
844 3331 1156 3401 praedicant,
1189 3334 1334 3403 quod
1359 3334 1649 3393 inellabilis
1676 3352 1773 3394 eos
1803 3338 1893 3393 illa
1931 3340 2047 3396 cla-

450 3420 587 3473 ritas
619 3420 922 3477 divinitatis
949 3438 1056 3477 non
1085 3423 1335 3480 illustrat.
1375 3424 1647 3497 Scriptum
1677 3429 1876 3500 quippe
1918 3440 1999 3487 est
2030 3446 2045 3484 :

451 3509 691 3565 Tollatur
709 3514 917 3585 impius,
948 3531 1015 3569 ne
1040 3516 1211 3570 videat
1237 3518 1456 3588 gloriam
1477 3519 1690 3576 Domini
1715 3520 1871 3591 (Isai.
1900 3538 2045 3591 xxvr,

451 3600 564 3669 i0).
622 3600 716 3656 His
760 3604 961 3674 quippe
1018 3606 1253 3661 tenebris
1311 3608 1596 3665 damnatos
1663 3626 1758 3668 eos
1808 3613 2045 3682 intuens,

451 3694 688 3750 Joannes
727 3696 802 3750 ait
833 3714 847 3749 :
882 3695 1000 3751 Lua:
1031 3698 1087 3751 in
1131 3700 1351 3755 tenebris
1382 3702 1546 3769 lucet,
1588 3711 1639 3756 et
1684 3703 1907 3760 tenebrae
1934 3722 2049 3759 eam

453 3804 557 3842 non
586 3788 1088 3858 comprehenderunt
1118 3789 1305 3860 (Joan.
1338 3807 1388 3860 ι,
1422 3790 1503 3863 5).
1554 3791 1690 3849 Hinc
1732 3794 1900 3849 David
1938 3812 2047 3852 non

457 3888 687 3949 optans,
742 3882 835 3936 sed
888 3883 1247 3953 prophetans,
1280 3884 1408 3939 dicit
1457 3902 1477 3939 :
1532 3884 1888 3941 Obscurentur
1914 3891 2047 3945 oculi

452 3990 645 4042 eorum,
689 3989 757 4030 ne
792 3977 1022 4043 videant,
1065 3985 1116 4031 et
1134 3977 1372 4032 deorsum
1403 3994 1579 4033 eorum
1608 3996 1811 4049 semper
1836 3982 2049 4037 incurva

452 4065 570 4137 (Ps.
616 4082 804 4134 vatn,
836 4065 960 4138 24).
988 4066 1047 4122 1η
1079 4069 1315 4125 tenebris
1358 4082 1489 4139 ergo
1515 4079 1693 4127 tacent
1723 4072 1893 4144 impii,
1923 4075 2049 4146 quia

454 4158 557 4214 etsi
586 4158 756 4213 Judaei
787 4158 981 4213 divina:
1019 4156 1313 4228 Scriptum
1357 4160 1520 4215 verba
1565 4162 1620 4216 in
1663 4162 1759 4218 Dei
1804 4164 2048 4222 laudibus

458 4250 769 4315 proferunt,
801 4249 927 4304 dum
958 4248 1150 4305 Filium
1180 4258 1405 4321 negant,
1446 4251 1558 4309 Deo
1598 4253 1743 4310 Patri
1782 4257 1927 4312 nulla
1954 4275 2051 4313 vo-

453 4353 572 4394 cum
602 4339 857 4409 obsequia
886 4349 1223 4396 consecrant.
1264 4342 1377 4398 Deo
1415 4345 1561 4400 enim
1604 4347 1755 4415 silet,
1787 4350 1877 4420 qui
1898 4393 1912 4419 ,
1944 4351 2048 4406 Pa-

455 4434 590 4481 trem
638 4428 889 4495 laudans,
938 4427 1212 4502 Dnigeniti
1256 4434 1470 4491 laudem
1516 4444 1679 4494 tacet.
1736 4440 1844 4497 Sed
1890 4458 2049 4512 quem

455 4516 771 4574 cruciﬁxum
807 4519 1143 4591 despiciunt,
1175 4525 1397 4593 quando
1436 4526 1603 4598 judex
1641 4532 1849 4587 venerit
1879 4547 2048 4604 expa-

454 4619 689 4667 vescent.
725 4612 878 4671 Unde
900 4618 1065 4674 etiam
1094 4621 1380 4678 subditur:

524 4701 704 4773 (Vers.
755 4705 811 4773 9,
861 4707 974 4781 10.)
1009 4709 1145 4775 Quia
1169 4729 1273 4768 non
1313 4716 1366 4769 in
1397 4718 1702 4787 fortitudine
1722 4735 1817 4774 sua
1844 4720 2054 4777 robora-

455 4793 591 4848 bitur
612 4799 711 4862 vir,
748 4797 1030 4857 Damnum
1060 4806 1414 4875 formidabant
1440 4810 1729 4865 adversarii
1756 4814 1887 4885 ejus.

522 4888 611 4941 24.
642 4889 794 4949 Nunc
819 4903 999 4952 autem
1027 4898 1193 4957 durus
1221 4901 1275 4956 in
1314 4902 1666 4977 inﬁdelitate,
1698 4906 1852 4963 fortis
1880 4906 1937 4963 in
1962 4924 2053 4967 er-

455 4995 578 5034 rore
604 4990 706 5049 est,
735 4994 791 5039 et
814 5002 977 5056 quem
1004 4992 1227 5049 credere
1249 4993 1418 5050 Deum
1442 4998 1765 5062 contemnit,
1796 5000 2056 5059 audacter

370 5075 829 5165 ‘blasphemare
873 5100 982 5141 non
1017 5090 1235 5145 metuit.
1281 5090 1441 5148 Velut
1481 5094 1564 5146 vir
1596 5093 1862 5163 siquidem
1906 5112 2049 5153 nunc

278 6044 405 6119 Ἃ

452 5169 592 5223 vinci
619 5186 727 5227 non
758 5182 970 5247 potest,
1009 5183 1105 5235 sed
1137 5190 1264 5238 tunc
1295 5184 1436 5240 sicut
1460 5186 1542 5240 vir
1575 5202 1914 5259 nequaquam
1958 5206 2049 5249 ro-

452 5259 761 5334 horabitur,
802 5284 925 5324 cum
964 5272 1008 5326 is
1037 5274 1129 5342 qui
1161 5290 1350 5331 eorum
1390 5278 1595 5335 insidiis
1628 5281 1733 5351 53
1763 5283 2049 5342 cruciﬁxus

456 5360 556 5417 est,
588 5354 643 5407 in
664 5370 759 5412 sua
785 5360 1071 5431 majestate
1092 5366 1478 5437 conspicietur.
1511 5369 1661 5426 Tunc
1686 5372 2050 5432 formidahunt

457 5443 575 5510 ejus
603 5445 924 5521 adversarii,
964 5456 1183 5527 quando
1225 5458 1468 5514 cruciﬁxi
1494 5462 1693 5517 virtute
1721 5464 1901 5520 omnia
1930 5482 2050 5524 mo-

456 5533 571 5588 veri
615 5544 1027 5613 conspexerint,
1075 5549 1355 5609 cum,eius
1385 5550 1587 5619 judicio
1630 5553 1882 5611 universa
1919 5558 2049 5615 sub-

532 5735 562 5814 ἦ
578 5726 661 5814 ibi
692 5733 928 5814 .quidem
967 5736 1161 5814 legitur
1194 5739 1247 5814 in
1291 5752 1501 5798 cantico
1528 5744 1673 5814 ejus,
1721 5750 1769 5801 ἐν
1807 5757 1868 5814 τῇ
1907 5748 2033 5814 ᾠδῇ,

460 5803 518 5854 ac
544 5797 745 5865 ειίαυίε-
762 5802 939 5873 legere
969 5797 1163 5872 pauit,
1198 5810 1243 5862 έν
1270 5819 1331 5875 τῇ
1361 5797 1506 5887 αὐγῇ,
1537 5797 1993 5887 ξῑῑξριετνειιδῑεέττε

2152 3327 2318 3383 nostri
2350 3324 2479 3384 Jesu
2507 3328 2707 3386 Christi
2732 3346 2947 3404 semper
2970 3333 3176 3405 aequale
3204 3343 3317 3402 est;
3358 3335 3452 3391 sed
3492 3344 3623 3390 tunc
3650 3352 3749 3390 su-

2151 3418 2363 3474 blimari
2390 3419 2608 3488 dicitur,
2636 3422 2853 3492 quando
2882 3423 3018 3479 tales
3044 3424 3244 3481 erimus
3273 3434 3333 3481 ut
3360 3424 3475 3495 ejus
3497 3425 3747 3481 sublimi-

2154 3519 2317 3566 tatem
2348 3511 2544 3568 intueri
2575 3513 2883 3583 valeamus;
2923 3514 3183 3586 quidquid
3212 3517 3355 3572 enim
3383 3533 3527 3573 nunc
3554 3517 3621 3574 de
3653 3518 3749 3575 illa

2150 3604 2480 3660 sublimitate
2510 3607 2742 3663 humana
2770 3623 2923 3664 mens
2942 3608 3041 3663 sibi
3065 3617 3246 3679 potest
3274 3606 3497 3678 ﬁngere,
3518 3610 3747 3667 oninino

2151 3695 2283 3749 nihil
2312 3704 2395 3752 est
2421 3697 2475 3751 in
2497 3696 2637 3753 illius
2662 3699 2845 3767 gloriae
2872 3688 3293 3771 comparatione.
3318 3700 3451 3755 Nam
3482 3702 3752 3772 scriptum

2152 3793 2235 3840 est
2261 3785 2329 3841 de
2358 3787 2448 3841 illa
2477 3805 2489 3840 :
2523 3787 2673 3852 Quod
2696 3789 2873 3844 oculus
2901 3807 3002 3846 non
3036 3791 3158 3846 vidit
3177 3833 3192 3858 ,
3224 3808 3315 3846 nec
3345 3794 3487 3847 auris
3517 3793 3750 3863 audivit,

2153 3894 2243 3931 nec
2273 3879 2327 3931 in
2363 3895 2451 3933 cor
2482 3880 2704 3934 hominis
2728 3882 2982 3952 ascendit,
3012 3899 3126 3952 qua:
3145 3886 3457 3955 praeparari!
3490 3881 3635 3939 Deus
3662 3885 3750 3939 di—

2152 3968 2423 4040 ligentibus
2452 3986 2507 4025 se
2537 3969 2695 4041 (Isai.
2722 3988 2864 4040 LXIV,
2904 3972 2969 4040 4;
3012 3971 3042 4027 Ι
3070 3973 3188 4029 Cor.
3222 3991 3280 4042 ll,
3310 3973 3387 4046 9).
3422 3974 3578 4030 Prius
3612 3990 3748 4039 ergo

2152 4060 2363 4116 Christo
2386 4058 2544 4116 datur
2568 4061 2871 4131 imperium,
2900 4062 3094 4119 deinde
3129 4078 3298 4118 cornu
3345 4064 3459 4133 ejus
3485 4063 3747 4119 sublima-

2151 4150 2314 4217 hitur,
2338 4152 2463 4221 quia
2486 4160 2613 4208 tunc
2636 4150 2977 4208 sublimitatis
3004 4152 3122 4222 ejus
3148 4152 3409 4209 celsitudo
3434 4154 3749 4224 respicitur,

2152 4259 2276 4298 cum
2325 4254 2505 4298 nostra
2551 4258 2767 4315 quoque
2798 4252 2987 4299 natura
3014 4258 3045 4299 a
3076 4245 3435 4316 corruptionis
3472 4261 3582 4301 sua:
3632 4248 3747 4304 imo

2152 4333 2480 4399 sublevatur,
2510 4350 2632 4390 cum
2659 4335 3023 4391 renovationis
3052 4350 3162 4392 suae
3183 4336 3543 4407 integritatem
3566 4354 3745 4395 resur-

2152 4425 2326 4495 gendo
2374 4426 2630 4496 suscipit,
2665 4441 2771 4498 qua
2797 4428 3112 4500 praecelsum
3161 4426 3341 4485 lumen
3386 4431 3744 4501 contemplari

2153 4518 2333 4574 valeat
2376 4518 2773 4591 Redemptoris.

2077 4638 2135 4698 Ῑ)
2226 4629 2314 4685 98.
2355 4629 2415 4686 Si
2439 4646 2567 4687 vero
2591 4632 2645 4687 in
2674 4648 2843 4689 cornu
2869 4632 3064 4704 aliquis
3087 4632 3204 4689 vult
3225 4648 3453 4705 regnum
3491 4634 3747 4705 intelligi,

2158 4736 2255 4794 per
2274 4736 2496 4791 regnum
2520 4722 2717 4779 Christi
2745 4734 2929 4780 sancta
2956 4724 3197 4782 Ecclesia
3222 4726 3554 4796 designatur.
3586 4728 3749 4796 Quod

2155 4812 2401 4883 profecto
2421 4831 2591 4871 cornu
2610 4814 3009 4885 sublimabitur,
3033 4817 3157 4887 quia
3174 4818 3279 4872 ima
3299 4827 3481 4875 nostra
3496 4819 3564 4876 ad
3577 4834 3744 4890 ango-

2155 4909 2330 4966 lorum
2355 4910 2718 4980 aequalitatem
2746 4912 3132 4980 perducentur.
3171 4909 3351 4978 Quare
3378 4920 3435 4968 et
3462 4913 3529 4968 de
3557 4913 3744 4973 electis

2154 5002 2210 5056 in
2245 5002 2535 5072 Evangelio
2577 5002 2835 5060 Dominus
2864 5002 3034 5059 dicit:
3070 5002 3243 5060 Erunt
3272 5006 3407 5060 sicut
3439 5007 3614 5076 angeli
3646 5005 3747 5064 Der

2152 5098 2207 5150 in
2226 5098 2348 5151 caelo
2367 5096 2579 5166 (Matth.
2598 5113 2731 5162 χχιι.
2752 5096 2864 5166 50).
2889 5097 2966 5153 De
2987 5096 3090 5155 ista
3114 5112 3283 5155 cornu
3306 5100 3390 5155 sui
3412 5099 3742 5155 sublimitate

2140 5180 2346 5243 iterum
2377 5190 2539 5244 dicit:
2570 5188 2863 5252 Fulgebunt
2894 5188 3026 5257 justi
3061 5190 3194 5243 sicut
3241 5190 3322 5245 sol
3356 5188 3413 5244 in
3441 5205 3601 5261 regno
3628 5188 3751 5244 Pa-

2155 5284 2248 5336 tris
2291 5299 2469 5338 eorum
2497 5282 2669 5355 (Ibid.
2710 5298 2824 5347 xm.
2854 5280 2967 5352 45).
3002 5281 3383 5343 Sublimabitur
3411 5297 3541 5355 ergo
3569 5298 3759 5339 cornu

2152 5368 2371 5440 Christi,
2401 5374 2525 5442 quia
2553 5380 2739 5429 sancta
2780 5368 3021 5427 Ecclesia
3067 5372 3117 5427 in
3162 5381 3364 5431 mterna
3400 5373 3727 5443 contempla-

2152 5465 2301 5520 tione
2321 5464 2401 5520 sui
2422 5462 2797 5535 Redemptoris
2818 5462 3141 5530 extolletur;
3168 5472 3224 5521 et
3246 5480 3368 5536 quae
3390 5481 3531 5521 nunc
3551 5465 3604 5521 in
3640 5467 3731 5523 has

2151 5557 2291 5615 valle
2317 5557 2547 5613 miseriae
2574 5553 2925 5627 depositionis
2949 5568 3058 5611 sum
3084 5570 3247 5628 plena
3269 5556 3609 5629 deprimitur,
3641 5556 3741 5613 ah-

2213 5747 2240 5785 Β
2277 5748 2526 5820 [διὶουθι
2546 5750 2739 5820 Gilot.,
2773 5754 3045 5815 eharitatis
3072 5758 3235 5815 radiis
3258 5728 3567 5814 illustratur.

2227 5830 2248 5857 ο
2285 5816 2430 5879 Gilot
2461 5828 2517 5877 et
2542 5816 2742 5895 Vatia,
2770 5840 2873 5882 non
2900 5836 3029 5886 erat.
