4044 6336
319 404 378 457 77
1168 414 1232 470 IN
1270 415 1528 477 PRIMUM
1568 420 1802 480 REGUM
1842 422 2360 491 EXPOSiTlONES.
2399 466 2468 478 —
2506 438 2633 495 LlB.
2674 439 2732 502 Il.
3323 456 3334 473 ‘
3519 460 3587 517 7b

314 525 496 587 sorpta
529 526 657 574 tunc
686 526 879 588 morte,
904 535 1164 580 renovata
1194 535 1381 584 aeterm
1419 532 1598 600 gaudii
1634 535 1899 605 culmine,
1927 551 1983 610 Α
2010 543 2227 601 tulimus
2251 586 2267 612 ,
2308 557 2476 605 restat
2522 562 2578 607 ut
2622 554 2671 608 in
2701 557 2946 626 sequenti
2988 560 3263 620 volumine
3307 569 3588 628 moraliter

313 609 698 668 sublevabitur.
726 612 833 669 Sed
872 614 990 672 haec
1011 612 1124 684 jam
1156 620 1335 688 typiea
1362 625 1742 690 explanatione
1770 644 1899 696 pro-

2004 634 2388 702 exprimamus.

1488 910 1783 993 LIBEB
1856 913 2427 1001 SECUNDUS.

814 1038 1043 1112 CAPUT
1084 1056 1374 1117 PRIMUM.
1587 1125 1595 1132 ,

369 1132 547 1206 531.
572 1135 848 1209 Superiori
876 1142 1040 1214 libro,
1065 1151 1190 1202 dum
1216 1165 1383 1206 sacra:
1413 1151 1653 1209 historia:
1677 1165 1884 1214 textum

298 1229 577 1286 moraliter
589 1231 995 1306 discuteremus,
1009 1228 1177 1296 Annae
1194 1241 1575 1302 fecunditatem
1594 1248 1647 1303 in
1663 1265 1887 1308 summa:

294 1322 765 1392 contemplationis
785 1328 1116 1397 perfectione
1139 1338 1431 1406 posuimus,
1456 1342 1579 1410 quia
1602 1343 1887 1413 concipere

290 1413 460 1466 menti
482 1424 564 1469 cst
582 1415 650 1471 de
670 1432 874 1473 summa
898 1420 992 1479 Dei
1023 1427 1408 1498 omnipotentis
1428 1436 1887 1506 contemplatione

292 1502 636 1563 ineffabiliter
682 1510 945 1580 gaudere,
980 1532 1170 1585 parere
1207 1528 1386 1578 autem
1434 1524 1486 1579 in
1528 1537 1711 1584 mente
1752 1545 1886 1589 con-

287 1784 480 1841 torem,
500 1796 662 1850 quem
685 1782 1025 1845 inefl'abiliter
1050 1792 1238 1864 diligit,
1266 1798 1404 1855 veris
1432 1805 1718 1871 praeconiis
1738 1823 1875 1879 prte-

282 1864 503 1925 dicare?
531 1871 672 1928 Dicit
702 1889 832 1945 ergo
858 1897 872 1931 :

353 1960 370 2029 (
387 1960 409 2014 ι
440 1961 573 2033 Reg.
604 1980 664 2032 ιι,
698 1966 774 2038 1.)
804 1960 1098 2029 Επειιιιαυὶι
1118 1994 1207 2031 car
1233 1996 1400 2036 meum
1424 1985 1478 2041 in
1499 1983 1745 2044 Domino.

346 2052 401 2105 ἓ.
450 2054 555 2110 Sed
582 2072 645 2112 ea
675 2074 792 2130 quae
830 2066 1173 2125 manducavit
1200 2080 1255 2129 et
1282 2074 1445 2143 bibit,
1477 2095 1593 2149 qua:
1629 2098 1871 2141 amarum

275 2142 514 2199 animum
542 2146 741 2219 habuit,
760 2167 881 2223 quae
906 2154 1055 2213 ﬂevit
1079 2160 1315 2233 largiter,
1347 2182 1468 2238 qua:
1490 2142 1676 2229 votum
1696 2177 1864 2246 vovit,

273 2234 399 2304 quia
440 2236 529 2293 illa
576 2257 725 2300 mens
764 2248 1189 2318 omnipotentem
1229 2234 1401 2315 Deum
1438 2262 1599 2333 digne
1642 2234 1867 2329 laudare

270 2334 469 2396 potest,
489 2345 607 2399 qua:
633 2330 805 2404 dignis
827 2341 1090 2408 agonibus
1120 2344 1187 2401 ad
1212 2330 1634 2423 charitatis‘ejus
1654 2371 1865 2415 summa

268 2423 527 2491 pervenit,
545 2422 661 2483 ham
680 2430 893 2498 quidem
915 2433 1165 2493 diuturno
1190 2455 1286 2495 usu
1306 2452 1656 2504 contemnere
1682 2453 1862 2508 omnia

265 2502 481 2580 didicit,
521 2525 575 2573 et
602 2519 727 2574 dum
754 2532 949 2581 cuncta
986 2536 1168 2586 creata
1209 2532 1277 2588 ab
1313 2534 1612 2595 intentione
1640 2541 1859 2611 abjicit,

265 2610 415 2660 tanto
444 2610 673 2679 amplius
712 2614 765 2669 in
795 2617 1001 2678 visione
1040 2631 1256 2681 :eternae
1298 2629 1597 2699 majestatis
1626 2636 1859 2706 gaudet,

260 2704 464 2762 quanto
507 2699 731 2772 alicujus
758 2716 1020 2765 creaturae
1055 2716 1265 2784 species
1293 2718 1349 2774 in
1380 2722 1463 2780 sui
1492 2738 1680 2782 amore
1718 2728 1861 2787 hanc

260 2784 495 2843 retinere
541 2807 649 2848 non
696 2799 970 2864 praevalet.
1009 2801 1135 2861 Hrec
1179 2822 1309 2878 ergo
1352 2811 1528 2869 dicit:
1560 2814 1860 2879 Exsultauit

258 2888 345 2927 cor
372 2892 541 2933 meum
571 2882 623 2935 lu
650 2881 897 2955 Domino,
919 2905 1039 2961 quae
1062 2909 1206 2966 eum,
1232 2904 1556 2972 contemptis
1582 2910 1853 2980 omnibus,

255 2966 432 3023 solum
460 2982 627 3027 amat.
659 2973 717 3029 in
747 2977 888 3035 hunc
918 2983 1159 3053 profecto
1195 2990 1450 3050 allectum
1482 3012 1724 3068 venerat,
1759 3004 1851 3072 qui

253 3053 466 3113 dicebat
491 3077 504 3114 :
540 3059 677 3126 Quid
704 3069 828 3122 mihi
871 3082 1031 3127 restat
1074 3078 1126 3132 in
1157 3081 1315 3149 caelo,
1343 3091 1394 3137 et
1423 3103 1456 3139 a
1486 3097 1536 3163 te
1563 3092 1685 3160 quid
1710 3053 1849 3152 solui

251 3164 406 3219 super
429 3161 619 3209 terram
646 3156 818 3219 (Psal.
840 3178 1008 3235 Lxxrr,
1031 3167 1141 3240 25).
1174 3171 1310 3229 Hinc
1332 3177 1387 3231 in
1414 3160 1526 3237 Deo
1550 3156 1846 3256 est-uitans,

251 3239 383 3297 dicit
416 3261 430 3297 :
473 3246 683 3303 Vultum
713 3260 874 3324 tuum,
908 3259 1099 3314 vultum
1126 3271 1286 3333 tuum,
1318 3268 1561 3341 Domine,
1591 3280 1849 3349 requiram

251 3331 425 3401 (Psal.
452 3352 596 3407 xxvi,
624 3338 701 3412 8).
728 3342 863 3401 lline
885 3363 1081 3419 sponsa
1111 3356 1162 3409 in
1186 3331 1421 3423 Cantieis
1445 3331 1601 3434 petit,
1624 3331 1845 3428 dicens:

252 3421 527 3482 Osculelur
565 3448 646 3487 me
667 3437 841 3491 osculo
886 3443 991 3497 oris
1035 3447 1115 3500 sui
1160 3421 1348 3519 (cum.
1379 3470 1419 3522 ι,
1445 3421 1529 3524 λ).
1554 3457 1688 3515 Dum
1717 3476 1848 3534 ergo

249 3516 412 3574 dicit:
440 3520 733 3583 Exsullavit
758 3548 847 3587 cor
868 3551 1035 3592 meum
1054 3540 1108 3593 in
1126 3516 1376 3616 Domino,
1394 3516 1520 3617 quid
1561 3554 1704 3611 aliud
1733 3516 1845 3629 εὶ

245 3622 409 3676 quam
447 3611 501 3668 in
532 3613 646 3684 ejus
672 3633 732 3675 se
759 3630 783 3659 ⁸
812 3625 1008 3681 osculis
1055 3628 1332 3689 inhazsisse
1381 3650 1543 3704 quem
1589 3611 1844 3702 ardente—tr

244 3702 419 3775 diligit
458 3709 753 3776 gloriatur?
793 3716 856 3772 Et
879 3719 1084 3778 idcirco
1124 3725 1211 3780 illa
1235 3727 1353 3784 sola
1382 3702 1499 3789 tu.
1528 3733 1688 3803 dicit,
1722 3754 1842 3809 quas

243 3802 469 3862 experta
498 3799 649 3855 novit
676 3818 794 3874 qua:
822 3807 902 3862 vis
931 3812 1130 3867 amoris
1166 3815 1237 3872 sit
1269 3816 1323 3873 In
1354 3820 1590 3880 thalamo
1630 3832 1836 3897 sponsi.

242 3880 464 3939 Cunctis
484 3880 683 3961 quippe
709 3896 1018 3962 passionum
1044 3902 1283 3961 victoriis
1311 3908 1598 3985 illustrata,
1624 3880 1685 3973 ei
1700 3935 1840 3989 prius

242 3969 348 4026 lata
373 3974 630 4035 virtutum
652 3985 903 4055 culmine,
929 3992 994 4046 ad
1016 3993 1160 4051 illam
1188 4000 1568 4063 sublimitatem
1583 3969 1839 4079 pertionit

241 4062 309 4119 'ex
339 4083 443 4135 qua
474 4085 571 4141 per
598 4076 850 4142 gaudium
891 4084 1043 4141 mirae
1082 4087 1387 4151 devotionis
1427 4062 1834 4163 exsultationis-

240 4170 344 4225 que
370 4176 469 4218 cor
485 4178 644 4222 suum
669 4170 720 4225 in
755 4171 868 4231 Deo
899 4180 1095 4246 posuit.
1128 4179 1191 4239 Et
1225 4186 1350 4254 quia
1378 4196 1473 4245 cor
1497 4199 1653 4250 suum
1681 4198 1831 4267 dicit,

238 4252 366 4318 quid
416 4256 559 4313 aliud
607 4277 764 4332 quam
809 4271 1007 4327 mentis
1060 4289 1171 4330 suae
1216 4252 1520 4339 libertatem
1566 4252 1833 4351 asseruit‘i

237 4340 473 4414 Reprobi
503 4353 718 4420 quidem
760 4361 922 4416 corda
957 4380 1052 4420 sua
1081 4382 1188 4421 non
1217 4369 1436 4440 habent,
1470 4377 1594 4444 quia
1619 4394 1681 4433 ea
1712 4375 1843 4436 dia?

236 4431 387 4487 holus
417 4440 673 4505 possidet.
726 4444 876 4504 Unde
905 4460 959 4506 et
998 4454 1063 4511 de
1109 4458 1386 4526 proditore
1424 4431 1666 4526 dicitur:
1700 4468 1825 4528 Cum

238 4524 477 4582 diabolus
505 4532 621 4602 jam
652 4539 871 4595 misisset
913 4545 965 4599 in
1006 4524 1125 4615 cor,
1148 4561 1202 4605 ut
1245 4554 1471 4611 traderet
1512 4578 1626 4616 eum
1654 4562 1823 4621 Iudas
1854 4535 1906 4595 D

233 4611 259 4648 ί)
287 4615 519 4677 Simonis
550 4622 828 4687 Iscarioles
857 4633 1045 4705 (Joan.
1078 4656 1188 4708 xm,
1207 4641 1358 4714 2).Si
1376 4649 1512 4704 enim
1537 4650 1700 4711 Judas
1728 4672 1824 4714 cor

231 4722 406 4776 suum,
438 4723 493 4769 et
520 4734 628 4774 non
656 4720 921 4795 diabolus,
955 4733 1280 4806 possideret,
1309 4738 1423 4809 ipse
1461 4745 1639 4811 potius
1670 4747 1723 4803 in
1752 4764 1821 4806 co

230 4799 431 4860 bonum
461 4822 622 4876 quam
652 4811 895 4874 diabolus
933 4799 1135 4879 malum
1167 4799 1415 4897 poneret.
1458 4833 1576 4900 Quo
1627 4849 1815 4900 contra

228 4890 433 4951 electus
460 4898 542 4953 vir
569 4901 827 4978 loquitur,
857 4911 1041 4970 dicens
1066 4933 1078 4970 :
1108 4918 1352 4977 Animam
1391 4941 1558 4981 meam
1584 4939 1735 5001 parte
1762 4935 1815 4989 in

227 4987 467 5045 manibus
494 4996 618 5049 meis
650 4996 791 5070 (Job.
822 5020 935 5071 xm,
972 5007 1081 5080 14).
1116 5011 1257 5079 Quid
1284 5031 1426 5073 enim
1453 4987 1597 5077 aliud
1625 4987 1817 5086 manus

222 5079 382 5136 electi
406 5094 671 5159 estquam
694 5103 933 5164 potestas
959 5101 1184 5160 internae
1205 5107 1506 5167 libertatis?
1527 5116 1661 5182 Quid
1688 5134 1816 5190 ergo

1534 5169 1660 5182 ,νη
1693 5169 1812 5190 πυ-

221 5169 271 5222 ei
305 5182 405 5239 est,
438 5177 669 5236 animam
715 5185 769 5240 in
796 5191 1043 5250 manibus
1069 5204 1311 5267 portare,
1344 5201 1449 5258 nisi
1492 5204 1718 5265 internas
1746 5212 1815 5268 li-

152 5332 163 5341 σ
219 5256 447 5319 bertatis
470 5268 695 5336 gloriam
717 5276 771 5333 in
799 5256 1358 5349 putestateretinere?
1376 5292 1814 5373 Quotiescunque

219 5362 352 5419 ergo
380 5358 617 5421 graviter
643 5364 1029 5443 delinquimus,
1061 5393 1156 5434 cor
1185 5391 1430 5441 nostrum
1459 5404 1559 5445 nos
1579 5406 1688 5447 non
1715 5394 1809 5450 ha-

214 5441 429 5553 bemus.
474 5449 653 5518 Quare
689 5466 743 5515 et
780 5441 1041 5524 ieremias
1082 5469 1309 5533 Judaico
1348 5481 1548 5550 populo
1575 5488 1812 5553 graviter

215 5530 552 5642 delinquenti
576 5545 949 5623 improperans
969 5596 986 5626 ,
1018 5562 1092 5617 ait
1121 5582 1133 5617 :
1159 5530 1323 5636 Audi,
1348 5530 1537 5642 populi:
1555 5530 1813 5647 suimet

212 5629 305 5697 qui
331 5646 437 5689 non
466 5635 624 5697 habes
663 5660 752 5701 cor
781 5648 1002 5720 (Jersm.
1032 5671 1087 5725 v,
1116 5656 1229 5731 Si).
1263 5629 1557 5724 Hinc'item
1585 5629 1811 5730 conver-

211 5729 310 5777 sus
344 5723 481 5784 alter
514 5734 779 5803 propheta
827 5739 942 5799 Deo
979 5723 1284 5821 confitetur,
1325 5754 1512 5816 dicens

213 5844 316 5971 an;
334 5840 803 5972 m‘procuidubio
830 5856 1137 5935 legendum,
1170 5881 1279 5925 non
1306 5880 1482 5942 oculis,
1511 5882 1571 5932 ut
1597 5876 1807 5939 habent

1994 1088 2168 1129 servus
2198 1083 2312 1131 tuus
2340 1094 2430 1133 cor
2454 1096 2602 1145 suum
2634 1082 2654 1156 (
2671 1081 2736 1140 II
2777 1085 2910 1160 Reg.
2941 1105 3045 1157 vn,
3076 1091 3200 1167 27).
3246 1094 3387 1155 Dicit
3413 1116 3541 1171 ergo
3568 1122 3599 1158 εΔ

1994 1161 2287 1223 Exsultavit
2313 1186 2401 1224 cor
2422 1189 2588 1228 meum
2612 1175 2667 1231 in
2694 1176 2939 1249 Domino,
2970 1194 3030 1238 ut
3055 1161 3361 1247 libertatem
3387 1197 3584 1251 mentis

1993 1267 2277 1327 assereret,
2306 1262 2423 1320 sine
2449 1279 2557 1336 qua
2587 1266 2754 1325 Deum
2785 1270 2944 1342 digne
2972 1274 3194 1335 laudare
3236 1296 3344 1337 non
3376 1294 3580 1355 posset.

1993 1345 2249 1416 Sequitur
2270 1367 2286 1404 :

2066 1462 2242 1532 (Vere.
2279 1465 2354 1536 i.)
2402 1466 2709 1528 Emallaium
2736 1486 2813 1529 est
2841 1492 3001 1533 cornu
3036 1497 3205 1537 meum
3228 1485 3284 1539 in
3308 1484 3417 1543 Deo
3442 1505 3576 1544 meo.

2061 1553 2167 1624 55
2198 1556 2249 1611 ὅ.
2292 1557 2348 1612 1η
2368 1574 2539 1617 cornu
2565 1565 2750 1620 electa)
2778 1572 2974 1626 mentis
2998 1572 3224 1631 intentio
3246 1578 3576 1649 designatur,

1987 1658 2106 1712 quas
2126 1647 2441 1705 mirabiliter
2469 1656 2747 1711 extollitur
2764 1673 2886 1714 eum
2912 1662 2977 1716 ad
2999 1678 3120 1719 eum
3144 1647 3432 1733 gaudendo
3454 1688 3578 1742 per-

1984 1735 2132 1788 venit
2161 1737 2255 1805 qui
2281 1752 2445 1809 super
2485 1745 2731 1801 universa
2782 1754 3049 1809 consistit.
3103 1755 3258 1814 Unde
3305 1770 3361 1815 et
3405 1735 3575 1820 cdrnu

1979 1839 2135 1879 suum
2174 1842 2282 1882 non
2330 1830 2383 1884 in
2434 1832 2542 1887 alio
2581 1835 2762 1905 aliquo
2808 1843 3103 1901 exaltatum
3150 1852 3370 1921 asserit,
3399 1856 3493 1909 sed
3520 1857 3573 1914 in

1978 1913 2112 1971 Deo.
2144 1917 2245 1983 Qui
2273 1920 2416 1976 enim
2446 1929 2778 1984 transeuntis
2826 1932 2968 1989 bona
3015 1937 3223 2009 diligit,
3252 1913 3411 2013 hujus
3446 1963 3573 2017 pro-

1978 2005 2119 2062 fecto
2147 2009 2373 2067 intentio
2396 2014 2673 2085 depressa,
2701 2038 2807 2078 non
2836 2026 3070 2084 exaltant
3098 2005 3348 2103 estquia
3379 2038 3433 2091 in
3448 2005 3572 2097 .imo

1975 2095 2155 2168 ﬁgitur
2186 2102 2275 2157 ubi
2310 2118 2406 2172 per
2434 2107 2763 2167 desiderium
2794 2115 3022 2175 locatur.
3067 2095 3205 2180 Hinc
3232 2095 3318 2181 est
3344 2130 3487 2197 Quod
3516 2095 3571 2188 in

1972 2190 2265 2263 Evangelia
2308 2198 2567 2258 Dominus
2588 2205 2718 2261 dicit
2743 2226 2753 2260 ε
2793 2209 2892 2265 rm
2915 2222 2991 2267 est
3020 2214 3291 2273 thesaurus
3320 2190 3469 2287 ius,
3495 2224 3569 2279 ibi

1970 2290 2047 2336 est
2072 2293 2122 2337 et
2144 2300 2233 2339 cor
2255 2295 2396 2342 tuum
2425 2290 2638 2361 (Matth.
2666 2311 2736 2359 vr,
2763 2297 2821 2351 ΩΙ
2846 2314 2860 2367 3
2890 2300 3016 2357 Lac.
3048 2316 3142 2373 im,
3166 2307 3279 2381 5t).
3310 2310 3568 2369 Exaltare

1968 2384 2100 2440 ergo
2126 2390 2293 2431 cornu
2320 2389 2566 2437 nostrum
2595 2386 2811 2443 volebat
2850 2390 3125 2462 Dominus,
3158 2408 3278 2454 cum
3308 2402 3523 2458 dicebat
3548 2424 3561 2458 :

1971 2461 2338 2523 Theseus-irate
2352 2471 2491 2528 vobis
2508 2475 2778 2534 lhesttums
2795 2480 2850 2535 in
2872 2484 2998 2539 εωιο
3016 2461 3227 2554 (Matth.
3246 2494 3426 2563 v1.10,
3444 2494 3558 2567 es).

1968 2555 2270 2615 Exaltatum
2300 2578 2467 2621 cornu
2495 2568 2766 2626 habebant
2796 2574 2832 2628 li
2868 2578 3064 2645 quibus
3105 2595 3166 2636 se
3196 2555 3391 2641 Paulus
3412 2555 3557 2646 con,-

1964 2646 2261 2720 formabat,
2315 2654 2547 2715 dicens:
2588 2658 2789 2719 Nostra
2837 2673 3157 2727 conuersatio
3202 2675 3255 2728 in
3303 2678 3440 2733 ralis
3485 2691 3560 2737 est

1966 2735 2184 2809 (Philip.
2217 2758 2292 2827 in,
2325 2742 2440 2815 20).
2481 2746 2590 2804 Sed
2645 2753 2738 2821 qui
2796 2757 3035 2813 cazlestia
3085 2768 3293 2820 tantum
3346 2735 3559 2839 diligit,

1960 2828 2006 2884 si
2035 2830 2180 2887 illam
2228 2826 2433 2891 intima:
2470 2839 2770 2900 dulcedinis
2812 2849 3133 2907 suavitatem
3180 2864 3399 2922 gustare
3446 2876 3555 2916 non

1960 2924 2131 2990 novit,
2159 2940 2468 2997 quanquam
2490 2932 2646 2989 valde
2672 2936 2940 2994 exaltatus
2970 2942 3061 3009 sit,
3086 2944 3152 2998 ad
3183 2946 3341 3015 hujus
3371 2958 3553 3008 tamen

1958 3015 2302 3076 exaltationis
2323 3021 2709 3082 sublimitatem
2733 3042 2842 3084 non
2868 3035 3132 3100 pervenit.
3163 3036 3257 3093 lllo
3299 3053 3429 3109 ergo
3452 3042 3553 3100 hac

1956 3105 2283 3165 exultatione
2312 3112 2554 3171 sublimis
2581 3125 2689 3185 est,
2723 3120 2816 3188 qui
2866 3137 2964 3191 per
2992 3124 3327 3185 incremenlt
3376 3133 3550 3189 virtu-

1957 3204 2071 3255 tum
2101 3201 2411 3274 proficiens,
2444 3209 2835 3268 sublimitatem
2872 3229 3098 3273 summae
3127 3222 3548 3292 contemplatio-

1953 3292 2038 3348 nis
2073 3294 2340 3367 obtinuit,
2368 3315 2478 3356 non
2506 3302 2681 3359 solum
2711 3312 2772 3359 ut
2810 3307 3047 3375 perfecte
3075 3312 3316 3369 omlestia
3359 3315 3547 3387 diligat

1950 3382 2048 3438 sed
2072 3386 2234 3442 etiam
2259 3398 2317 3445 ut
2342 3393 2545 3450 amoris
2572 3397 2903 3464 perfectione
2932 3399 2987 3455 in
3017 3402 3132 3457 sola
3161 3382 3546 3474 omnipotentis

1953 3471 2046 3528 Dei
2099 3480 2559 3549 contemplatione
2606 3487 2933 3554 requiescat.
2980 3489 3039 3545 In
3089 3491 3200 3549 Deo
3249 3471 3543 3558 exaltatum

1951 3578 2123 3618 cornu
2152 3565 2335 3635 habet,
2362 3571 2452 3639 qui
2484 3572 2681 3630 interni
2711 3575 2927 3635 luminis
2951 3580 3059 3636 alta
3089 3584 3298 3644 visione
3324 3588 3540 3658 fruitur,

1947 3651 1999 3708 in
2020 3668 2124 3724 qua
2140 3657 2386 3715 familiari
2407 3663 2642 3731 quadam
2662 3666 3037 3737 singularitate
3056 3673 3332 3743 gloriatur.
3360 3651 3539 3746 Quare

1943 3760 2053 3801 non
2077 3747 2172 3815 ait,
2204 3748 2264 3805 In
2292 3750 2407 3809 Deo
2436 3764 2642 3825 nostro,
2670 3759 2764 3815 sed
2792 3761 2848 3816 in
2874 3760 2988 3820 Deo
3017 3781 3149 3823 meo.
3178 3767 3354 3828 Meum
3383 3788 3536 3829 nam-

1941 3851 2048 3906 que
2071 3837 2139 3893 de
2167 3854 2233 3896 eo
2261 3842 2393 3898 dicit
2418 3860 2580 3916 quem
2621 3849 2962 3913 familiariter
2990 3872 3055 3913 ac
3085 3860 3429 3931 singulariter
3458 3866 3536 3922 di-

1941 3925 2073 3997 ligit.
2107 3929 2189 3985 Ad
2218 3947 2380 4002 quam
2403 3944 2551 3993 certe
2579 3938 2772 3997 divinae
2817 3925 3196 4006 familiaritatis
3221 3950 3534 4019 dignitatem

1938 4030 2278 4089 pervenerat,
2304 4024 2395 4094 qui
2426 4025 2639 4085 dicebat
2665 4050 2678 4087 :
2710 4031 2852 4090 Deus
2878 4054 3018 4093 meus
3060 4057 3115 4095 es
3140 4050 3215 4108 tu,
3240 4054 3291 4097 et
3320 4048 3532 4117 conﬁte-

1938 4104 2031 4161 bor
2060 4109 2150 4163 (ibi
2180 4128 2198 4165 :
2223 4110 2363 4168 Deus
2392 4133 2533 4172 meus
2555 4137 2609 4174 es
2637 4130 2710 4181 tu.
2740 4133 2790 4177 et
2815 4127 3057 4181 exaltabo
3088 4140 3135 4183 te
3166 4130 3335 4199 (Psal.
3368 4104 3530 4202 crivn,

1937 4195 2058 4268 28).
2090 4199 2226 4258 llinc
2264 4203 2429 4263 Isaias
2470 4212 2546 4263 ait
2583 4211 2890 4269 incredulos
2917 4195 3242 4288 increpans:
3275 4195 3530 4293 Nunquid

1934 4304 2119 4356 parum
2150 4304 2227 4347 est
2268 4297 2409 4352 vobis
2436 4300 2677 4358 molestos
2706 4321 2817 4361 esse
2840 4307 3147 4379 hominibus,
3180 4315 3301 4385 quia
3330 4318 3527 4373 molesti

1934 4370 2129 4433 estiset
2157 4382 2268 4439 Deo
2291 4403 2402 4441 meo
2435 4387 2589 4456 (Isai.
2616 4407 2704 4459 vn,
2736 4394 2863 4466 1'5)?
2889 4398 3019 4464 Quae
3039 4416 3169 4472 ergo
3193 4370 3526 4464 exultatione

1934 4483 2103 4524 cornu
2152 4474 2206 4528 in
2250 4475 2361 4533 Deo
2405 4482 2739 4553 sustollitur,
2768 4487 2935 4544 Deum
2981 4507 3136 4549 suum
3184 4497 3524 4567 singulariter

1929 4559 2146 4629 fatetur,
2187 4569 2312 4636 quia
2361 4585 2570 4628 summa
2614 4575 2703 4632 illa
2746 4578 2942 4637 infusio
2988 4584 3182 4642 divinae
3224 4559 3521 4649 dulcedinis

1924 4651 2220 4709 exaltatum.
2257 4669 2526 4729 mentem,
2578 4675 2633 4721 et
2671 4669 2754 4724 sui
2800 4676 3234 4747 susceptibilem,
3266 4691 3321 4739 et
3362 4684 3519 4742 valde

1923 4741 2245 4805 familiarem
2274 4751 2421 4811 facit.
2453 4755 2709 4826 Sequitur
2736 4780 2747 4792 '

1994 4858 2176 4929 (Vers.
2213 4863 2299 4918 1ιὶ
2351 4867 2643 4928 Dilalatum
2680 4885 2758 4933 est
2796 4896 2855 4935 os
2888 4895 3055 4939 meum
3081 4901 3237 4957 super
3278 4890 3515 4947 inimicos
3580 4893 3593 4901 ’

1925 4965 2063 5007 meos
2069 4991 2085 5007 .

1995 5041 2047 5097 ιι
2089 5044 2193 5111 Qui
2244 5038 2371 5107 sunt
2418 5054 2621 5112 inimici
2669 5059 2860 5118 electis
2896 5066 3130 5127 mentis.
3161 5068 3263 5125 nisi
3294 5070 3512 5140 spiritus

1923 5135 2183 5205 maligni?
2227 5140 2366 5209 Quid
2404 5159 2532 5217 ergo
2562 5158 2644 5207 est
2672 5152 2953 5211 dliatatum
2983 5172 3047 5213 os
3074 5173 3239 5231 super
3264 5135 3510 5219 inimicos

1918 5228 2138 5298 habere,
2168 5233 2271 5291 nisi
2302 5249 2494 5297 omnes
2531 5245 2891 5316 malignorum
2918 5228 3204 5322 spirituum
3230 5257 3508 5313 suasiones

1916 5322 2242 5391 amplissima
2288 5329 2391 5386 sibi
2433 5333 2622 5393 infusae
2664 5340 2848 5407 gratia:
2890 5341 3140 5412 largitate
3178 5344 3509 5416 reprobarei

1914 5409 2212 5481 Angustum
2256 5420 2457 5492 quippe
2502 5434 2564 5481 os
2613 5427 2806 5498 habet,
2835 5432 2927 5500 qui
2970 5409 3178 5491 eunetis
3228 5409 3505 5498 fraudibus

1912 5502 2271 5576 malignorum
2298 5512 2581 5581 spirituum
2621 5526 2721 5587 per
2756 5522 3247 5583 considerationem
3277 5531 3504 5587 rationis

1912 5594 2183 5651 contraire
2208 5612 2317 5655 non
2346 5605 2619 5672 praevalet.
2660 5607 2732 5665 Os
2766 5613 2965 5683 quippe
2995 5618 3189 5672 mentis
3216 5619 3333 5688 ejus
3362 5622 3503 5677 ratio

1911 5687 2025 5746 est,
2074 5692 2130 5739 et
2172 5685 2320 5757 loqui
2346 5692 2665 5751 deliberare.
2712 5699 2784 5755 0s
2826 5712 3061 5774 namque
3108 5685 3349 5777 repletur
3376 5722 3499 5764 cum

1914 5775 2109 5832 urentis
2140 5780 2280 5837 ratio
2309 5794 2404 5852 per
2426 5783 2655 5842 infusam
2683 5788 2786 5847 sibi
2813 5794 3041 5863 gratiam
3070 5795 3125 5853 in
3153 5775 3496 5868 contempno

1979 5884 2006 5925 ι’
2038 5888 2184 5948 Gilot
2207 5898 2263 5948 et
2289 5891 2488 5962 Vatic.,
2515 5894 2802 5960 Sutrium.
