4044 6336
540 446 604 515 79
1690 459 1932 515 SANCTI
1969 456 2295 515 GREGORII
2333 458 2543 516 MAGNI
3705 469 3777 523 80

534 576 734 631 tionem
764 584 983 630 summae
1001 564 1242 628 veritatis
1268 568 1547 625 attollitur.
1582 570 1791 641 Repleri
1812 571 2024 641 quidem
2045 572 2095 627 ei
2123 569 2175 631 Α
2199 577 2318 625 ctus
2343 571 2556 638 dicitur,
2592 573 2713 642 quia
2755 575 3083 645 regeneratis
3132 589 3229 645 per
3271 575 3458 631 salutis
3498 575 3773 635 lavacrum

530 676 613 725 est
658 666 1014 723 illustrations
1039 679 1258 720 summae
1286 663 1529 719 veritatis
1567 664 1750 719 imbui.
1794 664 1871 719 lbi
1896 664 2096 735 quippe

529 762 701 828 discit,
734 768 788 816 et
828 758 970 829 quod
1012 758 1335 813 aeternaliter
1362 765 1595 828 appetat,
1626 764 1681 813 et
1716 758 1858 827 quod
1890 766 2097 826 tempo-

528 854 709 908 raliter
736 858 1061 907 contemnat.
1090 847 1153 903 Et
1190 850 1314 917 quia
1343 863 1549 905 summa
1578 847 1775 902 veritas
1802 862 1954 902 amor
1980 857 2093 917 est,

525 946 813 1002 subtilitate
842 945 1079 1000 veritatis
1124 944 1387 999 attollitur
1414 943 1583 998 electa
1612 943 1787 997 anima
1808 980 1823 1004 ,
1874 940 2095 1010 ejusque

524 1038 599 1092 rei
643 1036 937 1104 charitate,
968 1048 1127 1105 quam
1151 1033 1429 1099 didicerit,
1460 1034 1839 1098 inflammatur,
1870 1040 1925 1087 et
1946 1040 2095 1087 tanto

523 1130 760 1185 strictius
781 1136 960 1183 servat
980 1126 1363 1195 magisterium,
1381 1134 1581 1194 quanto
1606 1123 1896 1181 ferventius
1919 1125 1970 1180 id
1994 1123 2095 1179 sibi

524 1221 809 1277 inviscerat
834 1220 916 1275 vis
944 1218 1161 1274 amoris.
1193 1216 1289 1271 Cui
1325 1217 1570 1272 nimirum
1612 1217 1711 1272 etsi
1740 1216 1953 1285 maligni
1984 1216 2094 1286 spi-

522 1312 654 1366 ritus
680 1311 814 1365 mala
854 1316 1161 1378 suggerunt,
1192 1308 1395 1363 dilatati
1426 1308 1535 1364 oris
1563 1307 1843 1380 apertione
1873 1307 2095 1363 confun-

522 1404 735 1466 duntur,
767 1402 909 1470 quia,
938 1402 1164 1455 veritate
1188 1414 1407 1454 summae
1432 1398 1705 1469 sapientiae
1734 1400 2011 1467 instructa,
2040 1405 2097 1454 et

521 1491 712 1546 summi
754 1490 952 1545 amoris
1000 1489 1199 1545 facibus
1238 1503 1461 1544 accensa
1488 1530 1504 1557 ,
1541 1489 1703 1544 habet
1743 1488 1855 1558 jam
1906 1499 2094 1545 contra

521 1583 911 1651 suggestionem
939 1580 1137 1635 erroris
1158 1580 1472 1634 immensam
1496 1578 1667 1634 lucem
1686 1579 1982 1648 sapientiae,
1998 1579 2096 1633 ha‘

519 1674 608 1729 bet
636 1682 690 1728 et
710 1679 895 1727 contra
922 1671 1156 1726 oblatam
1180 1669 1362 1725 mundi
1389 1670 1545 1738 hujus
1572 1685 1823 1739 pompam
1851 1671 2095 1725 ineffabi-

517 1767 618 1821 lem
661 1765 1001 1821 charitatem.
1033 1761 1091 1816 In
1131 1761 1492 1816 immensitate
1518 1760 1653 1816 lucis
1672 1759 1818 1815 videt
1860 1776 1979 1830 quae
2008 1776 2095 1816 re-

515 1858 732 1927 probet,
761 1854 855 1910 sed
896 1868 994 1923 per
1016 1853 1122 1906 vim
1160 1865 1380 1906 summa:
1421 1851 1699 1906 charitatis
1723 1860 1868 1905 amat
1910 1852 2091 1920 inepta

2192 665 2431 751 cbaritas
2477 666 2569 721 Dei
2615 665 2868 721 cordibus
2912 667 3111 722 nostris
3149 666 3462 733 infunditur,
3493 683 3589 739 per
3624 670 3776 738 cujus

2196 760 2421 828 gratiam
2446 758 2512 813 ad
2532 766 2743 814 πίει-ηπ)
2773 760 2957 828 patriae
2988 760 3123 816 bona
3154 775 3535 831 praeparamur,
3562 770 3623 816 ut
3649 762 3776 820 dum

2196 848 2309 904 haec
2329 850 2437 905 vita
2460 866 2556 920 per
2579 851 2910 906 decursionis
2932 868 3038 907 suae
3070 860 3277 924 tempus
3306 854 3554 918 elabitur,
3584 870 3647 911 ea
3678 871 3780 912 nos

2194 938 2301 993 vita
2318 941 2587 1010 suscipiat,
2604 941 2755 1009 cujus
2769 942 2962 1009 gaudio
2980 943 3104 998 hine
3122 944 3411 998 electorum
3437 945 3780 1012 egredientes

2195 1032 2383 1087 animae
2409 1032 2526 1087 sine
2555 1033 2741 1089 mortis
2769 1049 2967 1103 pavore
3009 1036 3304 1104 potiantur.
3340 1035 3544 1091 Deinde
3572 1052 3694 1091 esse
3725 1038 3776 1092 ei

2195 1124 2496 1193 ascribitur,
2525 1125 2649 1195 quia
2678 1126 2854 1181 securi
2884 1128 3361 1181 consummationis
3382 1136 3577 1181 nostra:
3607 1128 3775 1191 diem,

2192 1212 2440 1268 videlicet
2469 1214 2765 1269 claritatem
2807 1216 3005 1269 ultimae
3030 1216 3460 1285 resurrectionis,
3490 1226 3778 1286 exspecta-

2193 1318 2329 1367 mus,
2358 1303 2482 1358 dum
2522 1305 2574 1360 in
2620 1306 2712 1361 illo
2750 1322 2970 1362 munere
3010 1316 3246 1378 accepta:
3289 1308 3491 1377 requiei
3520 1308 3778 1362 discimus

2193 1397 2421 1451 extremi
2465 1398 2725 1452 examinis
2772 1398 3156 1454 discussionem
3206 1414 3315 1453 non
3364 1408 3636 1462 metuere,
3679 1397 3773 1454 sed

2193 1488 2469 1555 promissae
2498 1489 2680 1557 glorim
2709 1489 2945 1544 lat-titiam
2978 1498 3311 1560 exspectare.
3364 1488 3560 1544 Ultimo
3586 1498 3769 1544 autem

2192 1578 2312 1633 loco
2342 1578 2492 1633 fortis
2520 1580 2794 1646 asseritur,
2827 1579 2950 1634 auia
2988 1581 3040 1633 in
3072 1578 3265 1648 gaudio
3292 1580 3480 1634 lutum
3520 1591 3769 1633 resurre—

2192 1668 2385 1723 ctionis
2414 1668 2619 1725 infirma
2666 1677 2848 1725 nostra
2890 1670 3231 1734 roborantur,
3275 1686 3395 1725 cum
3434 1685 3560 1724 caro
3598 1670 3770 1737 surgit

2191 1764 2257 1817 de
2285 1763 2537 1832 pulvere;
2569 1763 2661 1818 sed
2688 1763 2824 1818 idem
2853 1763 3029 1818 carnis
3059 1772 3252 1818 nostra:
3283 1762 3455 1832 pulvis
3478 1762 3766 1816 translatus

2193 1854 2244 1907 in
2269 1864 2537 1923 perpetua:
2556 1855 2970 1925 incorruptionis
2990 1856 3233 1924 gloriam,
3254 1855 3318 1909 ad
3342 1854 3644 1923 fragilitatis
3657 1870 3765 1909 suae

516 1946 805 2015 reprobare
831 1957 949 2014 quae
976 1941 1143 1997 novit.
1174 1939 1278 1995 Per
1302 1940 1621 2011 sapientiam
1661 1941 1802 1995 mala
1842 1950 2091 2010 suggesta
2121 1939 2167 1998 B
2194 1946 2460 2001 miseriam
2490 1946 2630 2001 ultra
2670 1963 2775 2002 non
2814 1948 2969 2002 redit.
3023 1946 3127 2001 Sed
3151 1955 3206 2002 et
3235 1946 3523 2001 notandum
3554 1946 3682 2015 quia
3713 1947 3765 2001 in

515 2033 889 2107 reprehendit,
939 2032 1033 2088 sed
1079 2032 1134 2086 in
1181 2031 1377 2086 virtute
1428 2031 1704 2086 charitatis
1755 2030 2087 2101 deprehensa

516 2126 802 2194 redarguit.
850 2121 921 2179 Os
966 2136 1094 2192 ergo
1130 2137 1291 2192 super
1334 2121 1579 2178 inimicos
1616 2122 1836 2187 dilatat,
1866 2123 1988 2192 quia
2018 2136 2085 2176 ex

516 2215 833 2273 abundantia
855 2213 1078 2269 rationis
1097 2220 1285 2269 contra
1314 2212 1583 2267 daemones
1606 2212 1772 2266 multa
1796 2211 2083 2277 deliberat;

514 2316 565 2363 et
592 2322 658 2363 eo
697 2305 907 2362 acutius
953 2319 1141 2360 eorum
1179 2303 1389 2372 objecta
1422 2303 1680 2373 destruit,
1712 2318 1819 2372 quo
1864 2302 1916 2357 id
1947 2301 2087 2357 unde

513 2400 649 2453 mala
676 2405 921 2469 suggesta
942 2395 1194 2467 reprobet
1220 2394 1275 2448 in
1304 2393 1619 2450 sublimibus
1645 2392 1904 2464 agnoscit.
1936 2389 2087 2447 Unde

512 2493 754 2563 protinus
780 2505 997 2546 causam
1022 2488 1295 2544 insinuans
1313 2523 1329 2551 ,
1364 2486 1477 2541 ait:

579 2610 687 2679 56
717 2606 851 2672 Quia
880 2606 1054 2662 laetata
1082 2620 1194 2659 sum
1212 2604 1269 2657 in
1290 2602 1511 2657 salutari
1536 2609 1643 2657 tuo.

578 2699 632 2755 5.
672 2697 823 2765 Quod
852 2696 1090 2768 profecto
1117 2695 1223 2750 tale
1247 2701 1331 2751 est
1361 2710 1427 2750 ac
1471 2693 1689 2775 sidicat
1720 2709 1735 2746 :
1774 2690 1912 2759 Quia
1940 2691 2086 2746 exal-

512 2801 667 2847 tatum
696 2800 769 2845 est
794 2806 953 2846 cornu
987 2803 1155 2843 meum
1178 2787 1232 2842 in
1262 2785 1372 2841 Deo
1403 2802 1536 2841 meo.
1568 2784 1684 2841 Hoc
1708 2793 1856 2841 certe
1884 2791 1966 2840 est
1994 2784 2085 2838 lae-

511 2883 606 2938 tari
653 2883 708 2935 in
750 2880 982 2935 salutare
1011 2878 1139 2945 Dei,
1170 2877 1314 2947 quod
1354 2876 1644 2932 exaltatum
1675 2891 1843 2932 comu
1884 2877 2084 2932 habere

511 2986 561 3027 tn
594 2971 701 3024 Deo
730 2984 847 3025 suo.
899 2966 1053 3033 Quod
1101 2982 1207 3021 non
1251 2965 1319 3020 de
1355 2966 1592 3035 qualibet
1619 2965 1803 3020 laetitia
1832 2965 2083 3021 salutaris

511 3045 787 3128 accipittﬁ',
809 3056 905 3113 sed
932 3055 1000 3110 de
1026 3055 1117 3109 illo
1138 3053 1524 3124 perfectissimo
1545 3054 1759 3123 gaudio,
1781 3069 1889 3123 quo
1911 3053 2082 3109 electa

511 3150 853 3223 perfectaque
899 3148 1077 3204 anima
1125 3162 1277 3204 more
1304 3162 1514 3217 sponsae
1540 3148 1737 3217 gaudet
1764 3148 1817 3203 in
1858 3162 2076 3217 sponso.

510 3245 583 3299 De
630 3259 730 3313 qua
782 3241 1028 3296 nimirum
1076 3241 1257 3295 laetitia
1309 3240 1476 3295 David
1522 3241 1808 3305 obsecrat,
1852 3241 2074 3296 dicens:

2194 2036 2275 2091 bis
2300 2038 2470 2093 tribus
2492 2039 2558 2092 ab
2585 2038 2757 2093 altero
2784 2038 2848 2092 ad
2871 2040 3097 2093 alterum
3120 2039 3392 2103 ducimur;
3416 2041 3508 2093 sed
3525 2054 3650 2094 cum
3678 2039 3768 2093 ha-

2188 2130 2316 2185 bere
2346 2145 2451 2185 non
2475 2130 2711 2185 habitum
2742 2132 2983 2200 eruperit,
3015 2130 3101 2201 qui
3130 2130 3233 2186 hoc
3262 2131 3455 2200 accipit
3482 2131 3625 2199 quod
3659 2146 3767 2186 non

2187 2220 2392 2284 habuit,
2418 2221 2559 2289 quod
2588 2229 2711 2276 ante
2736 2220 2997 2275 habuerat
3024 2237 3128 2275 non
3152 2221 3369 2276 amittit.
3391 2220 3522 2275 Nam
3544 2236 3667 2275 cum
3698 2222 3764 2276 de

2187 2310 2612 2366 sanctificatione
2640 2310 2706 2364 ad
2740 2311 2980 2379 requiem
3017 2309 3381 2381 perducimur,
3411 2318 3463 2365 et
3484 2310 3551 2365 de
3578 2311 3765 2380 quiete

2188 2403 2377 2457 animae
2405 2402 2744 2473 perducimur
2772 2401 2839 2456 ad
2858 2402 3024 2457 robur
3048 2407 3263 2456 aeternae
3309 2401 3725 2471 incorruptionis
3742 2444 3763 2471 ,

2184 2499 2241 2549 et
2266 2492 2617 2550 sanctificatio
2637 2493 2911 2549 charitatis
2931 2503 3153 2561 augetur
3175 2492 3328 2548 nobis
3356 2492 3408 2546 in
3436 2492 3522 2546 illa
3552 2493 3763 2562 requie,

2184 2592 2240 2639 et
2267 2585 2480 2654 requies
2507 2594 2563 2641 et
2592 2600 2746 2640 amor
2774 2584 3038 2641 excrescit
3065 2584 3222 2639 valde
3260 2585 3311 2639 in
3342 2587 3759 2642 resurrectione.

2184 2672 2527 2729 Conditorem
2582 2689 2810 2745 namque
2857 2690 3010 2730 suum
3056 2689 3386 2743 unaquaque
3439 2675 3617 2729 anima
3663 2688 3764 2745 per

2184 2781 2420 2823 amorem
2437 2766 2719 2838 conjuncta
2742 2768 2792 2822 in
2817 2768 2977 2822 tantis
3002 2767 3307 2823 muneribus
3338 2768 3567 2834 intuens,
3593 2767 3761 2823 Annae

2181 2859 2405 2913 vocibus
2427 2859 2566 2915 dicat
2591 2874 2749 2929 quam
2795 2859 2932 2943 bene
2969 2859 3107 2929 sapit
3140 2858 3240 2913 sibi
3270 2858 3467 2913 donum
3508 2857 3759 2928 perfecta:

2182 2949 2602 3017 regenerationis
2629 2958 2685 3004 et
2706 2950 2785 3003 vis
2806 2948 3023 3004 amoris.
3051 2948 3238 3003 Dicat:
3266 2946 3387 3003 Non
3417 2958 3492 3004 est
3516 2959 3755 3015 sanctus,

2181 3048 2237 3093 ut
2279 3048 2355 3093 est
2397 3038 2669 3093 Dominus.
2716 3039 2865 3094 Dicat
2891 3053 3049 3107 quam
3092 3038 3282 3094 melius
3329 3030 3521 3093 munus
3546 3039 3648 3093 sibi
3676 3046 3756 3095 est

2182 3131 2465 3201 promissio
2503 3131 2697 3200 quietis
2744 3132 2796 3185 in
2842 3132 2976 3185 hora
3005 3129 3086 3185 sui
3128 3131 3422 3185 transitus:
3460 3126 3637 3201 Neque
3671 3139 3751 3184 est

2183 3223 2316 3277 alius
2344 3231 2492 3277 extra
2522 3232 2586 3276 te.
2613 3222 2766 3276 Dicat
2801 3237 2960 3291 quam
2990 3222 3248 3292 optimum
3278 3221 3376 3275 sibi
3407 3221 3621 3290 placens
3643 3221 3749 3291 57

510 3311 685 3393 Redde
712 3336 839 3391 mihi
869 3336 1104 3390 laetitiam
1126 3334 1372 3389 salutaris
1403 3334 1496 3402 tui,
1522 3342 1571 3389 et
1591 3335 1773 3404 spiritu
1801 3334 2077 3405 principali

2184 3315 2452 3386 praemium
2482 3316 2551 3369 sit
2576 3314 2759 3369 ultima
2786 3314 3063 3369 renovatio
3086 3330 3201 3377 sua,
3235 3313 3286 3367 in
3310 3312 3501 3382 gaudio
3528 3311 3752 3383 perfecti

506 3430 756 3499 conﬁrma
806 3444 886 3482 me
942 3425 1113 3497 (Psal.
1162 3441 1212 3492 ι,
1244 3424 1352 3496 14).
1395 3424 1524 3491 Quae
1553 3438 1681 3494 ergo
1708 3424 1985 3479 dilatatum
2015 3439 2076 3480 os

507 3520 705 3574 habere
732 3532 893 3587 super
921 3516 1164 3571 inimicos
1193 3530 1319 3571 suos
1368 3530 1427 3570 se
1453 3516 1730 3584 gloriatur,
1762 3516 1813 3570 in
1841 3514 2075 3570 salutare

507 3610 601 3665 Dei
628 3610 775 3679 prius
820 3608 998 3664 laetata
1043 3606 1205 3661 fuisse
1241 3606 1581 3674 describitur,
1609 3608 1735 3676 quia
1782 3607 1873 3661 illa
1917 3607 2077 3662 beata

507 3716 656 3757 mens
674 3698 851 3755 valide
876 3699 1165 3768 reprobare
1185 3698 1536 3767 malignorum
1563 3698 1844 3768 spirituum
1874 3700 2078 3755 suasio-

506 3807 601 3847 ues
622 3790 841 3861 poterit,
864 3804 982 3859 quae
1029 3788 1081 3842 iu
1120 3786 1495 3857 Redemptoris
1522 3788 1796 3843 divinitate
1826 3805 1921 3858 per
1948 3804 2079 3843 con-

507 3880 903 3950 templationem
922 3878 1218 3934 sublimiter
1238 3887 1529 3947 assumpta,
1555 3894 1621 3933 ex
1646 3893 1709 3935 eo
1730 3887 1784 3934 et
1803 3880 2077 3949 sapientiae

505 3973 700 4043 accipit
753 3970 1195 4040 magnitudinem,
1246 3978 1299 4024 et
1342 3970 1725 4039 plenitudinem
1774 3971 2073 4029 charitatis.

503 4065 672 4132 Quem
702 4064 939 4134 profecto
967 4063 1139 4131 dignis
1165 4062 1407 4117 laudibus
1446 4062 1717 4131 praedicat,
1742 4064 1923 4119 dicens
1954 4082 1967 4118 :

573 4158 747 4228 (Vers.
774 4157 854 4224 2.)
894 4153 1018 4211 Νοη
1045 4162 1121 4210 εει
1164 4162 1371 4208 sanctus
1396 4161 1451 4207 ut
1487 4163 1561 4207 est
1592 4152 1874 4220 Dominus;
1917 4171 2077 4227 neque

504 4249 637 4302 enim
663 4254 741 4302 est
767 4246 898 4301 alius
933 4254 1079 4299 extra
1120 4257 1184 4305 te.
1224 4252 1273 4298 et
1310 4259 1413 4298 non
1451 4251 1526 4297 est
1564 4244 1721 4308 fortis
1765 4246 1896 4300 sicut
1934 4244 2077 4301 Deus

504 4349 697 4394 noster.

574 4432 630 4488 6.
654 4430 749 4485 His
771 4444 1001 4499 namque
1023 4430 1187 4485 Annae
1208 4429 1428 4486 vocibus
1451 4444 1675 4501 quaeque
1704 4433 1875 4488 electa
1898 4434 2075 4489 anima

504 4524 608 4578 hoc
636 4522 981 4591 Redemptori
1010 4522 1204 4577 clamat
1233 4522 1286 4576 in
1317 4521 1493 4588 laude,
1526 4522 1668 4592 quod
1715 4523 1781 4578 ab
1810 4524 1926 4594 ipso
1957 4540 2076 4579 cre-

503 4614 580 4669 dit
627 4613 683 4667 in
712 4626 950 4666 munere.
982 4611 1089 4666 Sed
1133 4626 1200 4666 ex
1242 4612 1346 4667 hoc
1385 4612 1485 4681 piae
1511 4612 1859 4669 confessionis
1887 4615 2075 4672 ordine

2175 3406 2393 3475 spiritus
2431 3404 2510 3459 sui
2550 3413 2605 3459 et
2645 3404 2950 3473 glorificatae
2978 3405 3172 3459 carnis.
3227 3403 3412 3459 Dicat:
3444 3402 3511 3456 Et
3540 3420 3645 3457 non
3678 3411 3757 3457 est

2176 3499 2347 3569 fortis,
2377 3498 2507 3552 sicut
2535 3497 2673 3551 Deus
2721 3508 2911 3553 noster.
2960 3497 3027 3551 Et
3071 3498 3362 3553 notandum
3394 3499 3518 3566 quia
3563 3498 3751 3554 hocin

2174 3589 2350 3659 precis
2392 3588 2599 3645 cantico
2628 3586 2781 3644 Anna
2812 3590 3065 3658 loquitur.
3114 3587 3310 3645 Electae
3345 3590 3544 3646 etenim
3587 3590 3757 3644 menti

2175 3679 2291 3733 haec
2335 3678 2386 3732 in
2424 3680 2634 3734 cantico
2676 3693 2899 3749 poscere
2928 3686 3037 3747 est,
3067 3677 3208 3734 dona
3252 3686 3359 3733 tam
3388 3678 3607 3747 grandia
3635 3694 3758 3735 cum

2176 3768 2367 3837 gaudio
2389 3768 2711 3823 desiderare.
2740 3766 2929 3823 Petere
2948 3768 3146 3838 quippe
3168 3768 3217 3824 ei
3245 3768 3546 3824 desiderare
3573 3778 3678 3833 est,
3703 3777 3759 3824 et

2176 3858 2409 3929 gaudere
2437 3866 2673 3913 cantare.
2713 3857 2818 3913 Sed
2847 3874 2976 3928 quae
3012 3867 3118 3913 tam
3163 3859 3457 3928 gaudenter
3481 3860 3757 3929 dignitatis

2177 3967 2287 4007 suae
2311 3965 2529 4007 munera
2560 3950 2843 4019 conspicit,
2876 3965 3035 4021 quam
3074 3950 3283 4007 fortiter
3311 3951 3535 4006 occultis
3579 3951 3755 4005 hosti-

2176 4043 2275 4099 bus
2300 4042 2588 4113 exprobret
2616 4042 2920 4096 innotescit.
2953 4039 3207 4111 Sequitur
3233 4042 3396 4109 enim,
3427 4050 3481 4096 et
3509 4041 3638 4096 dicit
3665 4060 3679 4094 :

2249 4133 2426 4204 (Vers.
2455 4131 2535 4202 5.)
2578 4130 2757 4187 Nolite
2799 4132 3138 4201 multiplicare
3175 4132 3312 4204 loqui
3341 4131 3579 4187 sublimia
3634 4137 3755 4203 glo-

2176 4231 2388 4295 riantes,
2420 4229 2658 4284 recedant
2686 4236 2853 4283 vetera
2874 4228 2936 4282 de
2956 4245 3043 4283 ore
3064 4236 3247 4284 vestro.

2248 4346 2301 4401 7.
2352 4344 2613 4399 Sublimia
2639 4343 2838 4414 quippe
2866 4350 2921 4398 et
2964 4348 3145 4397 vetera
3172 4342 3391 4412 spiritus
3412 4343 3628 4411 maligni
3668 4342 3755 4398 lo-

2178 4448 2430 4509 quuntur,
2478 4452 2597 4491 cum
2628 4436 2732 4489 alta
2760 4450 2877 4504 quae
2905 4433 3158 4490 videntur
3183 4433 3339 4502 hujus
3376 4433 3557 4488 saeculi
3584 4447 3753 4503 appe-

2179 4529 2337 4584 tenda
2357 4527 2598 4582 ﬁdelibus
2637 4535 2950 4595 suggerunt.
3009 4524 3109 4590 Qui
3136 4538 3265 4592 ergo
3295 4538 3464 4579 cornu
3492 4539 3648 4578 suum
3696 4525 3751 4578 in

2180 4619 2289 4673 Deo
2314 4618 2550 4673 exaltare
2575 4616 2685 4685 jam
2716 4615 2919 4679 didicit,
2972 4615 3064 4683 qui
3112 4614 3282 4669 teneri
3324 4615 3377 4668 in
3422 4613 3614 4681 gaudio
3645 4612 3755 4669 Ma-

503 4707 637 4763 ordo
660 4704 915 4770 innuitur,
940 4720 1047 4773 quo
1071 4703 1257 4759 eadem
1278 4706 1514 4761 muneris
1533 4709 1673 4763 bona
1694 4722 1811 4776 quae
1830 4709 2071 4763 seriatim
2107 4703 2153 4761 D
2172 4708 2384 4777 jestatis
2413 4707 2581 4771 novit,
2631 4705 2887 4775 quidquid
2914 4703 3136 4760 offertur
3160 4704 3260 4759 sibi
3292 4704 3358 4760 de
3381 4704 3750 4759 blandimento

502 4796 722 4869 protulit
769 4809 1178 4863 consequamur.
1227 4792 1452 4848 Sanctus
1496 4796 1675 4865 itaque
1720 4796 1978 4851 Dominus
2018 4806 2074 4853 et

502 4889 654 4942 fortis
679 4886 955 4954 asseritur,
985 4900 1017 4939 a
1043 4900 1147 4954 quo
1176 4884 1587 4953 sanctiﬁcamur,
1612 4885 1681 4939 ad
1709 4887 1946 4955 requiem
1975 4886 2072 4942 du-

500 4981 699 5046 cimur,
731 4987 786 5035 et
825 4977 1201 5049 glorificamur.
1249 4975 1738 5032 Sanctiﬁcationem
1776 4991 1806 5031 a
1844 4976 2072 5034 Domino

500 5070 792 5140 accipimus
822 5069 876 5122 in
898 5068 1095 5122 virtute
1134 5066 1590 5137 regenerationis;
1640 5081 1757 5122 esse
1787 5076 1987 5135 autem,
2019 5067 2072 5123 id

500 5170 583 5217 est
608 5163 843 5231 quietem
891 5160 956 5214 ab
992 5158 1147 5228 hujus
1183 5158 1539 5214 mutabilitate
1571 5159 1933 5228 corruptionis
1956 5200 1973 5228 ,
2011 5160 2067 5216 in

498 5253 880 5307 terminatione
908 5250 1112 5315 exsilii,
1154 5249 1516 5305 fortitudinem
1569 5249 1624 5303 in
1670 5250 1940 5321 triumpho
1984 5266 2073 5308 re-

500 5341 864 5396 surrectionis.
895 5339 1129 5393 Primum
1156 5341 1339 5408 itaque
1364 5338 1557 5393 horum
1580 5354 1861 5394 munerum
1886 5341 1943 5395 in
1968 5342 2068 5398 ista

498 5433 609 5487 vita
628 5433 1019 5499 consequimur,
1038 5447 1160 5487 cum
1179 5431 1336 5486 electi
1356 5430 1612 5499 cujusque
1636 5432 1813 5486 anima
1835 5432 1887 5487 in
1909 5448 2071 5490 carne

499 5531 619 5589 est,
648 5520 743 5576 sed
772 5530 995 5590 utraque
1020 5522 1193 5576 a‘dbuc
1222 5521 1275 5575 in
1304 5534 1475 5589 agone
1513 5521 1691 5592 operis
1732 5524 1938 5591 posita;
1980 5539 2067 5581 se-

501 5627 670 5683 quens
685 5621 860 5672 autem
880 5613 933 5668 in
956 5614 1068 5668 sola
1089 5612 1268 5666 anima
1287 5620 1482 5680 praeter
1498 5626 1734 5679 carnem,
1756 5620 1880 5682 post
1896 5615 2070 5671 carnis

498 5702 697 5767 vitam,
734 5710 791 5758 et
824 5702 932 5771 jam
976 5701 1045 5756 de
1093 5700 1250 5769 hujus
1286 5701 1407 5757 vitae
1451 5702 1721 5757 laboribus
1761 5714 2067 5774 assumpta;

499 5786 741 5851 ultimum
792 5810 941 5859 vero,
986 5793 1039 5846 in
1084 5790 1330 5848 carne‘et
1360 5793 1557 5860 anima,
1587 5794 1679 5849 sed
1709 5802 1933 5865 utraque
1956 5795 2068 5865 jam

499 5900 599 5947 per
624 5884 843 5951 gloriam
881 5884 1194 5938 aeternitatis
1225 5880 1492 5940 innovata.
1538 5885 1690 5943 Prius
1726 5890 1908 5945 itaoue
1945 5904 2070 5945 san-

2174 4799 2351 4854 saeculi
2385 4798 2631 4862 labentis,
2657 4796 3030 4866 exprobrando
3057 4796 3303 4864 despicit,
3325 4795 3508 4849 dicens
3534 4812 3546 4847 :
3572 4793 3754 4850 Nolite

2174 4888 2512 4958 multiplicare
2538 4889 2675 4957 loqui
2704 4887 2945 4943 sublimia
2982 4889 3281 4958 gloriantes,
3310 4886 3553 4940 recedant
3580 4896 3751 4940 vetera

2175 4981 2238 5034 de
2264 4996 2351 5035 ore
2373 4988 2556 5035 vestro.
2598 4980 2675 5033 Ac
2727 4979 2771 5035 si
2824 4986 3009 5047 aperte
3059 4978 3326 5046 loquatur,
3354 4984 3409 5032 et
3430 4977 3613 5032 dicat:
3672 4975 3751 5031 Eo

2175 5070 2305 5125 mihi
2358 5086 2422 5125 ea
2451 5085 2571 5139 quae
2600 5068 2896 5125 offeruntur
2922 5067 3227 5136 displicent,
3286 5082 3394 5137 quo
3419 5082 3516 5137 per
3536 5065 3753 5122 deside-

2173 5163 2312 5219 rium
2342 5162 2446 5217 alia
2468 5162 2623 5218 video
2651 5175 2769 5230 quae
2795 5160 2950 5215 valde
2973 5159 3208 5230 placent.

2243 5251 2297 5306 8.
2328 5251 2480 5317 Quod
2511 5250 2751 5321 profecto
2775 5249 2973 5314 dicere,
3006 5250 3132 5319 quia
3160 5248 3210 5303 ei
3240 5248 3498 5318 competit
3523 5248 3615 5318 qui
3635 5248 3749 5317 jam
3850 5288 3857 5293 ς

2172 5343 2397 5398 idoneus
2451 5342 2518 5397 ad
2568 5342 2916 5397 ministerium
2968 5340 3359 5409 praedicationis
3416 5340 3750 5409 agnoscitur,

2171 5440 2296 5501 apte
2318 5446 2531 5502 quoque
2554 5439 2742 5487 contra
2771 5437 3082 5499 arrogantes
3110 5430 3399 5499 sapientes,
3454 5438 3507 5485 et
3558 5437 3753 5485 contra

2172 5524 2501 5592 negligentes
2526 5531 2719 5579 sanctae
2740 5522 2861 5577 vitae
2889 5520 3237 5591 professores,
3266 5520 3365 5576 ista
3386 5519 3596 5590 prolata
3626 5534 3755 5575 sen-

2174 5614 2395 5669 tiuntur.
2426 5614 2545 5667 Alta
2571 5613 2768 5681 quippe
2791 5610 3026 5680 glorians
3058 5610 3310 5679 loquitur,
3331 5609 3421 5677 qui
3450 5622 3546 5678 per
3570 5608 3754 5663 scien-

2173 5704 2303 5758 tiam
2332 5719 2491 5772 quam
2513 5701 2723 5770 accepit
2740 5716 2799 5756 se
2816 5701 3113 5770 intelligere
3140 5698 3437 5755 sublimiter
3463 5698 3749 5766 gloriatur.

2174 5795 2366 5850 Vetera
2397 5809 2523 5849 vero
2545 5794 2798 5864 loquitur,
2815 5796 2926 5865 qui,
2953 5792 3261 5864 postpositis
3284 5800 3483 5848 sanctae
3502 5789 3751 5860 Scriptu-

2172 5904 2245 5945 rae
2272 5887 2525 5959 eloquiis,
2566 5889 2906 5945 saecularibus
2950 5887 3126 5944 verbis
3176 5894 3486 5958 occupatur.
3540 5880 3750 5942 Dicitur
