4044 6336
1506 278 1519 283 η-
1543 278 1557 283 -
1580 272 1695 285 ’μυ--.ν-
1812 268 1883 283 1δῖ-

285 363 336 423 ΞΙ
1123 363 1191 422 ΙΝ
1229 363 1496 424 PRIMUM
1534 360 1771 418 REGL‘M
1813 362 2322 425 EXPOSITIONES.
2361 396 2432 413 —-
2466 367 2595 425 LIB.
2633 367 2695 425 11.
3487 372 3554 426 82

278 492 463 554 ,taq'ue
487 481 904 554 arrogantibus:
936 480 1113 540 Nolite
1143 482 1281 552 loqui
1302 481 1543 538 sublimia
1563 482 1864 553 gloriantes.
1896 483 1945 543 Α
1971 497 2093 537 cum
2115 484 2241 539 dum
2272 485 2497 541 intentio
2527 485 2692 555 impia
2714 484 2966 554 tetendit,
3013 484 3194 555 jacere
3232 488 3447 546 malitiae
3472 492 3555 560 ja-

276 579 483 646 Quibus
529 576 776 649 profecto
832 576 1013 632 verbis
1040 576 1343 632 ostenditur
1363 575 1487 645 quia
1515 590 1622 629 non
1646 576 1866 630 modum

279 670 566 726 tocutionis
590 667 865 739 prohibet,
918 666 1014 722 sed
1051 666 1299 723 affectum
1331 666 1661 722 intentionis.
1703 668 1868 734 Quasi

274 768 466 830 aperte
494 758 638 813 dicat
668 775 683 812 :
715 756 966 813 sublimia
986 756 1285 826 loquimini,
1314 756 1409 811 sed
1435 756 1503 811 de
1532 771 1598 811 eo
1618 755 1761 826 quod
1787 756 1867 810 al-

276 861 391 906 tum
440 850 639 906 dicitur
675 849 897 920 gloriari
952 848 1203 918 refugite.
1266 847 1424 903 Unde
1473 855 1528 903 et
1558 846 1754 903 Paulus
1781 848 1871 918 pie

278 943 600 1014 discipulum
626 941 901 1007 admonet,
941 941 1126 997 dicens
1155 959 1168 995 :
1215 939 1345 995 Noli
1369 941 1531 995 altum
1555 956 1755 1008 sapere,
1779 939 1872 995 sed

279 1034 403 1089 time
425 1033 603 1107 (Rom.
632 1049 707 1100 x1,
733 1031 849 1103 20).
901 1032 1020 1089 Non
1060 1032 1195 1088 dixit
1242 1031 1368 1088 Non
1397 1033 1559 1087 altum
1587 1033 1747 1104 loqui,
1772 1031 1871 1087 sed

281 1128 411 1184 Noli
431 1129 595 1182 altum
616 1143 831 1199 sapere;
860 1128 1003 1182 sicut
1028 1134 1083 1182 et
1110 1126 1199 1181 hic
1221 1141 1331 1181 non
1364 1126 1565 1183 dicitur
1591 1122 1772 1179 Nolite
1793 1124 1871 1179 lo-

280 1222 365 1295 qui
394 1220 656 1285 sublimia,
685 1219 780 1276 sed
809 1218 991 1275 Nolite
1030 1220 1314 1290 gloriantes
1362 1218 1523 1290 loqui,
1563 1218 1687 1288 quia
1716 1231 1872 1273 sacra

279 1312 500 1383 eloquia
528 1312 690 1367 altius
744 1312 1072 1383 exquirenda
1112 1321 1263 1377 sunt,
1310 1312 1406 1367 sed
1425 1327 1534 1383 quo
1572 1311 1732 1366 altius
1777 1327 1872 1367 ex-

277 1405 504 1475 quirens
534 1401 767 1474 proﬁcit,
796 1402 1144 1472 semetipsum
1168 1401 1421 1457 cohibere
1450 1417 1481 1456 a
1510 1416 1661 1456 vana:
1687 1401 1872 1470 glorize

280 1492 422 1549 fastu
442 1492 603 1548 debet
624 1507 723 1563 per
746 1491 1043 1549 custodiam
1068 1492 1404 1547 humilitatis.
1467 1492 1669 1547 Dicitur
1708 1492 1871 1548 etiam

283 1586 459 1643 otiose
487 1585 834 1655 loquentibus
868 1603 881 1638 :
936 1584 1201 1640 Recedant
1251 1593 1420 1640 cetera
1453 1586 1516 1639 de
1561 1602 1650 1641 ore
1683 1594 1870 1641 vestro.

284 1680 486 1736 Vetera
532 1681 733 1749 quippe
784 1687 912 1735 sunt
958 1679 1121 1735 verba
1154 1679 1359 1748 saeculi,
1388 1680 1514 1747 quia
1542 1678 1667 1734 dum
1693 1680 1746 1734 in
1794 1680 1874 1736 eis

284 1773 560 1844 loquentis
614 1772 827 1827 animus
862 1785 959 1842 per
1003 1771 1359 1827 intentionem
1393 1770 1591 1841 figitur,
1620 1771 1873 1826 devotio-

286 1867 372 1923 nis
417 1880 528 1921 sum
583 1864 781 1920 decore
806 1863 1090 1934 spoliatur.
1144 1861 1323 1930 Quare
1370 1862 1445 1917 illi
1475 1861 1727 1917 sublimia
1756 1862 1874 1930 glo-

288 1959 494 2015 riantes
519 1956 665 2026 loqui
694 1970 803 2012 non
830 1956 1046 2021 debent,
1086 1962 1142 2010 et
1188 1970 1286 2011 cur
1312 1955 1379 2011 ab
1424 1970 1612 2011 eorum
1657 1969 1752 2010 ore
1778 1970 1876 2011 ve-

290 2054 412 2105 tera
438 2048 667 2104 debeant
690 2046 967 2114 recedere,
1016 2046 1131 2102 hazc
1167 2061 1331 2102 causa
1357 2046 1713 2113 demonstrat,
1756 2062 1878 2117 quae

291 2140 631 2210 subjungitur
653 2155 668 2195 :

367 2252 546 2322 (Vers.
570 2251 647 2321 5.)
678 2251 812 2317 Quia
844 2250 983 2308 Deus
1012 2252 1346 2308 scientiarum
1372 2251 1628 2309 Dominus
1647 2261 1743 2308 est.

362 2343 417 2398 9.
467 2343 666 2399 Audiat
690 2344 874 2414 itaque
897 2344 1073 2401 sciens
1098 2353 1153 2400 et
1174 2357 1435 2413 arrogans
1477 2346 1601 2416 quia
1625 2361 1733 2401 non
1758 2345 1876 2416 ipse

291 2436 636 2495 scientiarum
665 2436 914 2492 dominus
954 2444 1058 2506 est,
1104 2436 1199 2492 sed
1225 2437 1386 2492 Deus.
1429 2436 1562 2491 Nam
1591 2445 1737 2494 recte
1762 2437 1880 2506 glo-

290 2528 437 2585 rians
464 2527 693 2593 diceret,
724 2528 769 2583 si
799 2528 914 2597 ejus
941 2542 1050 2598 qua
1076 2536 1311 2585 tumeret
1339 2528 1587 2596 scientia,
1616 2544 1727 2585 non
1757 2544 1878 2585 om-

290 2619 544 2690 nipotens
567 2618 731 2685 Deus,
759 2619 856 2674 sed
884 2619 1001 2689 ipse
1029 2619 1281 2675 dominus
1307 2619 1622 2675 exstitisset.
1677 2619 1879 2674 Audia-

290 2727 409 2769 mus
460 2718 515 2765 et
566 2724 689 2775 nos,
748 2712 967 2781 quando
1017 2712 1291 2782 loquimur
1316 2712 1480 2769 verba
1521 2712 1721 2780 saeculi,
1752 2711 1878 2783 quia

291 2801 433 2858 Deus
448 2802 795 2857 scientiarum
818 2801 1077 2858 Dominus
1094 2812 1196 2858 est.
1218 2800 1336 2857 Jam
1357 2804 1556 2874 quippe
1585 2803 1880 2859 electorum

292 2904 501 2949 mentes
526 2908 637 2948 non
663 2892 838 2948 solum
886 2894 1042 2959 Novi,
1092 2892 1185 2948 sed
1235 2894 1400 2949 etiam
1445 2892 1656 2948 Veteris
1686 2892 1880 2949 Testa-

291 2987 457 3041 menti
493 2986 719 3042 scientia
750 2986 1005 3053 innovat;
1059 2986 1208 3042 venit
1233 3001 1465 3056 namque
1489 2986 1582 3055 qui
1627 2987 1836 3042 diceret
1864 3007 1878 3044 :

293 3078 427 3135 Ecce
455 3096 585 3135 nova
614 3081 753 3150 facio
782 3082 957 3134 omnia
984 3078 1141 3149 (Isai.
1167 3095 1315 3145 mu,
1343 3078 1453 3149 l9).
1483 3078 1619 3134 Cum
1650 3094 1778 3149 ergo
1802 3088 1882 3134 tot

293 3184 433 3225 nova
459 3169 756 3224 habeamus
791 3184 913 3238 quae
955 3169 1101 3237 loqui
1150 3184 1461 3238 possumus,
1513 3177 1698 3225 vetera
1729 3169 1878 3240 loqui

1970 575 2092 630 cula
2113 590 2274 645 supra
2302 591 2362 632 se
2390 577 2442 631 in
2472 577 2807 633 conditorem
2836 576 3056 632 studuit.
3105 578 3332 650 Ponam,
3385 582 3558 653 inquit

1968 666 2221 737 princeps
2245 682 2455 733 eorum,
2503 667 2672 721 sedem
2722 686 2888 723 meam
2917 670 2985 723 ad
3006 671 3331 741 Aquilonem,
3362 674 3550 729 similis

1970 774 2057 812 ero
2099 758 2361 813 Altissimo
2418 757 2552 822 (Isa.
2581 774 2688 827 xiv,
2715 759 2801 824 15,
2829 760 2939 832 14).
2997 761 3105 817 Sed
3150 772 3431 831 superatus
3474 771 3560 819 est

1972 862 2128 904 arcus
2156 850 2396 913 fortium,
2440 851 2736 920 quia‘Deus
2759 861 3130 922 apostatarum
3154 855 3436 924 spirituum
3468 872 3559 911 su-

1971 940 2170 1010 perbiae
2220 942 2435 1008 restitit,
2480 942 2548 997 de
2597 942 2734 998 coelo
2776 944 3151 1015 praecipitavit,
3208 947 3558 1003 conditionali

1971 1031 2143 1101 gloria
2168 1033 2381 1089 virtutis
2409 1033 2575 1099 exuit,
2626 1042 2685 1087 ut
2710 1034 2954 1104 indapsis
3006 1037 3211 1107 angelis
3260 1038 3423 1093 homo
3449 1039 3559 1093 dis-

1974 1132 2124 1181 ceret
2140 1124 2270 1193 quid
2291 1125 2525 1180 timeret.
2575 1125 2709 1181 Nam
2755 1127 2882 1198 quid
2914 1127 2984 1183 de
3026 1144 3169 1185 mreo
3204 1146 3332 1186 vase
3361 1130 3468 1197 liet,
3510 1132 3558 1187 si

1974 1215 2116 1271 Deus
2164 1229 2265 1271 nec
2309 1217 2488 1271 aureis
2532 1218 2797 1286 superbia:
2844 1218 3016 1276 fetore
3067 1222 3242 1290 plenis
3295 1223 3559 1292 ignoscit?

1977 1303 2129 1361 Unde
2184 1314 2239 1361 et
2292 1307 2480 1362 Petrus
2531 1308 2584 1362 in
2613 1307 2853 1377 Epistula
2899 1325 2995 1365 sua
3023 1312 3276 1382 loquitur,
3326 1315 3511 1370 dicens
3540 1357 3555 1370 .

1975 1395 2117 1451 Deus
2140 1397 2465 1469 peccantibus
2493 1400 2691 1470 angelis
2714 1416 2815 1456 non
2851 1406 3097 1472 pepercit,
3141 1406 3233 1459 sed
3260 1406 3560 1460 rudentibus

1973 1487 2170 1559 inferni
2221 1488 2477 1543 detractos
2534 1490 2589 1544 in
2639 1498 2894 1545 tartarum
2952 1494 3164 1548 tradidit
3200 1498 3256 1549 in
3305 1497 3563 1568 judicium

1975 1588 2225 1634 reservari
2255 1579 2343 1650 (ιι
2372 1579 2519 1636 Petr.
2544 1597 2603 1647 ιι,
2632 1581 2710 1651 4).
2742 1581 2903 1649 Quasi
2927 1599 3056 1655 ergo
3084 1586 3290 1641 electus
3310 1597 3363 1642 et
3384 1588 3564 1642 humi-

1975 1670 2042 1726 lis
2068 1671 2396 1742 praidicator
2438 1674 2874 1743 superbientibus
2915 1675 3061 1733 dicat
3106 1677 3217 1734 :Ut
3246 1681 3466 1735 cessetis
3495 1681 3564 1735 ab

1976 1763 2226 1831 elatione,
2274 1764 2330 1818 in
2380 1764 2751 1821 conformibus
2818 1767 2971 1823 vobis
3019 1770 3248 1839 angelis,
3310 1772 3564 1829 videlicet

1903 1875 1954 1937 Β
1978 1855 2161 1928 lapsis,
2190 1857 2551 1913 damnationis
2570 1858 2762 1913 debita:
2788 1873 2979 1929 pennas
3014 1860 3262 1930 aspicite.

2053 1991 2141 2046 12.
2172 1989 2243 2047 Ει
2268 2007 2404 2063 quos
2444 1992 2645 2048 imitari
2684 1992 2917 2049 debeant
2965 2010 3293 2066 proponens,
3344 1996 3459 2053 ait:
3491 1995 3566 2053 Et

1978 2088 2178 2158 infirmi
2225 2088 2443 2141 accincti
2471 2095 2590 2140 sunt
2629 2089 2831 2143 robore.
2875 2087 2931 2143 Si
2973 2088 3043 2143 ob
3095 2090 3566 2160 praesumptionem

1978 2179 2351 2234 aestimationis
2377 2180 2501 2233 mali
2523 2179 2699 2247 angeli
2728 2178 2897 2235 fortes
2925 2188 3205 2248 vocantur,
3236 2179 3567 2237 inﬁrmorum

1981 2271 2271 2341 appellatio
2298 2278 2448 2326 recte
2469 2271 2640 2326 beatis
2674 2272 2949 2342 spiritibus
2976 2273 3246 2339 convenit,
3270 2272 3360 2343 qui
3405 2272 3473 2327 de
3509 2285 3568 2327 se

1981 2362 2128 2418 nulla
2149 2370 2558 2431 praesumentes,
2610 2363 2795 2419 virtuti
2818 2364 2903 2418 sui
2931 2363 3139 2435 opiﬁcis
3163 2371 3423 2435 perpetua
3469 2365 3569 2420 hu-

1981 2454 2211 2509 militate
2238 2453 2465 2524 subjecti
2495 2463 2642 2511 sunt.
2689 2454 2899 2526 Inﬁrmi
2946 2458 3165 2511 accincti
3214 2468 3332 2512 sunt
3363 2458 3566 2525 robore,

1981 2547 2127 2616 quia,
2180 2544 2499 2601 voluntaria:
2548 2546 2900 2614 subiectionis
2948 2547 3167 2616 merito,
3196 2548 3368 2603 sancti
3394 2548 3569 2619 angeli

1981 2636 2181 2691 interni
2206 2636 2406 2692 amoris
2433 2638 2650 2693 vinculo
2690 2638 2956 2694 conditori
2984 2654 3086 2694 suo
3118 2639 3392 2708 conjuncti
3422 2646 3566 2694 sunt.

1983 2729 2189 2798 Quibus
2230 2738 2357 2798 apte
2396 2730 2748 2787 accinctionis
2794 2745 2991 2786 nomen
3018 2732 3285 2801 congruit,
3315 2731 3441 2801 quia
3483 2746 3570 2786 ac-

1982 2820 2188 2875 cinctus
2216 2820 2465 2889 quilibet,
2513 2835 2580 2875 eo
2606 2835 2713 2889 quo
2743 2820 2977 2889 cingitur
3004 2821 3288 2888 cinctorio,
3321 2838 3389 2878 ex
3418 2824 3570 2877 omni

1981 2919 2135 2982 parte
2156 2911 2437 2978 retinetur,
2497 2911 2621 2981 quia
2646 2910 2896 2967 videlicet
2915 2911 3209 2967 beatissimi
3239 2912 3314 2969 illi
3354 2913 3571 2984 spiritus

1980 3004 2061 3061 sic
2085 3011 2211 3057 sunt
2234 3003 2284 3056 in
2308 3002 2610 3058 aeternitate
2635 3003 2870 3071 solidati,
2928 3020 2998 3059 ne
3032 3003 3099 3059 ab
3148 3018 3213 3059 ea
3246 3004 3441 3061 cadere
3468 3023 3570 3060 un-

1982 3109 2144 3164 quam
2168 3094 2395 3164 possint.
2422 3093 2559 3149 Hinc
2586 3102 2668 3149 est
2697 3096 2838 3166 quod
2870 3095 2938 3151 ad
2964 3095 3241 3150 Danielem
3261 3096 3315 3151 in
3339 3096 3571 3169 Babylo-

1984 3189 2072 3243 nia
2128 3188 2508 3258 praedicantem
2565 3188 2784 3257 angelus
2830 3189 3093 3257 mittitur,
3163 3188 3254 3257 qui
3296 3188 3570 3245 accinctus

292 3261 410 3317 sine
457 3260 615 3330 culpa
646 3259 950 3315 nullatenus
1000 3260 1261 3314 valemus.
1319 3258 1598 3315 Recedant
1624 3259 1785 3327 igitur
1809 3258 1879 3313 de

1984 3282 2169 3337 obrizo
2198 3279 2513 3350 perhibetur
2536 3279 2698 3349 (Dan.
2735 3296 2790 3347 x,
2824 3278 2900 3348 5).
2952 3278 3090 3334 llinc
3118 3287 3202 3334 est
3238 3279 3381 3348 quod
3408 3293 3569 3347 ange-

294 3367 389 3409 ore
414 3360 602 3408 nostro
626 3358 833 3418 vetera,
867 3357 927 3404 ut
951 3365 1071 3406 cum
1101 3349 1368 3405 damnatae
1396 3349 1677 3404 vetustatis
1718 3348 1878 3418 culpa

294 3446 457 3502 etiam
488 3460 520 3499 a
546 3458 795 3501 sermone
844 3444 1224 3514 compescitur,
1252 3442 1306 3498 in
1339 3442 1465 3498 novi
1496 3441 1729 3497 hominis
1755 3442 1879 3511 pul-

295 3539 658 3596 cbritudinem
688 3548 1043 3596 transeamus.
1095 3536 1251 3605 Quod
1297 3536 1541 3607 profecto
1566 3534 1612 3590 si
1635 3542 1879 3590 contem-

298 3632 493 3697 nimus,
524 3631 805 3687 audiamus
832 3649 844 3684 τ

370 3750 549 3819 (Vers.
571 3748 650 3819 '5.)
681 3747 749 3803 Et
767 3748 869 3821 ipsi
888 3754 1250 3819 praeparantur
1279 3745 1630 3816 cogitationes.

372 3840 461 3898 10.
513 3840 677 3908 Quasi
724 3856 755 3894 a
804 3839 999 3894 minori
1030 3839 1208 3908 culpa,
1239 3835 1617 3892 subintellecta
1662 3848 1883 3904 compa-

302 3935 546 3999 ratione,
605 3935 711 4006 58
756 3948 856 3989 nos
905 3939 1129 3998 terreat,
1175 3931 1359 3985 dicens
1393 3947 1405 3982 :
1438 3927 1573 3983 Hinc
1602 3928 1773 3983 otiosa
1803 3927 1883 3982 lo-

302 4035 529 4098 quentes
580 4026 817 4095 cogitent
862 4040 1022 4095 quam
1076 4030 1319 4078 metuere
1361 4020 1571 4090 culpam
1601 4019 1884 4075 locutionis

304 4118 553 4182 debeant,
582 4117 626 4173 si
653 4116 697 4172 is
717 4116 803 4173 cui
834 4114 1101 4186 loquendo
1125 4113 1452 4182 delinquitur
1499 4113 1661 4167 etiam
1682 4111 1883 4179 cogita-

304 4209 512 4264 tionum
541 4222 792 4263 excessus
812 4206 879 4261 ad
931 4205 1117 4275 judicii
1143 4204 1224 4259 sui
1267 4218 1493 4258 examen
1520 4209 1717 4258 servat.
1778 4200 1886 4254 Au-

303 4296 452 4353 diant
480 4297 609 4352 item
639 4303 953 4365 arrogantes
981 4294 1120 4365 quod
1151 4294 1394 4361 sequitur
1426 4310 1439 4345 :

377 4389 559 4461 (Vers.
581 4388 661 4459 4;)
714 4390 876 4443 Arcus
907 4389 1116 4460 fortium
1142 4394 1412 4456 superatus
1441 4392 1536 4449 est,
1594 4390 1643 4437 et
1692 4382 1889 4452 inﬁrmi

304 4484 526 4539 accincti
554 4490 671 4536 sunt
698 4480 895 4536 robore.

378 4575 466 4628 ll.
509 4572 628 4629 Jam
653 4573 852 4643 quippe
889 4571 941 4625 in
978 4570 1266 4639 allegorica
1291 4566 1632 4638 expositione
1659 4564 1891 4620 diximus

1980 3373 2089 3427 lum
2121 3386 2245 3426 cum
2292 3386 2400 3440 quo
2426 3371 2477 3425 in
2510 3370 2831 3441 Apocalypsi
2862 3369 3099 3424 Joannes
3121 3369 3452 3439 colloquium
3482 3370 3569 3423 ba-

1982 3462 2099 3517 buit
2127 3476 2290 3515 aurea
2319 3475 2455 3515 zona
2480 3460 2544 3513 ad
2582 3460 2904 3514 mammillas
2934 3459 3323 3515 circumdatum
3345 3475 3570 3531 conspe-

1981 3554 2081 3608 xit.
2131 3551 2268 3618 Quia
2296 3564 2425 3606 vero
2475 3549 2636 3604 iidem
2678 3551 2822 3605 beati
2868 3550 3091 3621 spiritus
3145 3551 3212 3607 ab
3258 3550 3572 3607 humilitatis

1982 3645 2178 3700 merito
2228 3646 2283 3699 in
2339 3643 2539 3699 amoris
2588 3643 2821 3712 gloriam
2880 3649 3255 3710 surrexerunt,
3310 3644 3406 3700 sed
3445 3645 3571 3714 quia

1983 3738 2227 3794 eamdem
2274 3738 2498 3805 gloriam
2547 3738 2599 3793 in
2655 3737 2937 3808 complexu
2993 3736 3309 3794 aeternitatis
3351 3736 3573 3806 habent,

1985 3844 2041 3886 et
2065 3833 2117 3885 in
2143 3831 2336 3886 timore
2357 3830 2661 3885 amissionis
2681 3845 2789 3885 non
2818 3829 3038 3898 habent,
3061 3828 3283 3898 gloriosi
3309 3827 3572 3897 siquidem

1986 3923 2327 3979 ineffabiliter
2345 3931 2491 3987 sunt,
2518 3923 2613 3977 sed
2637 3921 2963 3977 ineffabilem
2992 3920 3138 3974 illam
3159 3920 3387 3989 gloriam
3417 3919 3572 3973 amit-

1989 4022 2101 4067 trre
2152 4028 2424 4083 nunquam
2465 4019 2708 4081 possunt.
2761 4011 2833 4065 Ut
2884 4012 3064 4079 itaque
3092 4010 3305 4064 desinat
3332 4008 3571 4077 gloriari,

1987 4106 2169 4161 audiat
2198 4119 2455 4173 arrogans
2487 4121 2500 4157 :
2532 4104 2694 4156 Arcus
2724 4104 2934 4173 fortium
2977 4109 3245 4169 superatus
3273 4108 3368 4154 est.
3420 4098 3489 4153 Et
3518 4106 3575 4154 ut

1988 4195 2241 4251 damnata
2269 4194 2428 4262 culpa
2458 4192 2723 4261 superbia:
2750 4189 3035 4259 proﬁciant
3064 4189 3116 4243 in
3139 4189 3458 4257 humilitate,
3491 4191 3574 4246 di-

1989 4286 2132 4341 citur
2152 4285 2253 4339 sibi
2280 4301 2293 4337 :
2326 4282 2534 4353 Inﬁrmi
2578 4281 2797 4334 accincti
2826 4288 2946 4335 sunt
2969 4281 3169 4335 robore.
3218 4281 3403 4336 Robur
3430 4298 3575 4338 nam~

1991 4392 2097 4447 que
2136 4375 2361 4431 inﬁrmis
2411 4373 2755 4443 impenditur,
2816 4389 2935 4428 cum
2985 4373 3334 4443 subjectionis
3381 4376 3575 4431 merito

1993 4470 2213 4525 mitibus
2243 4467 2538 4522 infunditur
2560 4466 2729 4521 virtus
2756 4482 3000 4535 supernae
3022 4468 3321 4523 charitatis.
3379 4468 3574 4524 Accin-

1995 4562 2169 4630 gimur
2188 4559 2350 4613 etiam
2382 4572 2504 4613 cum
2528 4556 2595 4610 ad
2618 4556 2769 4612 verbi
2795 4557 3147 4612 ministerium
3192 4573 3574 4627 praeparamur.

302 4666 435 4738 quia
483 4663 743 4719 immundi
784 4662 1003 4733 spiritus
1030 4662 1223 4716 horum
1267 4658 1482 4714 fortium
1530 4655 1888 4726 appellatione
1916 4654 1967 4718 Ι)
1992 4653 2140 4707 Bene
2171 4652 2351 4719 itaque
2375 4650 2602 4704 accincti
2624 4651 2821 4705 robore
2848 4648 3045 4704 inﬁrmi
3091 4650 3143 4704 in
3172 4651 3277 4704 alta
3306 4652 3576 4706 locutione

303 4755 676 4823 designantur.
731 4752 831 4820 Qui
861 4752 1114 4806 nimirum
1159 4750 1283 4819 quia
1307 4764 1338 4803 a
1367 4747 1574 4803 caelesti
1610 4746 1777 4814 gloria
1800 4761 1889 4799 su-

305 4844 606 4918 perbiendo
633 4844 969 4911 ceciderunt,
1010 4852 1135 4913 apte
1157 4840 1310 4897 elatis
1340 4839 1652 4895 doctoribus
1679 4837 1746 4891 ad
1775 4845 1889 4892 ter-

304 4952 488 4993 rorem
530 4942 924 5006 proponuntur,
966 4941 1027 4989 ut
1072 4933 1140 4987 de
1168 4948 1227 4987 se
1273 4938 1425 4986 tanto
1468 4932 1579 4999 jam
1617 4930 1893 4984 humiliter

303 5026 543 5083 sentiant
568 5034 773 5095 quanto
794 5025 955 5079 etiam
982 5024 1203 5092 angelos
1222 5038 1253 5078 a
1270 5036 1499 5091 superna
1521 5020 1687 5091 gloria
1716 5020 1895 5088 lapsos

306 5137 408 5193 per
450 5120 749 5191 appetitum
790 5134 944 5173 vanze
999 5118 1183 5188 gloriae
1230 5115 1685 5185 contemplantur.
1737 5112 1895 5180 Quod

305 5213 473 5270 etiam
535 5212 955 5282 Redemptorem
1023 5217 1268 5266 nostrum
1310 5207 1363 5262 in
1413 5206 1569 5261 elatis
1621 5204 1897 5274 discipulis

276 5306 486 5376 egisse
508 5304 814 5371 recolimus,
866 5304 957 5375 qui
982 5318 1103 5359 cum
1130 5316 1190 5359 se
1221 5300 1462 5370 subjecta
1492 5298 1755 5355 dmmonia
1800 5297 1897 5353 lia-

303 5401 442 5457 bere
491 5400 779 5468 iactarent,
839 5399 906 5455 ab
948 5414 1015 5455 eo
1045 5398 1287 5469 protinus
1315 5395 1534 5451 audiere
1567 5412 1581 5448 :
1644 5392 1895 5448 Videbam

310 5492 592 5557 Satanam,
634 5492 783 5564 quasi
814 5491 987 5563 fulgur
1040 5492 1103 5545 de
1149 5491 1272 5545 caelo
1299 5488 1565 5544 cadentem
1622 5485 1784 5558 (Luc.
1834 5500 1891 5550 κ,

309 5582 429 5653 18).
481 5583 651 5639 Arcus
680 5584 863 5654 itaque
902 5582 1119 5637 fortium
1168 5581 1420 5652 superbia
1474 5586 1558 5634 est
1611 5578 1894 5647 spirituum

308 5677 695 5745 malignorum.
751 5676 1012 5731 Dicuntur
1037 5681 1217 5730 autem
1253 5674 1440 5741 fortes,
1465 5669 1551 5725 vel
1580 5668 1703 5738 quia
1744 5670 1811 5722 de
1840 5682 1899 5722 se

309 5783 512 5839 magna
541 5776 846 5834 senserunt,
878 5766 961 5823 vel
985 5766 1132 5837 quod
1156 5766 1444 5819 humanum
1483 5774 1651 5830 genus
1676 5771 1897 5827 magna-

312 5876 438 5918 rum
473 5862 827 5919 tentationum
856 5862 1059 5934 impetu
1081 5858 1315 5915 vincant.
1349 5856 1521 5925 Quem
1545 5851 1785 5927 profecto
1813 5865 1900 5906 ar—

1995 4748 2101 4818 59
2127 4744 2480 4817 gloriantibus
2495 4752 2901 4815 praeponuntur,
2932 4745 3055 4813 quia
3079 4745 3115 4799 ii
3143 4746 3235 4815 qui
3258 4746 3309 4800 in
3339 4746 3576 4801 ministe-

1992 4842 2129 4897 rium
2159 4841 2444 4894 mittuntur
2470 4839 2713 4909 spiritus,
2737 4844 2961 4907 propter
2974 4852 3068 4892 eos
3095 4838 3185 4905 qui
3213 4836 3578 4893 lnereditatem

1996 4932 2214 5003 capiunt
2238 4930 2444 4994 salutis,
2474 4930 2786 5000 priusquam
2816 4928 3223 5007 accingerentur
3244 4928 3309 4981 ad
3337 4928 3576 4985 ministe-

1996 5024 2135 5079 rium
2162 5021 2391 5077 humiles
2421 5021 2652 5077 fuerunt.
2679 5020 2819 5074 Ante
2846 5021 2989 5074 enim
3012 5028 3345 5075 memoratur
3366 5021 3575 5074 inﬁrmi-

1998 5123 2101 5179 tas,
2128 5122 2251 5184 post
2277 5128 2406 5169 vero
2435 5112 2700 5167 accinctio
2731 5110 2962 5167 roboris.
3013 5109 3124 5166 Hos
3153 5111 3398 5181 profecto
3430 5111 3578 5165 nobis

1998 5206 2269 5261 accinctos
2320 5201 2515 5257 Paulus
2559 5202 2814 5264 insinuat,
2870 5198 3103 5253 dicens:
3163 5196 3355 5252 Nonne
3406 5215 3578 5254 omnes

2000 5305 2119 5350 sunt
2166 5294 2599 5349 administratorii
2625 5294 2856 5363 spiritus,
2911 5292 2968 5345 in
3023 5291 3363 5345 ministerium
3411 5293 3577 5357 missi,

2002 5397 2209 5459 prapler
2250 5403 2334 5440 eos
2364 5387 2448 5457 qui
2477 5385 2827 5439 hwreditatem
2871 5383 3079 5452 capiunt
3101 5382 3283 5436 salutis
3330 5383 3516 5454 (Hebr.
3540 5403 3576 5455 l,

2001 5481 2125 5551 li)?
2168 5479 2244 5535 De
2284 5479 2476 5548 quibus
2520 5484 2574 5531 et
2602 5475 2863 5546 propheta
2885 5473 3046 5527 etiam
3069 5472 3323 5543 loquitur,
3347 5475 3530 5531 dicens
3561 5496 3575 5531 :

2004 5574 2174 5628 Millia
2195 5572 2409 5626 millium
2432 5566 2791 5623 ministrabant
2824 5565 2869 5619 ei
2920 5563 3084 5634 (Dan.
3126 5581 3218 5633 vn,
3250 5564 3361 5637 40).
3413 5567 3574 5632 Quasi

2002 5681 2130 5736 ergo
2160 5667 2305 5721 dicat
2338 5682 2351 5717 :
2384 5662 2535 5715 Prius
2563 5674 2661 5713 vos
2689 5656 2982 5726 agnoscite,
3007 5664 3063 5711 et
3090 5657 3168 5713 sic
3200 5673 3292 5712 vos
3340 5657 3407 5711 ad
3435 5659 3573 5712 alio-

2002 5775 2119 5814 rum
2163 5757 2389 5812 salutem
2420 5757 2735 5822 prtcparate,
2779 5749 2903 5820 quia
2932 5749 3132 5804 bonum
3182 5747 3576 5819 praedicationis

2002 5860 2131 5908 tunc
2158 5851 2297 5906 bene
2323 5845 2595 5918 impletur.
2620 5858 2740 5902 cum
2765 5842 3085 5916 praedicator
3112 5842 3203 5912 qui
3229 5838 3470 5897 sublimis
3498 5846 3573 5895 est
