4044 6336
465 404 535 463 ss
680 462 693 481 ,
1674 401 1918 461 SANCTI
1957 397 2060 457 GR]

2166 396 2285 453 )Rll
2325 398 2543 455 MAGNI
3670 408 3739 468 84

466 522 632 585 verbo
666 522 886 579 humilis
914 536 1035 580 esse
1058 520 1255 591 satagit
1279 518 1603 579 ministerio.
1650 516 1759 575 Sed
1804 518 1930 588 quia
1959 530 2045 570 su-
2068 514 2124 574 Δ
2139 512 2397 583 judicium
2440 513 2540 569 sibi
2578 516 2861 572 manducet
2884 522 2936 572 et
2979 513 3125 574 bibit.
3178 517 3284 586 Qui
3313 532 3446 591 ergo
3490 522 3740 593 quotidie

464 619 661 691 perbos
687 626 744 675 et
768 625 1084 687 arrogantes
1127 613 1502 687 prmdicatores
1543 609 1813 678 loquendo
1863 609 2049 665 redar-

463 710 601 780 guit,
630 710 831 778 subdit,
857 707 1042 767 dicens
1072 724 1088 762 ι

534 803 715 875 (Vere.
748 803 829 874 5.)
858 801 1060 873 Περιειὶ
1078 801 1246 871 prius,
1267 816 1362 871 pro
1386 800 1608 872 panibus
1628 814 1684 855 se
1725 798 2044 865 locaverunt,

463 905 512 954 et
541 896 769 968 famelici
798 895 1020 953 saturati
1040 904 1183 953 sunt.

538 990 624 1045 i5.
657 989 870 1059 Repleti
909 988 1059 1061 prius
1089 988 1165 1043 illi
1187 996 1312 1043 sunt
1337 987 1449 1057 qui,
1475 986 1603 1043 dum
1631 983 1862 1041 tumoris
1897 981 2050 1038 cibos

463 1083 517 1137 iu
556 1081 757 1137 mentis
803 1079 1099 1137 refectione
1125 1079 1444 1151 suscipiunt,
1476 1078 1698 1133 delicias
1739 1084 2050 1132 sanctarum

465 1173 741 1238 virtutum,
762 1172 911 1231 velut
929 1173 1049 1228 cibo
1075 1172 1185 1240 jam
1225 1172 1390 1242 pleni,
1430 1185 1625 1242 capere
1656 1187 1765 1226 non
1803 1178 2048 1241 possunt.

462 1265 574 1322 Sed
594 1274 775 1325 tamen
805 1281 904 1335 pro
932 1265 1161 1335 panibus
1188 1282 1249 1322 se
1268 1266 1468 1331 locant,
1518 1265 1643 1333 quia
1671 1266 1724 1319 in
1758 1263 2052 1334 Scripturis

464 1370 600 1424 quas
644 1356 948 1424 intelligunt
996 1356 1147 1423 juxta
1200 1357 1622 1425 magnitudinem
1670 1357 1949 1427 sapientiae
1992 1366 2053 1410 se

464 1450 746 1518 percipere
774 1448 1066 1519 spiritualia
1117 1465 1340 1504 munera
1393 1450 1651 1505 virtutum
1681 1457 1891 1519 putant.
1944 1446 2051 1503 Sed

464 1539 699 1599 saturari
724 1548 1014 1609 nequeunt,
1054 1540 1179 1609 quia
1232 1541 1517 1609 repletioni
1559 1540 1882 1609 arrogantia!
1910 1540 2051 1593 dena

466 1632 643 1686 sancti
690 1630 922 1701 Spiritus
971 1631 1169 1687 addere
1224 1646 1562 1702 nequaquam
1612 1640 1857 1703 possunt.
1932 1631 2055 1701 Ipse

465 1738 700 1795 statuque
718 1726 932 1795 spiritus
959 1726 1249 1796 discipline
1269 1726 1453 1796 eﬁugit
1478 1726 1678 1795 fictum,
1706 1735 1754 1778 et
1777 1741 1879 1779 non
1901 1724 2054 1779 habi-

467 1825 543 1877 tat
570 1819 623 1874 in
646 1833 861 1887 corpore
888 1819 1039 1889 pleno
1068 1820 1291 1886 peccetis
1324 1817 1479 1888 (80p.
1506 1817 1656 1887 1,5).
1712 1818 1847 1872 Hinc
1888 1818 2052 1872 etiam

2149 602 2531 675 delinquimus,
2574 608 2819 677 quotidie
2847 608 2915 664 ad
2942 611 3270 680 pmnitentia:
3292 612 3531 670 lamenta
3553 632 3741 674 curra-

2148 709 2293 765 mus,
2319 697 2444 766 quia
2474 698 2591 768 ipsa
2616 698 2731 755 sola
2760 700 2928 756 virtus
2958 708 3042 757 est
3067 718 3190 774 quae
3221 714 3452 760 evacuat
3489 708 3638 777 quod
3688 710 3739 765 in

2149 794 2339 843 ventre
2364 788 2557 845 animas
2577 790 2732 861 culpa
2763 792 3054 847 coadunat.
3110 792 3176 848 Et
3210 802 3341 849 tunc
3360 811 3488 852 vere
3510 797 3742 854 fameliri

2149 888 2484 951 saturantur,
2523 883 2650 952 quia
2696 898 2804 953 quo
2831 884 3123 942 studiosius
3153 887 3480 942 mundamur
3504 889 3743 945 lamento

2152 975 2502 1044 pmoitentiae,
2543 990 2611 1032 eo
2636 960 2941 1033 uberiorem
2962 977 3156 1033 divinat
3184 979 3368 1048 grati'c
3395 978 3632 1035 fructum
3656 997 3743 1037 re-

2151 1067 2383 1137 cipimus
2410 1069 2465 1124 in
2488 1070 2716 1140 spiritali
2739 1072 3057 1128 refectione.
3098 1071 3232 1139 Qum
3256 1073 3510 1129 nimirum
3540 1075 3745 1131 electo-

2151 1176 2271 1217 rum
2291 1164 2568 1227 saturitas,
2600 1165 2731 1233 quia
2777 1180 2950 1234 usque
3003 1167 3056 1221 in
3084 1166 3271 1222 mundi
3308 1166 3469 1225 ﬁnem
3500 1168 3748 1225 extendi-

2153 1262 2264 1320 tur,
2290 1255 2487 1321 subdit,
2517 1264 2684 1325 atque
2712 1257 2788 1312 ait
2818 1274 2832 1310 ε

2226 1347 2403 1417 (Vere.
2439 1346 2517 1418 5.)
2566 1347 2742 1404 Donec
2788 1351 2978 1404 sterilis
3024 1351 3219 1421 peperit
3246 1352 3517 1421 plurimos,
3549 1359 3603 1409 et
3630 1369 3747 1425 aute

2155 1442 2343 1494 multos
2373 1439 2589 1494 habebat
2617 1442 2756 1510 ﬁlios
2776 1443 3046 1511 inﬁrmata
3075 1448 3169 1498 est.

2229 1532 2319 1585 15.
2360 1532 2489 1597 Quae
2520 1532 2704 1601 itaque
2733 1533 2896 1602 hujus
2925 1535 3288 1603 appellatione
3342 1534 3539 1592 sterilis
3568 1538 3749 1607 signa-

2156 1629 2266 1690 tur,
2307 1624 2405 1677 nisi
2461 1639 2523 1678 ea
2573 1624 2642 1679 de
2673 1640 2777 1694 qua
2808 1624 3008 1680 Paulus
3045 1626 3302 1695 loquitur,
3335 1627 3519 1683 dicens
3552 1646 3567 1683 :
3620 1627 3749 1694 Quae

2156 1730 2360 1769 sursum
2398 1724 2475 1769 est
2493 1714 2783 1771 Jerusalem
2806 1717 2971 1770 libera
2990 1726 3085 1785 est,
3134 1735 3251 1792 quas
3276 1731 3443 1777 mater
3464 1734 3647 1779 nostra
3676 1735 3750 1779 est

2160 1808 2359 1879 (Galat.
2387 1824 2458 1873 IV,
2487 1808 2575 1875 96,
2608 1809 2735 1879 27)?
2792 1809 2945 1866 Unde
2967 1820 3023 1867 et
3048 1814 3210 1883 paulo
3238 1825 3361 1885 post
3382 1816 3533 1872 lsaiae
3562 1818 3752 1872 vatici-

464 1912 723 1982 scriptum
752 1920 835 1968 est
859 1929 874 1966 :
924 1911 1066 1965 Deus
1093 1910 1325 1979 superbis
1346 1911 1561 1978 resistit,
1587 1910 1863 1965 humilibus
1886 1918 2055 1964 autem
2090 1902 2132 1965 Β
2161 1902 2305 1956 "illm
2334 1902 2381 1955 εἰ
2407 1902 2698 1971 εοδριίινὶι,
2747 1901 2934 1957 (“600$
2968 1921 2981 1956 ε
3033 1903 3295 1975 Scriptum
3324 1916 3399 1962 est
3425 1910 3596 1963 enim:
3630 1908 3751 1964 Lar-

466 2003 557 2061 dat
581 2005 802 2077 gratiam
827 2000 884 2073 (ι
916 2002 1058 2057 Pelr.
1091 2018 1143 2071 v,
1179 2000 1253 2075 5).
1279 2001 1500 2060 Frustra
1524 2018 1652 2075 ergo
1679 2019 1797 2074 quae
1818 2005 1912 2059 Dei
1933 2015 2059 2061 sunt

468 2096 715 2169 accipere
757 2095 1015 2163 gestiunt,
1055 2094 1227 2164 quiin
1255 2110 1319 2157 eo
1349 2096 1495 2168 quod
1546 2098 1862 2168 superbiant
1892 2099 2055 2167 largi.

468 2196 645 2241 torem
674 2202 960 2243 munerum
988 2187 1087 2242 sibi
1117 2188 1493 2247 adversantem
1520 2190 1771 2247 reddunt.
1812 2190 2057 2249 Saturari

470 2292 602 2347 ergo
626 2287 922 2351 nequeunt,
953 2280 1076 2355 quia
1104 2296 1329 2338 munera
1378 2282 1740 2353 spiritualium‘
1760 2286 2057 2353 gratiarum

470 2385 580 2427 non
609 2369 999 2449 adipiscuntur.
1029 2370 1129 2439 Qui
1158 2387 1287 2429 vero
1313 2381 1436 2430 sunt
1464 2374 1716 2443 famelici,
1749 2377 1851 2435 nisi
1869 2393 1898 2433 a
1926 2378 2062 2443 cibis

469 2461 724 2525 vitiorum
773 2464 947 2533 vacui,
1017 2479 1048 2521 a
1099 2474 1312 2525 tumore
1354 2466 1559 2535 jejuni?
1624 2467 1877 2529 Famelici
1928 2484 2060 2540 ergo

469 2555 698 2610 saturati
728 2562 874 2622 sunt,
906 2556 1032 2627 quia
1064 2556 1238 2617 sancti
1288 2558 1389 2614 viri
1421 2558 1741 2621 humilitatis
1768 2576 1892 2617 arce
1920 2578 2059 2635 prius

468 2646 586 2713 diti,
617 2646 743 2703 dum
769 2647 835 2709 de
864 2663 922 2704 se
953 2649 1060 2709 alta
1084 2666 1191 2707 non
1208 2651 1465 2717 sentiunt,
1490 2652 1599 2711 alta
1635 2653 1889 2713 virtutum
1919 2656 2060 2715 dona

472 2747 872 2809 promerentur.
925 2739 1059 2798 Nam
1110 2757 1209 2813 per
1255 2742 1575 2805 humilitatis
1620 2745 1845 2813 bonum,
1888 2748 2061 2807 sancti

469 2827 703 2900 Spiritus
729 2829 885 2886 sedes
908 2830 1065 2895 ﬁunt,
1094 2842 1256 2902 quem
1288 2833 1417 2888 dum
1446 2836 1499 2891 in
1522 2850 1580 2890 se
1600 2845 1908 2893 manentem
1932 2838 2063 2893 reci-

468 2922 643 2993 piunt,
672 2921 790 2992 ejus
813 2922 970 2985 donis
994 2924 1203 3003 plenius
1224 2925 1519 2996 replentur.
1538 2924 1693 2983 Unde
1718 2934 1774 2983 et
1803 2943 1899 3000 per
1927 2928 2063 2985 Pro-

470 3013 691 3083 phetam
717 3014 972 3069 Dominus
992 3015 1120 3071 dicit
1146 3034 1157 3068 :
1198 3016 1368 3087 Super
1390 3034 1538 3085 quem
1559 3019 1828 3091 requiescit
1852 3021 2061 3090 spiritus

476 3121 638 3171 meus,
693 3106 795 3161 uisi
834 3124 989 3178 super
1030 3107 1292 3173 humilem,
1340 3116 1389 3162 et
1411 3110 1658 3178 quietum,
1681 3119 1733 3164 et
1762 3120 2061 3166 trementem

473 3215 736 3254 sermones
757 3217 896 3256 meos
941 3198 1079 3271 (lsa.
1110 3217 1252 3266 uvr,
1288 3202 1379 3272 2)?
1403 3201 1573 3261 Valde
1600 3218 1727 3272 ergo
1752 3212 2061 3265 saturantur

2162 2004 2277 2049 tare
2304 1996 2493 2050 sterilis
2521 2012 2635 2067 qute
2664 2012 2768 2050 non
2814 1999 2990 2067 paris;
3044 2014 3255 2070 erumpe
3302 2008 3351 2054 et
3397 2001 3587 2069 clama,
3640 2016 3753 2071 qua:

2160 2103 2263 2142 non
2300 2089 2547 2157 parturis,
2607 2089 2727 2159 quia
2757 2089 2905 2143 multi
2957 2090 3056 2160 ﬁlii
3082 2089 3304 2147 deserta:
3325 2095 3492 2165 magis
3520 2111 3679 2165 quam
3708 2096 3752 2148 ei

2158 2197 2274 2253 qua:
2300 2180 2449 2234 habet
2478 2184 2640 2235 cirum
2687 2180 2822 2252 (Isa.
2853 2198 2960 2249 LIV,
2993 2183 3070 2253 1).
3104 2184 3211 2239 Sed
3238 2184 3515 2255 quomodo
3536 2184 3753 2241 Jerusa-

2160 2271 2265 2327 lem
2295 2272 2512 2339 sterilis,
2558 2274 2843 2329 beatorum
2866 2275 3077 2331 sciliect
3108 2277 3425 2345 angelorum
3448 2292 3636 2334 saneta
3668 2294 3754 2334 so-

2160 2364 2350 2433 cietas,
2380 2365 2720 2435 intelligitur,
2754 2383 2879 2423 cum
2903 2369 3058 2437 juxta
3085 2372 3233 2426 vocis
3260 2386 3373 2428 suae
3394 2368 3753 2442 signiﬁcatum

2160 2458 2229 2512 de
2248 2468 2449 2517 aeterna
2497 2462 2646 2530 pacis
2663 2461 2872 2517 visione
2901 2466 3124 2533 perenni
3159 2467 3357 2534 gaudio
3386 2468 3455 2523 sit
3485 2469 3755 2524 fecunda?

2162 2549 2269 2607 Sed
2291 2552 2335 2606 si
2366 2559 2538 2609 mater
2562 2560 2645 2607 est
2691 2553 2987 2609 electorum
3016 2554 3315 2622 hominum,
3346 2559 3544 2615 sterilis
3573 2561 3754 2630 prole-

2162 2649 2255 2697 cto
2282 2652 2401 2699 erat
2448 2642 2667 2713 quando
2702 2644 2995 2701 humanum
3022 2660 3192 2715 genus
3218 2650 3271 2704 in
3300 2650 3469 2704 Adam
3502 2654 3754 2722 perierat.

2167 2732 2322 2789 Velut
2358 2736 2501 2793 enim
2548 2738 2819 2805 parturire
2860 2753 2971 2793 non
3018 2742 3212 2808 potuit,
3266 2756 3389 2797 cum
3418 2758 3544 2799 eum
3574 2745 3629 2798 in
3652 2760 3755 2815 quo

2162 2824 2505 2885 fecunditatis
2543 2845 2653 2885 sum
2682 2832 2974 2887 extendere
3011 2834 3186 2888 sinum
3214 2834 3401 2891 debuit
3431 2836 3565 2907 lapsi
3592 2838 3750 2907 spiri.

2164 2928 2251 2979 tus
2277 2924 2622 2979 suasionibus
2651 2925 2855 2979 amisit.
2916 2924 3124 2981 Tandiu
3178 2928 3531 2998 accinguntur
3562 2930 3755 2986 inﬁrmi

2163 3017 2337 3071 donec
2362 3018 2560 3073 sterilis
2591 3019 2787 3089 pariat,
2834 3020 2963 3089 quia
3011 3022 3326 3089 angelorum
3352 3023 3640 3079 humilium
3664 3041 3755 3080 va-

2164 3106 2273 3162 lido
2304 3109 2600 3164 ministerio
2630 3125 2699 3164 eo
2734 3126 2911 3181 usque
2936 3111 3258 3181 indigemus,
3289 3113 3460 3170 donec
3491 3126 3757 3187 quotquot

2166 3198 2232 3254 ad
2256 3200 2420 3253 vitam
2453 3202 2815 3269 pra-destinati
2838 3214 2965 3259 sunt
2990 3204 3058 3257 de
3088 3205 3326 3260 humano
3348 3222 3567 3277 genere,
3589 3225 3757 3279 usque

472 3289 728 3360 famelici,
757 3292 882 3362 quia
912 3292 966 3349 in
996 3292 1261 3353 donorum
1292 3292 1625 3367 plenitudine
1644 3310 1809 3350 suber
1833 3296 2065 3353 humiles
2090 3280 2138 3344 C
2170 3291 2223 3346 in
2254 3293 2435 3347 mundi
2462 3294 2619 3347 linem
2650 3295 2989 3363 colligantur.
3016 3295 3191 3350 Mittet
3216 3313 3446 3366 namque
3475 3299 3647 3354 Filius
3671 3305 3757 3356 lto-

472 3393 692 3441 sanctus
718 3384 949 3458 Spiritus
972 3384 1286 3457 requiescit.

548 3477 636 3534 Ut.
696 3477 850 3544 Quod
883 3485 1060 3541 tamen
1100 3486 1292 3539 contra
1330 3478 1665 3549 negligentes
1692 3480 1834 3537 sacri
1881 3482 2066 3538 altaris

474 3570 751 3634 ministros
780 3578 946 3642 atque
972 3571 1205 3631 audaces
1227 3571 1485 3628 dominici
1512 3574 1758 3643 corporis
1786 3584 2068 3645 suscepto-

478 3678 569 3717 res
612 3661 717 3718 dici
767 3678 874 3717 non
917 3663 1358 3727 inconvenieuter
1405 3672 1607 3734 potest.
1673 3664 1890 3736 Repleti
1937 3682 2065 3727 vero

480 3756 631 3825 prius
655 3763 801 3825 sunt,
832 3756 1193 3825 vitiorumque
1221 3757 1343 3815 cibo
1365 3759 1616 3822 saturati,
1669 3758 1762 3827 qui
1798 3774 1897 3827 pro
1926 3774 2067 3829 pane

480 3863 540 3903 sc
570 3849 770 3915 locant,
800 3849 926 3920 quia
955 3864 1152 3922 corpus
1180 3849 1247 3911 ad
1290 3851 1689 3921 susceptionem
1717 3849 2067 3909 Eucharistiae

477 3945 806 4008 praeparent.
861 3940 963 4007 Qui
992 3940 1246 3999 nimirum
1268 3941 1581 4013 comedunt,
1611 3951 1669 3998 ct
1698 3943 1931 4005 saturari
1960 3960 2069 3999 non.

477 4039 725 4106 possunt,
750 4032 875 4103 quia
905 4034 1007 4089 etsi
1036 4042 1434 4097 sacramentum
1464 4051 1561 4092 ore
1590 4038 1914 4108 percipiunt,
1958 4040 2069 4093 vir-

478 4133 590 4185 tute
640 4126 962 4185 sacramenti
1016 4141 1358 4197 nequaquam
1417 4128 1714 4197 replentur.
1770 4129 1815 4185 A
1864 4131 2066 4187 virtute

477 4232 606 4286 ergo
633 4218 720 4273 illa
743 4219 1067 4281 sacramenti
1096 4220 1218 4281 ideo
1237 4220 1506 4289 jejunant,
1538 4222 1663 4290 quia
1686 4221 1834 4293 prius
1875 4224 2068 4293 repleti

481 4308 714 4367 fuerant.
772 4311 972 4369 Salutis
1016 4313 1216 4383 quippe
1245 4313 1477 4375 fructum
1508 4330 1615 4373 non
1654 4316 1957 4386 percipiunt
2014 4318 2069 4372 in

477 4403 810 4459 comesliouc
837 4404 1085 4465 salutaris
1114 4405 1324 4472 hostitc,
1375 4408 1469 4475 qui
1496 4422 1558 4462 ea
1588 4410 1783 4478 quibus
1812 4427 1871 4467 se
1895 4412 2072 4482 reple-

474 4502 666 4557 verant
692 4492 891 4563 ﬁagitia
915 4502 1136 4565 portant
1160 4498 1211 4551 in
1256 4506 1455 4559 tuente.
1506 4499 1622 4556 Non
1652 4511 1963 4559 saturantur
1985 4520 2071 4559 er-

477 4600 566 4653 go,
637 4584 735 4641 nisi
785 4586 1034 4655 lamelici,
1090 4590 1219 4659 quia
1249 4604 1280 4645 a
1317 4590 1460 4647 vitiis
1496 4592 1736 4661 perfecte
1760 4593 2069 4663 jejunantes

2169 3387 2323 3440 minis
2352 3388 2564 3455 angelos
2590 3404 2728 3451 suos,
2773 3397 2822 3441 et
2842 3389 3085 3461 colligent
3113 3391 3301 3445 electos
3330 3409 3447 3446 suos
3472 3410 3503 3445 τι
3542 3402 3759 3462 quatuor

2168 3479 2331 3531 vetitis
2363 3477 2575 3547 (Matth.
2611 3493 2755 3544 xxrv,
2777 3479 2837 3532 5i
2862 3497 2875 3546 ;
2906 3480 3076 3536 Marc.
3101 3498 3213 3547 xm,
3240 3482 3354 3551 27).
3383 3484 3460 3537 Ad
3490 3500 3583 3539 eos
3607 3503 3758 3540 nam-

2170 3588 2273 3642 que
2301 3572 2632 3642 colligendos
2680 3582 2809 3629 tunc
2864 3575 3114 3631 mittendi
3146 3584 3289 3643 sunt,
3322 3578 3372 3632 in
3402 3594 3634 3650 quorum
3678 3596 3756 3634 sa-

2170 3664 2280 3718 lute
2308 3664 2549 3733 quotidie
2579 3666 2885 3732 mittuntur,
2946 3668 3069 3735 quia
3102 3668 3166 3721 ad
3197 3682 3422 3738 regnum
3463 3685 3572 3723 non
3606 3670 3759 3724 colli

2171 3766 2314 3825 gent,
2351 3759 2448 3819 nisi
2483 3759 2678 3828 quibus
2726 3774 2823 3828 per
2852 3759 3018 3817 robur
3064 3761 3414 3817 accinctionis
3460 3777 3571 3816 sum
3622 3778 3758 3821 nunc

2172 3849 2498 3919 adiutorium
2527 3850 2787 3919 prmbent.
2850 3849 3030 3921 Usque
3068 3851 3230 3907 etiam
3284 3852 3337 3906 in
3378 3852 3561 3907 mundi
3602 3850 3759 3907 linem

2170 3941 2405 3997 famelici
2427 3950 2755 3997 saturantur.
2814 3941 2919 3998 Sed
2946 3952 3001 3998 et
3048 3945 3184 4001 bene
3215 3944 3480 4014 plurimos
3512 3946 3628 4001 lucc
3654 3955 3760 3999 διες

2173 4034 2285 4087 rilis
2313 4048 2504 4101 parere
2533 4032 2751 4099 dicitur,
2798 4049 2925 4101 quia
2980 4051 3088 4091 non
3120 4050 3310 4091 omnes
3359 4037 3628 4101 homines,
3667 4037 3762 4093 sed

2173 4124 2333 4180 electi
2371 4124 2715 4181 solummodo
2764 4125 2830 4181 ad
2875 4135 3075 4182 aeterna
3131 4127 3326 4195 gaudia
3372 4128 3760 4197 perducuntur.

2174 4218 2311 4287 Apte
2357 4217 2516 4286 igitur
2543 4218 2706 4275 etiam
2752 4232 2941 4288 parere
2994 4218 3211 4282 dicitur,
3274 4220 3399 4290 quia
3444 4220 3761 4287 angelorqu

2173 4309 2472 4364 ministerio
2522 4308 2780 4365 docemur
2828 4323 3058 4378 superna
3113 4319 3321 4379 petere,
3383 4319 3438 4364 ut
3468 4311 3536 4364 ad
3573 4326 3763 4365 eorum

2174 4401 2448 4459 valeamus
2488 4400 2628 4456 bona
2669 4401 2975 4469 pervenire.
3022 4400 3131 4456 Sed
3159 4416 3280 4457 cum
3306 4403 3420 4457 haec
3447 4401 3646 4456 sterilis
3677 4418 3760 4472 pa-

2173 4497 2262 4563 rit,
2312 4511 2375 4552 ea
2406 4510 2526 4566 qum
2569 4497 2766 4550 multos
2810 4496 3043 4551 habebat
3076 4497 3214 4551 iilios
3267 4496 3590 4562 inﬁrmatur,
3632 4499 3763 4566 quia

2174 4603 2283 4658 quo
2310 4589 2551 4658 pleniora
2574 4588 2721 4644 lucra
2738 4588 3035 4644 electorum
3061 4605 3158 4659 per
3178 4589 3491 4659 angelorum
3519 4591 3763 4645 ministe-

476 4679 657 4736 divina
683 4689 1017 4743 sacramenta
1044 4683 1356 4753 percipiunt
1382 4684 1436 4740 in
1466 4686 1801 4755 plenitudine
1831 4690 2061 4744 virtutis.
2097 4674 2154 4738 Ι)
2176 4683 2255 4737 ria
2282 4697 2517 4752 superna
2546 4696 2708 4751 regna
2740 4682 3065 4752 percipiunt,
3126 4681 3287 4751 hujus
3332 4682 3643 4753 Babylouim
3667 4682 3763 4739 ﬁlii

476 4772 543 4828 Et
563 4776 686 4845 quia
712 4775 828 4831 sine
866 4784 1091 4847 peccato
1118 4777 1277 4835 electi
1307 4779 1472 4839 etiam
1505 4780 1602 4836 viri
1651 4796 1772 4837 esse
1800 4798 1908 4838 neu
1938 4800 2066 4855 pos-

477 4879 620 4937 sunt,
654 4869 781 4940 quid
828 4877 1019 4935 restat,
1063 4871 1251 4926 nisiut
1281 4888 1312 4928 a
1334 4875 1575 4944 peccatis
1627 4875 1819 4945 quibus
1840 4891 1934 4932 eos
1964 4876 2064 4932 iiu-

477 4977 636 5016 mana
664 4961 920 5037 fragiitas
965 4963 1242 5023 maculare
1265 4980 1375 5022 non
1420 4966 1616 5025 desinit
1645 4970 1891 5024 evacuari
1930 4985 2066 5032 quo-

475 5054 612 5115 tidie
669 5058 970 5115 conentur?
1021 5056 1155 5115 Nam
1211 5060 1305 5127 qui
1356 5061 1599 5129 quotidie
1656 5079 1765 5118 non
1814 5066 2065 5121 exhaurit

473 5146 619 5214 quod
677 5145 975 5217 delinquit,
1051 5150 1153 5205 etsi
1214 5152 1435 5208 minima
1489 5162 1614 5209 sunt
1668 5165 1887 5225 peccata
1944 5172 2062 5226 qua:

476 5238 740 5307 congerit,
769 5240 1024 5311 paulatim
1050 5243 1228 5297 anima
1259 5245 1519 5314 repletur,
1569 5254 1730 5315 atque
1774 5249 1824 5303 ei
1866 5250 2060 5304 merito

478 5329 727 5386 auferunt
757 5330 985 5388 fructum
1016 5333 1240 5389 interna:
1268 5335 1587 5392 saturitatis.
1626 5336 1737 5393 Hac
1756 5340 2061 5410 repletione

476 5436 577 5475 nos
598 5436 857 5480 cvacuare
885 5423 1086 5481 Paulus
1116 5426 1412 5495 insinuans,
1448 5431 1521 5484 ait
1550 5447 1562 5483 ;
1616 5430 1808 5486 Probet
1837 5435 2063 5503 seipsum

480 5512 651 5579 homo,
697 5521 747 5568 et
791 5518 863 5569 sic
891 5516 955 5571 de
976 5535 1111 5587 pane
1142 5519 1237 5574 illo
1272 5520 1411 5590 edat,
1461 5523 1594 5577 etde
1620 5525 1780 5579 calice
1827 5525 1966 5580 bibat
2008 5528 2062 5599 (Ι

481 5604 601 5660 Cor.
625 5620 697 5669 st,
747 5605 859 5679 28).
914 5609 1047 5675 Quid
1078 5614 1219 5667 enim
1252 5623 1331 5669 est
1360 5615 1466 5671 hoc
1498 5617 1619 5672 loco
1665 5618 1773 5688 60
1810 5621 2059 5689 probare,

481 5701 599 5768 nisi,
624 5711 885 5759 evacuata
916 5715 1261 5775 peccatorum
1294 5712 1551 5779 nequitia,
1586 5728 1644 5768 se
1674 5714 1960 5783 probatum
1995 5717 2060 5771 ad

478 5793 801 5851 dominicam
827 5812 1085 5863 mensam,
1120 5809 1175 5853 et
1200 5817 1392 5870 purmn
1425 5804 1718 5861 exhibere?
1744 5806 1818 5861 Dc
1841 5808 2061 5878 repletis

478 5891 639 5949 etiam
671 5894 849 5951 subdit
886 5915 895 5948 :
958 5896 1057 5962 Qui
1086 5898 1221 5951 enim
1270 5900 1544 5954 mundumt
1585 5910 1633 5956 et
1679 5901 1799 5958 bibit
1824 5904 2053 5973 indigne,

2168 4775 2502 4829 minuuntur.
2555 4772 2715 4828 Velut
2754 4774 2899 4830 enim
2953 4773 3159 4829 inﬁrma
3209 4774 3263 4828 in
3294 4782 3451 4843 partu
3503 4790 3604 4829 suo
3656 4786 3759 4839 est,

2168 4880 2289 4934 qum
2326 4863 2632 4919 inordinato
2660 4878 2848 4918 amore
2868 4879 3047 4918 rerum
3072 4865 3485 4929 transeuntium,
3518 4873 3575 4917 ut
3598 4865 3761 4931 solet,

2169 4956 2309 5012 iilios
2337 4957 2559 5026 gignere
2588 4969 2929 5026 nequaquam
2974 4966 3175 5029 potest.
3245 4957 3453 5029 Ubique
3482 4960 3625 5015 enim
3650 4961 3761 5030 jam

2172 5049 2607 5117 emicatiaregna
2650 5049 2963 5118 praedicant,
3015 5066 3137 5122 qua)
3186 5051 3429 5120 profecto
3468 5052 3595 5107 dum
3630 5052 3763 5107 ﬁde.

2170 5141 2300 5196 lium
2354 5150 2561 5198 mentes
2606 5142 2789 5198 audita
2840 5142 3085 5215 diligunt,
3133 5144 3259 5199 dum
3307 5160 3370 5200 ea
3400 5145 3562 5201 etiam
3603 5147 3763 5203 bonis

2169 5236 2411 5291 moribus
2458 5236 2756 5305 inquirunt,
2806 5238 2953 5292 velut
3003 5239 3055 5293 in
3102 5248 3260 5307 partu
3308 5254 3406 5294 suo
3461 5240 3759 5312 Babylonia

2169 5330 2466 5407 stringitur,
2510 5333 2633 5400 quia
2664 5340 2833 5387 mater
2873 5342 3057 5387 nostra
3086 5334 3382 5389 Jerusalem
3415 5350 3508 5390 eos
3536 5352 3635 5406 per
3667 5353 3759 5390 or-

2169 5421 2291 5477 bem
2319 5423 2427 5478 Deo
2451 5424 2697 5492 parturit,
2749 5440 2885 5493 quos
2928 5427 3017 5481 illa
3069 5426 3211 5481 lasso
3254 5429 3572 5497 perditionis
3603 5438 3760 5483 utero

2170 5530 2361 5586 parere
2390 5518 2647 5584 gehennae
2671 5519 2971 5573 consuevit.
3009 5518 3248 5585 Quorum
3272 5528 3453 5576 tamen
3484 5522 3759 5575 accincto-

2167 5627 2284 5665 rum
2341 5612 2504 5666 robur
2554 5627 2659 5667 non
2718 5613 2865 5683 ipsis,
2924 5614 3018 5670 sed
3058 5614 3108 5668 ei
3157 5628 3187 5667 a
3237 5627 3345 5682 quo
3399 5613 3759 5683 accinguntur

2167 5706 2467 5760 ascribitur.
2516 5706 2654 5777 Apte
2683 5708 2865 5777 itaque
2893 5709 3137 5763 subditur
3170 5726 3184 5762 :

2238 5810 2414 5880 (Vcrs.
2447 5810 2524 5878 6.)
2559 5808 2811 5865 Dominus
2840 5812 3140 5881 morti/ient,
3188 5813 3504 5881 ctviviﬁcut.

2238 5906 2404 5961 16.111
2431 5904 2625 5975 quibus
2648 5906 2888 5976 proiecto
2916 5907 3095 5964 verbis
3128 5907 3290 5965 etiam
3319 5906 3452 5965 ordo
3484 5903 3754 5963 notandus
