4044 6336
300 406 380 465 15

1166 399 1231 456 ΙΝ
1270 398 1533 457 PRIMUM
1569 395 1811 454 REGUM
1847 390 2366 455 EXPOSITIONES.
2402 428 2475 441 —
2511 398 2641 456 LIB.
2686 400 2746 455 Il.

3526 404 3597 458 86

309 534 416 584 est.
473 521 630 579 Prius
652 520 874 592 quippe
896 515 1227 576 mortiﬁcare
1256 518 1474 586 dicitur,
1505 517 1699 575 deinde
1714 513 1890 574 viviti-
1914 518 1969 578 Δ
1990 529 2054 572 se
2080 516 2433 587 pauperiores
2454 524 2658 585 tenent,
2689 530 2800 590 quo
2818 532 2852 575 a
2877 518 3021 579 veris
3048 531 3169 576 sese
3195 517 3393 576 divitiis
3410 520 3595 591 pulsos

310 632 456 685 care,
480 615 611 687 quia
638 614 744 669 nisi
767 612 1022 669 saeculum
1071 624 1258 667 amare
1298 611 1624 677 desistimus,
1655 609 1768 666 Deo
1794 625 1895 681 per

311 722 551 766 amorem
570 706 756 762 vivere
783 720 893 760 non
920 704 1183 772 valemus,
1224 702 1435 759 Joanne
1458 710 1769 771 attestante,
1800 704 1897 773 qui

310 804 385 859 ait
410 820 422 856 :
454 800 556 865 Qui
575 798 748 871 diligit
772 797 1039 864 mundum,
1071 814 1175 852 non
1198 804 1279 853 est
1302 798 1531 852 charitas
1557 796 1737 852 Patris
1754 798 1813 851 in
1834 812 1896 852 eo

310 893 366 966 (ι
391 893 554 948 Joan.
575 889 776 962 11,15).
830 888 986 945 Unde
1033 900 1089 945 et
1120 890 1168 946 is
1209 888 1304 961 qui
1329 904 1392 946 se
1424 889 1806 946 mortiﬁcatum
1841 898 1899 945 et

311 987 658 1049 viviﬁeatum,
712 983 805 1054 qui
839 998 903 1040 se
923 991 1251 1054 prostratum
1291 992 1348 1040 et
1372 994 1611 1041 erectum
1635 984 1898 1040 memine-

311 1087 417 1147 rat,
444 1080 552 1149 61
583 1075 922 1145 loquebatur,
949 1075 1137 1132 dicens
1169 1094 1183 1129 :
1213 1076 1349 1131 Mihi
1368 1078 1592 1132 mundus
1615 1077 1897 1148 cruciﬁxus

310 1180 405 1238 est,
436 1180 486 1224 et
531 1185 625 1241 ego
642 1169 837 1225 mundo
887 1166 1089 1241 (Galat.
1118 1183 1189 1235 vi,
1226 1168 1339 1240 14).
1391 1168 1638 1233 Vivebat,
1665 1169 1760 1225 sed
1788 1185 1898 1225 non

313 1262 492 1317 mundi
522 1263 652 1327 vita,
704 1262 831 1332 quia
881 1260 1095 1318 dicebat
1127 1279 1140 1314 :
1188 1260 1309 1316 Vivo
1330 1262 1468 1333 jam,
1509 1277 1615 1317 non
1634 1277 1747 1334 ego,
1780 1262 1901 1316 vivit

313 1370 427 1409 vero
454 1355 507 1408 in
526 1369 610 1407 me
634 1352 871 1408 Christus
900 1351 1091 1421 (Ibid.,
1122 1366 1181 1420 ιι,
1206 1352 1321 1423 20).
1345 1352 1463 1409 Non
1479 1367 1611 1422 ergo
1629 1355 1901 1411 accincto-

306 1460 429 1502 nnn
481 1445 700 1515 aliquis,
746 1444 843 1502 sed
896 1443 1156 1501 Dominus
1208 1446 1501 1504 mortibcat
1540 1455 1596 1503 et
1641 1447 1896 1504 viviﬁcat.

308 1536 691 1594 loriiiicatum
717 1538 919 1609 quippe
938 1545 996 1593 et
1016 1537 1344 1597 viviﬁcatum
1359 1554 1480 1597 esse
1507 1546 1592 1596 est
1616 1540 1900 1611 pnesentia

312 1629 458 1684 nulla
477 1628 883 1699 concupiscere,
913 1638 969 1685 et
992 1638 1196 1686 interna
1224 1629 1550 1686 desiderare.
1582 1630 1683 1686 Cui
1710 1630 1898 1700 itaque

312 1723 379 1780 de
398 1726 480 1781 his
506 1724 824 1782 muneribus
844 1725 1139 1782 referendae
1182 1726 1292 1783 sint
1331 1728 1518 1796 gratia:
1543 1728 1787 1798 exponit,
1820 1727 1903 1783 di-

310 1831 479 1872 cens:
534 1815 787 1873 Dominus
832 1818 1116 1888 ntortiﬁcat
1136 1823 1184 1872 et
1211 1818 1456 1889 uiuiﬁcat.
1504 1816 1659 1874 Unde
1683 1826 1737 1874 et
1761 1832 1903 1889 saepe

1997 605 2198 663 vident.
2230 606 2385 664 Unde
2427 618 2485 666 et
2513 610 2722 667 rexillc
2747 611 2839 682 qui
2885 611 3073 668 saeculi
3112 612 3459 683 possessione
3512 613 3594 668 la-

1996 699 2235 756 tissimus
2262 708 2401 770 erat,
2455 702 2585 773 quia
2610 704 2664 759 ei
2708 717 2867 759 veras
2897 703 3110 760 divitias
3134 701 3393 760 Dominus
3414 711 3595 760 osten-

1999 794 2175 860 derat,
2198 794 2467 852 clamabat
2496 796 2564 851 ad
2612 812 2759 866 eum,
2791 798 2974 854 dicens
3007 816 3020 851 :
3076 797 3293 869 Respice
3318 800 3375 853 in
3401 814 3502 861 me,
3545 804 3596 852 et

2000 889 2241 944 miserere
2285 891 2405 956 mei,
2449 882 2570 963 quia
2598 892 2779 945 unicus
2806 900 2856 946 et
2898 908 3094 962 pauper
3130 908 3244 947 sunt
3284 908 3377 963 ego
3420 890 3593 962 (Psal.

2001 995 2151 1047 xstv,
2184 980 2293 1052 l6).
2338 980 2476 1037 Hinc
2498 982 2762 1053 propheta
2802 981 3084 1049 Jeremias,
3135 983 3295 1038 electi
3337 983 3598 1052 cujusque

2003 1071 2449 1129 illuminationem
2478 1075 2531 1130 in
2560 1089 2621 1130 se
2640 1075 2969 1145 exprimens,
2998 1074 3076 1129 ait
3104 1091 3120 1129 :
3150 1074 3264 1147 Ego
3304 1077 3383 1130 vir
3420 1074 3599 1130 videns

2003 1178 2357 1240 paupertatem
2386 1186 2552 1226 meam
2572 1170 2721 1239 (Thr.
2743 1186 2822 1239 ill,
2852 1172 2929 1242 l).
2953 1169 3253 1242 Pauperem
3284 1171 3466 1240 itaque
3497 1168 3599 1225 Do-

2005 1260 2153 1315 mino
2170 1262 2348 1317 facere
2361 1270 2444 1317 est
2464 1262 2519 1317 in
2533 1261 3267 1333 contemplationejbonorum
3284 1260 3599 1332 perennium

2004 1352 2303 1408 electorum
2342 1362 2555 1410 mentes
2599 1354 2668 1409 ad
2713 1362 3083 1425 contemptum
3131 1368 3315 1409 rerum
3359 1354 3600 1409 omnium

2004 1445 2293 1502 visibilium
2349 1448 2606 1503 excitare.
2660 1446 2768 1503 Sed
2817 1448 2905 1504 cui
2951 1462 3162 1503 summa
3205 1446 3452 1514 revelat,
3507 1445 3601 1516 qui

2004 1539 2195 1596 eadem
2222 1555 2432 1596 summa
2459 1540 2661 1597 diutius
2701 1540 2906 1597 laboris
2933 1539 3111 1611 pretio
3157 1539 3268 1595 sint
3312 1538 3602 1609 quaerenda

2006 1630 2265 1698 insinuat,
2295 1630 2439 1686 dicat
2465 1632 2591 1702 quia
2618 1631 2713 1701 qui
2742 1646 3007 1702 pauperes
3053 1630 3200 1697 facit,
3238 1630 3405 1686 etiam
3443 1629 3600 1697 ditat,

2007 1719 2137 1789 quia
2183 1719 2438 1775 nimirum
2487 1720 2615 1775 dum
2662 1720 2730 1776 ab
2775 1720 3133 1791 omnipotenti
3180 1720 3294 1777 Deo
3337 1720 3602 1776 bonorum

2008 1809 2309 1867 emicatium
2355 1810 2720 1880 cognitionem
2764 1810 3119 1881 percipimus,
3156 1808 3225 1864 ab
3273 1808 3392 1877 ipso
3439 1808 3605 1863 etiam

314 1910 422 1981 iam
448 1911 758 1968 nominatus
780 1914 1024 1982 gentium
1052 1913 1372 1982 praedicator
1398 1913 1529 1970 dicit
1561 1930 1575 1968 :
1618 1911 1801 1986 Neque
1819 1914 1906 1985 qui
1934 1910 1985 1974 Β
2008 1903 2263 1960 virtutem
2283 1904 2684 1974 consequimur,
2719 1910 2778 1958 ut
2805 1902 2970 1972 digno
3014 1904 3122 1973 62
3164 1916 3265 1972 pro
3309 1900 3392 1958 eis
3419 1899 3606 1956 labore

312 2005 517 2075 plantat
561 2013 638 2060 est
678 2006 893 2077 aliquid,
938 2022 1099 2073 neque
1127 1996 1214 2077 qui
1258 2006 1417 2077 rigat,
1464 2006 1555 2061 sed
1608 2008 1694 2079 qui
1737 2009 1907 2062 incre-

315 2106 543 2150 mentum
588 2096 677 2151 dat
722 2096 863 2152 Deus
904 2096 961 2170 (Ι
985 2096 1207 2165 Cor.tu,
1257 2097 1338 2169 7).
1393 2097 1504 2155 Sed
1554 2113 1668 2169 quo
1717 2099 1907 2155 ordine

314 2189 661 2257 omnipotens
714 2187 860 2244 Deus
905 2188 1011 2246 ista
1039 2190 1095 2245 in
1123 2190 1315 2246 electis
1348 2199 1627 2262 operetur,
1660 2192 1907 2262 exponit,

314 2279 501 2335 dicens
525 2297 539 2335 :

386 2371 566 2441 (Vers.
590 2370 671 2442 6.)
700 2371 856 2427 Ducit
877 2374 947 2428 ad
964 2375 1184 2446 inferos,
1212 2383 1263 2429 et
1280 2375 1501 2429 reducit.

389 2462 477 2516 17.
522 2460 593 2517 Ut
628 2463 915 2520 mortiﬁcet
959 2466 1179 2537 quippe,
1206 2466 1356 2522 ducit
1382 2466 1452 2521 ad
1479 2465 1717 2533 inferos;
1760 2473 1816 2521 et
1851 2473 1912 2520 ut

314 2552 568 2618 viviﬁcet,
601 2554 811 2609 reducit
837 2554 905 2610 ab
934 2554 1138 2610 inferis.
1170 2553 1537 2625 Omnipotenti
1565 2556 1768 2611 etenim
1798 2556 1910 2611 Deo

314 2645 382 2700 ad
405 2645 603 2701 inferos
642 2645 841 2702 ducere
874 2654 960 2702 est
1000 2654 1346 2717 peccatorum
1380 2647 1548 2704 corda
1586 2657 1913 2704 aeternorum

312 2734 650 2790 cruciatuum
676 2736 1112 2793 consideratione
1143 2743 1369 2794 terrere.
1393 2736 1457 2793 Ei
1483 2752 1701 2809 quoque
1727 2739 1796 2794 ab
1827 2739 1912 2793 in-

318 2824 447 2881 feris
495 2827 755 2882 reducere
792 2835 876 2883 est
920 2828 1136 2884 territas
1158 2819 1537 2898 pcenitentium
1567 2838 1731 2899 atque
1758 2845 1910 2885 com-

318 2918 481 2974 missa
511 2918 802 2987 lugentium
839 2927 1070 2987 mentes,
1097 2935 1195 2990 spe
1218 2920 1342 2975 vitae
1371 2920 1728 2976 indeticientis
1756 2921 1918 2977 attol-

300 3006 453 3063 lere.
484 3006 634 3064 Tunc
686 3010 887 3081 quippe
906 3024 1131 3080 peccare
1157 3011 1452 3068 desinimus
1497 3027 1640 3079 cum,
1682 3027 1915 3083 superna

314 3101 491 3169 gratia
544 3101 763 3156 mollitis
802 3102 1074 3169 cordibus,
1116 3100 1297 3158 futura
1341 3112 1613 3160 tormenta
1661 3104 1919 3160 lormida-

316 3203 458 3246 mus.
489 3189 559 3246 Et
585 3192 655 3247 ab
684 3192 868 3266 inieris
895 3193 1201 3248 reducimu'
1248 3208 1371 3248 cum
1400 3234 1418 3263 ,
1462 3194 1676 3249 interno
1719 3194 1919 3250 visitati

2008 2004 2302 2079 certemus.
2330 1996 2477 2052 Bene
2503 2004 2684 2051 autem
2713 1995 2958 2050 subditur
2986 2011 3001 2049 :

2081 2090 2262 2160 (Vcrs.
2292 2091 2370 2162 7.)
2401 2089 2661 2145 Humiliat
2688 2097 2738 2144 et
2757 2087 3003 2144 sublevat.

2082 2182 2171 2238 l9.
2202 2180 2339 2249 Quia
2375 2181 2432 2236 in
2468 2180 2930 2252 contemplatione
2974 2177 3277 2236 caelestium
3302 2190 3469 2247 quam
3511 2177 3610 2234 ab-

2005 2272 2142 2344 iecti
2181 2279 2308 2328 sunt
2350 2270 2405 2327 in
2448 2278 2591 2327 terra
2616 2270 2980 2341 conspiciunt,
3026 2268 3123 2326 sed
3175 2271 3229 2324 in
3276 2269 3467 2329 eadem
3515 2267 3610 2323 ab-

2005 2364 2248 2435 jectione
2297 2363 2610 2433 temporalis
2638 2361 2835 2432 inopiae
2861 2375 2959 2433 per
2986 2360 3083 2415 Dei
3108 2360 3338 2430 gratiam
3386 2358 3611 2415 merito-

2010 2470 2132 2512 rum
2162 2470 2223 2512 se
2267 2454 2462 2524 pennis
2488 2453 2776 2509 sublevant
2812 2452 2881 2507 ad
2932 2452 3127 2521 gaudia
3180 2452 3435 2523 perennis
3462 2452 3608 2507 vitm.

2012 2545 2381 2602 Humilitatem
2408 2560 2538 2617 ergo
2567 2546 2873 2616 percipiunt
2918 2545 2973 2600 in
2998 2545 3360 2601 aestimatione
3405 2544 3604 2612 exsilii,

2014 2639 2399 2696 sublimitatem
2424 2653 2553 2693 vero
2574 2638 2629 2693 in
2669 2636 3061 2708 praeparatione
3093 2644 3294 2693 sanctae
3336 2636 3611 2708 Operatio-

2015 2729 2118 2787 nis.
2152 2729 2407 2800 Sequitur
2429 2747 2442 2784 :

2085 2821 2263 2893 (Vers.
2294 2820 2374 2893 8.)
2430 2820 2663 2877 Suscitat
2703 2822 2769 2876 de
2822 2821 3028 2892 pulvere
3054 2836 3287 2891 egenum,
3316 2828 3368 2874 et
3394 2819 3458 2874 dc
3480 2824 3614 2873 ster—

2017 2931 2137 2970 core
2164 2917 2318 2986 erigit
2346 2930 2643 2986 pauperem,
2671 2923 2729 2968 ut
2747 2914 2923 2969 sedeat
2951 2930 3068 2968 cum
3095 2911 3432 2983 principibus.

2089 3007 2178 3061 20.
2205 3006 2386 3062 Pulvis
2411 3020 2646 3075 namque
2672 3013 2755 3061 est
2797 3005 3009 3061 subtilis
3038 3004 3357 3060 deliberatio
3405 3004 3614 3074 cogita-

2021 3098 2185 3154 tionis
2209 3098 2426 3164 illicitae,
2459 3112 2579 3167 qua:
2606 3112 2728 3152 eam
2755 3103 2992 3152 mentem
3020 3096 3106 3151 cui
3136 3096 3393 3152 insederit
3418 3095 3617 3151 foedam

2021 3192 2217 3248 reddit.
2249 3190 2389 3259 Quid
2420 3204 2653 3261 namque
2680 3190 2735 3245 in
2764 3196 3009 3246 stercore
3036 3189 3139 3245 nisi
3176 3188 3318 3245 [teda
3351 3197 3373 3221 ιι
3422 3202 3617 3258 perpe—

318 3283 541 3349 solatio,
582 3284 650 3338 ad
678 3299 832 3353 spem
876 3284 1043 3339 veniae
1067 3284 1135 3340 de
1188 3285 1517 3356 paenitentia:
1563 3286 1803 3342 lamenta
1829 3282 1989 3345 re-C
2021 3288 2256 3358 tratique
2303 3286 2492 3356 ﬂagitii
2542 3285 2765 3340 audacia
2802 3284 3150 3352 designatur?
3200 3280 3353 3336 Unde
3395 3288 3453 3335 et
3497 3294 3619 3349 pro-

319 3378 606 3448 spira'mus.
636 3378 777 3448 Apte
805 3379 985 3448 itaque
1012 3379 1275 3435 Dominus
1297 3381 1497 3435 ducere
1522 3380 1591 3434 ad
1620 3380 1821 3436 inferos
1861 3389 1918 3435 et

319 3469 582 3524 reducere
605 3469 819 3537 dicitur,
848 3470 973 3541 quia
1000 3471 1234 3525 humana
1261 3470 1459 3526 duritia
1486 3470 1541 3526 in
1569 3471 1802 3527 hominis
1827 3487 1917 3527 so-

322 3561 427 3616 lius
457 3560 856 3631 praedicatione,
884 3576 987 3616 nec
1014 3570 1224 3617 terrore
1246 3562 1573 3623 concutitur,
1604 3576 1706 3616 nec
1730 3575 1920 3616 amore

321 3655 656 3709 sublevatur.
685 3651 818 3706 Nam
845 3653 892 3708 si
919 3653 1201 3708 doctorum
1233 3662 1377 3707 esset
1406 3650 1734 3707 mortiﬁcare
1761 3662 1920 3721 quot-

322 3757 459 3818 quot
483 3763 669 3803 eorum
693 3745 1002 3817 praedicatio
1032 3752 1297 3814 tangeret,
1325 3759 1553 3815 peccare
1579 3745 1917 3812 desinerent;

320 3850 381 3895 et
405 3840 451 3894 si
482 3853 671 3894 eorum
697 3846 840 3892 esset
881 3836 1176 3902 viviﬁcare,
1225 3837 1535 3908 quicunque
1578 3837 1646 3891 ab
1683 3837 1763 3892 eis
1805 3852 1919 3892 cm-

324 3932 481 3989 lestia
509 3931 775 3997 audirent,
807 3929 875 3984 ad
896 3943 961 3984 ea
990 3945 1090 3985 nos
1126 3930 1373 4000 protinus
1394 3929 1537 3984 omni
1569 3937 1768 3985 conatu
1798 3944 1921 3999 per-

328 4022 788 4093 quirendaiutimi
836 4022 1058 4077 allectus
1078 4022 1160 4077 sui
1206 4037 1359 4076 amor
1384 4022 1724 4078 accenderet.
1767 4021 1923 4077 Nunc

326 4127 528 4181 autem,
560 4132 684 4171 cum
711 4131 855 4186 saepe
883 4116 1262 4189 peccatoribus
1296 4124 1499 4171 aeterna
1526 4116 1786 4187 supplicia
1822 4116 1923 4169 mi-

329 4219 545 4274 nentur,
574 4224 695 4265 cum
720 4224 784 4263 ea
814 4222 935 4277 qua:
974 4216 1202 4277 possunt
1229 4208 1308 4263 eis
1337 4208 1579 4264 caelestia
1617 4209 1758 4263 bona
1787 4223 1925 4277 pra:-

326 4302 532 4363 dicent,
582 4309 639 4356 et
677 4315 779 4357 nec
806 4300 1069 4372 supplicia
1118 4308 1384 4368 metuant,
1413 4316 1514 4356 nec
1564 4301 1685 4355 laeta
1722 4316 1923 4357 concu-

329 4395 564 4466 piscant,
593 4394 890 4449 clamamus
916 4391 1084 4446 Annae
1108 4392 1331 4448 vocibus
1354 4392 1411 4446 in
1436 4392 1681 4447 laudibus
1708 4392 1828 4460 Dei,
1872 4400 1927 4446 et

331 4490 382 4545 ei
403 4488 566 4543 etiam
596 4486 746 4553 illud,
768 4486 911 4555 quod
937 4501 1038 4556 per
1065 4500 1161 4541 eos
1186 4486 1405 4555 quidam
1432 4484 1724 4556 proﬁciunt
1751 4485 1928 4554 impu-

333 4590 532 4651 tantes,
562 4580 804 4635 dicamus
832 4596 846 4632 :
878 4578 1130 4633 Dominus
1157 4578 1438 4649 mortiﬁcat
1466 4588 1517 4634 et
1545 4577 1790 4645 viviﬁcat.
1820 4576 1928 4632 Do-

2021 3379 2188 3449 pheta
2217 3378 2384 3431 vitam
2426 3377 2725 3430 carnalium
2772 3388 2929 3429 emno
2966 3373 3094 3428 laedi
3138 3372 3320 3440 operis
3371 3371 3618 3425 obrutam

2021 3469 2256 3532 intuens,
2290 3467 2367 3520 ait
2393 3484 2405 3521 :
2455 3463 2890 3537 Computrueruut
2923 3462 3160 3532 jumenta
3192 3462 3248 3514 in
3274 3467 3498 3514 stercore
3524 3476 3619 3515 suo

2023 3558 2161 3631 (Joet
2186 3574 2222 3621 ι,
2258 3557 2370 3625 17).
2401 3555 2543 3625 Apta
2572 3554 2737 3622 igitur
2764 3552 2907 3607 serie
2920 3551 3077 3627 dona
3108 3550 3199 3607 Dei
3228 3551 3283 3605 in
3324 3549 3620 3620 ﬂagitiosa-

2021 3667 2143 3707 rum
2181 3648 2538 3705 conversione
2567 3652 2939 3701 numerantur.
2971 3642 3127 3698 Prius
3169 3656 3403 3712 namque
3448 3641 3621 3699 susci-

2024 3750 2170 3797 tatur
2198 3742 2266 3797 de
2310 3739 2536 3811 pulvere
2575 3749 2779 3805 egenus
2807 3749 2971 3805 quam
3005 3749 3212 3805 pauper
3259 3733 3326 3789 de
3351 3740 3619 3801 stercore;

2022 3834 2151 3905 quia
2178 3848 2210 3887 a
2238 3832 2403 3887 corde
2426 3837 2554 3885 ante
2582 3827 2901 3884 deliberatio
2945 3826 3235 3882 immunda:
3274 3824 3621 3895 cogitationis

2024 3925 2380 3991 abscinditur,
2428 3929 2485 3977 et
2529 3918 2879 3991 postmodum
2909 3918 2977 3973 ab
3020 3918 3236 3973 actione
3262 3916 3420 3986 culpa
3469 3930 3616 3971 rese-

2023 4027 2200 4074 catur.
2230 4016 2372 4086 Apte
2407 4026 2627 4083 quoque
2675 4009 2925 4067 suscitari
2950 4009 3019 4064 de
3046 4008 3269 4078 pulvere
3314 4020 3518 4076 egenus
3546 4005 3623 4061 di-

2024 4112 2185 4178 citur,
2236 4122 2440 4180 pauper
2491 4108 2560 4162 de
2610 4113 2850 4160 stercore
2890 4101 3043 4170 erigi,
3095 4100 3220 4170 quia
3270 4099 3414 4154 intus
3456 4113 3623 4168 prava

2024 4205 2328 4261 deliberans
2356 4198 2557 4256 dormit
2581 4213 2615 4253 a
2635 4193 3096 4264 contemplatione
3118 4191 3359 4261 iustitiae,
3392 4190 3526 4245 foris
3561 4189 3626 4244 il-

2026 4299 2175 4355 licita
2218 4304 2537 4367 perpetrans
2574 4292 2632 4346 in
2680 4288 2967 4357 iniquitate
2994 4299 3093 4356 per
3123 4293 3307 4340 actum
3336 4282 3504 4353 jacet.
3560 4281 3625 4337 Et

2025 4393 2152 4463 quia
2170 4391 2281 4461 jam
2305 4403 2429 4445 cum
2458 4385 2684 4441 fortibus
2710 4383 2780 4439 de
2797 4380 3051 4451 malignis
3075 4377 3353 4450 spiritibus
3381 4377 3624 4447 tropluea

2026 4484 2402 4554 consequitur,
2456 4477 2750 4536 suscitatus
2801 4488 3004 4544 egenus
3054 4478 3112 4527 et
3161 4477 3375 4526 erectus
3421 4483 3627 4539 pauper

2026 4580 2154 4649 quid
2178 4584 2451 4631 mereatur
2487 4570 2732 4644 exponit,
2768 4567 2994 4624 dicens:
3037 4564 3107 4620 Ut
3133 4564 3309 4620 sedeat
3334 4579 3451 4617 cum
3477 4563 3626 4632 prin-

333 4679 512 4734 minus
552 4677 734 4745 itaque
778 4674 928 4731 ducit
953 4673 1022 4729 ad
1063 4672 1284 4739 inferos,
1332 4680 1389 4729 et
1408 4672 1638 4736 reducit,
1682 4672 1808 4742 quia
1849 4670 1927 4727 illi
1956 4678 2011 4741 ι)
2036 4669 2251 4743 cipibus,
2276 4676 2324 4721 et
2344 4666 2531 4720 solium
2554 4663 2734 4735 gloria
2755 4667 2948 4715 teneat.

334 4784 560 4849 possunt
588 4773 768 4829 futura
794 4782 1061 4833 tormenta
1090 4780 1353 4839 metuere,
1378 4771 1453 4825 illi
1476 4784 1709 4839 superna
1735 4769 1926 4837 gaudia

335 4868 583 4937 diligere,
622 4866 675 4921 in
702 4865 897 4935 quibus
938 4880 1037 4936 per
1064 4879 1158 4921 eas
1204 4879 1368 4920 voces
1408 4876 1545 4934 quas
1591 4861 1721 4918 foris
1766 4863 1928 4917 homo

337 4960 579 5030 loquitur
605 4958 750 5013 intus
771 4956 868 5011 Dei
895 4956 1067 5027 pietas
1096 4962 1372 5026 operatur.
1400 4953 1492 5009 Est
1529 4960 1711 5008 autem
1739 4952 1793 5007 in
1819 4966 1929 5022 quo

337 5069 459 5109 sese
487 5059 716 5122 quisque
741 5057 1051 5120 cognoscat,
1089 5049 1134 5104 si
1176 5046 1287 5117 jam
1317 5047 1383 5103 ad
1408 5046 1617 5101 inferos
1638 5046 1832 5102 ductus
1877 5054 1933 5102 et

340 5147 594 5201 reduetus
619 5146 707 5204 sit.
736 5144 780 5197 si
810 5142 1010 5197 mundo
1037 5141 1192 5206 obiit,
1215 5139 1367 5195 caelis
1391 5139 1560 5206 vivit;
1592 5153 1715 5193 nam
1745 5138 1789 5193 si
1816 5138 1930 5194 ele-

342 5244 460 5291 ctus
490 5245 595 5303 est,
626 5234 859 5304 prolicit.
887 5233 964 5288 De
991 5231 1182 5288 eodem
1212 5245 1342 5286 vero
1366 5228 1614 5301 proiectu
1643 5228 1823 5284 subdit
1849 5247 1861 5283 :

415 5327 593 5399 (Vers.
628 5326 705 5397 7.)
732 5325 988 5382 Dominus
1016 5340 1293 5397 pauperem
1314 5324 1440 5396 facit
1460 5330 1510 5378 et
1533 5323 1686 5376 ditat.

415 5421 503 5476 18.
538 5421 733 5478 δωουιὶ
771 5420 965 5477 divites
989 5419 1190 5474 idcirco
1238 5417 1306 5471 de
1351 5416 1497 5485 larga
1534 5414 1785 5470 facultate
1826 5407 1942 5481 glo-

342 5518 575 5580 rianlur,
601 5514 726 5584 quia
755 5513 866 5570 alto
877 5521 933 5569 et
951 5509 1476 5581 incomprehensibili
1494 5508 1694 5579 judicio
1715 5508 1811 5564 Dei
1838 5524 1950 5563 cm-

344 5611 505 5668 lestia
535 5609 615 5666 cis
640 5612 786 5665 bona
814 5605 1129 5662 abscondita
1159 5613 1303 5661 sunt.
1328 5604 1588 5661 Dominus
1609 5603 1790 5673 itaque
1810 5603 1944 5658 facit

350 5717 638 5775 pauperes,
669 5716 795 5772 quia
816 5701 945 5757 dum
963 5707 1164 5755 aeterna
1192 5699 1381 5756 electis
1408 5698 1551 5754 bona
1582 5697 1831 5763 insinuat,
1872 5710 1940 5751 eo

2107 4763 2198 4817 2|.
2230 4760 2435 4815 Sedere
2469 4758 2670 4828 quippe
2725 4752 3106 4822 triumphantis
3133 4757 3236 4807 est.
3293 4747 3446 4802 Unde
3472 4753 3529 4800 et
3578 4746 3630 4802 in

2036 4852 2361 4927 Apocalypsi
2387 4849 2607 4906 Joannis
2658 4847 2895 4902 victorian
2925 4852 3123 4905 nostra:
3164 4840 3482 4909 dignitatem
3522 4836 3627 4892 Do-

2034 4946 2218 5003 minus
2243 4942 2501 5008 ostendit,
2527 4941 2711 4995 dicens
2744 4957 2756 4991 :
2794 4936 2893 5001 Qui
2922 4936 3119 5000 vicerit,
3153 4933 3345 5004 faciam
3384 4946 3501 4983 eum
3541 4945 3624 4981 se-

2038 5037 2160 5093 dere
2186 5036 2240 5091 in
2264 5035 2447 5088 throno
2470 5048 2603 5096 meo,
2622 5032 2754 5084 sicut
2773 5035 2824 5081 et
2852 5043 2946 5098 ego
2977 5025 3072 5079 vici
3082 5066 3096 5089 ,
3118 5031 3168 5076 et
3199 5020 3309 5075 sedi
3333 5036 3447 5074 cum
3474 5018 3634 5072 Patre

2039 5152 2152 5191 meo
2198 5135 2256 5188 in
2314 5133 2499 5185 throne
2542 5127 2655 5198 ejus
2684 5125 2868 5197 (Apoc.
2902 5138 2976 5187 ιιι,
3008 5119 3123 5189 2|).
3157 5114 3310 5184 Quod
3338 5124 3397 5169 et
3434 5113 3632 5168 Paulus

2040 5229 2276 5292 intuens,
2306 5222 2690 5283 suscitationis,
2714 5226 2877 5287 atque
2902 5212 3154 5271 sessionis
3181 5218 3379 5265 nostra)
3407 5207 3547 5261 dona
3579 5207 3631 5264 in

2042 5321 2139 5378 Dei
2170 5319 2417 5375 laudibus
2441 5328 2752 5377 numerans,
2776 5311 2851 5365 ait
2876 5327 2888 5363 :
2920 5303 3374 5363 Cauresuscitavit.
3416 5311 3467 5355 et
3503 5317 3629 5355 con-

2043 5416 2219 5470 sedere
2248 5428 2339 5467 nos
2372 5412 2493 5483 fecit
2520 5410 2576 5464 iu
2600 5406 2886 5461 calestibus
2910 5404 2965 5456 in
3007 5400 3212 5454 Christo
3240 5395 3367 5450 Iesu
3411 5393 3628 5465 (Ep/res.

2041 5525 2099 5575 tl,
2133 5505 2211 5578 ti).
2239 5506 2375 5560 Cum
2404 5519 2472 5559 eo
2500 5502 2684 5571 itaque
2714 5496 2985 5569 principes
3008 5492 3219 5555 sedant,
3249 5490 3373 5561 quia
3400 5487 3491 5559 qui
3519 5485 3629 5578 ejus

2043 5577 2245 5656 auxilio
2291 5597 2648 5665 malignoran
2684 5589 2970 5660 spirituum
3015 5587 3158 5642 vires
3206 5584 3530 5654 reprimunt,
3578 5577 3629 5631 iu

2042 5702 2232 5751 eorum
2264 5686 2539 5758 triumpho
2562 5682 2878 5753 dignitatern
2912 5678 3173 5738 sessionis
3198 5676 3401 5734 habent
3441 5669 3629 5744 quibus

432 5946 458 5974 τί
498 5936 659 5991 Guss.
694 5945 749 5991 et
777 5935 942 5991 Gilot.
976 5938 1365 6004 perpetrataque
1390 5932 1575 6001 ﬂagitii
1606 5931 1826 5986 audacia
1856 5922 2225 5995 designantur?
