4044 6336
500 394 562 451 87
1712 388 1953 448 S.\.‘iCTl
1992 383 2321 442 GREGORII
2355 383 2571 443 IAGNI
3709 390 3777 449 83

494 532 559 573 ex
589 512 925 586 praesidentis
945 510 1050 569 sibi
1068 512 1269 568 virtute
1292 509 1657 567 dominantur.
1700 508 1835 563 Cum
1855 522 1923 563 eo
1951 508 2079 561 item
2108 505 2161 565 Α
2183 501 2389 560 relictis
2438 511 2561 558 vita:
2606 501 2879 558 secular's
2923 499 3308 558 blandimentis
3327 543 3344 567 ,
3378 499 3541 559 fortia
3606 511 3786 562 ιωιι-

494 607 764 678 principes
808 604 1017 670 sedent,
1060 603 1187 674 quia
1212 602 1313 657 etsi
1342 609 1486 657 stare
1534 616 1847 672 percorpus
1892 600 1944 654 in
1985 599 2087 654 hac

493 700 616 753 vitae
637 697 868 753 labentis
893 709 1133 750 :erumna
1182 702 1497 759 cernuntur,
1545 694 1859 748 meritorum
1906 700 2085 747 tamen

492 789 677 844 sedem
730 802 852 842 cum
900 785 1267 854 Bedemptore
1307 785 1359 839 in
1406 784 1724 839 sublimibus
1767 784 2008 851 habent,
2053 798 2087 837 a

491 879 648 947 cujus
696 876 1080 933 conformitate
1123 877 1387 931 claritatis
1432 891 1533 931 nec
1585 878 1637 931 in
1688 877 1789 931 ista
1830 874 2086 930 lmditatis

490 969 633 1022 valle
675 976 1015 1037 separantur.
1058 965 1227 1035 Egerii
1254 982 1471 1036 quoque
1520 967 1681 1023 rebus
1718 976 1774 1023 et
1820 981 2087 1038 pauperes

488 1070 615 1115 sunt
636 1078 727 1132 qut
756 1070 979 1133 propter
1004 1060 1351 1128 Evangelium
1388 1076 1453 1115 ea
1501 1074 1621 1131 qua:
1648 1062 1703 1116 in
1750 1060 1951 1116 suacqu
1989 1061 2087 1115 ha-

494 1154 624 1207 bere
650 1160 925 1222 poterant.
970 1162 1165 1207 cuncta
1192 1153 1546 1222 reliquerunt.
1572 1152 1675 1218 Qui
1704 1162 1852 1208 certe
1880 1160 1939 1207 ut
1962 1167 2084 1208 cum

496 1246 833 1316 pnncipibns
859 1246 1064 1314 possint
1091 1244 1300 1311 sedere,
1331 1246 1398 1300 de
1424 1246 1647 1316 pulvere
1692 1246 1942 1301 suscitari
1990 1247 2086 1301 de-

491 1336 643 1404 bent,
675 1344 729 1391 et
756 1336 824 1391 de
845 1346 1088 1392 stercore
1114 1337 1267 1399 erigi.
1291 1335 1427 1403 Quid
1456 1338 1599 1392 enim
1626 1337 1843 1393 favores
1869 1339 2080 1409 linguae,

486 1430 621 1498 quid
657 1439 785 1485 sunt
835 1430 977 1483 aliud
1024 1430 1316 1485 labentium
1367 1431 1686 1500 dignitatum
1735 1434 1939 1498 infulae,
1980 1434 2083 1490 nisi

488 1523 709 1594 pulvis?
754 1523 887 1578 Nam
939 1538 1059 1578 eam
1107 1538 1267 1592 quam
1320 1524 1651 1581 blandiendo
1719 1526 1999 1581 sordidant
2049 1543 2081 1581 a

486 1613 630 1667 veris
672 1613 1045 1683 splendoribus
1090 1622 1327 1669 mentem
1357 1624 1581 1670 aecant.
1625 1614 1691 1669 Et
1712 1616 1842 1685 quid
1882 1617 2081 1672 divitiae

486 1713 794 1775 pereuntes,
847 1714 903 1759 et
966 1706 1292 1767 transitoria:
1342 1705 1642 1773 facultates,
1690 1708 1792 1761 nisi
1838 1716 2079 1763 stercora

482 1802 684 1849 aeterna
709 1794 1055 1864 diligentibus
1081 1798 1251 1851 sunt?
1296 1795 1551 1851 Stercora
1577 1799 1776 1868 quippe
1802 1808 1931 1855 sunt
1956 1816 2078 1871 qua:

481 1895 681 1941 saneta:
710 1887 904 1941 animm
937 1888 989 1941 in
1021 1894 1337 1957 contemptu
1368 1888 1685 1945 humilitatis
1716 1890 1938 1959 habent,
1968 1909 2075 1947 non

482 1978 536 2034 in
567 1981 810 2050 appetitu
844 1979 1117 2034 desiderii.
1154 1978 1312 2033 Unde
1339 1989 1396 2035 et
1416 1980 1673 2037 Salomon
1702 1984 1754 2037 in
1782 1986 2075 2040 amissione

480 2074 746 2127 bonorum
794 2074 1173 2143 temporalium
1207 2075 1581 2129 contristatum
1629 2078 1811 2132 saeculi
1852 2078 2074 2132 divitem

482 2167 712 2231 intuens,
746 2166 859 2220 ait:
890 2166 969 2220 De
986 2177 1209 2223 stercore
1258 2167 1409 2223 boum
1448 2170 1762 2238 lapidandus
1805 2181 1883 2227 est
1930 2175 2075 2244 piger

482 2256 673 2325 (Eccli.
707 2273 835 2322 xxu,
858 2256 935 2325 9).
965 2256 1129 2323 Quasi
1157 2258 1340 2313 dicat:
1394 2259 1473 2315 De
1499 2275 1565 2316 eo
1602 2262 1828 2317 verbera
1872 2264 2075 2319 doloris

487 2348 738 2414 sustinet,
769 2349 914 2418 quod
944 2349 987 2403 is
1018 2350 1109 2419 qui
1140 2365 1240 2419 pro
1260 2359 1462 2405 :eterna
1491 2353 1600 2406 vita
1627 2353 1873 2410 laborare
1910 2371 2075 2425 appe-

486 2439 553 2493 tit
578 2438 723 2494 velut
748 2448 989 2495 stercora
1010 2442 1326 2495 contemnit.
1352 2441 1490 2498 Hinc
1517 2442 1712 2499 Paulus
1734 2446 1809 2499 ait
1834 2465 1847 2499 :
1882 2447 2073 2501 Omnia

480 2532 846 2587 detrimentum
884 2536 983 2605 feci
1016 2545 1065 2588 et
1115 2536 1340 2590 arbitror
1368 2546 1422 2589 ut
1447 2546 1699 2603 stercora,
1730 2547 1785 2591 ut
1814 2538 2073 2593 Christum

478 2624 828 2694 lucrifaciam.
867 2624 941 2679 De
972 2625 1193 2694 pulvere
1221 2628 1404 2696 itaque
1433 2643 1636 2697 egenus
1666 2631 1976 2696 suscitatur,
2018 2641 2075 2687 et

478 2713 547 2770 de
582 2722 825 2771 stercore
866 2731 1070 2786 pauper
1096 2718 1339 2786 erigitur,
1368 2735 1490 2773 cum
1521 2735 1694 2785 mens,
1752 2723 1950 2777 saacnlo
1978 2724 2072 2779 ab-

475 2806 810 2869 renuntians,
845 2806 1106 2877 quidquid
1127 2808 1231 2863 sibi
1261 2809 1476 2878 placere
1503 2810 1714 2866 solebat
1740 2813 1848 2883 63
1878 2814 1945 2869 de
1971 2814 2075 2869 lin-

474 2909 592 2966 gure
619 2897 868 2951 humana:
898 2897 1190 2963 favoribus,
1222 2898 1290 2954 de
1316 2899 1526 2956 honore
1546 2901 1889 2970 dignitatum,
1923 2912 1979 2959 et
2006 2905 2074 2961 de

472 2989 800 3045 abundantia
842 3006 1048 3056 rerum,
1078 2993 1272 3058 calcat,
1304 2994 1432 3048 dum
1484 2994 1555 3049 ad
1596 2996 1711 3051 sola
1740 3006 1943 3052 :eterna
1986 3014 2074 3055 re-

472 3082 656 3153 spicit,
686 3099 807 3154 quze
831 3085 945 3141 sola
975 3085 1230 3142 ardenter
1258 3096 1424 3142 amat.
1453 3086 1516 3142 Ei
1539 3102 1772 3158 namque
1800 3090 2069 3158 suscitari,

473 3182 529 3230 et
558 3176 711 3246 erigi,
745 3186 827 3233 est
850 3194 913 3233 ea
949 3195 1071 3250 qua:
1117 3196 1349 3250 corpore
1372 3180 1703 3253 derelinquit
1748 3185 1944 3239 mentis
1980 3201 2072 3240 su-

2190 601 2369 653 menta
2422 592 2631 648 fortiter
2657 593 2914 660 tolerant,
2960 592 3205 649 dicamus
3228 610 3248 648 :
3274 593 3461 649 Posuit
3499 612 3663 669 super
3700 614 3789 654 eos

2188 684 2382 738 orbein.
2422 682 2621 740 Orbem
2651 685 2854 755 quippe
2894 700 3059 755 super
3086 702 3184 742 eos
3228 688 3434 757 posuit,
3462 690 3579 757 qui,
3630 699 3788 747 ante-

2186 792 2349 848 quam
2378 779 2457 834 eis
2484 779 2874 849 imponeretur,
2905 781 3007 835 sub
3034 782 3111 836 eis
3136 781 3256 836 fuit.
3280 782 3414 835 Nam
3437 796 3561 835 eum
3581 796 3695 850 jam
3734 785 3787 836 in

2187 883 2353 925 onere
2381 870 2738 925 tentationum
2760 871 2963 926 habent
2988 914 3004 936 ,
3034 872 3127 941 qui
3161 872 3242 927 eis
3281 871 3612 927 blandiendo
3642 874 3788 928 velut

2187 961 2466 1030 subjectus
2494 963 2787 1029 serviebat,
2814 978 2937 1019 cum
2965 964 3021 1019 in
3049 979 3119 1019 eo
3146 964 3369 1020 delicias
3396 974 3453 1021 et
3478 965 3787 1036 voluptates

2184 1054 2462 1125 sequendo
2492 1054 2893 1111 recumberent.
2916 1052 2985 1109 Et
3011 1055 3140 1124 quia
3163 1068 3385 1123 magnas
3411 1070 3482 1111 ex
3510 1070 3582 1111 eo
3611 1064 3786 1111 tenta-

2187 1150 2361 1205 tiones
2401 1150 2621 1215 habent,
2650 1148 2744 1219 qui
2788 1162 2985 1218 magna
3032 1148 3088 1203 in
3115 1148 3209 1203 illo
3248 1149 3652 1205 oblectamenta
3696 1149 3785 1205 hac

2184 1242 2439 1305 buerunt,
2470 1242 2783 1312 adjungitur
2814 1259 2828 1295 :
3156 1283 3172 1294 .

2256 1335 2433 1401 (\‘ers.
2463 1334 2541 1403 9.)
2571 1335 2739 1391 Pedes
2758 1344 3056 1392 sanctorum
3084 1352 3295 1392 suorum
3322 1337 3572 1392 servabit.
3784 1402 3789 1405 _

2252 1426 2342 1481 25.
2375 1426 2581 1493 Quibus
2623 1428 2866 1497 profecto
2906 1427 3085 1483 verbis
3123 1428 3203 1483 sic
3259 1427 3523 1483 auxilium
3589 1428 3788 1486 divina

2182 1519 2539 1588 protectionis
2564 1519 3077 1589 propitiationisque
3101 1520 3426 1585 ostenditur,
3459 1527 3520 1574 ut
3544 1521 3785 1589 pericuh

2183 1611 2537 1665 tentationum
2567 1611 2752 1680 gravia
2772 1610 3147 1680 designentur.
3179 1610 3346 1678 Quasi
3376 1612 3583 1667 etenim
3613 1612 3783 1668 dicat:

2182 1699 2315 1756 Tam
2364 1700 2587 1770 grandia
2627 1700 2697 1755 de
2741 1716 2809 1756 eo
2838 1702 2925 1756 cui
2976 1701 3317 1758 adh:eserant
3360 1703 3561 1758 saeculo
3609 1711 3783 1759 tenta-

2180 1800 2363 1848 menta
2411 1793 2699 1859 sustinent,
2732 1801 2793 1847 ut
2816 1792 2966 1847 solus
3005 1792 3073 1847 ad
3100 1792 3469 1862 adjuvandum
3502 1793 3598 1849 ille
3638 1793 3784 1849 sufﬁ-

2110 1884 2159 1945 B
2187 1886 2297 1941 ciat
2325 1886 2417 1954 qui
2446 1886 2638 1941 deesse
2667 1886 2916 1940 ﬁdelibus
2943 1886 3058 1940 suis
3086 1886 3140 1940 in
3172 1886 3524 1941 tribulatione
3551 1902 3665 1941 non
3692 1901 3783 1957 po-

2182 1985 2304 2032 test.
2337 1976 2510 2033 Pedes
2535 1993 2767 2047 namque
2792 1987 3102 2033 sanctorum
3144 1994 3367 2033 suorum
3397 1993 3654 2045 servare,
3700 1986 3783 2034 est

2180 2085 2472 2128 concussos
2502 2070 2555 2125 in
2588 2070 2886 2125 tentatione
2912 2068 3138 2125 allectus
3165 2069 3462 2125 electorum
3489 2112 3507 2137 ,
3538 2083 3610 2124 ne
3659 2084 3783 2125 cor-

2179 2174 2361 2233 ruant,
2390 2182 2487 2236 per
2513 2167 2740 2238 gratiam
2764 2166 3046 2223 roborare.
3098 2164 3250 2221 Unde
3276 2174 3332 2221 et
3382 2166 3475 2236 qui
3498 2164 3567 2219 ad
3596 2180 3782 2221 casum

2180 2265 2486 2323 nutaverat,
2539 2266 2596 2311 et
2648 2266 2825 2312 tamen
2878 2272 2909 2311 a
2954 2256 3188 2312 Domino
3233 2265 3591 2312 conservatus
3620 2266 3780 2323 erat,

2179 2355 2441 2424 propheta
2488 2352 2667 2407 dixit:
2708 2352 2817 2407 Hei
2863 2364 3035 2407 autem
3084 2369 3214 2423 pene
3259 2353 3385 2406 ntoti
3424 2362 3545 2407 sunt
3599 2353 3779 2421 pedes,

2178 2444 2465 2513 ρεπεεῇαεὶ
2480 2452 2599 2497 sunt
2610 2460 2811 2515 gressus
2826 2447 2925 2499 mei
2941 2444 3111 2515 (Psal.
3127 2458 3295 2511 Lxxu,
3309 2443 3383 2511 2).
3410 2444 3547 2499 Hinc
3559 2444 3779 2501 iterum:

2180 2534 2370 2590 Pulsus
2400 2553 2543 2597 sum;
2572 2546 2622 2590 et
2650 2553 2855 2590 eversus
2902 2554 3017 2591 sum
3050 2547 3106 2591 ut
3154 2537 3411 2601 caderem,
3435 2545 3483 2588 et
3521 2534 3779 2590 Dominus

2176 2629 2397 2697 suscepit
2417 2646 2514 2681 me.
2547 2626 2828 2683 Fortitudo
2849 2646 2987 2697 mea,
3017 2639 3066 2683 et
3092 2630 3326 2683 laudatio
3351 2646 3462 2682 mea
3496 2627 3773 2694 Dominus,

2176 2730 2225 2773 et
2245 2722 2411 2789 factus
2440 2729 2517 2774 est
2542 2720 2667 2773 mihi
2696 2721 2748 2773 in
2773 2721 2994 2776 salutem
3026 2720 3197 2791 (Psal.
3230 2737 3393 2786 cxvu,
3424 2720 3511 2786 l5,
3548 2720 3662 2791 Η).
3708 2720 3775 2776 Et

2177 2808 2244 2864 de
2272 2810 2506 2863 hostium
2536 2808 2850 2865 inﬁrmitate
2878 2810 3172 2878 subjunxit,
3202 2810 3389 2865 dicens
3415 2828 3428 2863 :

2249 2902 2426 2971 (Vere.
2457 2903 2534 2969 9.)
2566 2902 2635 2957 Et
2658 2903 2802 2975 impii
2831 2905 2885 2959 in
2908 2905 3125 2959 tenebris
3158 2906 3521 2960 conticescent.

2246 2994 2337 3049 εκ
2388 2996 2524 3063 Quid
2565 3006 2649 3052 est
2674 3007 2854 3053 autem
2882 2996 3029 3067 quod
3058 3012 3181 3052 cum
3211 3012 3431 3052 servare
3458 3005 3775 3053 sanctorum

2174 3088 2341 3159 pedes
2370 3088 2631 3145 Dominus
2668 3090 2882 3157 dicitur,
2912 3090 3187 3145 silentium
3216 3098 3550 3144 memoratur
3574 3089 3799 3160 impio-'

2180 3194 2323 3245 rum,
2356 3180 2456 3234 nisi
2487 3182 2611 3249 quia
2642 3181 2709 3235 ad
2736 3181 2946 3251 peccati
2969 3181 3174 3252 lapsum
3202 3194 3543 3250 nequaquam
3584 3180 3775 3250 impel-

470 3266 734 3324 blimitate
773 3270 1072 3342 despicere.
1122 3270 1191 3325 Et
1232 3287 1354 3327 cum
1400 3273 1734 3344 principibus
1782 3276 1833 3330 ei
1875 3277 2063 3333 sedere
2091 3279 2137 3343 C
2168 3272 2347 3336 limur,
2381 3273 2481 3328 nisi
2508 3288 2630 3328 cum
2653 3288 2906 3346 perversa
2931 3273 3087 3328 nobis
3107 3273 3461 3342 malignorum
3489 3271 3772 3341 spirituum

469 3369 573 3429 est,
625 3378 869 3433 supernae
919 3365 1104 3435 patria:
1154 3365 1362 3421 civibus
1402 3382 1501 3436 per
1546 3369 1801 3437 gaudium
1847 3379 2063 3428 aeterna:

470 3452 665 3520 quietis
696 3455 976 3511 interesse.
1007 3456 1107 3522 Qui
1135 3466 1283 3512 certe
1305 3466 1433 3515 tunc
1461 3460 1648 3527 glorize
1674 3463 1868 3517 solium
1893 3472 2059 3530 tenet,

469 3545 594 3612 quia
642 3546 732 3613 qui
770 3553 879 3599 tam
928 3547 1230 3603 sublimiter
1277 3549 1531 3618 prmsidet
1559 3566 1589 3605 a
1634 3552 1935 3609 conditoris
1979 3556 2063 3610 sui

472 3631 722 3687 laudibus
752 3651 1025 3704 nunquam
1056 3639 1199 3693 silet.
1227 3639 1379 3695 llanc
1408 3658 1641 3711 namque
1661 3645 1844 3711 glorise
1879 3647 2062 3702 sedem

471 3721 755 3778 Psalmista
807 3726 1079 3781 admirans
1110 3729 1335 3784 Domino
1365 3731 1625 3799 loquitur,
1657 3734 1843 3791 dicens
1871 3755 1883 3790 :
1917 3738 2063 3792 Beati

472 3817 558 3888 qui
585 3817 818 3871 habitant
845 3819 900 3872 in
928 3820 1080 3875 domo
1109 3830 1218 3886 tua,
1253 3822 1493 3890 Domine,
1526 3828 1579 3879 in
1612 3829 1803 3882 stecula
1849 3832 2063 3887 sarculo-

472 3923 587 3960 rum
625 3907 910 3963 laudabunt
962 3919 1010 3963 te
1046 3912 1220 3977 (Psal.
1269 3931 1492 3981 Lxxxttt,
1544 3915 1621 3983 5).
1678 3918 1827 3976 Hanc
1879 3923 2063 3978 sedem

470 3999 654 4068 gloria:
699 4000 864 4057 Isaias
910 4004 1184 4072 praedicat,
1212 4004 1439 4062 dicens:
1482 4007 1740 4064 Gaudium
1788 4021 1837 4066 et
1880 4015 2065 4069 latitia

468 4094 754 4150 invenietur
778 4097 833 4150 in
862 4114 943 4161 ea,
990 4099 1279 4169 gratiarum
1308 4103 1463 4167 actio,
1510 4113 1558 4157 et
1584 4120 1683 4157 v01:
1727 4106 1896 4162 laudis
1924 4108 2060 4182 (Isa.

468 4201 541 4253 ιι,
573 4186 651 4255 5).
684 4187 835 4243 Hanc
884 4189 1014 4245 item
1043 4199 1261 4247 sanctus
1292 4192 1489 4249 Tobias
1514 4198 1827 4269 ostendens,
1856 4202 1931 4255 ait
1957 4222 1968 4255 :
1994 4202 2066 4259 Et

470 4280 611 4333 omni
639 4280 809 4350 lapide
836 4283 1060 4351 pretioso
1094 4292 1143 4337 et
1172 4284 1363 4339 mundo
1385 4286 1572 4355 platea:
1599 4288 1711 4357 ejus
1747 4301 2061 4363 sternentur,

465 4379 517 4423 et
544 4387 633 4439 per
655 4388 830 4426 omnes
875 4375 1011 4427 vicos
1042 4377 1152 4445 ejus
1171 4376 1395 4429 Alleluia
1418 4378 1713 4433 cantabitur
1744 4382 1896 4452 (Tob.
1946 4403 2058 4451 xui,

466 4455 581 4525 22).
614 4455 721 4513 Sed
747 4472 811 4512 ea
833 4474 952 4528 qum
988 4470 1287 4529 sequuntur
1314 4472 1532 4532 ereptus
1552 4480 1761 4535 pauper
1814 4471 2061 4539 aspiciat,

466 4546 595 4615 quia
621 4548 689 4601 ad
715 4548 1018 4619 principum
1048 4551 1364 4617 sessionem,
1395 4555 1460 4608 ad
1491 4554 1676 4622 gloria:
1716 4559 1912 4615 solium
1950 4577 2059 4619 non

464 4640 646 4696 statim
670 4648 729 4696 ut
759 4642 921 4698 fuerit
949 4653 1163 4700 erectus
1191 4645 1511 4701 adducitur:

537 4754 713 4826 (Vers.
750 4756 828 4821 8.)
860 4754 1090 4822 Domini,
1139 4758 1331 4829 inquit,
1374 4773 1493 4817 sunt
1522 4763 1759 4819 cardines
1813 4772 1988 4836 teme,
2017 4775 2067 4822 et

462 4847 630 4917 posuit
658 4865 813 4918 super
835 4866 920 4905 eos
950 4848 1141 4905 orbem.

539 4939 629 4993 2'2.
664 4939 799 5006 Quia
831 4948 990 4995 terra:
1038 4944 1256 4999 nomine
1302 4955 1619 5016 peccatores
1650 4947 1703 5003 in
1749 4964 1908 5007 sacro
1952 4952 2063 5009 elo-

459 5027 589 5095 quio
638 5028 1003 5101 designantur,
1055 5035 1303 5092 cardines
1353 5046 1509 5093 terra:
1539 5039 1593 5094 hi
1640 5042 1810 5112 accipi
1860 5058 2061 5101 conve-

460 5119 674 5175 nienter
712 5133 939 5191 possunt
969 5126 1021 5179 in
1070 5126 1266 5195 quibus
1314 5144 1413 5198 per
1442 5129 1623 5201 inepta
1662 5132 1925 5189 desideria
1952 5152 2054 5191 sa:-

458 5213 638 5267 culum
669 5215 878 5282 circuit,
910 5225 965 5273 et
993 5218 1059 5274 de
1089 5220 1196 5275 alio
1224 5220 1290 5275 ad
1321 5221 1483 5276 alium
1511 5222 1676 5280 ducit.
1708 5223 1842 5281 Cum
1884 5227 2048 5297 igitur

460 5316 753 5362 conversos
782 5316 1101 5377 peccatores
1128 5312 1437 5381 aspicimus,
1468 5313 1519 5367 in
1543 5314 1755 5371 laudem
1777 5317 2051 5375 Creatoris

460 5389 548 5445 his
574 5393 739 5449 Annua
768 5398 945 5455 verbis
969 5415 1335 5473 erumpamus.
1360 5403 1523 5471 Quasi
1553 5408 1695 5461 enim
1724 5408 1844 5463 aliis
1869 5411 2049 5467 verbis

458 5488 591 5539 tunc
619 5484 871 5543 dicimus:
903 5488 1019 5546 Jam
1039 5492 1249 5549 Domini
1280 5511 1397 5553 esse
1423 5512 1521 5566 per
1544 5496 1660 5567 ejus
1687 5500 1911 5567 gratiam
1938 5517 2050 5558 cte-

456 5585 689 5645 perunt,
739 5580 831 5649 qui
877 5580 967 5636 diu
1022 5585 1075 5639 in
1122 5595 1239 5642 rota
1287 5604 1467 5645 rerum
1511 5593 1903 5649 transeuntium
1952 5611 2049 5665 per

455 5667 648 5724 mundi
671 5671 1161 5742 concupiscentiam
1203 5680 1335 5735 tenti
1362 5690 1507 5737 sunt.
1540 5679 1780 5751 Etcum,
1807 5683 1919 5754 jam
1949 5686 2045 5743 de-

2168 3370 2499 3420 tentamenta
2521 3368 2905 3435 suggeruntur?
2923 3365 3061 3421 Cum
3088 3380 3216 3435 ergo
3241 3367 3408 3436 pedes
3425 3374 3642 3420 nostros
3671 3364 3774 3420 Do-

2166 3459 2342 3515 minus
2385 3467 2584 3521 servat,
2635 3460 2955 3514 intenebris
3001 3467 3183 3515 tacent
3231 3459 3403 3529 impii,
3460 3459 3589 3528 quia
3643 3458 3768 3513 dum

2165 3549 2335 3619 gratia
2365 3548 2546 3604 divina
2576 3550 2931 3619 protegimur,
2952 3564 3142 3604 vocem
3171 3564 3276 3618 qua
3305 3564 3404 3604 nos
3427 3550 3771 3620 praecipitent

2166 3641 2297 3696 dare
2328 3642 2483 3695 nobis
2506 3640 2775 3696 immundi
2804 3642 3023 3711 spiritus
3063 3655 3403 3710 nequaquam
3433 3650 3681 3711 possunt.
3711 3641 3769 3696 ln

2168 3732 2407 3787 tenebris
2430 3732 2631 3802 quippe
2661 3739 2842 3786 tacent
2866 3774 2881 3798 ,
2920 3731 3045 3801 quia
3073 3731 3367 3799 caliginosa
3408 3733 3764 3802 reproborutn

2166 3825 2331 3880 corda
2359 3825 2657 3896 possident,
2690 3841 2719 3878 a
2744 3839 2975 3894 quorum
3004 3826 3115 3897 64
3144 3825 3211 3880 ad
3241 3842 3339 3881 nos
3370 3828 3619 3898 progredi
3660 3828 3762 3884 ob-

2166 3918 2426 3972 scuritate
2449 3932 2558 3971 non
2587 3916 2805 3971 audent.
2834 3916 3012 3984 Quare
3041 3926 3221 3974 autem
3249 3927 3563 3974 sanctorum
3594 3920 3764 3991 pedes

2166 4016 2349 4064 servet
2375 4008 2617 4078 exponit,
2650 4007 2836 4064 dicens
2861 4026 2876 4063 :

2240 4122 2416 4194 (Vers.
2453 4120 2532 4191 9.)
2563 4120 2702 4186 Quia
2738 4139 2844 4178 non
2867 4123 2921 4179 in
2953 4125 3254 4196 fortitudine
3298 4142 3394 4181 sua
3439 4127 3764 4183 roborabitur

2167 4214 2260 4267 vir.

2236 4300 2325 4357 9.5.
2353 4301 2516 4370 Quasi
2545 4301 2731 4359 dicat:
2760 4302 2965 4362 ldcirco
2997 4314 3167 4376 tenet,
3192 4308 3317 4379 quia
3340 4310 3457 4364 sine
3478 4309 3597 4379 ipso
3618 4318 3766 4367 stare

2167 4411 2273 4451 non
2301 4406 2541 4466 possent.
2572 4396 2707 4451 Nam
2732 4399 2832 4453 etsi
2861 4400 2945 4454 vir
2969 4401 3182 4456 virtutis
3210 4403 3539 4470 agnoscitur,
3573 4403 3628 4457 in
3658 4402 3765 4458 for-

2169 4490 2393 4545 titudine
2439 4506 2535 4545 sua
2578 4492 2827 4546 timorem
2859 4492 3040 4562 lapsus
3067 4494 3257 4559 habet,
3289 4503 3489 4550 statum
3521 4506 3548 4533 ι
3594 4498 3765 4553 robur

2169 4598 2277 4636 non
2304 4583 2506 4651 habet,
2549 4592 2601 4639 ct
2648 4585 2808 4640 toties
2849 4586 3033 4641 illicita
3070 4588 3499 4657 concupiscendo
3540 4588 3761 4657 labitur,

2090 4669 2143 4727 D
2168 4675 2379 4742 quoties
2408 4676 2619 4732 interna
2644 4678 2760 4746 ejus
2790 4678 3015 4748 vestigia
3038 4693 3070 4732 a
3096 4678 3323 4735 Domino
3353 4688 3574 4736 tenente
3600 4681 3761 4737 dese-

2170 4772 2382 4820 runtur.
2432 4767 2512 4821 An
2554 4783 2684 4823 vero
2714 4784 2821 4823 non
2858 4769 2940 4824 vir
2980 4778 3098 4825 erat
3136 4772 3220 4826 cui
3258 4771 3311 4826 in
3350 4772 3761 4842 juvencularum

2167 4860 2335 4915 choro
2363 4859 2680 4915 cantabatur
2710 4877 2724 4913 :
2759 4860 2893 4915 Saul
2910 4863 3157 4931 percussit
3176 4865 3337 4931 mitte,
3378 4872 3428 4919 et
3468 4864 3643 4920 David
3671 4866 3761 4920 de-

2165 4965 2274 5003 cem
2312 4950 2476 5003 millia
2507 4948 2560 5020 (I
2590 4948 2721 5021 Reg.
2754 4966 2903 5021 xvm,
2939 4952 3037 5022 7)?
3069 4955 3168 5020 Qui
3219 4956 3469 5011 nimirum
3523 4973 3646 5014 cum
3678 4960 3759 5016 in-

2166 5047 2248 5094 ter
2272 5054 2436 5095 onera
2479 5039 2781 5095 fortitudini
2807 5059 2917 5097 sua:
2947 5044 3294 5113 relinquitur,
3328 5046 3379 5102 in
3424 5050 3605 5105 carnis
3648 5066 3759 5108 suze

2161 5132 2372 5201 culpam
2417 5133 2678 5203 impulsus
2723 5134 2958 5200 corruit,
2997 5144 3158 5205 atque
3199 5138 3251 5192 in
3282 5153 3341 5195 se
3370 5149 3628 5209 expertus
3672 5151 3758 5197 est

2156 5224 2279 5293 quia
2307 5224 2389 5278 vir
2414 5224 2467 5278 in
2490 5240 2548 5279 se
2575 5241 2683 5281 non
2713 5226 2912 5281 habeat
2939 5235 3137 5282 statum
3166 5230 3392 5297 roboris,
3416 5234 3512 5288 sed
3542 5234 3753 5305 lapsum

2158 5316 2502 5371 inﬁrmitatis.
2538 5315 2691 5371 Unde
2720 5325 2775 5371 et
2804 5318 2969 5374 relabi
2998 5330 3260 5388 metuens,
3288 5338 3411 5378 eum
3442 5340 3473 5379 a
3520 5340 3629 5395 quo
3673 5338 3750 5382 te-

2157 5408 2273 5463 neri
2297 5407 2364 5462 ad
2392 5415 2592 5463 statum
2630 5407 2825 5464 debeat
2852 5412 3120 5480 exposcit,
3151 5412 3337 5469 dicens
3367 5433 3380 5469 :
3406 5412 3533 5470 Non
3558 5433 3641 5471 me
3661 5418 3753 5472 de-

2146 5490 2413 5573 relinquas
2452 5518 2809 5574 usquequaque
2853 5502 3022 5575 (Psal.
3058 5520 3238 5573 cxvm,
3272 5505 3350 5579 8).
3399 5506 3570 5565 Nemo
3618 5524 3747 5579 ergo

2153 5609 2213 5650 se
2240 5593 2407 5659 fallat,
2450 5596 2603 5663 quasi
2633 5596 2685 5649 in
2714 5610 2774 5650 se
2794 5597 2960 5652 robur
2978 5599 3157 5655 standi
3184 5600 3441 5671 inveniat,
3468 5604 3595 5673 quia
3640 5605 3741 5659 etsi

2153 5699 2349 5756 magna
2375 5700 2517 5755 saepe
2538 5685 2871 5743 occultorum
2902 5689 3135 5746 hostium
3165 5692 3303 5748 bella
3333 5709 3672 5766 superamus,
3696 5695 3741 5757 si

428 5926 433 5939 ,
521 5879 562 5912 Α
586 5870 749 5934 Forte
775 5875 1057 5950 legendum
1086 5886 1273 5961 statum
1301 5878 1520 5968 roboris,
1554 5892 1614 5941 ut
1650 5884 1810 5959 paulo
1836 5884 1973 5968 infra
2000 5903 2016 5944 :
2044 5904 2148 5965 non
2176 5887 2364 5953 habeat
2384 5893 2574 5941 statum
2614 5886 2834 5958 roboris,
2867 5889 2959 5947 sed
2992 5892 3193 5969 lapsum
3219 5895 3562 5969 infirmitatis.
