4044 6336
294 407 353 465 δυ
1118 408 1184 467 IN
1225 408 1491 470 PRIMUM
1530 410 1769 470 REGUM
1812 414 2324 477 EXPOSITIONES.
2364 449 2436 464 --
2473 420 2601 481 LIB.
2645 424 2708 481 ll.
3486 437 3551 495 ὓς)

289 518 437 589 ligna
465 532 562 575 eos
581 519 636 573 in
677 519 790 575 suis
807 519 1144 577 suasionibus
1170 523 1510 593 reprobando
1536 524 1685 581 velut
1704 527 1757 582 in
1780 526 1863 582 fu.
1889 536 1940 593 Α

286 623 400 680 3am
419 625 611 667 versos
639 610 981 680 insequimur,
1008 628 1117 669 non
1144 630 1244 671 nos
1274 622 1398 671 tunc
1418 616 1585 689 refugi
1615 619 1856 689 spiritus,

285 702 375 756 sed
418 716 542 757 eum
572 717 731 771 quem
776 703 829 757 in
863 704 1019 759 nobis
1046 706 1311 774 aspiciunt
1330 719 1713 778 expavescunt.
1762 712 1861 769 Vel

2039 529 2214 601 (Vers.
2251 533 2366 606 11.)
2387 535 2459 591 Et
2494 538 2623 594 abiit
2660 539 2904 598 Helcana
2947 542 3004 599 in
3037 541 3343 620 Ramatha,
3369 553 3426 609 in
3455 556 3551 614 do-

1965 637 2104 678 mum
2132 641 2297 682 suam.

2031 735 2082 791 l.
2106 737 2275 806 Quem
2304 742 2546 813 profecto
2576 745 2772 815 virum,
2814 749 3039 808 humani
3062 756 3277 826 generis
3308 758 3545 822 Redem-

2115 795 2151 806 ’ν
2205 795 2210 796 ⁷
2248 795 2272 796 ““
2306 795 2358 813 τ’
2377 795 2542 801 '_""
2590 795 2648 803 ”“
2663 795 2749 803 “““”’
2814 795 3039 808 -ν⁸⁸¹¹¹ιιιι
3099 795 3219 813 νιιυι
3232 795 3277 815 ID
3308 795 3542 822 ιισυσιιι-

280 802 429 850 certe
456 795 501 849 si
530 810 633 849 nos
658 796 822 850 etiam
870 797 1091 866 timent,
1123 798 1323 855 idcirco
1363 801 1606 871 profecto
1646 805 1857 875 timent,
1958 838 2205 902 Morem;
2251 833 2461 893 Annam
2499 853 2631 895 νει-ο
2678 795 2994 913 οοίήυεθω,
3051 795 3171 918 :jus
3209 850 3542 928 Ecclesiam;

280 886 398 928 rmin
433 886 485 928 in
509 885 702 928 divina»
728 888 910 928 gratim
938 890 1103 928 rnhnr
1147 901 1446 928 acenmnlnc
1477 895 1655 928 ινῖίίιιηι
1730 897 1858 928 Δία..
2243 926 2268 928 ξ

277 886 401 954 quia
432 886 485 940 in
509 885 702 941 divinae
728 888 911 958 gratia:
938 890 1103 946 robur
1145 901 1449 964 assumptos
1477 895 1677 952 vident.
1720 897 1813 970 Apl

277 988 403 1021 eum
430 975 766 1021 subiungitur
788 993 802 1021 ε

1958 885 2010 902 ,ν
2058 885 2067 887 -
2093 885 2108 887 _
2136 885 2205 901 η,
2251 885 2461 893 -_-__-..
2511 885 2628 895 .-.ν
2681 885 2994 913 νν--δυουιυ,
3051 885 3171 918 qua
3209 885 3542 928 ιλιιωσθιᾱιιις

1958 938 2183 993 puerum
2236 926 2562 999 Samuelem,
2618 933 2956 993 credentium
2986 937 3054 994 de
3076 944 3323 1010 gentibus
3365 964 3543 1021 popu-

274 988 403 1045 ergo
429 975 802 1046 subjungitur:

344 1086 521 1157 (Vers.
557 1089 669 1159 l0.)
696 1089 974 1147 Dominum
1003 1095 1357 1165 formidabant
1391 1098 1674 1156 adversarii
1718 1102 1849 1174 ejus,

267 1188 319 1234 et
346 1196 503 1249 super
522 1181 663 1251 ipsos
690 1185 747 1237 in
771 1185 912 1239 curiis
937 1187 1150 1243 tonabit.

1954 1011 2096 1082 lum;
2130 1015 2393 1074 Ramatha
2421 1036 2636 1092 quoque
2664 1026 2958 1099 civitatem,
3008 1032 3280 1091 caelestem
3301 1011 3541 1109 patriam

1954 1104 2243 1177 designare
2271 1113 2622 1171 ostendimus.
2652 1117 2789 1186 Quid
2818 1136 2947 1194 ergo
2971 1134 3056 1182 est
3083 1130 3229 1199 quod
3256 1104 3378 1203 post
3406 1150 3539 1193 con-

1944 1195 2091 1268 jugis
2117 1202 2391 1258 canticum
2420 1204 2617 1266 abiisse
2645 1209 2699 1265 in
2729 1211 3053 1273 Ramatbam
3082 1195 3357 1280 civitatem
3386 1243 3537 1287 suam

338 1268 429 1322 26.
460 1268 591 1325 Coeli
616 1287 848 1342 namque
885 1282 1011 1355 tunc
1038 1294 1240 1347 sumus,
1271 1297 1394 1337 cum
1434 1284 1487 1338 in
1516 1285 1848 1345 altitudinem
1950 1283 2185 1343 Helcana
2215 1289 2439 1360 dicitur,
2487 1310 2611 1352 cum
2639 1308 2764 1369 post
2791 1311 2976 1361 natum
3005 1323 3230 1378 puerum
3261 1313 3372 1371 Deo
3402 1333 3534 1374 can-

264 1358 459 1414 divina:
484 1363 669 1429 gratiae
688 1352 1028 1433 pmsidentis
1058 1370 1211 1427 nobis
1259 1374 1622 1432 sublevamur.
1652 1377 1716 1432 Et
1759 1389 1848 1436 to-
1949 1378 2115 1434 ticum
2144 1380 2301 1438 Anna
2328 1383 2546 1454 dixerit,
2577 1352 2741 1459 atque
2769 1403 2896 1452 ante
2919 1398 2983 1452 ad
3005 1352 3173 1458 lcaelos
3202 1403 3534 1479 Redemptor

261 1453 443 1509 uitrua
471 1465 660 1512 contra
684 1458 799 1523 ejus
814 1460 1151 1518 adversarios
1186 1465 1462 1535 habemus,
1492 1484 1611 1524 cum
1657 1472 1847 1527 validis
1946 1472 2269 1539 ascenderit,
2315 1491 2476 1547 quam
2505 1482 2760 1548 gentilem
2798 1489 3055 1558 populum
3084 1502 3270 1551 sancta
3298 1453 3531 1558 Ecclesia

258 1554 570 1604 sanctorum
615 1550 1003 1610 desideriorum
1052 1557 1278 1614 vocibus
1309 1574 1469 1617 omne
1495 1563 1640 1631 quod
1689 1566 1843 1622 nobis
1945 1562 2000 1616 in
2025 1562 2130 1619 ﬁde
2169 1568 2485 1634 genuisset?
2521 1572 2675 1638 Quod
2698 1550 2946 1646 profecto
2975 1582 3042 1638 ab
3080 1586 3158 1640 eis
3194 1588 3530 1649 solummodo

255 1635 324 1692 de
379 1653 566 1695 eorum
621 1646 965 1711 suggestione
1017 1648 1186 1718 spira;
1242 1651 1509 1709 elidimus,
1574 1656 1841 1726 Quidquid
1944 1655 2203 1722 quaaritur
2231 1658 2321 1727 qui
2350 1668 2557 1717 tantum
2586 1665 2799 1723 Domini
2828 1674 2998 1728 nostri
3025 1680 3362 1738 corporalem
3390 1698 3529 1753 prae-

253 1727 398 1783 euim
447 1731 745 1789 tonitruum
770 1735 912 1803 ferit,
963 1737 1236 1797 interﬁcit.
1275 1742 1533 1800 Tonitrua
1557 1760 1686 1815 ergo
1730 1763 1837 1805 cte-

252 1817 429 1874 lorum
457 1829 584 1878 sunt
609 1825 846 1894 perlecta
876 1828 1139 1886 desideria
1170 1834 1486 1892 electorum.
1512 1837 1643 1892 Nam
1685 1840 1836 1895 velut

1940 1744 2171 1800 sentiam
2211 1749 2351 1805 scire
2400 1764 2714 1812 noscuntur.
2757 1759 3003 1832 Nunquid
3041 1769 3184 1824 enim
3238 1779 3364 1828 tunc
3390 1744 3526 1833 ἰιοιι

1943 1847 2065 1888 eum
2094 1851 2275 1892 secum
2314 1839 2511 1898 Paulus
2539 1844 2773 1903 habebat
2801 1852 2894 1920 qui
2922 1853 2988 1907 ad
3019 1854 3230 1913 Patrem
3262 1864 3525 1921 ascende-

248 1922 278 1961 ι
302 1910 567 1966 calorum
606 1913 888 1972 altitudine
916 1921 1229 1979 terribiliter
1257 1927 1498 1983 sonando
1540 1930 1827 2000 prodeunt,
1863 1913 1910 1973 B
1936 1932 2039 1994 ιάι,
2074 1942 2211 2009 cum
2260 1932 2474 1988 dicebat
2524 1937 2645 1990 εΑη
2683 1942 3084 2008 experimentum
3130 1953 3361 2020 quaeritis
3407 1956 3521 2025 ejus

246 2014 370 2057 cum
390 2003 461 2058 ab
482 2020 550 2060 eo
576 2006 773 2062 mentis
800 2009 1034 2067 culmine
1064 2016 1326 2087 malignos
1350 2020 1573 2089 spiritus
1610 2019 1828 2090 feriunt,

242 2094 331 2148 cui
362 2097 703 2166 omnipotens
742 2099 883 2157 Deus
911 2102 989 2160 sic
1016 2108 1288 2175 praesidet,
1320 2120 1379 2165 ut
1426 2126 1611 2168 amore
1639 2116 1829 2183 ιιι-ωει-

241 2182 426 2241 dentls
452 2186 604 2245 facile
638 2201 855 2263 superet
880 2210 1043 2253 omne
1087 2202 1231 2269 quod
1255 2202 1320 2257 ad
1350 2216 1582 2273 pugnam
1624 2182 1830 2263 moveri

238 2286 463 2347 poterat
504 2282 671 2338 hostis
717 2285 938 2342 audacia
976 2289 1119 2344 mala
1149 2295 1503 2362 suggerentis.
1549 2295 1654 2351 Sed
1684 2313 1827 2367 ιιινω-

237 2381 498 2428 monente
526 2374 885 2448 Redemptore
905 2382 1152 2439 novimus
1175 2386 1299 2453 quia
1326 2388 1412 2459 qui
1430 2393 1828 2459 perseveraverit

235 2479 396 2535 usque
416 2468 471 2519 in
490 2467 668 2536 ﬁnem,
701 2470 781 2524 hic
809 2472 980 2527 salvus
1010 2476 1108 2529 erit
1137 2475 1351 2546 (Matth.
1378 2494 1433 2547 x,
1462 2478 1573 2551 22).
1619 2480 1824 2538 Eodem

234 2570 455 2626 quoque
506 2558 734 2617 Domino
780 2566 1147 2633 promittente,
1195 2568 1477 2626 didicimus
1523 2576 1643 2645 quia
1696 2592 1826 2644 qua-

230 2666 434 2720 cunque
473 2652 601 2706 hora
627 2664 864 2723 peccator
909 2660 1237 2727 convertitur,
1267 2662 1440 2716 salvus
1468 2665 1563 2718 erit
1604 2664 1817 2736 (Ezech.

230 2756 382 2809 xvrn,
406 2742 523 2812 21).
552 2744 609 2798 ιιι
640 2756 884 2804 extremo
906 2751 1088 2822 itaque
1112 2754 1195 2808 sui
1233 2756 1431 2812 cantici
1456 2758 1615 2813 addat
1641 2760 1817 2829 Anna,

228 2844 287 2890 et
334 2836 480 2891 dicat
526 2843 667 2895 unde
695 2853 1008 2910 peccantem
1039 2852 1262 2911 terreat,
1304 2848 1448 2904 dicat
1474 2866 1583 2920 quo
1610 2852 1820 2922 justum

227 2927 535 2983 cautiorem
564 2930 775 2986 reddat.

296 3034 478 3105 (Vers.
502 3037 615 3109 10.)
646 3039 918 3111 Dominus,
951 3045 1134 3118 inquit,
1152 3048 1411 3119 judicabit
1438 3051 1573 3121 fines
1601 3026 1777 3112 terrm.

292 3124 385 3179 27.
414 3125 531 3181 Non
570 3130 647 3183 ait
682 3138 903 3202 terram,
944 3134 1039 3191 sed
1067 3136 1200 3193 lines
1221 3146 1394 3194 teme.
1424 3140 1585 3198 Fines
1618 3146 1816 3217 quippe

222 3222 382 3271 terrae
404 3227 548 3283 sunt,
571 3222 661 3291 qui
688 3222 810 3277 vita:
833 3239 931 3279 sua
963 3226 1148 3283 ultima
1178 3244 1299 3284 cum
1327 3230 1498 3301 culpae
1539 3244 1813 3305 perpetra-

1933 2021 2020 2088 qui
2048 2008 2103 2074 in
2130 2038 2210 2076 me
2237 2023 2436 2080 habitat
2464 2026 2699 2085 Christus
2731 2031 2819 2104 (11
2846 2033 2967 2091 Cor.
3010 2054 3119 2103 xm,
3141 2008 3249 2111 '5)?
3277 2046 3368 2113 qui
3395 2008 3522 2105 item

1933 2109 2131 2166 fatetur
2157 2114 2340 2171 dicens
2366 2134 2379 2171 :
2411 2118 2559 2173 Sicut
2587 2140 2652 2177 ea:
2681 2122 2813 2192 Deo,
2865 2144 3041 2185 coram
3082 2109 3195 2188 Deo
3227 2109 3522 2196 et-Christo

1931 2200 2191 2292 arguimur
2223 2205 2309 2276 (II
2340 2206 2461 2265 Cor.
2490 2227 2546 2278 ιι,
2581 2212 2688 2280 17).
2725 2214 2861 2282 Quid
2891 2228 2974 2274 est
3002 2235 3130 2290 ergo
3151 2225 3293 2292 quod
3320 2238 3520 2287 sanctae

1928 2290 2187 2373 Ecclesia:
2216 2297 2507 2368 aliquando
2536 2303 2706 2359 adfuit
2734 2322 2832 2377 per
2856 2310 3081 2378 gratiam
3126 2290 3384 2386 muneris,
3416 2320 3519 2376 ali-

1927 2383 2142 2451 quando
2171 2387 2221 2442 ei
2250 2404 2308 2444 se
2336 2391 2605 2447 subtraxit
2631 2404 2729 2465 per
2756 2397 3211 2469 dispensationem
3242 2383 3518 2477 probatio-

1926 2477 2046 2532 nis?
2071 2478 2253 2536 Adfuit
2282 2499 2539 2556 namque,
2576 2497 2633 2543 ut
2655 2490 2708 2544 in
2737 2494 3091 2562 acquisitione
3115 2497 3365 2558 Gentium
3394 2506 3516 2563 vita:

1925 2571 2093 2626 verba
2124 2574 2460 2633 abundanter
2489 2581 2819 2654 ell'underet;
2852 2588 2947 2643 sed
2973 2590 3262 2662 aliquando
3291 2597 3341 2652 ei
3370 2600 3514 2657 velut

1923 2660 2121 2718 absens
2147 2680 2207 2719 se
2236 2666 2535 2737 abscondit,
2567 2680 2644 2741 ut,
2683 2676 2829 2731 verbi
2860 2660 3086 2736 munere
3133 2685 3363 2754 sublato,
3416 2707 3510 2747 co-

1922 2761 2211 2819 gnosceret
2227 2755 2344 2811 sine
2364 2758 2480 2828 ejus
2506 2766 2788 2830 praesentia
2806 2768 2978 2837 qualis
2998 2783 3161 2828 esset.
3192 2772 3321 2833 Post
3348 2779 3511 2839 linem

1920 2840 2103 2911 itaque
2163 2847 2357 2902 cantici
2426 2848 2832 2910 diciturzAbiit
2888 2858 3128 2918 Helcana
3173 2867 3229 2919 in
3294 2869 3503 2926 domum

1918 2951 2086 3002 suam,
2139 2940 2264 3008 quia
2311 2952 2495 2999 sancta
2541 2945 2787 3005 Ecclesia
2826 2966 2895 3008 ex
2923 2954 3040 3025 ejus
3078 2963 3361 3029 praesentia
3400 2965 3508 3023 alta

1918 3026 2192 3096 praedicat,
2224 3033 2314 3101 qui
2348 3047 2472 3090 cum
2503 3038 2823 3098 mortalibus
2842 3058 2939 3113 per
2967 3026 3418 3118 dispensationem
3449 3072 3507 3112 se

1915 3116 2219 3184 subtrahit,
2263 3124 2479 3181 aeternis
2530 3142 2590 3182 se
2641 3128 2846 3187 civibus
2884 3116 3085 3203 jugiter
3126 3152 3499 3210 repraesentat.

1916 3204 2118 3264 Domus
2163 3226 2393 3283 namque
2420 3230 2513 3270 sua
2560 3218 2650 3273 illa
2689 3236 3048 3294 supernorum
3080 3228 3299 3298 civium,
3339 3248 3500 3302 quam

221 3310 371 3365 tione
386 3312 713 3370 clauserunt.
744 3316 979 3386 Namqui
999 3328 1206 3389 peccat,
1238 3328 1292 3377 et
1313 3295 1688 3395 corrigitquod
1716 3328 1809 3383 de-
1836 3295 1882 3356 ϐ
1914 3302 2171 3368 amando’
2216 3304 2476 3374 replenda
2506 3319 2559 3364 θί
2605 3312 2863 3368 ⁵⁰⁰ί³¹¹ά⁰
2911 3316 3169 3375 Dominus
3216 3322 3500 3391 “habitat,

219 3398 435 3469 linquit,
458 3408 599 3457 terra
626 3412 711 3458 est
736 3420 831 3476 per
858 3416 1158 3477 peccatum,
1180 3417 1237 3465 et
1262 3411 1380 3468 linis
1410 3420 1564 3469 terra:
1584 3432 1689 3471 non
1704 3426 1804 3482 est,

216 3491 343 3562 quia
371 3491 726 3565 delinquendo
754 3496 1135 3568 redemptionis
1158 3516 1266 3555 suae
1295 3502 1404 3559 alta
1423 3503 1688 3573 deposuit,
1714 3507 1811 3563 sed

214 3584 283 3637 ab
314 3584 426 3638 imo
473 3584 820 3655 depositionis
860 3604 970 3643 suae
1022 3599 1149 3646 ante
1183 3591 1442 3660 judicium
1491 3598 1803 3653 resurrexit.

212 3672 392 3728 Flevit
445 3690 676 3747 namque
701 3680 843 3749 quod
881 3680 1046 3749 lecit,
1087 3690 1141 3738 et
1170 3692 1453 3741 venturum
1482 3686 1718 3755 judicent
1738 3705 1806 3746 eo

211 3766 387 3822 laetius
431 3770 674 3836 sustinet,
704 3786 811 3841 quo
861 3774 915 3828 in
959 3776 1306 3834 damnatione
1334 3781 1663 3838 terrenitalis
1708 3798 1807 3854 per

209 3861 585 3930 paenitentiam
630 3864 745 3934 ipse
772 3865 825 3920 in
851 3882 910 3922 se
955 3867 1162 3937 ﬂageila
1214 3871 1429 3928 ultionis
1472 3882 1637 3930 tenet.
1668 3874 1803 3944 Quia

206 3964 344 4018 ergo
382 3950 517 4007 lines
570 3960 730 4009 terrae
784 3957 1039 4015 Dominus
1072 3960 1297 4030 jndicat,
1343 3980 1635 4023 conversus
1669 3984 1800 4039 peco

205 4048 366 4095 cator
420 4042 485 4096 ad
515 4042 798 4100 Dominum
841 4048 1040 4118 priora,
1084 4050 1198 4107 sive
1246 4053 1439 4122 media,
1476 4072 1584 4112 non
1628 4073 1798 4129 expa-

204 4141 419 4188 vescat.
437 4133 570 4201 Quia
592 4137 717 4191 item
740 4136 874 4195 lines
904 4148 1060 4196 terra:
1079 4143 1338 4202 Dominus
1358 4146 1582 4217 judicat,
1602 4149 1797 4220 justus,

201 4223 457 4279 inchoata
482 4223 709 4294 justitia,
742 4244 849 4284 non
880 4242 1186 4300 przcsumat.
1216 4234 1351 4289 Nam
1378 4238 1423 4292 si
1453 4241 1595 4296 hunc
1622 4240 1690 4295 ab
1731 4257 1796 4297 ea

198 4330 310 4386 qua
360 4316 555 4373 cadere
583 4328 760 4389 potest
788 4322 964 4379 adhuc
999 4326 1253 4395 mquitate
1302 4329 1569 4386 labentem
1620 4335 1794 4390 subita

199 4416 354 4461 mors
378 4408 666 4479 intercipit,
691 4412 817 4481 quia
846 4413 898 4468 in
922 4415 1031 4469 suis
1050 4425 1306 4475 extremis
1328 4421 1481 4491 culpa
1506 4422 1790 4493 clauditur,

198 4500 388 4555 finium
424 4508 579 4556 terrae
604 4502 723 4571 lege
745 4503 1040 4573 judicatur.
1070 4508 1359 4578 Sequitur:

272 4591 454 4663 (Vers.
485 4593 598 4667 10.)
630 4593 696 4648 Et
725 4596 868 4652 dabit
882 4600 1156 4667 imperium
1184 4604 1292 4674 regi
1321 4619 1432 4672 suo,
1461 4615 1511 4661 et
1534 4606 1786 4665 sublima-

194 4688 270 4742 bit
314 4703 476 4741 cornu
505 4686 695 4742 Christi
715 4691 815 4744 sui.

266 4795 363 4851 28.
406 4794 518 4852 lloc
546 4796 788 4867 profecto
818 4801 1083 4871 superius,
1114 4804 1238 4873 quia
1280 4805 1346 4860 ad
1371 4805 1791 4879 Redemptorem

190 4887 500 4951 retulimus,
533 4887 585 4942 in
608 4888 766 4958 hujus
794 4906 1009 4961 quoque
1037 4895 1430 4964 explanationis
1468 4901 1655 4957 ordine
1682 4904 1788 4976 65

191 4998 305 5036 non
331 4988 619 5038 mutamus.
651 4983 768 5053 Ipse
797 5000 1028 5055 namque
1055 4997 1137 5043 est
1164 5004 1266 5059 pax
1296 5000 1498 5061 nostra,
1526 4997 1616 5064 qui
1661 4996 1790 5053 fecit

191 5080 427 5140 utraque
449 5088 609 5126 unum
640 5072 855 5144 (Ep/tes.
887 5091 943 5142 ll,
978 5077 1088 5149 14).
1120 5078 1238 5150 lpse
1284 5097 1497 5152 quoque
1525 5094 1609 5141 est
1653 5087 1788 5159 lapis

190 5162 467 5229 angularis
496 5161 550 5233 (Ι
581 5161 723 5218 Petr.
750 5180 806 5228 ιι,
838 5165 891 5231 4,
926 5166 976 5235 5,
1009 5167 1089 5241 6),
1118 5169 1170 5225 in
1200 5186 1308 5241 quo
1337 5172 1465 5228 dum
1487 5174 1785 5236 electorum

189 5251 373 5322 paries
418 5260 642 5323 uterque
670 5254 973 5323 copulatur,
1025 5266 1241 5315 (eterna:
1267 5261 1502 5320 civitatis
1544 5266 1783 5325 fractura

187 5340 519 5409 disponitur.
588 5342 795 5399 Teneat
844 5346 1028 5418 itaque
1088 5365 1291 5406 morem
1358 5370 1513 5411 suum
1582 5357 1785 5417 locutio

187 5437 377 5485 nostra
405 5472 420 5497 ,
452 5439 511 5486 ut
538 5433 753 5502 prolato
780 5434 889 5504 jam
920 5439 1057 5493 sacri
1087 5442 1282 5497 cantici
1312 5450 1367 5498 et
1396 5448 1586 5503 morali
1615 5458 1672 5506 et
1706 5452 1788 5507 al-

188 5519 433 5589 legorico
487 5522 767 5579 intellectu
795 5567 810 5591 ,
859 5528 912 5582 in
942 5545 1009 5585 eo
1036 5538 1263 5603 uterque
1293 5540 1579 5596 conveniat
1621 5558 1782 5612 quem

188 5612 296 5670 ﬁde
325 5614 618 5684 credimus,
649 5620 889 5675 moribus
908 5636 1329 5690 promereamur.

819 5751 1046 5809 CAPUT
1082 5754 1146 5812 Il.

259 5862 519 5938 Sequitur
538 5867 683 5924 enim
710 5865 925 5927 divinus
951 5882 1155 5934 sermo.
1179 5878 1235 5929 et
1253 5871 1386 5933 dicit
1416 5894 1430 5934 :

1912 3399 2111 3449 aeterna
2144 3397 2378 3454 societas
2406 3410 2507 3455 est.
2541 3402 2599 3458 In
2629 3420 2749 3460 eam
2780 3404 2951 3476 igitur
2969 3412 3114 3467 vadit
3141 3430 3261 3470 cum
3291 3417 3502 3477 Annam

1911 3481 2131 3547 deserit,
2162 3486 2286 3554 quia
2314 3489 2407 3556 qui
2436 3506 2495 3545 se
2524 3492 2678 3547 nobis
2705 3494 2878 3550 adhuc
2907 3499 3310 3566 procientibus
3350 3508 3501 3563 salu-

1909 3570 2079 3625 briter
2104 3573 2393 3643 subtrahit,
2417 3579 2668 3647 perfectis
2689 3590 2850 3653 atque
2870 3593 3258 3648 consummatis
3283 3603 3498 3653 materna:

1908 3662 2095 3730 patriae
2114 3664 2320 3725 civibus
2340 3682 2406 3723 eo
2435 3684 2494 3723 se
2522 3670 2853 3731 incessanter
2871 3676 3046 3748 jungit
3073 3689 3234 3754 atque
3255 3686 3496 3756 exhibet,

1906 3764 2015 3820 quo
2036 3755 2252 3822 probari
2287 3756 2397 3826 jam
2427 3761 2684 3830 probatos
2722 3765 2839 3835 ejus
2860 3767 3099 3827 absentia
3127 3774 3353 3835 ulterius
3382 3755 3493 3834 non

1901 4040 2019 4096 qua:
2047 4034 2157 4084 tam
2197 4032 2443 4089 sublimia
2482 4036 2686 4095 electos
2723 4041 2934 4110 edocet,
2977 4046 3117 4101 sicut
3160 4051 3247 4119 pia
3278 4068 3492 4124 semper

1900 4115 2114 4173 Domini
2160 4120 2561 4192 dispensatione
2606 4127 2897 4199 deseritur,
2944 4134 3019 4189 ita
3063 4146 3116 4191 et
3154 4115 3341 4194 eadem
3382 4115 3489 4200 alta

1898 4219 2016 4275 qum
2035 4208 2228 4266 doceat
2266 4230 2377 4269 non
2418 4232 2636 4288 semper
2672 4220 2853 4276 habet.
2897 4222 3003 4279 Sed
3045 4226 3292 4299 plerique
3319 4235 3482 4291 verba

1898 4300 2141 4367 audiunt,
2181 4307 2509 4373 praeteritam
2534 4307 2796 4366 malitiam
2827 4312 3181 4387 detestantur,
3213 4330 3269 4376 et
3303 4338 3486 4381 corre~

1896 4389 2090 4446 ctionis
2119 4393 2244 4450 vita:
2281 4411 2447 4466 opera
2488 4411 2829 4470 proponunt;
2879 4407 2974 4461 sed
3014 4424 3133 4464 cum
3174 4411 3360 4468 audire
3388 4415 3484 4471 de-

1893 4481 2101 4549 sierint,
2129 4500 2194 4540 ac
2234 4488 2281 4542 si
2308 4478 2582 4559 nunquam
2609 4492 2797 4550 eadem
2825 4497 2944 4551 vitae
2980 4501 3148 4555 verba
3177 4503 3472 4574 audissent,

1892 4572 1961 4625 ad
2008 4573 2346 4644 iniquitatem
2394 4579 2642 4636 redeunt.
2709 4582 2935 4641 Auditor
2977 4600 3175 4646 sancta:
3222 4572 3476 4653 Ecclesiae

1819 4674 1874 4737 ι)
1896 4664 2111 4733 gentilis
2146 4668 2376 4737 populus
2412 4671 2639 4728 devotus
2668 4676 2737 4730 ad
2776 4677 3102 4736 audiendum
3142 4684 3271 4753 fuit,
3318 4695 3375 4742 et
3408 4688 3477 4742 ad

1894 4759 2227 4829 operandum
2255 4772 2556 4835 promptus.
2576 4768 2716 4838 Apte
2738 4770 2920 4841 itaque
2938 4776 3185 4833 subditur
3210 4796 3224 4832 :

1966 4873 2141 4946 (Vers.
2194 4875 2307 4946 11.)
2339 4877 2479 4934 Puer
2526 4890 2696 4937 autem
2748 4884 2962 4942 Samuel
3005 4901 3115 4944 erat
3161 4892 3394 4947 minister
3422 4895 3477 4948 in

1890 4977 2162 5038 conspectu
2188 4968 2425 5037 Domini,
2455 4982 2575 5027 ante
2601 4976 2787 5045 facient
2816 4977 2938 5034 Heli
2963 4982 3265 5037 sacerdotis.

1962 5058 2016 5112 2.
2042 5058 2121 5114 Ac
2164 5060 2210 5115 si
2260 5070 2449 5132 aperte
2495 5064 2807 5122 diceretur:
2838 5067 2921 5123 Ex
2956 5086 3024 5126 eo
3063 5071 3206 5141 quod
3249 5073 3471 5143 audivit,

1893 5150 2252 5221 omnipotenti
2298 5153 2410 5210 Deo
2449 5155 2665 5226 placere
2692 5160 2916 5215 studuit.
2946 5160 3048 5229 Qui
3084 5173 3208 5235 apte
3234 5180 3369 5236 puer
3389 5168 3474 5223 di-

1891 5242 2052 5312 citur,
2082 5243 2208 5312 quia
2238 5245 2339 5300 etsi
2368 5247 2587 5317 grandia
2611 5265 2708 5320 pro
2747 5251 3062 5309 defensione
3106 5254 3234 5311 fidei
3276 5265 3474 5315 nostra:

1891 5334 2097 5402 agenda
2118 5345 2448 5407 susceperat,
2474 5346 2655 5394 tamen
2680 5341 2731 5395 in
2760 5341 2949 5397 cadem
2978 5344 3099 5400 lidei
3122 5348 3471 5416 generatione

1888 5425 2064 5481 adhuc
2110 5442 2282 5482 novus
2327 5436 2462 5483 erat.
2513 5427 2583 5484 Et
2625 5430 2749 5501 quia
2790 5432 3059 5503 placidum
3106 5437 3464 5508 omnipotenti

1887 5515 2000 5571 Deo
2053 5517 2407 5574 ministerium
2456 5519 2723 5590 prmbuit,
2777 5524 3021 5581 minister
3072 5526 3125 5581 in
3172 5538 3469 5600 conspectu

1886 5607 2182 5664 conditoris
2241 5610 2360 5665 fuit.
2414 5610 2473 5665 ln
2521 5620 2812 5683 conspectu
2854 5617 3051 5672 etenim
3095 5619 3307 5676 Domini
3361 5628 3462 5688 est,

1882 5714 2045 5771 quem
2067 5701 2122 5756 in
2148 5701 2422 5758 oblatione
2463 5702 2847 5772 obsequiorum
2871 5708 3049 5766 divina
3079 5710 3317 5782 dignatio
3356 5715 3468 5785 66

1880 5789 2111 5847 libenter
2154 5793 2361 5863 aspicit.
2402 5791 2448 5846 Α
2475 5807 2582 5861 quo
2624 5794 2870 5852 nimirum
2909 5799 3122 5857 Domini
3165 5814 3460 5874 conspecm

1877 5880 2073 5956 expelli
2109 5882 2266 5941 valde
2305 5888 2549 5940 metuens
2569 5883 2709 5955 quis,
2748 5896 2885 5958 orat,
2918 5890 3143 5948 dicens:
3174 5890 3261 5948 Ne
3287 5892 3453 5962 proji-
