4044 6336
589 454 650 515 Ol
1788 452 2031 511 SANCTI
2072 451 2395 512 CREGORII
2434 455 2648 514 MAGNl
3790 462 3854 521 92

585 570 839 623 eiusntea
866 569 1000 640 facie
1026 576 1114 623 tua
1142 566 1315 641 (Psal.
1359 580 1416 637 ι,
1450 566 1557 638 15).
1590 564 1649 622 In
1679 582 1786 639 quo
1826 566 1953 625 item
1990 565 2158 638 recipi
2188 568 2238 628 Α
2262 570 2489 639 accepit.
2515 568 2693 636 Quare
2732 576 2787 625 et
2831 567 3065 626 ofﬁcium
3112 569 3455 628 sacerdotum
3496 574 3562 631 ad
3591 578 3850 649 populum

585 664 928 719 vehementer
969 662 1212 735 cupiens,
1260 659 1535 717 dilationis
1584 676 1694 718 suae
1730 676 1937 717 moram
1978 676 2162 717 secum

582 738 828 825 reputat,
861 754 1045 811 dicens
1078 774 1089 808 :
1118 752 1337 819 Quando
1386 754 1609 821 veniam,
1667 765 1715 808 et
1738 753 1994 826 apparebo
2040 764 2161 809 ante

576 848 763 923 [aciem
793 846 891 905 Dei
922 847 1094 917 (Psal.
1146 865 1257 919 xu,
1286 846 1384 919 5)?
1413 846 1547 905 llinc
1585 847 1724 903 Elias
1759 848 2060 919 gloriatur;
2106 858 2160 906 et

576 939 653 995 ait
681 958 693 993 :
733 939 869 996 Vivit
896 939 1173 1005 Dominus,
1206 943 1260 996 in
1286 943 1433 1016 cujus
1454 953 1725 1014 conspectu
1753 951 1832 998 sto
1864 943 1987 1016 (III
2018 944 2148 1019 Reg.

575 1047 701 1099 xvu,
736 1033 811 1109 l).
845 1032 1087 1091 Minister
1124 1036 1307 1108 itaque
1337 1045 1452 1091 erat
1492 1034 1708 1091 Samuel
1762 1036 1816 1091 in
1864 1049 2158 1111 conspectu

574 1122 803 1190 Domini,
836 1125 959 1195 quia
990 1126 1042 1181 in
1076 1143 1227 1185 novae
1280 1127 1555 1197 religionis
1596 1128 1870 1201 obsequiis
1909 1134 2155 1205 omnipo-

571 1217 703 1271 tenti
752 1216 863 1273 Deo
893 1221 1107 1288 gentilis
1136 1221 1368 1292 populus
1398 1221 1554 1277 valde
1592 1231 1845 1296 acceptus
1874 1225 1988 1280 fuit.
2037 1229 2155 1296 Quo

568 1308 816 1367 nimirum
848 1314 1013 1368 verbo
1050 1312 1243 1369 Judteae
1264 1328 1477 1386 quoque
1514 1317 1751 1387 repulsio
1793 1318 2027 1375 latenter
2068 1322 2151 1375 in-

566 1399 765 1469 nuitur,
797 1401 923 1457 dum
964 1403 1109 1459 solus
1150 1403 1387 1472 Samuel,
1438 1405 1491 1461 in
1539 1421 1647 1477 quo
1692 1409 1931 1477 gentium
1982 1408 2153 1466 ﬁdelis

562 1493 794 1565 pOpulus
822 1495 1163 1565 exprimitur,
1196 1503 1325 1552 ante
1350 1495 1640 1553 Dominum
1678 1500 1982 1558 ministrare
2025 1520 2149 1574 per-

564 1584 797 1643 hibetur.
849 1586 1007 1646 Solus
1056 1589 1237 1660 itaque
1271 1591 1325 1645 in
1353 1590 1472 1661 ejus
1498 1603 1795 1665 conspectu
1842 1606 1979 1665 erat,
2023 1598 2149 1667 quia

559 1675 803 1751 proiecto
830 1679 880 1733 ei
908 1679 1162 1739 Judaicus
1189 1682 1423 1755 populus
1453 1683 1670 1753 placere
1697 1686 1950 1742 desierat.
1997 1688 2149 1754 Quod

560 1779 845 1842 utrumque
869 1788 965 1844 per
986 1774 1301 1830 Malachiam
1322 1776 1579 1834 Dominus
1601 1778 1862 1848 loquitur.
1889 1780 2019 1835 Nam
2049 1781 2147 1837 Ju-

553 1860 683 1917 dzete
730 1865 1092 1932 repulsionem
1133 1866 1444 1936 insinuans,
1475 1869 1549 1923 ait
1590 1887 1601 1922 :
1635 1868 1757 1925 Non
1786 1880 1861 1925 est
1890 1872 2017 1926 mihi
2062 1891 2149 1928 ro-

2264 658 2479 716 nesciit.
2538 659 2784 716 Ofﬁcium
2824 660 3164 718 sacerdotale
3217 664 3419 735 quippe
3473 680 3850 740 cognosceret,

2262 750 2307 808 si
2337 752 2404 807 ad
2431 752 2857 823 redemptionem
2886 753 3107 808 humani
3136 755 3348 823 generis
3376 771 3499 812 eum
3528 761 3619 829 qui
3668 776 3699 815 a
3731 762 3848 832 lege

2260 851 2316 899 et
2345 843 2619 914 prophetis
2656 842 2829 898 fuerat
2870 845 3165 914 promissus
3191 845 3301 915 jam
3331 848 3546 904 venisse
3590 852 3851 921 praedica-

2260 944 2363 991 ret.
2388 935 2445 991 ln
2476 951 2633 1005 quem
2676 934 2919 1005 profecto
2949 936 3074 1005 quia
3116 952 3223 992 non
3251 938 3426 993 solum
3459 954 3567 995 non
3599 943 3852 1009 credidit,

2259 1034 2351 1088 sed
2392 1034 2551 1089 etiam
2593 1032 2966 1102 persequendo
3017 1032 3286 1098 insanivit,
3336 1042 3390 1087 et
3417 1033 3707 1089 Dominum
3756 1051 3854 1091 ne-

2256 1126 2398 1191 sciit,
2430 1133 2484 1179 et
2513 1123 2578 1179 ad
2603 1124 2864 1195 populum
2893 1124 3131 1180 oftleium
3160 1126 3531 1181 sacerdotum.
3572 1126 3744 1196 Cujus
3771 1139 3854 1182 ta-

2258 1233 2383 1272 men
2428 1216 2629 1270 malitia
2658 1216 2835 1269 minor
2865 1223 3027 1279 esset,
3060 1214 3105 1270 si
3132 1214 3227 1283 qui
3254 1214 3514 1283 prodesse
3550 1216 3856 1273 minoribus

2258 1307 2637 1377 Redemptoris
2680 1309 2970 1362 adventum
3023 1307 3370 1377 praedicando
3413 1308 3608 1371 noluit,
3656 1324 3855 1365 nocere

2258 1401 2541 1456 timuisset.
2574 1400 2830 1471 Sequitur
2859 1414 3011 1469 ergo,
3043 1408 3097 1455 et
3123 1400 3293 1455 dicit:

2326 1491 2431 1561 67
2483 1490 2682 1558 (Ὑί-νς.
2727 1490 2811 1554 15,
2862 1489 2996 1560 lli.)
3046 1490 3153 1543 Sed
3202 1492 3490 1562 quicunque
3532 1493 3855 1547 immolasset

2254 1586 2533 1648 victimam,
2586 1585 2817 1638 veniebat
2849 1601 2973 1654 puer
3012 1584 3320 1651 sacerdotis,
3347 1585 3472 1638 dum
3515 1597 3854 1657 coquerentur

2256 1692 2455 1737 carnes,
2496 1684 2544 1727 et
2586 1672 2804 1727 habebat
2832 1673 3145 1743 fuscinulam
3174 1673 3447 1728 tridentem
3472 1675 3526 1728 in
3554 1691 3713 1727 manu
3737 1691 3849 1738 sua,

2256 1777 2307 1821 et
2354 1767 2585 1821 mittebat
2619 1769 2671 1821 in
2702 1765 2945 1829 lebetem,
2982 1768 3058 1821 vel
3096 1766 3409 1831 caldarium,
3452 1778 3541 1820 aut
3580 1768 3637 1820 in
3667 1767 3851 1834 ollam,

2256 1862 2361 1914 sive
2388 1862 2439 1913 in
2471 1859 2737 1926 cacabum,
2770 1869 2819 1913 et
2845 1876 2995 1915 omne
3030 1858 3167 1931 quod
3195 1858 3398 1912 levabat
3428 1859 3715 1931 (animula,
3752 1859 3852 1914 tol-

553 1951 728 2007 luntas
757 1954 811 2007 in
840 1954 1000 2022 vobis,
1036 1964 1083 2010 et
1108 1958 1421 2028 sacriﬁcium
1452 1976 1556 2016 non
1585 1963 1863 2035 suscipiam
1894 1965 1957 2017 de
1986 1982 2134 2020 manu

2254 1951 2392 2005 lebat
2422 1949 2791 2005 sacerdotibus.

554 2050 724 2101 vestra
750 2042 1016 2113 (Malae/2.
1053 2050 1091 2112 i,
1124 2047 1232 2119 10).
1257 2048 1363 2105 Sed
1393 2050 1484 2119 qui
1525 2049 1709 2107 afacie
1748 2070 1841 2109 sua
1866 2052 2144 2112 Judaieam

550 2134 834 2204 perﬁdiam
864 2138 1101 2209 expulit,
1149 2155 1309 2211 quem
1333 2141 1564 2198 libenter
1595 2144 1884 2213 intueatur,
1924 2148 2144 2218 subjun-

549 2235 705 2294 gens,
740 2227 815 2281 ait
848 2246 859 2281 :
891 2229 968 2282 Ab
996 2240 1110 2285 ortu
1134 2232 1261 2286 solis
1303 2248 1461 2303 usque
1490 2234 1559 2287 ad
1584 2252 1847 2305 occasum,
1898 2256 2143 2310 magnum

549 2326 625 2370 est
663 2334 845 2372 nomen
872 2336 1039 2375 meum
1063 2322 1116 2376 in
1140 2323 1393 2393 gentibus,
1446 2333 1495 2377 et
1524 2324 1579 2379 in
1607 2326 1749 2379 omni
1780 2328 1890 2382 loco
1921 2328 2141 2397 oﬂ'crtur

555 2412 755 2465 nomini
782 2429 895 2467 meo
942 2414 1132 2470 oblatio
1159 2416 1352 2470 munda
1376 2414 1563 2487 (Ibid,
1597 2418 1709 2487 11).
1737 2418 1845 2475 Sed
1877 2422 2143 2476 subtiliter

547 2513 633 2561 est
654 2504 939 2563 videndum
969 2507 1112 2576 quod
1142 2508 1341 2567 dicitur
1366 2526 1379 2565 :
1403 2512 1537 2565 Ante
1555 2512 1742 2583 faciem
1767 2512 1890 2568 Ileli
1921 2514 2141 2570 Samuel

551 2596 772 2655 Domino
812 2600 1141 2667 ministravit,
1176 2602 1301 2671 quia
1351 2604 1762 2675 prmdicatorum
1802 2616 1998 2664 sancta:
2036 2607 2142 2665 Ec-

544 2686 722 2743 clesia:
793 2688 1149 2747 ministerium
1196 2692 1412 2761 gentilis
1465 2694 1648 2767 populi
1706 2698 2138 2769 conversionem,

542 2791 781 2837 amorem
831 2787 886 2833 et
931 2782 1293 2841 reverentiam
1339 2782 1496 2858 circa
1544 2784 1926 2858 Redemptoris
1982 2789 2143 2844 obse-

544 2872 751 2941 quium,
794 2881 1037 2931 veterum
1066 2874 1202 2931 ordo
1247 2856 1530 2933 doctoruin
1554 2878 1719 2950 longe
1750 2856 1875 2936 ante
1904 2881 2137 2938 videndo

546 2964 822 3032 cognovit,
855 2972 910 3018 et
940 2965 1313 3035 prophetando
1344 2968 1677 3039 praedicavit.
1728 2970 1884 3027 Hunc
1907 2988 2140 3045 namque

539 3065 772 3127 pronum
805 3055 856 3109 in
884 3055 1093 3112 Domini
1120 3058 1423 3116 ministerio
1474 3074 1716 3131 noverat,
1751 3067 1843 3134 qui
1874 3066 2089 3123 dicebat
2118 3088 2133 3129 ;

538 3149 849 3207 Adorabunt
886 3168 1002 3208 eum
1028 3170 1205 3209 omnes
1234 3172 1380 3228 reges
1421 3166 1590 3223 terrm,
1623 3176 1796 3215 omnes
1825 3171 1999 3232 gentes
2027 3180 2138 3219 ser-

539 3241 677 3295 vient
694 3244 740 3296 ei
754 3241 928 3311 (Psal.
945 3259 1091 3309 uxr,
1109 3244 1221 3315 11).
1241 3244 1378 3302 llinc
1394 3248 1623 3317 Aggaeus
1645 3251 1899 3320 loquitur.
1915 3254 2130 3311 dicens:

546 3332 728 3387 Veniet
764 3335 1089 3391 desideratus
1136 3340 1331 3393 cunctis
1360 3340 1616 3410 gentibus,
1646 3351 1695 3395 et
1724 3344 1999 3414 replebitur
2020 3347 2135 3418 glo-
2156 3353 2209 3418 ο

532 3426 614 3482 ria
653 3426 834 3482 domus
875 3426 1086 3485 Domini
1110 3428 1313 3502 (Aggazi
1351 3446 1420 3500 ιι,
1445 3431 1524 3502 8).
1569 3430 1705 3489 lliuc
1746 3432 1913 3490 Isaias
1953 3435 2081 3489 dicit
2114 3454 2126 3487 :

532 3514 653 3569 Erit
692 3519 847 3575 radis:
886 3519 1054 3588 Jesse,
1082 3524 1167 3591 qui
1211 3531 1452 3595 exsurget
1488 3542 1665 3597 regere
1712 3536 1921 3597 gentes;
1964 3529 2015 3582 in
2046 3531 2130 3598 ip-

533 3622 645 3660 sum
684 3617 857 3678 gentes
886 3612 1168 3677 sperabunt
1210 3614 1346 3685 (Isa.
1397 3633 1484 3682 xx,
1529 3617 1626 3685 10;
1672 3617 1825 3675 Rom.
1874 3637 1961 3683 xv,
2016 3620 2127 3691 19.).

531 3691 670 3752 llinc
718 3697 999 3756 Psalmista
1055 3702 1131 3757 ait
1162 3721 1174 3757 :
1208 3702 1467 3771 Laudate,
1493 3724 1670 3763 omnes
1714 3720 1910 3779 gentes,
1942 3709 2125 3765 Domi-

537 3802 663 3840 num
688 3796 737 3841 et
766 3789 1059 3845 collaudate
1084 3809 1221 3859 eum,
1252 3810 1430 3849 omnes
1458 3798 1635 3865 populi
1668 3795 1839 3866 (Psal.
1872 3786 2015 3867 citri,
2045 3800 2125 3869 1).

539 3874 677 3931 Hinc
728 3880 1037 3949 patriarcha
1086 3882 1253 3939 Jacob
1302 3884 1379 3939 ait
1425 3903 1439 3940 :
1491 3884 1615 3953 Ipse
1664 3890 1762 3942 erit
1812 3893 2129 3963 exspectatio

529 3969 757 4038 gentium
780 3967 934 4040 (Gen.
978 3989 1090 4042 ux,
1138 3973 1248 4043 10).
1296 3976 1434 4032 Ante
1477 3976 1670 4035 faciem
1701 3994 1826 4049 ergo
1864 3980 1980 4036 lleli
2022 3985 2125 4039 mi-

528 4061 703 4118 nister
735 4064 944 4121 Domini
989 4065 1210 4125 Samuel
1240 4083 1378 4139 puer
1405 4068 1525 4138 fuit,
1556 4072 1681 4142 quia
1719 4073 1862 4142 quod
1906 4074 2125 4145 dignum

526 4151 647 4211 Deo
676 4158 1019 4227 postmodum
1060 4160 1277 4230 gentilis
1313 4163 1546 4233 populus
1584 4164 1807 4229 habuit,
1837 4166 2122 4223 doctorum

527 4248 665 4304 ordo
692 4260 934 4309 veterum
983 4268 1081 4322 per
1121 4256 1421 4325 prophetia)
1462 4256 1708 4328 spiritum
1751 4260 2014 4330 prcevidit.
2055 4260 2123 4316 Et

529 4341 711 4397 statim
741 4344 809 4399 de
837 4345 1094 4414 projectis
1122 4346 1370 4405 subditur
1402 4366 1414 4403 :

607 4436 787 4509 (Vera.
818 4438 912 4505 19,
964 4441 1079 4510 15.)
1131 4442 1299 4498 Porro
1328 4443 1429 4512 lilii
1460 4442 1586 4500 Heli
1624 4448 1905 4502 nescientes
1937 4446 2121 4503 Domi-

524 4547 672 4598 num,
702 4539 754 4587 et
774 4532 993 4603 oﬂicium
1024 4534 1307 4591 sacerdotis
1337 4535 1406 4591 ad
1434 4536 1701 4607 populum.

599 4624 653 4680 3.
685 4623 952 4681 Subsudis
972 4635 1143 4681 eram.
1175 4626 1279 4693 Qui
1320 4643 1555 4698 namque
1586 4628 1679 4687 ﬁlii
1708 4628 1825 4687 Heli
1854 4640 1980 4689 sunt
2006 4632 2120 4703 alii,

2323 2040 2375 2093 4.
2403 2040 2544 2107 Quid
2585 2042 2724 2095 enim
2765 2050 2851 2096 est
2898 2042 3179 2119 immolare
3220 2040 3517 2106 victimam,
3559 2042 3663 2096 uisi
3708 2055 3853 2097 verae

2250 2131 2372 2189 ﬁdei
2401 2135 2761 2205 omnipotenti
2785 2134 2896 2190 Deo
2919 2134 3117 2190 oﬁ'erre
3143 2134 3577 2189 confessionem?
3624 2133 3695 2188 Et
3719 2135 3852 2204 quid

2247 2239 2376 2279 vasa
2410 2225 2463 2279 in
2493 2225 2689 2294 quibus
2734 2224 3065 2280 immolando
3094 2240 3225 2280 caro
3263 2225 3534 2295 coquitur,
3580 2225 3684 2279 nisi
3713 2224 3850 2279 lide-

2248 2318 2381 2373 lium
2431 2327 2641 2375 mentes
2690 2320 2849 2375 sunt?
2894 2319 3027 2385 Quae
3069 2319 3197 2372 dum
3247 2316 3601 2373 lediatorem
3650 2318 3745 2372 Dei
3792 2326 3850 2373 et

2246 2410 2529 2466 hominum
2582 2410 2855 2465 hominem
2910 2409 3186 2464 Christum
3246 2407 3431 2465 Jesum
3478 2423 3600 2464 esse
3653 2426 3850 2465 verum

2248 2502 2442 2555 summi
2476 2500 2651 2557 Patris
2702 2500 3045 2571 Unigenitum
3077 2500 3325 2565 credunt,
3365 2501 3617 2556 nimirum
3665 2501 3719 2555 iu
3759 2501 3852 2556 his

2245 2605 2376 2647 caro
2406 2594 2659 2661 coquitur
2687 2607 2809 2661 quae
2838 2591 2949 2648 Deo
2988 2606 3087 2662 per
3113 2592 3418 2647 devotionis
3453 2593 3655 2647 intimae
3683 2594 3849 2648 obse-

2245 2682 2430 2751 quium
2488 2682 2817 2738 immoletur.
2867 2682 3000 2749 Quis
3049 2698 3185 2752 puer
3228 2683 3528 2739 sacerdotis
3576 2692 3662 2740 est
3704 2685 3849 2740 alius

2243 2786 2408 2841 quam
2448 2775 2671 2844 perﬁdis
2710 2774 3008 2846 Synagogae
3036 2775 3349 2845 pastoribus
3383 2790 3482 2845 per
3523 2776 3847 2845 obsequium

2244 2866 2518 2935 subjectus
2549 2867 2817 2937 populus?
2862 2867 2966 2934 Qui
2996 2876 3124 2938 apte
3156 2884 3293 2939 puer
3312 2868 3529 2934 dicitur,
3558 2867 3682 2938 quia
3714 2868 3846 2924 dum

2244 2956 2459 3012 inﬁrma
2500 2958 2633 3027 legis
2669 2959 2737 3013 ad
2786 2960 3021 3014 litteram
3061 2969 3247 3016 tenere
3290 2961 3516 3025 maluit,
3574 2962 3628 3018 in
3666 2963 3844 3017 virum

2242 3050 2541 3119 perfectum
2579 3067 2827 3108 crescere
2859 3067 2957 3124 per
2991 3052 3345 3124 Evangelium
3386 3057 3674 3111 recusavit.
3700 3056 3843 3122 Quid

2240 3158 2371 3199 vero
2400 3154 2484 3200 est
2520 3146 2668 3215 quod
2710 3146 2781 3201 sd
2807 3147 3118 3203 inferendos
3160 3149 3407 3205 ciborum
3450 3158 3633 3219 raptus
3674 3150 3841 3204 desti-

2239 3246 2401 3293 natur
2428 3240 2451 3291 ?
2478 3237 2617 3305 Quid
2652 3248 2736 3293 est
2774 3242 2968 3295 iterum
2994 3240 3140 3309 quod
3186 3241 3240 3296 in
3282 3241 3432 3295 illata
3456 3242 3711 3297 violentia
3762 3252 3841 3298 te-

2241 3346 2371 3387 nere
2397 3330 2686 3387 tridentem
2714 3332 3036 3389 fuscinulam
3059 3333 3257 3390 dicitur
3281 3347 3299 3388 !
3344 3333 3451 3390 Sed
3469 3335 3620 3391 cibus
3646 3334 3839 3390 electis

2241 3424 2433 3477 anima:
2461 3437 2693 3492 persona
2724 3431 2809 3477 est
2838 3422 3235 3493 Redemptoris.
3287 3423 3392 3491 Qui
3421 3426 3659 3495 profecto
3680 3425 3839 3479 cibus

2237 3515 2292 3569 in
2336 3516 2507 3571 sacris
2547 3515 2691 3570 vasis
2729 3515 3002 3585 coquitur,
3057 3517 3184 3571 dum
3239 3533 3336 3587 per
3380 3517 3613 3574 calorem
3662 3520 3841 3574 sancti

2234 3604 2468 3675 Spiritus
2494 3605 2563 3659 ad
2608 3605 2936 3660 suavitatem
2976 3606 3290 3665 reiectionis
3317 3608 3370 3664 in
3399 3608 3585 3664 electis
3630 3610 3837 3665 menti-

2231 3700 2335 3754 bus
2383 3706 2737 3769 praeparatur.
2797 3698 2941 3755 Caro
2990 3701 3188 3755 etenim
3241 3702 3513 3772 coquitur,
3562 3701 3691 3756 dum
3731 3717 3836 3771 per

2233 3788 2469 3859 Spiritus
2497 3790 2670 3845 sancti
2709 3790 2940 3854 gratism
2974 3791 3366 3848 humanitatem
3398 3791 3728 3848 Dominicam
3776 3794 3831 3846 in

2232 3880 2531 3938 divinitatis
2581 3892 2827 3938 naturam
2878 3894 3229 3954 sssumptam,
3278 3893 3333 3940 et
3381 3883 3606 3941 ﬁrmiter
3650 3886 3829 3940 credi-

2234 3992 2377 4041 mus,
2408 3983 2464 4032 et
2494 3976 2794 4032 efﬁcaciter
2819 3978 3164 4033 conﬁtemur.
3217 3975 3369 4047 Unde
3398 3986 3453 4033 et
3481 3992 3577 4046 per
3604 3976 3829 4045 Moysen

2232 4068 2368 4135 Αεηί
2401 4069 2669 4137 paschalis
2696 4084 2891 4125 carnes
2916 4071 3275 4126 comedendas
3302 4070 3562 4137 insinuat,
3589 4070 3783 4125 dicens
3813 4089 3825 4123 :

2231 4156 2356 4212 Non
2400 4161 2676 4214 comedetis
2715 4177 2781 4215 ea:
2806 4178 2866 4216 eo
2905 4161 3122 4215 crudum
3147 4162 3302 4233 quid,
3344 4171 3433 4217 ms:
3462 4171 3660 4216 coctum
3688 4180 3826 4233 aqua

2231 4253 2429 4326 (Exod.
2460 4271 2554 4323 xu,
2590 4255 2665 4325 9).
2693 4256 2931 4310 Crudum
2954 4256 3153 4324 quippe
3180 4271 3247 4310 ex
3278 4270 3345 4310 eo
3366 4254 3693 4311 manducare
3716 4265 3825 4321 est,

2232 4358 2425 4417 praeter
2468 4349 2702 4419 Spiritus
2749 4348 2921 4403 sancti
2961 4348 3227 4422 gratiam,_
3259 4347 3673 4418 Redemptorem
3717 4363 3823 4405 uo-

2226 4446 2394 4494 strum
2418 4454 2612 4509 purum
2645 4439 2917 4493 hominem
2950 4437 3191 4494 credere.
3240 4439 3389 4510 Aqua
3418 4454 3549 4494 vero
3571 4439 3823 4508 coquitur

2226 4546 2347 4585 cum
2378 4530 2762 4602 Redemptoris
2791 4532 3026 4587 essentia
3058 4546 3156 4600 per
3184 4532 3473 4587 humanam
3498 4529 3823 4601 sapientiam

2226 4622 2543 4678 ventilatur.
2598 4622 2840 4679 Crudum
2892 4634 3023 4690 ergo
3069 4620 3235 4676 Judxei
3291 4620 3620 4686 comedunt,
3681 4635 3821 4689 aqua

522 4713 630 4769 nisi
657 4712 916 4770 Israelita:
935 4716 1229 4772 secundum
1261 4732 1501 4781 carnem,
1532 4721 1626 4791 qui
1666 4719 1999 4793 Scripturam
2030 4741 2118 4780 sa-

2240 4723 2441 4770 :octum
2458 4715 2717 4781 haeretici,
2764 4715 2891 4784 quia
2942 4715 3016 4769 illi
3062 4714 3179 4783 ejus
3208 4713 3545 4795 divinitatem
3594 4721 3819 4782 negant,

525 4820 678 4867 cram
726 4816 992 4863 noverant
1022 4823 1051 4864 a
1082 4809 1326 4879 patribus
1370 4810 1591 4880 editam,
1635 4821 1691 4869 et
1732 4822 1910 4871 tamen
1957 4831 2117 4885 quem

520 4899 801 4969 Scriptura
831 4900 1151 4973 promiserat
1180 4901 1529 4959 nesciebant?
1558 4904 1705 4973 Quos
1734 4906 1985 4961 nimirum
2023 4925 2119 4983 per

522 4992 871 5060 semctipsam
901 4991 1114 5050 Veritas
1158 4994 1214 5049 in
1245 4995 1536 5067 Evangelio
1577 4999 1839 5069 increpat,
1883 5000 2066 5057 dicens
2099 5022 2110 5056 :

517 5082 783 5138 Abraham
830 5086 1105 5141 exsultavit
1145 5096 1202 5141 ut
1236 5088 1428 5143 videret
1472 5090 1606 5144 diem
1652 5108 1856 5156 meum;
1890 5092 2033 5160 vidit,
2066 5102 2115 5147 et

517 5178 726 5248 gavisus
772 5188 847 5233 est
878 5180 1056 5247 (Joan.
1093 5196 1201 5247 vui,
1252 5180 1365 5251 56).
1423 5180 1486 5237 Et
1527 5182 1695 5238 item:
1726 5184 1787 5237 Si
1838 5184 2113 5240 crederetis

516 5266 711 5336 Moysi,
743 5268 1020 5323 crederetis
1050 5270 1222 5337 utique
1249 5279 1299 5325 et
1327 5271 1476 5337 mihi,
1510 5272 1573 5326 de
1601 5290 1680 5325 me
1708 5273 1841 5325 enim
1866 5272 1955 5326 ille
1984 5276 2115 5328 scri-

518 5368 623 5425 psit
668 5359 831 5424 (ibid.
867 5376 920 5424 v,
976 5359 1089 5431 46).
1136 5361 1456 5418 Nescierunt
1502 5380 1630 5431 ergo
1669 5364 1972 5431 Dominum,
2022 5369 2113 5438 qui

518 5461 827 5511 venientem
854 5467 907 5505 in
937 5466 1099 5509 carne
1120 5468 1303 5509 nosrra
1328 5454 1744 5524 Redemptorem
1772 5468 2109 5529 spreverunt.

521 5536 676 5594 Unde
704 5555 797 5609 per
820 5540 1008 5598 Isaiam
1028 5547 1293 5615 queritur,
1326 5546 1512 5600 dicens
1546 5564 1556 5597 :
1590 5546 1837 5616 Cognovit
1868 5549 1955 5603 bos
1982 5569 2106 5620 pos-

519 5648 774 5689 sessorem
812 5651 979 5705 suum,
1005 5647 1055 5696 et
1084 5641 1264 5694 asinus
1284 5655 1514 5711 prtcsepe
1542 5637 1754 5694 Domini
1792 5644 1905 5705 sui;
1941 5641 2109 5697 Israel

517 5737 687 5782 autem
717 5746 797 5784 me
835 5746 939 5785 non
966 5734 1198 5802 cognovit
1223 5736 1238 5805 (
1264 5732 1395 5796 Isai.
1431 5750 1469 5799 ι,
1498 5732 1532 5786 5
1562 5732 1602 5802 ).
1628 5731 1789 5799 Quasi
1821 5732 1960 5788 dicat
1996 5753 2007 5787 :
2042 5734 2108 5789 Et

516 5818 907 5877 incarnationis
935 5838 1065 5877 mea:
1096 5825 1208 5879 vias
1249 5826 1298 5881 ei
1344 5825 1501 5897 longe
1544 5833 1667 5880 ante
1698 5841 1796 5896 per
1817 5827 2109 5896 prophetas

517 5919 727 6001 aperui,
758 5928 813 5975 et
844 5927 1021 5976 tamen
1052 5920 1105 5975 id
1133 5921 1277 5988 quod
1297 5922 1653 5990 promiseram
1681 5921 1976 5979 esbibitum
2000 5936 2107 5976 nou

2224 4805 2312 4860 isti
2342 4820 2440 4875 per
2466 4806 2755 4861 humanam
2794 4805 3113 4875 sapientiam
3143 4811 3200 4859 et
3226 4794 3521 4859 divinitatis
3551 4812 3606 4858 et
3629 4803 3819 4859 huma<

2221 4899 2407 4957 uitatis
2453 4898 2573 4967 ejus
2622 4908 2962 4957 sacramenta
3005 4903 3291 4955 evacuant.
3340 4895 3479 4953 Puer
3508 4897 3693 4968 itaque
3731 4913 3821 4953 sa-

2218 4993 2455 5048 cerdotis
2482 4992 2548 5047 ad
2581 4992 2874 5048 tollendum
2917 4992 3155 5049 ﬁdelium
3201 4993 3353 5050 cibos
3398 4992 3653 5059 mittitur,
3687 4995 3814 5063 quia

2217 5083 2524 5141 Judtcorum
2574 5084 2827 5155 populus,
2873 5100 2902 5139 a
2954 5085 3059 5145 ﬁde
3099 5085 3478 5157 Redemptoris
3531 5087 3813 5156 expulsus,

2217 5193 2459 5233 amorem
2510 5176 2631 5231 ﬁdei
2669 5175 2786 5245 ejus
2823 5191 2853 5232 a
2901 5178 3068 5234 corde
3109 5177 3345 5233 ﬁdelium
3392 5180 3603 5234 auferre
3646 5181 3815 5233 vehe-

2217 5276 2429 5324 menter
2473 5268 2695 5324 studuit.
2742 5269 2845 5336 Qui
2891 5278 3017 5339 apte
3060 5269 3378 5327 fuscinulam
3426 5271 3718 5326 tridentem
3762 5274 3813 5326 iu

2216 5376 2378 5415 manu
2440 5361 2691 5415 habuisse
2737 5360 3087 5430 perhibetur,‘
3125 5362 3319 5429 quibus
3370 5361 3548 5418 carnis
3597 5371 3812 5431 partem

2217 5469 2377 5522 quam
2437 5462 2623 5525 posset
2680 5452 2905 5522 inﬁgere
2956 5453 3206 5510 eductam
3254 5454 3413 5523 coqui
3470 5454 3808 5524 prohiberet.

2212 5544 2497 5600 Fuscinula
2525 5546 2727 5616 quippe
2756 5546 2809 5601 in
2839 5561 3000 5601 manu
3041 5546 3193 5615 pueri
3218 5545 3365 5602 illata
3390 5554 3590 5603 sancta:
3615 5544 3809 5601 Eccle-

2209 5640 2301 5695 sia:
2344 5640 2551 5695 Judaici
2591 5640 2775 5709 populi
2818 5640 3126 5711 persecutio
3164 5648 3266 5697 est.
3314 5640 3381 5696 Et
3424 5640 3553 5709 quia
3594 5641 3809 5694 blandi-

2212 5734 2425 5797 mentis,
2454 5732 2627 5802 pmnis
2654 5740 2816 5801 atque
2840 5733 3134 5788 terroribus
3171 5748 3367 5788 nocere
3399 5732 3648 5787 ﬁdelibus
3679 5740 3807 5786 ten-

2211 5829 2365 5895 tavit,
2393 5838 2502 5883 tres
2533 5829 2717 5898 utique
2754 5829 3011 5882 fuscinula
3045 5829 3233 5884 dentes
3275 5830 3481 5883 habuit.
3528 5828 3677 5883 Bene.
3706 5845 3807 5883 au-

2213 5927 2323 5975 tem
2375 5919 2571 5976 dicitur
2612 5922 2736 5989 quia
2795 5920 2936 5989 quod
2985 5922 3195 5979 levabat
3258 5920 3520 5979 fuscinula
3576 5920 3808 5979 tollebat
