4044 6336
296 358 358 418 95
1140 304 1201 408 Ibi
1243 352 1507 410 PRIMUM
1546 346 1789 405 REGUM
1831 341 2341 403 EXPOSITIONES.
2381 376 2453 390 —
2490 347 2620 405 LIB.
2660 350 2723 405 ll.
3503 353 3572 410 9i

292 486 425 544 puer
471 467 877 537 sacerdotibus,
918 465 1043 536 quia
1068 479 1260 534 magna
1289 462 1526 535 epulatio
1574 459 1882 530 iniquorum
1907 458 1961 517 Α
1983 472 2177 514 vorare
2202 458 2641 529 perdesiderlum
2665 462 2909 533 cupiunt,
2939 462 3235 520 divinitatis
3274 464 3451 521 cibum
3479 483 3571 525 re-

290 564 640 638 praelatorum
688 570 826 625 erat,
867 561 913 616 si
944 574 1069 615 eum
1108 556 1501 614 blandientium
1543 554 1657 609 sive
1694 551 1881 608 furen-

290 658 425 711 tium
476 653 769 711 satellitum
818 651 976 707 turba
1026 650 1396 713 subverteret,
1444 662 1605 717 quem
1660 647 1716 702 in
1759 646 1882 701 ﬁdei

290 756 489 804 nostrae
517 745 851 801 sublimitate
884 752 1031 799 stare
1061 756 1160 813 per
1182 740 1577 797 confessionem
1600 739 1881 809 cognovis-

287 847 430 896 sent.
453 838 707 908 Sequitur
741 854 757 891 κ

360 932 541 1001 (Vera.
570 929 662 996 14,
708 928 824 1000 15.)
853 928 945 985 Sie
987 928 1249 1000 faciebant
1282 928 1520 984 universo
1567 925 1758 981 Israeli
1794 940 1881 980 vos

286 1025 452 1083 nienti
471 1024 527 1081 in
550 1021 686 1088 Silo,
714 1022 873 1076 etiam
900 1030 1177 1092 antequam
1203 1019 1470 1075 adolerent
1498 1019 1725 1090 adipem.

358 1116 415 1170 5.
441 1114 624 1184 Adeps
650 1112 868 1182 quidem
897 1111 1108 1171 interna
1132 1111 1403 1182 pinguedo
1437 1119 1540 1178 est,
1572 1110 1626 1165 in
1655 1124 1763 1179 qua
1793 1110 1878 1164 ni-

287 1208 485 1267 mirum
514 1206 605 1262 illa
634 1204 850 1261 devotio
879 1204 1076 1262 mentis
1116 1205 1441 1275 exprimitur
1460 1245 1478 1273 ,
1526 1219 1634 1275 qua
1672 1204 1879 1259 electo-

286 1314 409 1359 rum
453 1306 669 1355 mentes
706 1297 972 1353 conditori
1018 1311 1117 1354 suo
1163 1297 1220 1353 in
1256 1298 1571 1369 perfectiori
1617 1297 1880 1352 charitate

276 1390 637 1461 copulantur.
676 1388 780 1456 Qui
824 1398 977 1449 recte
1013 1388 1125 1458 jam
1167 1397 1327 1444 cocta
1372 1404 1536 1445 carne
1577 1387 1874 1454 immolant,

286 1481 413 1551 quis
442 1493 727 1546 assurgere
754 1478 872 1549 quis
916 1478 985 1533 ad
1025 1478 1416 1534 sublimitatem
1454 1479 1734 1535 charitatis
1771 1493 1880 1533 non

287 1570 513 1644 poterit,
560 1571 663 1627 nisi
691 1570 839 1639 prius
858 1584 981 1639 qua:
1008 1570 1181 1626 credit
1214 1578 1362 1625 amet
1398 1570 1657 1642 mysteria
1701 1571 1879 1625 incar-

286 1674 429 1722 nata:
457 1664 772 1720 divinitatis.
813 1663 1214 1721 Humanitatem
1244 1667 1447 1738 quippe
1488 1667 1702 1723 Domini
1750 1667 1879 1723 Jesu

283 1759 341 1817 in
412 1758 748 1818 divinitatem
790 1767 1124 1829 assumptam
1180 1774 1278 1829 per
1322 1767 1568 1816 sanctum
1618 1759 1877 1831 Spiritum

1984 554 2281 623 promittat,
2313 554 2540 611 dicens:
2585 554 2737 610 Prius
2782 557 2940 626 coqui
2967 557 3127 613 sinite
3172 558 3315 627 quod
3360 558 3427 613 ad
3482 575 3570 616 τος

1981 646 2268 704 fectionem
2290 649 2409 704 vita:
2426 647 2669 705 habeatis
2695 649 2748 703 in
2773 648 2977 720 Spiritu
3000 660 3190 705 sancto
3216 650 3568 713 intellectum.

1984 740 2066 797 Au
2092 759 2201 799 non
2240 752 2367 799 tunc
2393 759 2527 815 puer
2552 744 2848 800 sacerdotis
2878 746 3096 800 crudam
3126 760 3343 801 carnem
3389 747 3564 817 petiit,

1918 838 1928 856 ‘
1980 848 2105 890 cum
2130 835 2427 890 illuminato
2453 850 2483 889 a
2514 843 2539 872 ι
2570 834 2797 891 Domino
2824 839 2873 892 ei
2890 836 2980 906 qui
3004 852 3180 893 czecus
3208 838 3385 893 fuerat
3412 846 3571 893 natus

1982 926 2257 981 diceretur
2280 944 2292 979 :
2326 926 2411 980 Da
2430 926 2647 997 gloriam
2669 927 2804 993 Deo;
2833 944 2928 983 nos
2955 929 3144 983 scimus
3166 931 3287 1001 quia
3308 930 3389 983 hic
3418 930 3569 984 homo

1922 1016 1931 1027 '
1980 1026 2218 1089 peccator
2248 1027 2325 1073 est
2351 1018 2532 1091 (Joan.
2574 1034 2652 1087 ιι,
2694 1018 2817 1090 24)?
2846 1018 2985 1086 Quid
3014 1028 3097 1074 est
3135 1020 3336 1087 dicere,
3361 1019 3427 1073 da
3458 1021 3573 1089 glo—

1981 1112 2115 1165 riam
2135 1109 2269 1179 Deo,
2299 1110 2402 1165 nisi
2430 1126 2539 1165 non
2561 1109 2685 1165 huic
2708 1112 3001 1171 curationis
3018 1119 3121 1166 tuae
3136 1109 3321 1167 laudes
3346 1111 3573 1176 tribuas,

1982 1202 2108 1271 quia
2138 1202 2281 1258 Deus
2324 1217 2432 1258 non
2460 1209 2543 1257 est
2566 1202 2589 1256 ?
2614 1201 2639 1239 ι)
2668 1210 2725 1257 et
2750 1203 2841 1274 qui
2863 1211 3120 1273 peccator
3147 1204 3432 1269 asseritur,
3465 1216 3573 1257 non

1982 1295 2157 1350 solum
2182 1294 2324 1350 Deus
2343 1309 2463 1351 esse
2479 1302 2727 1364 negatur,
2752 1294 2846 1350 sed
2869 1295 3035 1351 etiam
3076 1296 3239 1351 homo
3258 1294 3451 1365 justus.
3476 1294 3571 1349 Cui

1981 1388 2225 1459 profecto
2270 1388 2488 1443 crudam
2539 1402 2699 1458 quam
2725 1387 2943 1457 petebat
2967 1400 3182 1442 carnem
3210 1385 3452 1456 praebere
3476 1399 3571 1439 no-

1982 1477 2100 1545 luit,
2149 1486 2360 1533 coctam
2406 1477 2619 1542 obtulit,
2661 1477 2789 1547 quia
2817 1490 2979 1546 quem
3019 1476 3207 1552 salutis
3244 1489 3354 1530 suae
3387 1480 3572 1528 aucto-

1982 1584 2095 1624 rem
2126 1569 2387 1624 instanter
2434 1568 2681 1633 asseruit,
2709 1576 2731 1607 ε
2782 1582 2850 1622 ex
2878 1574 3095 1622 ostenso
3145 1572 3308 1620 tantm
3344 1563 3569 1619 admira-

1982 1662 2143 1717 tionis
2173 1662 2347 1730 signo,
2399 1675 2508 1714 non
2556 1660 2730 1714 solum
2760 1659 3034 1715 hominem
3060 1665 3323 1723 sanctum,
3355 1655 3450 1711 sed
3485 1668 3573 1709 ve-

1982 1768 2102 1808 rum
2133 1753 2301 1808 Deum
2330 1766 2449 1808 esse
2471 1751 2809 1805 monstravit.
2843 1750 2945 1816 Qui
2976 1757 3154 1803 autem
3177 1748 3326 1819 sequi
3354 1746 3573 1815 bestias,

280 1851 546 1918 credere,
587 1865 708 1920 quae
739 1849 1045 1906 immoletur
1080 1851 1191 1907 Deo
1232 1867 1450 1907 carnem
1498 1867 1735 1923 coquere
1774 1859 1876 1908 est.
1905 1844 1958 1911 Β
1985 1847 2179 1900 amissa
2199 1846 2427 1911 ratione,
2451 1844 2681 1915 populus
2700 1850 2961 1912 eruperat,
2992 1840 3214 1896 crudam
3235 1840 3337 1894 sibi
3357 1853 3574 1895 carnem

279 1942 422 2002 Ante
464 1944 628 2014 igitur
674 1958 836 2013 quam
873 1943 1189 2000 adoleretur
1224 1944 1411 2015 adeps,
1461 1947 1572 2017 σε
1600 1961 1733 2016 puer
1758 1962 1876 2001 car-

280 2053 411 2094 nem
437 2037 733 2107 praripere
770 2037 975 2094 studuit
994 2038 1048 2093 in
1077 2039 1334 2097 universo
1374 2039 1594 2108 lsraele,
1623 2040 1751 2109 quia
1776 2056 1876 2111 ap-

278 2131 554 2203 paritores
574 2130 870 2201 Synagogas
907 2146 1078 2188 novos
1104 2131 1305 2188 Christi
1351 2131 1691 2189 confessores
1720 2141 1878 2203 puta-

277 2231 484 2280 verunt
529 2232 775 2279 evertere
816 2222 968 2294 prius
1014 2238 1179 2294 quam
1229 2238 1326 2280 eos
1374 2225 1735 2296 omnipotenti
1762 2225 1877 2281 Deo

275 2314 520 2371 cbaritas
546 2311 787 2384 perfecta
809 2314 1064 2371 sociarat.
1087 2315 1242 2382 Quod
1280 2316 1522 2385 apertius
1550 2317 1666 2384 ipsa
1709 2329 1877 2372 sacrae

276 2403 517 2460 historia
553 2404 719 2461 verba
740 2396 1002 2475 indicant,
1024 2406 1221 2476 quibus
1250 2406 1449 2463 dicitur
1476 2423 1490 2462 ι
1530 2407 1669 2461 Dum
1690 2424 1876 2479 coque-

274 2509 456 2554 rentur
484 2513 690 2554 carnes.
722 2497 828 2554 Per
854 2512 974 2568 quin
1002 2498 1254 2555 nimirum
1280 2500 1442 2556 verba
1472 2515 1581 2556 non
1613 2500 1876 2571 perfectio

275 2592 567 2660 coctionis,
609 2592 711 2646 sed
728 2600 1019 2662 apparatus
1046 2592 1303 2647 inanitur.
1336 2591 1441 2647 Sed
1472 2591 1607 2647 ordo
1659 2591 1877 2646 nefariae

277 2679 438 2750 hujus
466 2681 769 2736 electionis
805 2681 1108 2736 ostenditur
1135 2696 1232 2752 per
1260 2697 1325 2737 ea
1352 2696 1472 2751 qua:
1502 2693 1834 2753 sequuntur:

347 2769 531 2842 (Ven.
564 2769 678 2841 15.)
716 2771 968 2826 Veniebat
991 2788 1118 2843 puer
1144 2773 1427 2827 sacerdotis
1459 2782 1508 2827 et
1535 2772 1738 2827 dicebat
1774 2774 1871 2826 im-

276 2862 498 2917 molanti
520 2878 540 2920 :
564 2861 651 2916 Da
677 2864 805 2919 mihi
829 2880 1062 2932 carnem,
1097 2873 1154 2917 ut
1190 2881 1403 2936 mquam
1426 2865 1720 2930 sacerdoti;
1769 2881 1876 2919 non

274 2952 414 3007 cuius
443 2954 701 3023 accipiam
720 2970 754 3007 α
783 2962 833 3007 te
856 2969 1064 3007 carnem
1093 2963 1311 3021 coctam,
1336 2955 1428 3008 sed
1452 2954 1686 3012 crudam.

348 3044 402 3098 6.
435 3044 669 3101 Carnem
695 3045 914 3100 crudam
938 3061 1109 3116 puero
1136 3045 1323 3113 daret,
1356 3047 1448 3115 qui
1476 3062 1658 3102 coram
1688 3061 1875 3118 perse-

274 3132 557 3200 cutoribus
602 3134 989 3189 humanitatem
1040 3135 1235 3190 Christi
1277 3151 1467 3206 puram
1510 3144 1794 3204 assereret,
1824 3144 1879 3192 et

1981 1938 2219 1993 exhiberi
2242 1938 2547 2006 importune
2572 1934 2900 2006 postulabat.
2932 1933 3064 1987 Nam
3092 1933 3335 2002 sequitur
3362 1949 3375 1985 :

2055 2032 2232 2102 (Vcrs.
2265 2032 2377 2103 16.)
2404 2029 2561 2086 Nunc
2580 2030 2752 2099 dabis,
2781 2028 3012 2100 alioquin
3034 2026 3215 2081 tollam
3243 2026 3335 2082 tibi
3362 2027 3435 2081 vi.

2050 2125 2304 2195 Sequitur
2336 2142 2349 2178 :

2053 2219 2228 2291 (Vers.
2266 2217 2379 2288 17.)
2426 2216 2559 2271 Erat
2597 2217 2730 2271 enim
2759 2223 3021 2287 peccatum
3068 2227 3340 2282 puerorum
3382 2211 3576 2284 grande

1978 2315 2134 2369 nimis
2160 2329 2335 2368 coram
2367 2311 2616 2367 Domino.

2052 2406 2118 2461 Et
2143 2420 2361 2461 causam
2386 2419 2494 2475 qua
2519 2401 2724 2472 grande
2755 2402 2872 2457 fore
2897 2401 3007 2455 hoc
3033 2404 3319 2469 peccatum
3346 2394 3574 2450 demon-

1981 2504 2247 2552 straretur
2277 2495 2540 2564 adjungil,
2566 2493 2750 2549 dicens
2779 2509 2793 2546 :

2049 2591 2227 2663 (Vera.
2261 2590 2374 2660 11.)
2398 2587 2534 2653 Quia
2560 2588 2623 2642 de
2650 2585 2923 2641 trahebant
2945 2583 2973 2624 ἀ
2994 2585 3227 2640 homines
3263 2599 3296 2637 a
3321 2579 3577 2652 sacriﬁcio

1982 2683 2211 2740 Domini.

2049 2782 2159 2851 69
2197 2779 2249 2833 8.
2292 2778 2509 2833 Grande
2549 2778 2709 2833 nimis
2752 2772 3035 2847 peccatum
3065 2789 3185 2830 esse
3213 2770 3576 2842 cognoscitur,

1980 2872 2124 2942 quod
2153 2871 2484 2942 poenitentia:
2514 2869 2764 2939 lacrymis
2792 2884 2901 2923 non
2930 2866 3156 2923 deletur.
3200 2866 3312 2920 Hoc
3342 2877 3577 2932 namque

1977 2962 2139 3019 nimis
2160 2960 2362 3032 grande
2384 2970 2667 3033 peccatum
2702 2959 2999 3032 Synagogte
3032 2958 3297 3030 propheta
3340 2956 3578 3022 intuens,

1979 3059 2055 3115 ait
2080 3076 2092 3112 :
2126 3058 2402 3113 Peccatum
2422 3057 2575 3112 .luda:
2599 3058 2846 3128 scriptum
2875 3062 2950 3109 est
2973 3055 3105 3124 stylo
3131 3049 3387 3125 ferreo,in
3412 3064 3579 3120 ungue

1982 3152 2321 3207 adamantina
2364 3150 2579 3222 (Jerem.
2604 3165 2735 3217 xvu,
2786 3147 2861 3218 1).
2892 3146 2990 3202 Vel
3019 3154 3168 3202 certe
3191 3142 3394 3214 grande
3425 3140 3582 3196 nimis

275 3238 397 3281 eam
424 3238 561 3294 puer
588 3223 856 3281 sacerdoti
886 3234 1169 3294 coqueret,
1195 3225 1320 3294 quia
1350 3227 1635 3296 perignem
1662 3227 1880 3280 malitia:
1904 3223 1958 3293 α
1986 3260 2169 3301 coram
2211 3243 2440 3298 Domino
2484 3248 2765 3312 peccatum
2811 3246 2945 3303 erat,
2977 3237 3103 3307 quia
3146 3236 3212 3290 ad
3243 3233 3577 3306 peccandum

275 3312 533 3375 Iudaicus
578 3315 806 3385 pepulus
834 3316 939 3372 hoc
958 3314 1199 3386 putaret,
1250 3317 1395 3386 quod
1424 3316 1541 3387 ejus
1582 3318 1785 3387 pmlati
1824 3319 1880 3372 in

276 3406 477 3469 tuentis
502 3421 612 3467 suae
633 3406 927 3463 refectione
953 3407 1183 3463 libenter
1204 3408 1536 3478 exciperent.
1562 3408 1724 3465 Venit
1749 3422 1879 3477 ergo

275 3511 412 3569 puer
440 3498 756 3563 sacerdotis,
813 3506 869 3553 et
914 3499 1133 3555 crudam
1162 3515 1381 3555 carnem
1436 3500 1613 3569 petiit,
1660 3501 1878 3569 quando

273 3590 532 3653 Iudaicus
560 3594 791 3662 populus
814 3593 1005 3649 litterae
1047 3593 1183 3662 legis
1222 3594 1464 3649 serviens
1490 3635 1506 3659 ,
1545 3594 1880 3650 divinitatem

274 3682 659 3755 Redemptoris
679 3699 877 3755 negare
906 3686 1154 3740 ﬁdelibus
1183 3685 1470 3754 suggessit.
1498 3685 1729 3741 Veniens
1749 3702 1879 3756 ergo

272 3778 441 3835 dicit:
476 3775 602 3833 Non
633 3779 885 3848 accipiant
911 3788 1013 3832 ate
1040 3794 1251 3832 carnem
1276 3789 1495 3843 coctam,
1526 3778 1618 3832 sed
1640 3779 1874 3837 crudam.

273 3870 411 3937 Quia
433 3884 597 3937 quem
616 3885 810 3939 purum
830 3870 1102 3926 hominem
1124 3868 1296 3924 ﬁdelis
1314 3869 1575 3938 compulit
1606 3869 1875 3935 conﬁteri,

273 3974 396 4014 esse
417 3958 588 4013 Deum
632 3974 734 4014 nec
759 3959 949 4014 audire
979 3959 1168 4014 voluit.
1193 3958 1360 4028 Cujus
1410 3958 1655 4030 profecto
1690 3962 1878 4031 populi

274 4050 657 4123 importunitas
693 4052 1017 4118 ostenditur,
1044 4067 1166 4111 eum
1193 4054 1360 4111 verba
1388 4054 1647 4123 sacrilega
1678 4055 1731 4108 in
1778 4070 1877 4109 nc-

274 4139 407 4199 faria
460 4141 748 4205 exactione
790 4142 1155 4212 geminantur.
1205 4142 1340 4201 Nam
1404 4144 1691 4212 sequitur:
1752 4144 1879 4205 Non

272 4235 411 4289 enim
438 4235 693 4305 accipiant
719 4251 754 4289 α
784 4244 832 4297 te
858 4252 1069 4293 carnem
1097 4243 1316 4302 coctam,
1348 4237 1440 4292 sed
1467 4237 1701 4294 crudam.
1740 4238 1877 4304 Quia

273 4321 459 4381 Jesum
488 4324 777 4380 Dominum
797 4341 862 4381 ac
893 4326 1309 4397 Redemptorem
1331 4336 1603 4393 nostrum,
1635 4344 1742 4385 non
1771 4329 1878 4385 Βοε

272 4419 483 4479 minuta
519 4426 577 4473 et
625 4418 923 4488 hominem,
971 4420 1067 4475 sed
1110 4436 1301 4489 purum
1332 4428 1544 4476 tantum
1598 4421 1872 4476 hominem

274 4512 465 4576 audire
492 4511 652 4569 valde
680 4511 1027 4571 desideravit.
1054 4511 1160 4568 Sed
1181 4529 1318 4584 quos
1346 4514 1500 4583 quasi
1528 4514 1877 4584 imperfectos

1986 3337 2120 3391 alios
2160 3334 2525 3406 pertrahebat.
2563 3332 2743 3399 Quare
2768 3338 2823 3384 et
2851 3329 3132 3384 subditur:
3170 3327 3305 3390 Quia
3346 3325 3583 3379 detrahe-

1986 3427 2110 3480 bant
2134 3426 2367 3479 homines
2390 3440 2422 3477 a
2449 3422 2708 3490 sacriﬁcio
2738 3418 2970 3473 Domini.
2996 3415 3361 3470 Detrahebant
3381 3412 3581 3483 quippe

1985 3535 2016 3573 a
2067 3516 2329 3572 sacriﬁcio
2375 3513 2639 3578 homines,
2689 3511 2815 3582 quia
2865 3509 2932 3563 ad
2970 3508 3365 3563 confessionem
3415 3511 3577 3560 recta:

1985 3609 2109 3665 ﬁdei
2140 3607 2389 3679 progredi
2417 3605 2753 3661 inﬁrmorum
2782 3601 2942 3657 corda
2974 3599 3357 3671 prohibebant.
3388 3596 3456 3650 Et
3487 3612 3580 3650 no-

1982 3701 2204 3757 tandum
2254 3700 2380 3769 quia
2412 3700 2506 3769 qui
2548 3696 2903 3753 detrahuntur
2953 3709 2982 3748 a
3023 3690 3290 3749 sacriﬁcio
3330 3690 3581 3746 homines

1982 3791 2252 3856 dicuntur,
2286 3790 2411 3860 quia
2444 3788 2696 3842 nimirum
2733 3787 2779 3841 si
2809 3785 2862 3839 in
2894 3783 3016 3838 ﬁdei
3060 3772 3260 3838 nostra:
3290 3794 3418 3835 vera
3449 3795 3579 3834 con-

1982 3882 2217 3938 fessione
2249 3882 2622 3952 persisterent,
2651 3878 2752 3933 hos
2781 3865 2993 3934 divinus
3017 3890 3196 3931 sermo
3223 3874 3457 3929 ﬁliorum
3484 3872 3581 3927 Dei

1981 3973 2343 4042 appellatione
2391 3972 2648 4039 signaret.
2682 3968 2886 4035 Quibus
2924 3965 3167 4037 profecto
3213 3981 3311 4035 per
3350 3963 3581 4019 Psalmi-

1982 4072 2118 4118 stam
2133 4062 2391 4118 Dominus
2420 4063 2588 4117 dicit:
2620 4060 2735 4131 Ego
2761 4060 2875 4113 dixi
2905 4058 2978 4112 dii
2998 4060 3143 4121 estis,
3176 4064 3223 4109 et
3254 4055 3357 4124 ﬁlii
3386 4054 3581 4107 excelsi

1980 4172 2173 4220 omnes,
2195 4172 2282 4210 vos
2294 4165 2463 4209 autem
2484 4157 2619 4207 sicut
2638 4152 2869 4206 homines
2886 4148 3176 4203 moriemini
3201 4145 3373 4209 (Psal.
3394 4159 3578 4211 Lxxxt,

1981 4246 2033 4310 6,
2069 4246 2144 4315 7).
2178 4246 2435 4314 Sequitur
2456 4250 2637 4297 autem
2669 4258 2683 4294 :

2052 4338 2227 4408 (Vers.
2262 4336 2377 4406 18.)
2439 4334 2655 4389 Samuel
2703 4342 2875 4387 autem
2918 4340 3032 4386 erat
3071 4324 3309 4385 minister
3348 4332 3404 4384 in
3453 4346 3578 4385 con-

1978 4439 2155 4501 specta
2185 4427 2417 4493 Domini,
2440 4443 2569 4496 puer
2591 4425 2851 4480 accinctus
2872 4425 3038 4495 ephod
3061 4425 3218 4479 lineo.

2050 4522 2102 4575 9.
2145 4520 2406 4574 Subtilior
2443 4532 2604 4587 quam
2634 4517 2790 4572 lanea
2812 4517 2980 4572 vestis
3022 4516 3163 4571 linea
3207 4529 3326 4571 esse
3364 4529 3571 4584 cogno-

274 4603 330 4659 in
359 4618 531 4659 carne
555 4605 800 4670 tentavit,
834 4603 1103 4675 perfectos
1140 4605 1358 4674 reperit.
1389 4603 1521 4660 Nam
1550 4605 1643 4674 qui
1672 4605 1869 4661 divini-

1989 4614 2161 4671 ;citur.
2186 4613 2326 4682 Apte
2346 4617 2525 4665 autem
2550 4608 2769 4664 Samuel
2796 4610 2940 4664 lineo
2969 4607 3146 4679 ephod
3175 4607 3394 4663 indutus
3422 4622 3572 4661 assc-

276 4704 443 4752 tatem
474 4694 852 4768 Redemptoris
871 4711 1069 4766 negare
1088 4697 1351 4768 compulsi
1379 4706 1521 4765 sunt,
1553 4713 1662 4756 non
1699 4702 1872 4755 solum

275 4785 698 4857 Redetnptorem
752 4789 1042 4845 noluerunt
1088 4803 1308 4858 negare,
1360 4788 1456 4846 sed
1506 4791 1876 4861 compulsores

275 4893 405 4936 suos
432 4879 782 4936 curabantad
815 4881 976 4937 vitam
1008 4881 1244 4936 trahere.
1278 4879 1429 4937 Unde
1457 4887 1512 4935 et
1552 4881 1834 4950 sequitur:

348 4971 529 5034 (Vere.
564 4970 675 5043 16.)
706 4971 1024 5041 Dicebatque
1071 4973 1150 5028 illi
1199 4971 1473 5027 immolatis
1502 4988 1520 5025 :
1555 4970 1876 5028 Incendatur

273 5067 501 5137 primum
532 5075 688 5137 Juxta
728 5083 921 5121 morem
950 5066 1102 5121 hodie
1132 5065 1313 5136 adeps,
1342 5073 1391 5119 et
1421 5065 1545 5119 tolle
1574 5065 1663 5121 tibi
1710 5084 1879 5136 quan-

277 5165 387 5213 tum
412 5158 676 5217 desiderat
695 5162 875 5221 anima
906 5169 1011 5215 tua.

352 5250 404 5303 7.
433 5250 712 5313 Abestiali
734 5251 1002 5323 siquidem
1037 5256 1278 5323 appetitu
1316 5254 1478 5313 cruda
1517 5255 1881 5325 postulantem

275 5348 527 5396 avertere
553 5342 765 5409 nititur,
797 5344 889 5412 qui
928 5346 974 5399 ei
1022 5345 1089 5401 ad
1118 5346 1329 5401 libitum
1382 5355 1536 5403 cocta
1577 5348 1879 5418 pollicetur.

273 5434 445 5501 Quasi
492 5435 632 5491 male
676 5436 1041 5494 esurientibus
1066 5438 1265 5497 Judmis
1295 5448 1483 5495 sancta
1512 5438 1750 5497 Ecclesia
1791 5457 1883 5497 re-

271 5543 538 5604 sponsum
555 5530 819 5599 praebeat,
850 5538 906 5589 et
935 5547 1034 5602 pro
1061 5533 1399 5590 humanitate
1426 5533 1676 5604 simplici,
1719 5550 1882 5605 quam

354 5720 383 5747 ⁸
435 5710 597 5768 Giiot.
646 5720 699 5766 et
738 5711 935 5778 Vatic.,
985 5710 1211 5767 Domino
1261 5728 1320 5767 eo
1368 5712 1453 5785 qui
1491 5728 1653 5767 crocus
1703 5715 1876 5786 fuerat

266 5792 454 5840 natus.

352 5854 381 5895 b
407 5854 594 5925 Iidem,
617 5864 665 5908 et
688 5872 824 5925 quia.

1980 4707 2136 4771 ritur,
2168 4718 2265 4774 per
2292 4716 2454 4772 quem
2482 4700 2827 4756 sacerdotum
2858 4700 2991 4754 ordo
3013 4699 3217 4754 electus
3240 4714 3306 4754 ex
3329 4697 3580 4767 gentibus

1981 4796 2312 4864 designatur.
2352 4792 2486 4848 Nam
2524 4794 2576 4846 in
2608 4790 3015 4860 comparatione
3052 4788 3237 4859 legalis
3277 4788 3401 4840 vitae
3437 4800 3578 4840 nova

1982 4887 2255 4956 Evangelii
2301 4884 2643 4942 conversatio
2690 4882 2784 4937 lini
2834 4881 3104 4937 subtilitas
3153 4886 3277 4932 est.‘
3310 4876 3383 4931 ibi
3423 4876 3574 4955 enim

1983 4980 2182 5050 aliquid
2212 4978 2446 5033 animale
2466 4982 2794 5047 praeceptum
2816 4982 2918 5039 est,
2950 4973 3021 5029 ibi
3044 4970 3219 5027 omnis
3240 4967 3578 5023 maledicitur

1984 5086 2014 5125 a
2042 5085 2149 5138 quo
2180 5069 2386 5125 semina
2418 5067 2732 5138 propaginis
2761 5072 2815 5122 in
2845 5064 2977 5120 Sion
3007 5063 3154 5117 nulla
3177 5062 3574 5131 relinquuntur.

1982 5164 2041 5220 in
2070 5166 2220 5220 Novo
2247 5173 2428 5220 autem
2453 5163 2819 5228 Testamento,
2851 5160 2975 5229 quia
3006 5156 3286 5213 subtiliora
3312 5162 3438 5208 sunt
3460 5166 3579 5206 om-

1986 5260 2095 5324 nia,
2131 5259 2373 5328 quisquis
2401 5258 2516 5327 ejus
2556 5255 2838 5327 praeceptis
2864 5254 3053 5318 utitur,
3084 5251 3235 5307 velut
3275 5244 3577 5306 delicatiori

1987 5352 2078 5405 lini
2108 5359 2257 5406 veste
2286 5349 2607 5406 decoratur:
2641 5347 2713 5401 ibi
2736 5346 2937 5417 quippe
2962 5341 3217 5399 connubii
3254 5337 3576 5394 abstinentia

1986 5446 2289 5508 damnatur,
2321 5445 2409 5500 hic
2434 5444 2582 5499 miris
2611 5441 2855 5496 laudibus
2883 5440 3109 5505 colitur;
3133 5436 3240 5492 illic
3266 5434 3576 5491 sacerdotes

1987 5537 2274 5591 carnaliter
2294 5541 2572 5604 generant,
2604 5533 2691 5587 hic
2720 5530 2948 5586 fructum
2986 5528 3241 5601 spiritalis
3264 5520 3575 5597 propaginis

2059 5722 2080 5750 ο
2116 5712 2296 5779 Guss.,
2326 5729 2389 5766 ea:
2417 5712 2632 5781 o/fenso
2656 5717 2815 5766 tanta:
2842 5708 3201 5765 admirationis
3224 5707 3391 5777 signa.

2053 5781 2077 5820 ἀ
2114 5784 2169 5838 lu
2202 5785 2379 5853 Vulg,
2412 5780 2757 5837 retrahebant.
