4044 6336
510 372 576 428 95
1657 373 1899 433 SANCTI
1937 371 2264 431 GREGORII
2303 376 2524 440 MAGNI
3707 376 3780 434 96

510 500 659 550 tanto
682 494 955 567 copiosius
982 494 1230 562 afferunt,
1261 500 1464 566 quanto
1492 492 1657 550 etiam
1684 507 1783 566 per
1809 489 2089 562 conjugale
2116 489 2171 552 Α
2264 488 2351 545 15.
2392 490 2449 546 ln
2477 489 2647 546 tribus
2673 487 2795 545 ﬁliis
2831 490 3183 562 perfectiores
3201 491 3404 565 quique
3441 499 3641 547 sancta:
3668 488 3778 546 Ec-

505 589 710 647 buunm
749 587 1017 658 pudicitiae
1067 585 1390 641 detrimenta
1437 584 1640 642 sentire
1686 601 1795 642 non
1842 590 2089 655 possunt.

507 682 653 738 Bene
696 689 878 735 autem
916 677 1044 734 dum
1092 676 1358 733 Samuelis
1408 678 1571 733 vestis
1615 677 1903 748 exponitur
1949 676 2091 733 linea

505 774 672 829 fuisse
695 770 1029 842 perhibetur,
1064 776 1121 824 ut
1149 769 1275 824 novi
1318 767 1607 824 sacerdotii
1646 768 1867 840 gloriam
1907 775 2094 839 aperte

506 863 838 930 ostenderet,
860 861 1003 933 quod
1021 877 1174 918 novze
1196 861 1464 933 pudicitia:
1479 862 1743 918 nitoribus
1762 862 2089 933 splenderet.

504 956 613 1013 Sed
638 954 766 1010 dum
796 953 851 1009 in
888 961 1184 1024 conspectu
1214 953 1426 1029 Domini
1454 968 1573 1010 esse
1597 954 1840 1010 minister
1873 953 2093 1009 Samuel

505 1048 721 1114 dicitur,
766 1048 950 1119 ephod
980 1048 1125 1103 lineo
1167 1048 1440 1104 accinctus
1466 1056 1815 1113 memoratur,
1860 1048 1985 1119 quia
2007 1046 2090 1101 di-

501 1143 629 1199 vina
657 1142 916 1213 obsequia
945 1148 1074 1197 tunc
1101 1141 1598 1205 bene.exhibentur,
1627 1157 1747 1197 cum
1791 1140 2093 1197 exhibentis

503 1250 737 1308 persona
759 1233 992 1289 carnalis
1016 1232 1307 1304 voluptatis
1332 1232 1581 1288 sordibus
1604 1248 1713 1287 non
1742 1229 2007 1297 fmdatur;
2040 1239 2095 1287 et

503 1332 786 1395 acceptum
821 1324 933 1379 Deo
971 1330 1210 1404 tunctest
1243 1337 1438 1378 munus
1481 1322 1784 1387 ministerii,
1827 1338 1947 1377 cum
1996 1336 2095 1392 per

505 1425 703 1473 sancta:
724 1414 1145 1472 conversationis
1165 1413 1483 1469 munditiam
1508 1414 1621 1469 Deo
1642 1413 1840 1487 placita
1860 1420 1943 1469 est
1970 1427 2095 1482 per-

503 1523 640 1566 sOna
668 1508 917 1566 ministri.
965 1508 1035 1563 Et
1062 1508 1186 1579 quia
1216 1508 1358 1564 inter
1382 1506 1676 1577 primordia
1705 1506 1958 1563 novitatis
1985 1520 2096 1561 suae

502 1601 836 1675 proﬁciebat,
859 1601 1037 1657 adhuc
1061 1602 1341 1672 sequitur:

575 1693 753 1766 (Vers.
784 1692 898 1762 19.)
935 1691 1009 1746 Et
1055 1694 1283 1748 tunicam
1327 1708 1540 1762 parvam
1579 1690 1803 1763 faciebat
1838 1692 1888 1745 ei
1932 1699 2097 1745 mater
2146 1731 2149 1734 ι

502 1804 613 1853 sua,
637 1804 791 1857 quam
818 1785 1072 1856 afferebat
1108 1787 1179 1854 ei,
1209 1802 1323 1839 cum
1353 1783 1661 1838 ascendebat
1689 1800 1805 1839 cum
1835 1785 1945 1839 viro
1978 1801 2093 1851 suo,

499 1887 554 1933 ut
578 1879 871 1934 immolaret
900 1878 1126 1933 Domino
1148 1878 1373 1932 hostiam
1393 1876 1694 1930 solemnem.

569 1970 657 2024 10.
700 1970 913 2025 Sancta:
954 1968 1209 2024 Ecclesiae
1260 1967 1489 2024 hostiam
1540 1968 1821 2024 immolare
1868 1976 1951 2025 est
1992 1983 2089 2038 per

499 2063 715 2133 eloquia
762 2061 1161 2133 praedicationis
1204 2061 1508 2117 auditorum
1549 2076 1772 2117 suorum
1821 2062 1983 2118 corda
2032 2062 2085 2116 in

503 2168 743 2210 amorem
780 2153 1076 2209 conditoris
1100 2152 1414 2209 accendere.
1462 2152 1611 2208 Tunc
1640 2153 1821 2222 itaque
1849 2152 2088 2209 Samueli

502 2262 667 2320 parva
695 2246 858 2303 vestis
886 2246 1062 2303 delata
1091 2247 1421 2318 perhibetur,
1467 2247 1592 2312 quia
1622 2245 1751 2301 dum
1776 2246 1954 2301 adhuc
1991 2262 2090 2317 per

501 2338 753 2394 novitatis
780 2353 891 2393 suae
922 2338 1253 2394 incrementa
1278 2339 1584 2409 proliceret,
1612 2339 1678 2393 ab
1705 2336 1942 2393 Ecclesia
1965 2349 2088 2408 apta

500 2449 611 2490 suae
660 2433 911 2504 parvitati
962 2433 1172 2504 accepit
1232 2440 1582 2489 monumenta
1634 2432 1887 2502 justitiaa,
1937 2432 2090 2504 cujus

501 2525 786 2598 splendore
806 2526 1061 2581 radiaret.
1084 2526 1336 2596 Sequitur
1362 2543 1377 2581 :

574 2618 751 2687 (Vers.
796 2616 912 2688 20.)
951 2617 1021 2672 Et
1062 2617 1324 2674 benedixit
1369 2618 1490 2674 Heli
1528 2619 1811 2685 Helcanaa,
1854 2628 1903 2675 et
1936 2620 2091 2675 uxori

510 2723 639 2775 suaz,
678 2707 892 2761 dicens:
925 2705 1131 2761 Reddat
1168 2709 1260 2762 tibi
1291 2708 1547 2765 Dominus
1578 2727 1750 2765 semen
1778 2711 1841 2765 de
1877 2712 2090 2766 muliere

505 2796 622 2864 hac,
650 2812 743 2867 pro
770 2797 964 2867 femore
982 2796 1117 2867 quod
1138 2800 1508 2854 commendasti
1534 2797 1778 2855 Domino.

572 2886 658 2940 tl.
700 2885 835 2953 Quia
880 2888 936 2941 in
978 2903 1210 2958 persona
1248 2888 1368 2946 Heli
1409 2891 1706 2947 sacerdotis
1753 2891 1913 2945 etiam
1961 2891 2091 2947 boni

502 2978 750 3035 doctores
796 2979 983 3049 populi
1040 2982 1239 3037 veteris
1292 2982 1673 3053 designantur,
1732 2983 1984 3040 Helcanae
2032 2992 2090 3039 et

503 3070 657 3125 uxori
704 3069 819 3139 ejus
859 3070 1201 3128 benedixisse
1246 3077 1611 3142 cognoscitur,
1666 3076 1793 3147 quia
1834 3076 2088 3131 nimirum

503 3165 817 3222 earumdem
846 3174 1089 3222 veterum
1118 3167 1403 3223 doctorum
1427 3170 1561 3225 ordo
1586 3168 1784 3225 Christi
1815 3179 1870 3226 et
1890 3150 2088 3227 sancta:

2195 583 2371 639 clesia:
2408 582 2674 653 designati
2713 592 2860 655 sunt,
2892 585 2986 656 qui
3027 601 3125 656 pro
3162 584 3266 642 ﬁde
3300 585 3578 641 Trinitatis
3622 586 3783 641 fortia

2196 690 2410 745 semper
2435 675 2609 745 egisse
2642 683 3064 745 cognoscuntur.
3095 674 3205 731 Sed
3240 676 3286 732 si
3319 677 3467 733 solos
3512 675 3784 747 perfectos

2194 777 2380 825 sancta
2406 768 2647 825 Ecclesia
2673 770 2935 839 gigneret,
2961 778 3145 825 nostra
3173 770 3455 826 inﬁrmitas
3474 770 3543 826 ad
3564 780 3786 826 aeterna:

2197 861 2318 916 viae
2346 862 2563 933 praemia
2594 861 2879 933 pervenire
2900 878 3008 918 non
3036 872 3241 934 posset.
3264 863 3450 919 Robur
3498 878 3626 933 ergo
3655 864 3788 920 ﬁlio.

2196 966 2314 1007 rum
2343 952 2568 1008 duarum
2599 952 2831 1010 ﬁliarum
2868 954 3128 1025 fragilitas
3152 955 3417 1025 sequitur,
3449 956 3575 1026 quia
3596 964 3785 1011 sancta

2195 1046 2435 1105 Ecclesia
2483 1050 2585 1107 etsi
2624 1058 2814 1106 contra
2861 1052 3265 1121 superbientem
3312 1052 3521 1107 hostem
3560 1054 3787 1107 humani

2196 1143 2407 1213 generis
2451 1142 2617 1199 fortes
2669 1145 2930 1215 protulit,
2980 1153 3161 1201 tamen
3208 1147 3276 1201 ad
3328 1154 3544 1203 aeterna:
3596 1148 3789 1218 patria:

2197 1233 2391 1303 gaudia
2416 1235 2579 1290 etiam
2605 1235 2817 1291 inﬁrma
2838 1235 2958 1306 ejus
2978 1237 3218 1292 membra
3253 1252 3352 1308 per
3371 1237 3481 1293 duo
3508 1238 3790 1293 charitatis

2196 1332 2466 1395 prmeepta
2503 1325 2890 1397 perducuntur.
2938 1326 3004 1381 Et
3042 1326 3169 1397 quia
3190 1327 3244 1383 in
3274 1327 3636 1384 inchoationis
3675 1344 3789 1384 sua:

2198 1414 2362 1472 initiis
2390 1432 2498 1472 non
2532 1432 2749 1487 semper
2785 1416 2983 1472 mansit
3008 1417 3254 1488 quisquis
3279 1433 3346 1473 eo
3382 1426 3631 1489 tempore
3657 1434 3787 1475 eru-

2196 1508 2300 1565 diri
2318 1509 2383 1564 ad
2402 1510 2740 1566 sacerdotale
2762 1510 3114 1566 ministerium
3134 1518 3393 1581 cmperat,
3426 1512 3673 1581 sequitur
3696 1530 3710 1566 :

2272 1602 2449 1674 (Vers.
2492 1601 2607 1670 21.)
2649 1601 2719 1656 Et
2764 1604 3131 1675 magniﬁcatus
3181 1611 3258 1657 est
3302 1619 3430 1674 puer
3477 1602 3697 1659 Samuel
3734 1623 3789 1660 tn

2198 1704 2474 1765 conspectu
2506 1693 2737 1749 Domini.
3694 1752 3697 1753 ν

2273 1787 2363 1843 li.
2404 1789 2522 1855 Quo
2569 1789 2621 1842 in
2664 1788 2786 1843 loco
2824 1786 2981 1844 valde
3008 1786 3307 1843 notandum
3336 1794 3421 1843 est
3461 1786 3610 1858 quod
3656 1802 3793 1858 puer

2117 1882 2167 1945 B
2192 1878 2410 1937 Samuel
2440 1878 2635 1934 dicitur
2663 1888 2718 1934 et
2746 1878 3139 1950 magniﬁcatus.
3162 1878 3270 1934 Sed
3308 1887 3364 1933 et
3392 1893 3515 1933 cum
3539 1878 3793 1948 magniﬁ-

2192 1981 2344 2030 catus
2385 1974 2664 2042 asseritur,
2700 1974 2805 2028 hoc
2837 1973 3052 2029 virtutis
3077 1988 3189 2029 suae
3217 1972 3544 2043 praeconium
3575 1988 3686 2027 non
3730 1973 3788 2027 in

2192 2075 2485 2138 conspectu
2507 2067 2813 2136 hominum,
2838 2069 2933 2125 sed
2954 2068 3008 2122 in
3034 2075 3330 2137 conspectu
3352 2065 3565 2121 Domini
3588 2065 3795 2121 habere

2190 2160 2526 2235 perhibetur.
2555 2161 2666 2216 Cur
2693 2174 2821 2230 ergo
2845 2176 2999 2231 puer,
3027 2168 3052 2195 ⁸
3076 2158 3177 2214 nisi
3200 2159 3324 2228 quia
3347 2158 3416 2214 ad
3441 2157 3794 2229 perfectionis

2192 2258 2311 2308 erat
2336 2249 2704 2307 celsitudinem
2727 2250 3085 2305 sublimatus?
3112 2247 3253 2303 Puer
3282 2248 3467 2317 itaque
3495 2256 3552 2303 et
3574 2250 3789 2316 magni-

2194 2343 2388 2399 ﬁcatus
2439 2342 2493 2397 in
2542 2349 2836 2411 conspectu
2883 2341 3096 2397 Domini
3140 2339 3361 2396 Samuel
3400 2338 3616 2405 dicitur,
3663 2340 3794 2409 quia

2192 2446 2366 2487 novus
2391 2430 2525 2487 ordo
2554 2430 2991 2502 praedicatorum,
3028 2430 3129 2486 etsi
3159 2429 3227 2485 ad
3257 2443 3464 2498 magna:
3498 2444 3796 2485 conversa-

2195 2522 2357 2579 tionis
2395 2523 2768 2578 celsitudinem
2800 2522 3067 2591 pervenit,
3107 2520 3429 2577 humilitatis
3471 2535 3584 2576 sua:
3622 2521 3799 2576 virtu—

2195 2621 2305 2669 tem
2328 2628 2438 2667 non
2458 2612 2709 2683 perdidit.
2738 2611 3063 2681 Magniﬁcari
3092 2611 3296 2682 quippe
3323 2618 3450 2667 ante
3476 2610 3648 2666 Deum
3683 2625 3795 2666 non

2196 2705 2499 2776 prodesset,
2533 2704 2579 2759 si
2607 2720 2742 2775 puer
2771 2718 2890 2759 esse
2910 2703 3218 2771 desisteret,
3240 2703 3366 2773 quia
3394 2702 3593 2759 amissa
3613 2702 3798 2758 humi-

2192 2797 2364 2864 litate,
2415 2796 2632 2869 placere
2680 2795 3040 2866 omnipotenti
3087 2795 3198 2850 Deo
3245 2794 3313 2850 de
3360 2794 3797 2851 conversationis

2192 2891 2476 2948 altitudine
2506 2906 2613 2946 non
2639 2889 2868 2944 valeret.
2908 2888 3148 2958 Denique
3174 2885 3501 2957 magniﬁcati
3526 2886 3659 2955 jam-
3678 2886 3800 2940 fue-

2191 2996 2330 3054 rant,
2362 2986 2450 3057 qui
2483 2986 2538 3041 in
2565 2985 2784 3042 nomine
2813 2983 2937 3039 Jesu
2967 2984 3035 3038 ab
3056 2982 3293 3038 obsessis
3311 2980 3577 3036 daemonia
3605 2978 3798 3048 ejicie-

2192 3077 2355 3144 bant;
2381 3076 2473 3133 sed
2498 3078 2622 3147 quia
2652 3074 2893 3146 pueritire
2918 3089 3030 3131 sua:
3057 3074 3258 3129 bonum
3287 3070 3654 3142 perdiderant,
3681 3070 3785 3125 hos

2192 3169 2390 3225 veritas
2415 3169 2614 3238 arguit,
2646 3168 2833 3223 dicens
2860 3184 2873 3219 :
2917 3164 3165 3219 Videbam
3196 3164 3477 3229 Satanam,
3507 3162 3660 3234 quasi
3684 3162 3795 3233 {ul-

502 3256 754 3314 Ecclesia:
784 3258 1080 3329 spiritalem
1107 3259 1356 3330 copulam
1380 3260 1647 3331 praevidit,
1678 3270 1734 3316 et
1761 3276 1949 3317 eorum
1978 3262 2087 3317 ele-
2113 3263 2164 3331 α
2194 3280 2290 3335 gur
2318 3264 2382 3316 de
2411 3262 2537 3317 caelo
2566 3262 2839 3315 cadentem
2869 3258 3022 3330 (Lac.
3056 3275 3108 3326 κ,
3140 3256 3252 3327 18).
3289 3256 3427 3311 Hinc
3463 3256 3662 3310 iterum
3693 3254 3799 3310 de-

502 3355 713 3405 ctorum
742 3350 949 3419 prolem
968 3349 1201 3405 futuram
1233 3352 1371 3407 cmlo
1413 3352 1778 3421 dignam,cum
1801 3351 2093 3409 devotione

502 3441 829 3513 praedicavit.
862 3442 1018 3509 Quod
1062 3442 1309 3511 quamvis
1339 3442 1500 3512 longe
1543 3450 1669 3499 ante
1698 3451 1877 3499 actum
1908 3444 2092 3513 fuerit,

504 3542 682 3588 tamen
718 3540 845 3589 tunc
874 3548 933 3589 se
962 3533 1041 3589 eis
1076 3535 1155 3589 Sic
1183 3535 1525 3591 benedixisse
1553 3537 1808 3605 innotuit,
1833 3553 1977 3602 cum,
2006 3552 2095 3593 re—

504 3623 681 3679 velata
702 3622 813 3693 jam
841 3633 1039 3679 nostrae
1065 3626 1453 3696 redemptionis
1474 3628 1663 3696 gratia,
1687 3628 1909 3684 credere
1930 3644 2097 3685 unus-

504 3714 733 3784 quisque
763 3713 959 3780 ,ﬁdelis
995 3723 1232 3785 poterat,
1281 3717 1406 3784 quia
1457 3726 1536 3772 tot
1580 3718 1724 3774 b0na
1763 3720 1869 3788 70
1915 3728 2097 3789 patres

506 3806 675 3860 nostri
701 3812 916 3861 veteres
940 3805 1007 3861 de
1048 3806 1150 3861 hac
1191 3808 1546 3863 renovatione
1592 3808 1980 3879 praecinebant.
2031 3809 2097 3865 Et

507 3906 565 3952 ut
591 3896 727 3952 ordo
747 3911 856 3966 quo
886 3895 1050 3953 ﬁebat
1076 3909 1424 3967 agnoscatur,
1456 3899 1801 3968 subjunctum
1831 3908 1950 3955 est:

577 3986 752 4059 (Vers.
786 3985 899 4057 20.)
938 3986 1010 4040 Ει
1037 3987 1272 4041 abierunt
1300 3989 1355 4041 in
1376 3988 1541 4042 locum
1568 4004 1737 4043 suum.

578 4077 666 4132 12δ
707 4076 767 4132 1η
795 4078 973 4134 locum
1012 4093 1170 4133 suum
1194 4094 1317 4135 cum
1344 4080 1462 4135 viro
1491 4096 1586 4135 suo
1616 4088 1816 4135 sancta:
1845 4077 2096 4136 Ecclesize

504 4172 654 4230 abire
673 4213 689 4238 ,
723 4180 807 4227 est
831 4172 956 4226 vitae
986 4172 1176 4227 activa:
1215 4173 1492 4231 molestias
1517 4173 1784 4229 interdum
1815 4173 2019 4245 fugere,
2043 4181 2099 4230 et

503 4279 748 4335 superna:
794 4266 917 4319 vitae
943 4265 1157 4334 gaudiis
1193 4281 1291 4336 per
1324 4267 1840 4338 contemplationem
1878 4286 2093 4326 vacare.

505 4354 737 4412 Puerum
761 4357 961 4427 quippe
985 4357 1053 4412 ad
1090 4358 1280 4413 horam
1311 4360 1603 4430 reliquerat
1631 4370 1804 4416 mater
1832 4362 1942 4426 illa,
1975 4378 2095 4432 qua:

504 4447 719 4503 dicebat
746 4467 758 4501 :
794 4447 955 4520 Capto
978 4450 1189 4504 dissolvi
1213 4458 1260 4505 et
1282 4468 1394 4506 esse
1414 4469 1528 4507 cum
1558 4452 1765 4510 Christo
1803 4455 2023 4526 (Philip.
2054 4471 2091 4518 ι,

505 4536 619 4610 25).
662 4538 721 4594 Si
760 4556 883 4597 cum
912 4557 1081 4612 puero
1111 4550 1247 4611 erat,
1279 4544 1494 4613 quando
1528 4545 1775 4602 eumdem
1814 4548 2090 4616 egregium

2195 3355 2469 3420 nuntians,
2494 3354 2568 3408 ait
2593 3371 2605 3407 :
2640 3352 2762 3407 Nisi
2791 3352 3021 3407 conuersi
3044 3351 3208 3415 eritis,
3239 3357 3287 3404 et
3318 3346 3616 3418 eﬁiciamini
3655 3348 3798 3401 sicut

2196 3450 2423 3519 parvuli,
2470 3464 2570 3502 non
2613 3445 2877 3501 intrabitis
2916 3446 2971 3498 in
3015 3459 3229 3515 regnum
3280 3441 3523 3496 caelorum
3573 3439 3797 3510 (Matth.

2196 3555 2347 3608 xvnt,
2384 3540 2461 3607 5).
2492 3539 2627 3605 Quia
2659 3552 2789 3607 ergo
2819 3552 3085 3591 novorum
3131 3534 3544 3605 prmdicatorum
3581 3532 3693 3586 vita
3737 3540 3797 3587 et

2196 3632 2445 3689 sublimis
2461 3639 2545 3686 est
2560 3631 2772 3695 merito,
2797 3636 2853 3683 et
2878 3627 3035 3699 plana
3058 3640 3156 3698 per
3175 3625 3551 3690 humilitatem,
3573 3623 3797 3679 Samuel

2198 3732 2325 3793 apte
2349 3721 2722 3790 magniﬁcatus
2744 3726 2799 3773 et
2829 3733 2963 3789 puer
2984 3717 3263 3773 asseritur.
3297 3715 3363 3770 Et
3382 3715 3506 3783 quia
3536 3730 3605 3770 ex
3634 3724 3787 3769 utro-

2197 3829 2304 3885 que
2335 3812 2491 3867 valde
2517 3812 2728 3881 accepti
2762 3810 2875 3866 Deo
2916 3817 3061 3877 sunt,
3117 3807 3489 3879 magniﬁcatus
3528 3823 3633 3862 non
3661 3807 3795 3862 sim-

2199 3905 2431 3977 pliciter,
2471 3902 2566 3958 sed
2595 3903 2648 3957 in
2680 3910 2976 3972 conspectu
3004 3901 3218 3979 Domini
3248 3900 3411 3956 fuisse
3450 3898 3793 3971 perhibetur.

2198 3998 2458 4069 Sequitur
2483 4015 2496 4051 :

2271 4096 2449 4166 (Vers.
2479 4093 2593 4164 22.)
2633 4091 2758 4147 Heli
2786 4099 2958 4147 autem
2983 4096 3096 4145 erat
3122 4104 3280 4144 senex
3308 4087 3473 4154 ualde,
3512 4095 3560 4140 et
3595 4086 3795 4140 audivit

2197 4190 2370 4244 omnia
2391 4203 2505 4259 qua
2543 4184 2804 4257 faciebant
2824 4183 2924 4254 filii
2946 4184 3027 4238 sui
3048 4184 3103 4236 in
3123 4184 3363 4236 universo
3388 4179 3573 4245 Israel,
3597 4189 3644 4233 et
3665 4196 3795 4249 quo-

2197 4284 2348 4339 modo
2380 4280 2701 4336 dormiebant
2734 4296 2847 4334 cum
2878 4278 3181 4333 mulieribus
3210 4291 3328 4345 quae
3352 4273 3691 4331 obseruabant
3719 4272 3794 4327 ad

2196 4374 2384 4427 ostium
2413 4371 2763 4424 tabernaculi.

2271 4463 2355 4517 15.
2399 4461 2455 4517 In
2486 4476 2717 4531 persona
2750 4460 2867 4516 lieli
2898 4476 3005 4516 non
3034 4459 3209 4515 solum
3230 4467 3387 4514 vetus
3406 4456 3792 4522 sacerdotium,

2194 4555 2287 4612 sed
2302 4554 2464 4610 etiam
2485 4555 2828 4624 antiquorum
2847 4560 3061 4622 patrum
3081 4549 3338 4606 doctrina:
3352 4548 3667 4618 ﬁgurantur,
3683 4548 3729 4617 7
3742 4551 3790 4619 ι

503 4630 783 4688 doctorem
818 4649 987 4703 usque
1013 4636 1082 4690 ad
1111 4635 1329 4692 tertium
1354 4638 1549 4694 cmlum
1576 4640 1657 4695 vis
1698 4642 1897 4697 amoris
1927 4650 2084 4697 extu-
2120 4641 2167 4701 D
2190 4647 2314 4718 quia
2348 4661 2416 4701 ex
2437 4644 2707 4714 huciqnod
2733 4643 2957 4714 spiritali
2986 4642 3246 4712 dignitate
3266 4639 3495 4711 pnefuit,
3523 4639 3627 4695 hoc
3662 4654 3789 4693 sus-

504 4724 641 4782 lerat
697 4725 791 4797 (II
846 4726 967 4783 Cor.
1021 4745 1112 4793 xu,
1159 4728 1319 4800 2-4)?
1373 4730 1429 4787 Si
1462 4741 1587 4788 tunc
1626 4742 1883 4790 eratcum
1906 4750 2094 4805 puero,

505 4818 721 4891 quando
759 4818 813 4874 in
853 4820 1103 4890 paradiso
1140 4832 1428 4895 exceptus,
1484 4827 1646 4882 verba
1679 4840 1797 4896 quae
1826 4842 1935 4882 non
1974 4828 2099 4883 licet

504 4913 709 4969 homini
732 4913 881 4983 loqui
910 4914 1181 4982 audiebat,
1216 4924 1271 4971 et
1299 4918 1351 4973 in
1374 4918 1554 4975 locum
1583 4935 1739 4975 suum
1766 4920 2094 4990 rapiebatur,

503 5005 631 5074 quia
674 5006 931 5070 ostendit,
966 5005 1191 5063 dicens:
1228 5007 1353 5064 Non
1398 5009 1639 5065 habemus
1683 5012 1763 5066 hic
1806 5022 2097 5066 manentem

503 5098 778 5164 civitatem,
825 5098 917 5152 sed
946 5100 1175 5170 futuram
1218 5100 1522 5170 inquirimus
1556 5099 1747 5173 (Hebr.
1794 5118 1911 5169 xui,
1958 5102 2091 5173 il)?

503 5187 611 5247 Sed
638 5204 756 5261 qua:
804 5204 928 5246 cum
966 5193 1083 5247 viro
1127 5192 1308 5248 abibat
1355 5193 1409 5247 in
1451 5193 1629 5249 locum
1671 5210 1847 5262 suum,
1892 5194 2094 5250 reverti

505 5280 644 5336 hanc
664 5289 905 5337 materna
921 5282 1128 5339 viscera
1151 5283 1414 5352 cogebant
1442 5283 1507 5337 ad
1525 5284 1711 5338 lilium.
1744 5284 1878 5339 Nam
1907 5284 2093 5357 loque-

505 5372 666 5428 batur
693 5382 748 5430 et
783 5375 1032 5433 dicebat:
1067 5376 1136 5432 In
1166 5395 1322 5435 carne
1364 5395 1573 5433 manere
1597 5389 1673 5433 est
1693 5380 1821 5435 mihi
1852 5398 2089 5438 necessa-

506 5465 643 5519 rium
663 5476 872 5537 propter
889 5485 976 5524 vos
1008 5468 1228 5541 (Philip.
1262 5487 1301 5537 ι,
1331 5469 1446 5542 24).
1472 5470 1728 5541 Sequitur
1751 5490 1764 5525 :

579 5556 758 5627 (Vers.
792 5558 903 5632 21.)
949 5561 1188 5617 Visitavit
1215 5580 1336 5635 ergo
1358 5562 1613 5619 Dominus
1633 5567 1859 5632 Annam,
1891 5575 1942 5622 et
1968 5585 2093 5625 con-

507 5649 659 5721 cepit,
689 5658 739 5705 et
760 5654 956 5723 peperit
984 5662 1088 5709 tres
1104 5654 1244 5725 ﬁlios
1268 5664 1317 5710 et
1356 5655 1485 5712 duas
1507 5658 1667 5728 ﬁlias.

582 5816 818 5892 I__For_te
856 5815 1156 5892 addendum
1193 5827 1242 5871 et
1281 5819 1677 5892 magniﬁcatus;
1703 5835 1825 5892 quae
1852 5821 1995 5877 enim
2037 5824 2090 5880 in

514 5886 878 5961 explicatione
913 5886 1269 5959 subjiciuntur
1314 5886 1491 5959 potius
1531 5891 1599 5947 ad
1638 5886 1743 5950 hoc
1785 5894 2087 5952 membrum

2196 4739 2341 4808 cepit
2387 4736 2582 4800 oflicii,
2610 4744 2669 4789 ut
2697 4734 2917 4790 salutari
2944 4733 3326 4804 prmdicatione
3364 4734 3653 4786 instrueret
3684 4743 3790 4797 pro

2196 4829 2389 4900 quibus
2429 4826 2721 4899 placabiles
2756 4826 2958 4880 hostias
2986 4824 3216 4880 Domino
3245 4822 3483 4878 offerret.
3533 4818 3674 4887 Quid
3696 4829 3783 4875 est

2197 4935 2328 4991 ergo
2367 4919 2509 4988 quod
2541 4917 2658 4973 Heli
2687 4932 2854 4974 senex
2884 4918 3163 4982 asseritur,
3205 4915 3307 4969 nisi
3339 4914 3465 4984 quia
3498 4913 3549 4966 in
3589 4926 3790 4981 repro-

2195 5012 2386 5068 borum
2418 5011 2719 5066 Judmorum
2750 5011 3003 5066 cordibus
3037 5010 3118 5064 vis
3146 5007 3449 5063 inﬁrmatur
3482 5005 3789 5061 cmlestium

2201 5104 2611 5160 mandaturum?
2635 5101 2854 5158 Juvenis
2875 5101 3089 5172 quidem
3117 5100 3217 5155 fuit
3235 5098 3354 5154 Heli
3375 5097 3613 5168 quandiu
3635 5111 3792 5150 sacra

2200 5204 2472 5276 Scriptura
2501 5204 2553 5258 in
2580 5202 2766 5257 electis
2785 5201 3082 5273 Synagoga:
3097 5200 3207 5256 vim
3226 5213 3431 5269 magna:
3453 5196 3789 5253 auctoritatis

2200 5299 2453 5366 obtinuit,
2484 5296 2611 5366 quia
2630 5295 2882 5351 videlicet
2906 5293 3293 5365 promissiones
3313 5291 3525 5347 venturi
3546 5288 3755 5345 Redem
3769 5320 3787 5332 ~

2200 5391 2371 5464 ptoris
2412 5396 2717 5460 acceperat,
2747 5396 2802 5444 et
2827 5402 2951 5443 eum
2979 5402 3101 5443 cum
3136 5397 3332 5454 magno
3370 5383 3640 5442 desiderio
3685 5396 3787 5435 ex-

2199 5484 2499 5555 spectabat.
2547 5482 2700 5538 Tunc
2740 5495 2868 5550 ergo
2917 5480 3036 5535 Heli
3081 5479 3278 5545 senuit,
3338 5476 3553 5549 quando
3600 5474 3787 5529 Judaea

2197 5574 2540 5631 devotionem
2571 5572 2918 5629 observanda:
2946 5571 3317 5643 promissionis
3339 5570 3537 5635 amisit,
3563 5576 3623 5623 ut
3647 5567 3783 5622 desi-

2197 5666 2447 5722 deratum
2494 5678 2526 5718 a
2572 5663 2814 5733 patribus
2856 5662 2969 5719 suis
3014 5661 3435 5735 Redemptorem
3483 5673 3667 5717 coram
3724 5673 3781 5715 se

2200 5826 2471 5900 pertinent
2496 5780 2659 5897 quam
2696 5823 2766 5883 ad
2790 5824 2955 5896 aliud,
2983 5840 3129 5899 puer.
