4044 6336
279 415 345 480 97
1119 409 1185 471 IN
1223 410 1488 470 PRIMUM
1525 410 1764 470 REGUM
1804 408 2319 471 EXPOSITIONES.
2358 440 2431 455 —
2465 410 2596 468 LIB.
2636 409 2701 466 ll.
2854 445 2863 452 η
3479 404 3549 468 98

277 534 554 592 miraculis
579 546 641 588 se
665 529 983 601 probantem
1013 537 1279 597 cerneret,
1313 538 1368 585 et
1388 528 1608 585 omnino
1637 543 1781 585 caeca
1809 528 1865 584 in
1894 530 1948 592 Α
1970 537 2130 585 nocte
2162 527 2364 599 obruti,
2409 516 2505 598 per
2532 526 2738 581 Heliam
2768 532 2950 581 tamen
2975 533 3106 582 sunt
3129 525 3183 582 in
3220 523 3327 581 ﬁne
3366 526 3554 587 mundi

277 636 428 685 tanta
485 627 604 697 ejus
648 626 769 683 luce
815 625 884 681 de
935 624 1180 680 veritatis
1230 625 1517 696 praesentia
1571 623 1859 680 dubitaret.

282 722 448 778 Valde
491 721 653 777 etiam
683 718 846 774 fuisse
884 732 1051 773 senex
1079 718 1297 784 dicitur,
1322 726 1383 773 ut
1416 718 1659 789 profecto
1690 716 1865 772 omnis

278 814 357 868 vis
378 810 499 867 ﬁdei
530 811 586 865 in
613 809 895 882 Synagoga
926 810 1251 865 emarcuisse
1279 808 1556 865 doceatur.
1601 808 1742 865 Vere
1770 823 1866 862 auo

277 913 383 959 tem
415 886 644 959 dicimus
672 903 796 973 quia
823 903 867 956 si
894 902 1048 958 valde
1094 917 1261 959 senex
1303 910 1423 958 erat
1456 901 1603 969 Heli,
1643 901 1866 957 omnino

279 996 466 1051 debilis
508 995 743 1051 vivebat.
777 994 915 1061 Quid
955 996 1095 1049 enim
1127 1003 1254 1051 tunc
1281 1000 1400 1050 erat
1433 993 1548 1050 seni
1578 992 1869 1063 Scriptura}

279 1090 489 1154 vivere,
530 1089 630 1143 nisi
662 1087 893 1143 debilem
934 1087 1091 1143 valde
1121 1087 1508 1157 aspirationem
1542 1084 1665 1141 ﬁdei
1695 1084 1868 1157 Syna-

276 1194 428 1250 goga:
449 1179 795 1235 ministrare?
817 1178 998 1235 Senex
1024 1178 1241 1248 quidem
1268 1177 1424 1233 valde
1448 1192 1567 1234 esse
1604 1185 1659 1232 et
1685 1177 1871 1232 vivere

276 1280 508 1340 poterat,
533 1287 655 1327 cum
674 1269 986 1328 Judmorum
1008 1272 1172 1328 corda
1202 1271 1468 1327 nutabant
1498 1277 1557 1326 ut
1580 1269 1869 1326 Dominum

274 1363 459 1420 Jesum
488 1380 592 1420 nec
618 1364 1038 1435 Redemptorem
1069 1378 1256 1420 verum
1285 1377 1405 1419 esse
1434 1362 1737 1429 crederent,
1768 1376 1871 1418 nec

275 1454 431 1523 quasi
452 1453 826 1525 blasphemum
849 1461 1036 1524 aperte
1063 1454 1405 1510 damnarent.
1437 1451 1609 1522 Hujus
1636 1467 1871 1523 namque

275 1546 576 1602 senectutis
603 1546 938 1603 debilitatem
977 1547 1308 1616 evangelista
1336 1544 1574 1601 Joannes
1612 1544 1868 1614 ostendit,

274 1635 462 1692 dicens
486 1654 501 1692 :
542 1636 645 1692 Alii
675 1636 945 1703 dicebant,
974 1638 1095 1710 quia
1118 1637 1282 1692 bonus
1313 1646 1407 1701 est,
1436 1636 1529 1691 alii
1563 1653 1704 1705 vero,
1742 1651 1868 1701 non,

274 1728 367 1782 sed
386 1727 585 1783 seducit
608 1731 782 1782 turbas
806 1728 987 1799 (Joan.
1022 1746 1111 1795 vn,
1146 1728 1260 1799 12).
1282 1726 1421 1785 Hinc
1440 1727 1609 1783 Judaai
1632 1728 1734 1797 ipsi
1760 1726 1871 1782 cal-

275 1818 495 1875 liditatis
522 1835 631 1874 sua:
652 1821 941 1875 versutiam
964 1820 1321 1890 proferentes,
1341 1819 1559 1875 dicunt:
1596 1819 1868 1891 Usquequo

1966 618 2034 673 ad
2062 618 2220 674 ﬁdem
2268 615 2646 689 Redemptoris
2687 615 2959 673 excitandi
3007 614 3224 689 (Matth.
3274 632 3405 686 xvn,
3438 616 3551 690 ii).

1966 708 2220 779 Sequitur
2247 727 2262 765 :

2042 801 2219 872 (Vers.
2248 798 2364 870 25.)
2405 801 2473 855 Et
2504 802 2575 856 ait
2598 801 2666 855 ad
2689 816 2808 856 eos:
2840 796 3019 866 Quare
3046 802 3219 873 facitis
3262 818 3343 856 res
3371 802 3555 872 hujus-

1968 894 2130 962 modi,
2155 910 2279 965 quas
2299 911 2392 966 ego
2415 895 2569 950 audio
2594 912 2673 950 res
2694 896 2943 967 pessimus
2966 894 3028 949 ab
3052 897 3192 952 omni
3218 896 3448 967 papula?

2038 985 2125 1040 17.
2168 985 2309 1042 Ecce
2353 1002 2519 1043 senex
2559 995 2676 1042 erat
2714 986 2863 1053 Heli,
2907 996 2962 1043 et
3001 997 3158 1043 acuta
3198 988 3551 1058 loquebatur,

1969 1074 2094 1148 quia
2132 1078 2301 1133 virtus
2339 1078 2481 1134 sacri
2519 1078 2738 1150 eloquii,
2772 1079 2873 1134 etsi
2908 1078 2965 1134 in
3005 1081 3361 1150 reproborum
3392 1079 3556 1135 corde

1970 1169 2168 1238 deﬁcit,
2195 1180 2377 1227 tamen
2403 1187 2587 1227 coram
2608 1181 2755 1229 recte
2774 1173 3217 1245 intelligentibus,
3245 1172 3557 1229 Iudaeorum

1972 1261 2156 1332 culpas
2178 1261 2448 1318 subtiliter
2483 1262 2738 1333 exquirit.
2775 1263 3022 1321 Districte
3051 1263 3194 1321 enim
3242 1264 3555 1332 discutiens,

1973 1352 2107 1410 dicit
2134 1370 2147 1406 :
2191 1351 2364 1417 Quare
2392 1355 2564 1423 facitis
2598 1371 2681 1409 res
2715 1354 3090 1426 hujuscemodi,
3127 1373 3254 1429 quas
3281 1373 3374 1428 ego
3401 1356 3558 1411 audio

1971 1461 2055 1499 res
2088 1445 2338 1512 pessimus
2373 1442 2437 1497 ab
2465 1448 2605 1499 omni
2634 1445 2869 1517 populo?
2904 1444 3010 1502 Sed
3040 1447 3133 1517 qui
3161 1448 3451 1517 exquirens
3477 1447 3559 1503 in-

1974 1546 2212 1608 terrogat
2251 1537 2425 1602 Quare
2454 1539 2669 1611 facitis?
2693 1538 2940 1610 profecto
2972 1542 3206 1597 ostendit
3234 1558 3330 1598 eos
3358 1543 3557 1614 impin-

1973 1646 2101 1702 gere
2131 1643 2348 1689 noctem
2368 1634 2588 1691 bzeresis
2616 1636 2736 1692 sine
2764 1636 3088 1693 discretione
3116 1638 3363 1694 rationis.
3412 1638 3561 1709 Ipsos

1973 1731 2156 1778 autem
2183 1724 2377 1781 fecisse
2405 1742 2495 1783 res
2517 1727 2799 1797 pessimas,
2838 1743 2973 1797 quas
3014 1728 3286 1796 audiebat,
3327 1730 3473 1796 dicit,
3506 1737 3562 1784 et

1975 1815 2119 1886 ipsas
2139 1831 2227 1871 res
2255 1818 2518 1887 pessimas
2538 1818 2606 1873 ab
2627 1819 2772 1874 omni
2802 1819 3003 1889 populo
3031 1834 3151 1875 esse
3179 1822 3390 1878 asserit.
3421 1820 3561 1887 Quid

273 1911 481 1965 animas
500 1920 709 1965 nostras
733 1912 903 1966 tollis?
923 1913 966 1966 si
997 1921 1050 1965 tu
1067 1928 1123 1966 es
1144 1910 1399 1977 Christus,
1424 1911 1508 1965 dic
1530 1911 1677 1965 nobis
1692 1911 1870 1981 palam
1900 1914 1946 1975 Β
1975 1916 2059 1963 est
2087 1907 2212 1972 hoc,
2241 1909 2343 1963 nisi
2364 1911 2488 1980 quia
2518 1910 2842 1966 universitas
2868 1909 3074 1967 .ludaici
3097 1914 3284 1983 populi
3304 1914 3359 1969 in
3388 1914 3560 1969 haere-

275 1999 443 2071 (Ibid.
476 2018 531 2067 x,
553 2001 667 2071 24).
717 2001 855 2056 Hinc
878 2003 1009 2058 item
1036 2002 1223 2057 dicunt
1246 2020 1260 2057 :
1287 2001 1563 2074 Magister,
1586 2003 1817 2057 volumus
1838 2019 1872 2057 a

274 2100 322 2145 te
346 2094 555 2163 signum
574 2093 744 2147 videre
766 2093 985 2161 (Matth.
1019 2110 1111 2161 xu,
1137 2094 1252 2165 58).

351 2182 440 2237 16.
479 2182 587 2238 Sed
610 2183 728 2239 Heli
750 2185 908 2241 valde
936 2200 1105 2241 senex
1128 2184 1334 2241 audivit
1356 2186 1535 2241 omnia
1558 2200 1678 2254 qua:
1705 2185 1872 2241 facie—

274 2274 407 2329 bant
428 2275 520 2330 lilii
550 2277 632 2331 sui
655 2277 908 2334 universo
932 2276 1137 2332 Israeli.
1171 2278 1389 2333 Audivit
1408 2287 1555 2334 certe
1581 2277 1711 2344 haec,
1743 2277 1872 2348 quia

274 2366 447 2422 novit.
480 2366 635 2434 Quod
664 2378 847 2430 autem
878 2378 903 2406 ιι
932 2370 1307 2440 cognovimus,
1332 2371 1472 2424 intra
1493 2370 1642 2424 aulas
1662 2384 1870 2425 memo-

274 2460 369 2514 ria:
408 2460 649 2517 clausum
688 2470 955 2519 tenemus.
1007 2463 1266 2519 Consulta
1295 2478 1426 2520 vero
1448 2480 1602 2520 sacra
1633 2464 1867 2533 eloquia,

275 2548 417 2606 intra
452 2568 511 2609 se
548 2568 765 2609 omnem
790 2552 1097 2611 Iudaeorum
1122 2555 1405 2626 perﬁdiam
1436 2556 1691 2625 scriptam
1735 2555 1869 2611 foris

275 2644 579 2713 proferunt,
632 2655 689 2702 et
716 2647 866 2703 velut
890 2646 982 2703 diu
1008 2656 1279 2705 servatam
1319 2648 1633 2703 memoriter
1678 2656 1870 2704 osten-

277 2732 432 2789 dunt.
474 2733 643 2804 Hujus
665 2738 911 2809 profecto
941 2740 1156 2795 auditus
1196 2739 1442 2794 notitiam
1492 2739 1679 2806 Amos,
1720 2740 1873 2795 velut

276 2820 396 2877 Heli
424 2825 718 2894 ascribens,
751 2827 853 2881 ait:
891 2826 1013 2883 Non
1038 2830 1189 2900 faciet
1212 2827 1469 2883 Dominus
1490 2829 1696 2884 verbum
1716 2846 1873 2900 super

279 2921 509 2980 terram,
557 2916 693 2988 quod
744 2934 849 2973 non
897 2919 1196 2974 revelaverit
1239 2922 1395 2974 servis
1446 2922 1553 2974 suis
1604 2921 1875 2991 prophetis

280 3005 464 3071 (Amos
508 3021 584 3073 ιιι,
614 3006 701 3076 7).
731 3007 867 3063 fine
896 3007 1147 3066 Habacuc
1191 3011 1303 3066 Deo
1337 3012 1614 3081 unigenito
1644 3012 1873 3067 conﬁte-

277 3102 388 3157 tur,
416 3095 598 3152 dicens
634 3116 647 3152 :
680 3097 925 3168 Domine,
949 3102 1123 3157 audivi
1147 3103 1381 3156 auditum
1410 3111 1571 3170 tuum,
1609 3114 1658 3157 et
1682 3104 1870 3170 timui;

278 3186 606 3242 consideraoi
633 3205 789 3259 opera
814 3200 922 3259 tua,
944 3202 993 3246 et
1013 3195 1224 3264 expavi;
1246 3195 1301 3248 in
1324 3194 1491 3248 medio
1512 3194 1729 3248 duorum
1751 3197 1870 3249 ani-

1975 2015 2093 2054 sum
2123 2000 2385 2070 prol’unda
2413 2003 2729 2057 corruerat?
2758 2000 2866 2056 Sed
2891 2002 3061 2073 ipsius
3090 2002 3258 2058 ruinae
3288 2019 3448 2059 causa
3472 2019 3561 2060 re-

1972 2089 2130 2160 probi
2155 2089 2469 2146 sacerdotes
2506 2098 2679 2145 erant.
2726 2088 2877 2145 Unde
2917 2098 2972 2146 et
3011 2089 3178 2148 Oseas
3203 2092 3561 2162 prophetans,

1974 2179 2088 2234 ait:
2121 2177 2291 2235 Causa
2318 2181 2484 2235 ruina:
2526 2182 2705 2251 papuli
2737 2182 3029 2236 sacerdotes
3058 2182 3185 2261 muli
3215 2180 3373 2253 (Osee
3397 2200 3448 2249 v,
3482 2184 3559 2257 l).

1972 2271 2107 2327 Nam
2138 2272 2257 2329 ideo
2306 2273 2580 2343 subjectus
2622 2274 2851 2345 populus
2899 2276 3113 2343 cecidit,
3164 2276 3291 2347 quia
3342 2286 3564 2332 ruentes

1972 2366 2225 2437 praelatos
2263 2367 2470 2422 studuit
2499 2368 2719 2423 imitari.
2754 2368 2887 2424 Cum
2928 2384 3058 2439 ergo
3087 2364 3257 2425 dicit:
3305 2386 3432 2442 quas
3469 2387 3564 2442 ego

1973 2460 2130 2515 audio
2153 2476 2235 2514 res
2255 2461 2503 2529 pessimus
2526 2459 2589 2513 ab
2613 2463 2755 2516 omni
2789 2462 3002 2532 populo,
3031 2463 3160 2533 ipsa:
3186 2478 3273 2518 res
3303 2477 3334 2517 a
3363 2462 3565 2533 populo

1975 2551 2061 2620 agi
2086 2550 2288 2607 debent
2316 2551 2564 2621 intelligi,
2595 2568 2701 2608 non
2734 2553 2943 2610 referri.
2980 2554 3133 2621 Quod
3156 2554 3265 2611 tale
3294 2563 3394 2623 est,
3429 2570 3493 2610 ac
3518 2554 3565 2609 si

1974 2642 2115 2698 dicat
2137 2659 2156 2698 :
2205 2642 2315 2699 Res
2344 2644 2628 2713 pessimas,
2661 2659 2795 2715 quas
2837 2646 2953 2702 ﬁeri
2980 2647 3046 2703 ab
3075 2648 3221 2702 omni
3242 2647 3443 2718 populo
3470 2663 3567 2703 au-

1976 2736 2087 2799 dio,
2111 2750 2279 2805 quare
2311 2733 2523 2791 facitis?
2556 2735 2707 2793 Unde
2738 2746 2795 2794 et
2815 2738 2994 2795 statim
3036 2738 3168 2808 quid
3189 2738 3386 2796 dixerit
3408 2754 3567 2810 aper-

1975 2824 2080 2880 tius
2110 2824 2403 2890 insinuans,
2434 2824 2510 2879 ait
2534 2841 2547 2877 :

2048 2915 2226 2986 (Vers.
2258 2913 2376 2985 24.)
2417 2911 2616 2982 Nolite,
2646 2916 2779 2986 ﬁlii;
2812 2935 2915 2973 non
2940 2925 3019 2973 est
3056 2917 3191 2974 bona
3221 2921 3385 2990 fama,
3412 2935 3567 2989 quam

1973 3024 2066 3079 ego
2118 3010 2272 3064 audio
2317 3011 2381 3065 de
2428 3014 2595 3081 vobis,
2642 3020 2698 3065 ut
2734 3012 3027 3084 transgredi
3074 3012 3282 3083 faciatis
3320 3015 3569 3085 pupulum

1974 3098 2210 3156 Domini.

1963 3238 1973 3249 .
2051 3195 2133 3251 18.
2179 3196 2237 3252 In
2258 3213 2366 3268 quo
2396 3208 2579 3255 autem
2604 3200 2834 3269 populus
2856 3198 3069 3255 Domini
3103 3198 3359 3255 mandata
3390 3206 3569 3255 trans-

280 3277 492 3331 malium
517 3279 855 3336 innotesceris
886 3281 1051 3354 (Hab.
1083 3301 1156 3352 ill,
1195 3284 1249 3355 1,
1274 3302 1340 3340 ea:
1368 3288 1636 3355 interpret.
1666 3286 1866 3358 LXX).
1898 3294 1945 3359 ο
1976 3289 2310 3355 grederetur,
2343 3290 2389 3345 si
2418 3290 2521 3361 ipsi
2556 3290 2854 3345 dormirent
2896 3307 3019 3346 cum
3061 3290 3414 3345 mulieribus?
3461 3289 3571 3345 Sed

281 3367 567 3425 Veteribus
586 3372 783 3443 quippe
800 3373 1097 3445 Synagogae
1118 3376 1429 3434 doctoribus
1455 3379 1680 3434 ﬁliorum
1703 3379 1730 3418 ι)
1752 3394 1873 3436 sce-

281 3459 397 3515 lera
424 3461 625 3528 audire,
658 3477 1102 3533 praecognoscere
1131 3475 1232 3522 est.
1258 3467 1366 3523 Sed
1393 3469 1520 3537 quid
1551 3483 1871 3540 praecogno-

282 3553 446 3619 verit,
473 3555 713 3624 exponit,
743 3557 867 3627 quia
890 3558 1051 3613 dicit:
1106 3556 1320 3628 Omnia,
1343 3578 1457 3632 qua:
1487 3562 1747 3631 faciebant
1773 3562 1876 3632 ﬁlii

286 3648 371 3700 sui
399 3648 635 3703 universo
664 3648 879 3719 Israeli,
903 3661 952 3705 et
989 3652 1244 3721 quomodo
1274 3651 1597 3707 dormiebant
1623 3670 1737 3707 cum
1762 3672 1878 3708 mu-

286 3739 519 3807 ﬂetibus,
552 3757 667 3813 qua
691 3740 1030 3797 obseruabant
1050 3743 1119 3797 ad
1141 3745 1330 3799 ostium
1364 3744 1703 3799 tabernaculi.
1742 3748 1879 3801 Cum

285 3830 605 3887 mulieribus
630 3834 828 3905 quippe
858 3834 1059 3891 Judaeis
1088 3835 1324 3893 dormire
1347 3844 1430 3892 est
1467 3837 1631 3894 variis
1661 3839 1878 3893 haeresi—

285 3923 389 3978 bus
428 3922 615 3993 pollui.
662 3923 807 3981 Bene
855 3936 1047 4001 autem
1082 3928 1211 3998 ipsa:
1257 3928 1511 3983 mulieres
1553 3928 1620 3983 ad
1676 3929 1877 3983 ostium

287 4011 623 4068 tabernaculi
671 4014 962 4071 observare
1010 4017 1343 4073 referuntur.
1398 4018 1539 4085 Quid
1593 4018 1737 4073 enim
1790 4026 1880 4075 est

287 4103 489 4159 ostium
514 4104 865 4173 tabernaculi,
899 4107 1000 4163 nisr
1028 4107 1207 4164 littera
1236 4109 1367 4178 legis
1394 4111 1688 4181 spiritalis?
1705 4109 1881 4166 Judaei

287 4203 474 4250 autem
500 4196 627 4250 dum
651 4211 859 4252 sacram
888 4197 1221 4270 Scripturam
1253 4202 1409 4270 juxta
1440 4203 1676 4259 litteram
1703 4204 1879 4260 solam

286 4285 613 4357 intelligunt,
639 4288 712 4343 ibi
731 4289 964 4347 haereses
990 4301 1313 4363 statuerunt,
1346 4296 1487 4352 unde
1510 4296 1578 4353 ad
1604 4306 1882 4354 secretum

286 4392 430 4433 verae
459 4377 583 4436 ﬁdei
613 4382 817 4440 intrare
844 4393 1093 4455 potuere.
1122 4384 1257 4441 Nam
1288 4387 1427 4443 sicut
1457 4404 1557 4459 per
1583 4392 1782 4445 ostium
1808 4388 1882 4447 ad

286 4468 549 4527 interiora
572 4475 923 4543 tabernaculi,
948 4478 1023 4533 ita
1036 4492 1136 4549 per
1156 4478 1388 4535 litteram
1406 4496 1571 4537 sacra:
1587 4479 1879 4553 Scriptura:

288 4560 360 4616 ad
411 4564 708 4633 spiritalem
760 4568 994 4624 intratur
1049 4572 1411 4640 cognitionem
1472 4572 1874 4645 Redemptoris.

1978 3378 2103 3447 quia
2148 3379 2254 3433 hoc
2296 3380 2350 3433 in
2382 3378 2550 3448 ﬁgura
2592 3380 2940 3449 contingebat
2982 3381 3106 3447 illis,
3157 3382 3261 3436 hoc
3302 3379 3570 3450 profecto,

1980 3467 2125 3538 quod
2160 3468 2443 3523 dominica:
2484 3468 2876 3525 lncarnationis
2906 3478 3152 3540 tempore
3181 3470 3414 3526 debebat
3455 3471 3571 3526 ﬁeri

1979 3558 2358 3628 praesignabat.
2386 3558 2517 3613 Nam
2541 3559 2753 3631 quando
2774 3560 3086 3617 sacerdotes
3108 3577 3229 3617 cum
3254 3562 3572 3619 mulieribus

1980 3649 2253 3705 dormiunt
2291 3650 2490 3706 subditi
2525 3652 2776 3706 mandata
2818 3651 3030 3707 Domini
3084 3654 3569 3723 transgrediuntur,

1981 3741 2107 3810 quia
2129 3741 2254 3795 dum
2277 3741 2482 3812 praelati
2497 3743 2761 3799 hmresum
2780 3743 3102 3800 admistione
3116 3746 3476 3813 maculantur,
3492 3762 3575 3802 re-

1980 3834 2151 3904 proba
2177 3833 2432 3904 subjectae
2453 3835 2749 3906 Synagoga:
2770 3836 3058 3892 multitudo
3081 3836 3135 3891 in
3154 3837 3357 3893 eisdem
3386 3834 3573 3893 fetori-

1980 3928 2083 3983 bus
2112 3928 2388 3996 mergitur.
2415 3928 2503 3982 Ait
2531 3942 2659 3998 ergo
2687 3947 2698 3982 :
2736 3928 2911 3993 Quare
2947 3930 3121 4001 facitis
3152 3947 3232 3985 res
3255 3930 3573 4001 hujusmodi,

1982 4036 2111 4091 quas
2140 4036 2233 4092 ego
2260 4020 2436 4086 audio,
2474 4038 2553 4076 res
2594 4022 2843 4091 pessimus
2885 4020 2947 4075 ab
2981 4022 3123 4076 omni
3161 4022 3391 4091 populo!
3419 4022 3577 4088 Quod

1985 4111 2091 4166 tale
2115 4120 2198 4166 est
2227 4128 2290 4168 ac
2318 4114 2364 4168 si
2385 4113 2529 4168 dicat
2555 4112 2758 4167 :Tanto
2780 4113 2995 4182 gravius
3013 4113 3345 4182 delinquitis,
3370 4122 3576 4183 quanto

1984 4201 2178 4259 foedius
2206 4205 2518 4261 universum
2546 4205 2803 4275 populum
2830 4212 3007 4259 vestro
3029 4205 3253 4260 crimine
3273 4205 3575 4264 maculatis.

1986 4294 2175 4352 Simile
2203 4297 2367 4352 etiam
2396 4297 2597 4368 aliquid
2625 4311 2723 4366 per
2750 4297 3072 4368 prophetam
3096 4298 3291 4355 dieitur
3315 4318 3327 4352 :
3356 4299 3399 4352 A
3429 4298 3575 4366 Dan,

1986 4388 2179 4457 inquit,
2218 4389 2428 4443 auditus
2459 4398 2534 4443 est
2565 4389 2796 4459 fremitus
2835 4405 3075 4444 curruum
3108 4400 3157 4443 et
3187 4405 3430 4463 equorum
3467 4391 3580 4461 ejus

1988 4475 2202 4547 (Jerem.
2227 4493 2339 4543 vni,
2370 4476 2478 4548 16).
2511 4475 2568 4530 In
2595 4491 2702 4546 quo
2724 4477 2974 4532 nimirum
2996 4478 3118 4533 loco
3141 4494 3249 4533 non
3274 4490 3357 4535 est
3380 4479 3579 4533 intelli-
3658 4515 3664 4521 -

1988 4572 2219 4641 gendum
2261 4571 2407 4640 quod
2452 4586 2482 4624 a
2511 4570 2628 4625 Dan
2666 4571 2911 4627 auditum
2949 4572 3184 4627 sonitum
3235 4572 3449 4638 referat,
3484 4571 3583 4626 sed

288 4653 428 4720 Quia
454 4670 583 4726 ergo
612 4674 709 4729 per
731 4660 1130 4717 observantiam
1161 4663 1353 4719 littera:
1380 4663 1565 4721 Iudaea
1590 4666 1878 4737 decipitur,
1912 4675 1968 4735 ι)
1993 4666 2137 4736 quod
2169 4664 2285 4735 ipse
2313 4663 2582 4729 curribus,
2612 4672 2668 4719 et
2688 4665 2843 4733 equis
2870 4663 3119 4728 smviens,
3155 4665 3403 4719 eumdem
3435 4662 3584 4717 soui-

288 4746 549 4803 mulieres
566 4749 635 4804 ad
660 4751 877 4819 ostium,
909 4768 1017 4810 non
1051 4754 1191 4809 intra
1216 4756 1646 4825 tabernaculum,
1690 4759 1903 4817 obser-,

288 4853 425 4894 vare
444 4840 769 4900 referuntur.
799 4846 868 4900 Et
890 4847 1016 4917 quia
1046 4848 1101 4902 in
1123 4850 1373 4906 omnibus
1395 4850 1689 4922 Scripturis
1714 4849 1885 4906 Judaai

290 4930 646 5004 Redemptori
693 4946 884 4995 nostro
931 4940 1335 5008 contradicunt,
1385 4959 1493 4999 non
1538 4958 1645 4997 una
1690 4942 1887 4997 mulier

290 5023 461 5080 fuisse
485 5026 706 5097 dicitur,
736 5030 832 5087 sed
870 5030 1069 5101 plures.
1112 5031 1240 5088 Haec
1269 5034 1487 5103 quidem
1516 5034 1618 5088 sibi
1642 5032 1735 5086 ﬁlii
1766 5030 1886 5086 Heli

286 5114 515 5183 faciunt,
556 5119 683 5187 quia
723 5118 879 5190 juxta
916 5124 1195 5195 propheta:
1238 5140 1466 5180 vocem:
1516 5125 1726 5189 Anima,
1771 5139 1888 5196 qua:

284 5211 599 5279 peccaverit,
647 5213 764 5282 ipsa
786 5215 1038 5269 morietur
1083 5215 1299 5290 (Ezech.
1343 5232 1492 5282 xvtu,
1536 5215 1589 5283 4,
1636 5215 1762 5285 20);
1792 5215 1889 5271 sed

286 5300 549 5357 universo
568 5301 757 5359 Israeli
780 5320 844 5361 ea
868 5305 1046 5363 facere
1068 5309 1336 5375 dicuntur,
1356 5310 1483 5379 quia
1504 5309 1633 5364 dum
1656 5309 1712 5363 in
1734 5304 1889 5364 ei'ro-

288 5393 371 5447 ris
399 5393 481 5448 sui
508 5402 670 5452 nocte
689 5397 895 5467 praelati
915 5399 1210 5467 intereunt,
1243 5401 1487 5469 caliginis
1514 5416 1627 5456 sua:
1650 5400 1889 5456 minores

291 5488 542 5546 caecitate
568 5491 934 5550 involvuntur.
981 5492 1118 5550 Cum
1148 5496 1464 5551 mulieribus
1496 5511 1628 5565 ergo
1658 5496 1765 5568 72
1794 5493 1890 5550 ﬁlii

287 5580 415 5636 Heli
442 5581 739 5655 dormiunt,
759 5587 884 5656 quia
912 5589 1129 5657 reprobi
1159 5587 1328 5645 Judaei
1362 5589 1629 5643 haeresum
1673 5604 1893 5644 suarum

292 5672 622 5732 admistione
644 5692 816 5748 usque
851 5678 906 5735 in
946 5679 1133 5735 mundi
1164 5680 1324 5736 ﬁnem
1355 5680 1692 5751 polluuntur.
1752 5682 1893 5739 Dor-

291 5763 471 5821 miunt
518 5769 701 5829 etiam.
752 5772 878 5841 quia
902 5772 1025 5855 ietsi
1068 5772 1388 5845 gravissima
1426 5781 1554 5833 sunt
1579 5774 1782 5833 erroris
1809 5776 1895 5832 sui

373 5893 399 5922 ¹ι
438 5884 549 5953 AL,
577 5890 951 5959 cognoscimus.

1994 4766 2107 4812 tum
2135 4756 2228 4827 qui
2255 4754 2505 4809 audiatur
2529 4763 2670 4825 agat.
2699 4753 2818 4821 Quo
2846 4758 2901 4810 in
2926 4756 3049 4810 loco
3080 4755 3185 4811 hoc
3211 4755 3371 4811 etiam
3397 4760 3587 4807 notans

1962 4856 1967 4859 ’
1994 4852 2120 4906 dum
2149 4859 2260 4919 est,
2285 4849 2412 4919 quia
2441 4850 2530 4919 qui
2578 4863 2664 4903 res
2709 4849 2972 4918 pessimas
2997 4849 3065 4903 ab
3094 4848 3241 4902 omni
3280 4844 3484 4916 populo
3527 4860 3589 4900 se

1995 4941 2209 4996 audisse
2229 4940 2435 5005 retulit,
2457 4948 2749 4995 mansueta:
2778 4939 3076 4995 aﬁectionis
3096 4937 3260 4992 verba
3282 4935 3585 5005 subjunxit,

1997 5034 2214 5091 dicens:
2262 5033 2458 5100 Nolite,
2490 5034 2587 5104 ﬁlii
2607 5051 2625 5100 ;
2665 5051 2769 5088 non
2811 5042 2885 5088 est
2917 5034 3049 5087 bona
3080 5034 3225 5102 fama
3256 5048 3406 5103 quam
3430 5030 3586 5083 audio

2000 5126 2063 5180 de
2099 5127 2264 5195 vobis,
2309 5136 2365 5180 ut
2393 5126 2687 5199 transgredi
2715 5126 2925 5199 faciatis
2966 5124 3210 5196 populum
3246 5124 3477 5178 Domini.
3525 5120 3591 5175 Et

1998 5227 2157 5273 acute
2185 5218 2403 5287 quidem
2442 5218 2789 5289 reprehendit
2817 5216 2970 5283 Heli,
3005 5226 3060 5273 et
3094 5223 3375 5271 mansuete
3404 5214 3591 5268 admo-

2000 5311 2136 5377 nuit,
2191 5310 2318 5381 quia
2361 5310 2641 5382 Scriptura
2690 5319 2904 5381 patrum
2950 5316 3194 5365 veterum
3242 5314 3297 5363 et
3345 5321 3591 5362 errorem

2001 5400 2206 5459 Judaici
2239 5404 2425 5475 populi
2464 5403 2807 5472 denuntians,
2848 5404 3114 5471 increpat,
3146 5410 3202 5456 et
3246 5399 3314 5455 ab
3345 5398 3590 5466 ejusdem

2003 5494 2205 5550 erroris
2228 5495 2310 5550 sui
2342 5503 2525 5565 nocte,
2549 5495 2783 5564 benigno
2805 5492 3022 5557 affectu,
3046 5492 3111 5547 ad
3140 5508 3278 5548 verse
3302 5491 3425 5547 ﬁdei
3448 5492 3592 5545 diem

2003 5593 2185 5642 vocat.
2211 5585 2378 5641 Filios
2406 5587 2624 5656 quidem
2654 5601 2751 5642 eos
2772 5586 3027 5657 appellat,
3062 5592 3119 5641 ut
3151 5600 3211 5641 se
3239 5576 3440 5640 debere
3469 5594 3593 5637 esse

2001 5678 2244 5735 breredes
2283 5687 2523 5749 paternae
2570 5677 2943 5750 promissionis
2988 5682 3313 5747 agnoscant;
3358 5680 3414 5727 et
3443 5677 3594 5725 tanto

2004 5772 2251 5830 devotius
2289 5771 2474 5827 mundi
2515 5770 2855 5828 Salvatorem
2896 5769 3182 5853 recipiant,
3221 5769 3428 5835 quanto
3465 5774 3594 5830 pro-

2084 5888 2113 5932 ι’
2152 5890 2425 5949 Omittitur
2450 5889 2647 5949 scelera
2673 5891 2727 5946 in
2756 5888 2913 5949 Guss.
2968 5882 2974 5887 ’
