  <div class='ocr_page' id='page_1' title='image "/cluster/home/n/w/nwhite01/storage/ocr_20150623/79/hvd.32044015469414/055.png"; bbox 0 0 4044 6336; ppageno 0'>
   <div class='ocr_carea' id='block_1_1' title="bbox 472 367 536 425">
    <p class='ocr_par' dir='ltr' id='par_1_1' title="bbox 472 367 536 425">
     <span class='ocr_line' id='line_1_1' title="bbox 472 367 536 425; baseline 0 0"><span class='ocrx_word' id='word_1_1' title='bbox 472 367 536 425; x_wconf 74' lang='lat'><strong>99</strong></span> 
     </span>
    </p>
   </div>
   <div class='ocr_carea' id='block_1_2' title="bbox 1673 338 2526 405">
    <p class='ocr_par' dir='ltr' id='par_1_2' title="bbox 1673 338 2526 405">
     <span class='ocr_line' id='line_1_2' title="bbox 1673 338 2526 405; baseline -0.009 0"><span class='ocrx_word' id='word_1_2' title='bbox 1673 342 1916 405; x_wconf 78' lang='lat' dir='ltr'><strong>SANGTI</strong></span> <span class='ocrx_word' id='word_1_3' title='bbox 1954 338 2277 399; x_wconf 77' lang='lat' dir='ltr'><strong>GREGORII</strong></span> <span class='ocrx_word' id='word_1_4' title='bbox 2314 340 2526 400; x_wconf 79' lang='lat' dir='ltr'><strong>MAGNI</strong></span> 
     </span>
    </p>
   </div>
   <div class='ocr_carea' id='block_1_3' title="bbox 3638 345 3743 403">
    <p class='ocr_par' dir='ltr' id='par_1_3' title="bbox 3638 345 3743 403">
     <span class='ocr_line' id='line_1_3' title="bbox 3638 345 3743 403; baseline 0.019 -2"><span class='ocrx_word' id='word_1_5' title='bbox 3638 345 3743 403; x_wconf 67' lang='lat'><strong>£00</strong></span> 
     </span>
    </p>
   </div>
   <div class='ocr_carea' id='block_1_4' title="bbox 471 452 3742 553">
    <p class='ocr_par' dir='ltr' id='par_1_4' title="bbox 471 452 3742 553">
     <span class='ocr_line' id='line_1_4' title="bbox 471 452 3742 553; baseline -0.003 -26"><span class='ocrx_word' id='word_1_6' title='bbox 471 487 780 544; x_wconf 71' lang='lat' dir='ltr'><strong>missionem</strong></span> <span class='ocrx_word' id='word_1_7' title='bbox 805 480 922 553; x_wconf 75' lang='lat' dir='ltr'><strong>ejus</strong></span> <span class='ocrx_word' id='word_1_8' title='bbox 949 476 1113 537; x_wconf 76' lang='lat' dir='ltr'><strong>fuisse</strong></span> <span class='ocrx_word' id='word_1_9' title='bbox 1136 473 1333 529; x_wconf 80' lang='lat' dir='ltr'><strong>factam</strong></span> <span class='ocrx_word' id='word_1_10' title='bbox 1362 464 1608 541; x_wconf 75' lang='lat' dir='ltr'><strong>patribus</strong></span> <span class='ocrx_word' id='word_1_11' title='bbox 1636 474 1744 520; x_wconf 85' lang='lat' dir='ltr'><strong>non</strong></span> <span class='ocrx_word' id='word_1_12' title='bbox 1775 462 2046 532; x_wconf 82' lang='lat' dir='ltr'><strong>ignorant.</strong></span> <span class='ocrx_word' id='word_1_13' title='bbox 2076 457 2131 517; x_wconf 78' lang='grc' dir='ltr'><strong>Α</strong></span> <span class='ocrx_word' id='word_1_14' title='bbox 2154 457 2409 553; x_wconf 62' lang='lat' dir='ltr'><strong>asseritur</strong></span> <span class='ocrx_word' id='word_1_15' title='bbox 2426 456 2553 553; x_wconf 82' lang='lat' dir='ltr'><strong>dum</strong></span> <span class='ocrx_word' id='word_1_16' title='bbox 2582 471 2609 511; x_wconf 88' lang='lat' dir='ltr'><strong>a</strong></span> <span class='ocrx_word' id='word_1_17' title='bbox 2642 452 2909 553; x_wconf 76' lang='lat' dir='ltr'><strong>PrOpiieta</strong></span> <span class='ocrx_word' id='word_1_18' title='bbox 2940 454 3249 553; x_wconf 64' lang='lat' dir='ltr'><strong>ﬂagitator;</strong></span> <span class='ocrx_word' id='word_1_19' title='bbox 3279 456 3517 524; x_wconf 79' lang='lat' dir='ltr'><strong>Domine,</strong></span> <span class='ocrx_word' id='word_1_20' title='bbox 3547 460 3742 531; x_wconf 82' lang='lat' dir='ltr'><strong>inquit,</strong></span> 
     </span>
    </p>
   </div>
   <div class='ocr_carea' id='block_1_5' title="bbox 470 556 2050 647">
    <p class='ocr_par' dir='ltr' id='par_1_5' title="bbox 470 556 2050 647">
     <span class='ocr_line' id='line_1_5' title="bbox 470 556 2050 647; baseline -0.02 -6"><span class='ocrx_word' id='word_1_21' title='bbox 470 576 574 641; x_wconf 71' lang='lat' dir='ltr'><strong>Sed</strong></span> <span class='ocrx_word' id='word_1_22' title='bbox 612 586 668 637; x_wconf 88' lang='lat' dir='ltr'><strong>et</strong></span> <span class='ocrx_word' id='word_1_23' title='bbox 696 579 763 635; x_wconf 86' lang='lat' dir='ltr'><strong>de</strong></span> <span class='ocrx_word' id='word_1_24' title='bbox 808 572 1014 647; x_wconf 79' lang='lat' dir='ltr'><strong>peccati</strong></span> <span class='ocrx_word' id='word_1_25' title='bbox 1063 567 1288 627; x_wconf 86' lang='lat' dir='ltr'><strong>audacia</strong></span> <span class='ocrx_word' id='word_1_26' title='bbox 1336 577 1432 621; x_wconf 82' lang='lat' dir='ltr'><strong>eos</strong></span> <span class='ocrx_word' id='word_1_27' title='bbox 1472 568 1733 618; x_wconf 84' lang='lat' dir='ltr'><strong>revocare</strong></span> <span class='ocrx_word' id='word_1_28' title='bbox 1778 556 2050 628; x_wconf 68' lang='lat' dir='ltr'><strong>gestiens,</strong></span> 
     </span>
    </p>
   </div>
   <div class='ocr_carea' id='block_1_6' title="bbox 469 662 1318 739">
    <p class='ocr_par' dir='ltr' id='par_1_6' title="bbox 469 662 1318 739">
     <span class='ocr_line' id='line_1_6' title="bbox 469 662 1318 739; baseline -0.025 -6"><span class='ocrx_word' id='word_1_29' title='bbox 469 676 733 733; x_wconf 82' lang='lat' dir='ltr'><strong>rationem</strong></span> <span class='ocrx_word' id='word_1_30' title='bbox 763 664 1055 739; x_wconf 73' lang='lat' dir='ltr'><strong>subiungit,</strong></span> <span class='ocrx_word' id='word_1_31' title='bbox 1088 662 1275 717; x_wconf 90' lang='lat' dir='ltr'><strong>dicens</strong></span> <span class='ocrx_word' id='word_1_32' title='bbox 1304 675 1318 713; x_wconf 89' lang='lat'><strong>:</strong></span> 
     </span>
    </p>
   </div>
   <div class='ocr_carea' id='block_1_7' title="bbox 540 738 2058 843">
    <p class='ocr_par' dir='ltr' id='par_1_7' title="bbox 540 738 2058 843">
     <span class='ocr_line' id='line_1_7' title="bbox 540 738 2058 843; baseline -0.02 -17"><span class='ocrx_word' id='word_1_33' title='bbox 540 768 715 843; x_wconf 82' lang='lat' dir='ltr'><strong>(Vers.</strong></span> <span class='ocrx_word' id='word_1_34' title='bbox 748 738 871 833; x_wconf 75' lang='grc'><strong>25.)</strong></span> <span class='ocrx_word' id='word_1_35' title='bbox 906 760 968 816; x_wconf 90' lang='lat' dir='ltr'><strong>Si</strong></span> <span class='ocrx_word' id='word_1_36' title='bbox 1006 754 1288 830; x_wconf 73' lang='lat' dir='ltr'><strong>peccaverit</strong></span> <span class='ocrx_word' id='word_1_37' title='bbox 1336 752 1414 807; x_wconf 85' lang='lat' dir='ltr'><strong>vir</strong></span> <span class='ocrx_word' id='word_1_38' title='bbox 1450 750 1507 805; x_wconf 88' lang='lat' dir='ltr'><strong>in</strong></span> <span class='ocrx_word' id='word_1_39' title='bbox 1554 751 1738 843; x_wconf 77' lang='lat' dir='ltr'><strong>virum,</strong></span> <span class='ocrx_word' id='word_1_40' title='bbox 1787 743 1966 843; x_wconf 60' lang='lat' dir='ltr'><strong>pacari</strong></span> 
     </span>
    </p>
   </div>
   <div class='ocr_carea' id='block_1_8' title="bbox 469 834 2057 933">
    <p class='ocr_par' dir='ltr' id='par_1_8' title="bbox 469 834 2057 933">
     <span class='ocr_line' id='line_1_8' title="bbox 469 834 2057 933; baseline -0.019 -16"><span class='ocrx_word' id='word_1_41' title='bbox 469 834 633 933; x_wconf 77' lang='lat' dir='ltr'><strong>potest</strong></span> <span class='ocrx_word' id='word_1_42' title='bbox 662 858 842 923; x_wconf 87' lang='lat' dir='ltr'><strong>Deus;</strong></span> <span class='ocrx_word' id='word_1_43' title='bbox 864 855 910 910; x_wconf 75' lang='lat' dir='ltr'><strong>si</strong></span> <span class='ocrx_word' id='word_1_44' title='bbox 938 859 1109 907; x_wconf 85' lang='lat' dir='ltr'><strong>autem</strong></span> <span class='ocrx_word' id='word_1_45' title='bbox 1132 844 1190 904; x_wconf 77' lang='lat' dir='ltr'><strong>in</strong></span> <span class='ocrx_word' id='word_1_46' title='bbox 1218 845 1387 901; x_wconf 78' lang='lat' dir='ltr'><strong>Deum</strong></span> <span class='ocrx_word' id='word_1_47' title='bbox 1412 841 1718 915; x_wconf 78' lang='lat' dir='ltr'><strong>peccaverit,</strong></span> <span class='ocrx_word' id='word_1_48' title='bbox 1745 839 1857 909; x_wconf 83' lang='lat' dir='ltr'><strong>quis</strong></span> <span class='ocrx_word' id='word_1_49' title='bbox 1886 834 2057 891; x_wconf 80' lang='lat' dir='ltr'><strong>orabit</strong></span> 
     </span>
    </p>
   </div>
   <div class='ocr_carea' id='block_1_9' title="bbox 488 974 661 1008">
    <p class='ocr_par' dir='ltr' id='par_1_9' title="bbox 488 974 661 1008">
     <span class='ocr_line' id='line_1_9' title="bbox 488 974 661 1008; baseline 0 0"><span class='ocrx_word' id='word_1_50' title='bbox 488 974 562 1008; x_wconf 66' lang='lat' dir='ltr'><strong>.‘I‘O</strong></span> <span class='ocrx_word' id='word_1_51' title='bbox 582 974 661 1008; x_wconf 88' lang='lat' dir='ltr'><strong>ea.</strong></span> 
     </span>
    </p>
   </div>
   <div class='ocr_carea' id='block_1_10' title="bbox 470 970 2057 1107">
    <p class='ocr_par' dir='ltr' id='par_1_10' title="bbox 470 970 2057 1107">
     <span class='ocr_line' id='line_1_10' title="bbox 488 974 661 1008; baseline -0.023 -1"><span class='ocrx_word' id='word_1_52' title='bbox 488 986 497 1007; x_wconf 59' lang='grc' dir='ltr'>λ</span> <span class='ocrx_word' id='word_1_53' title='bbox 544 974 562 1002; x_wconf 69' lang='lat'><strong>1</strong></span> <span class='ocrx_word' id='word_1_54' title='bbox 649 993 661 1008; x_wconf 91' lang='lat'><strong>.</strong></span> 
     </span>
     <span class='ocr_line' id='line_1_11' title="bbox 470 970 2057 1107; baseline -0.02 -3"><span class='ocrx_word' id='word_1_55' title='bbox 470 970 643 1102; x_wconf 54' lang='lat' dir='ltr'><strong>ml:</strong></span> <span class='ocrx_word' id='word_1_56' title='bbox 673 1044 767 1100; x_wconf 80' lang='lat' dir='ltr'><strong>Vir</strong></span> <span class='ocrx_word' id='word_1_57' title='bbox 810 1040 863 1097; x_wconf 91' lang='lat' dir='ltr'><strong>in</strong></span> <span class='ocrx_word' id='word_1_58' title='bbox 903 1038 1077 1094; x_wconf 89' lang='lat' dir='ltr'><strong>virum</strong></span> <span class='ocrx_word' id='word_1_59' title='bbox 1109 1046 1336 1107; x_wconf 85' lang='lat' dir='ltr'><strong>peccare</strong></span> <span class='ocrx_word' id='word_1_60' title='bbox 1382 1035 1467 1085; x_wconf 86' lang='lat' dir='ltr'><strong>est</strong></span> <span class='ocrx_word' id='word_1_61' title='bbox 1494 1029 1658 1083; x_wconf 88' lang='lat' dir='ltr'><strong>homo</strong></span> <span class='ocrx_word' id='word_1_62' title='bbox 1690 1025 1745 1079; x_wconf 90' lang='lat' dir='ltr'><strong>in</strong></span> <span class='ocrx_word' id='word_1_63' title='bbox 1781 1019 2057 1077; x_wconf 84' lang='lat' dir='ltr'><strong>hominem</strong></span> 
     </span>
    </p>
   </div>
   <div class='ocr_carea' id='block_1_11' title="bbox 473 1116 2061 1213">
    <p class='ocr_par' dir='ltr' id='par_1_11' title="bbox 473 1116 2061 1213">
     <span class='ocr_line' id='line_1_12' title="bbox 473 1116 2061 1213; baseline -0.02 -16"><span class='ocrx_word' id='word_1_64' title='bbox 473 1153 726 1213; x_wconf 87' lang='lat' dir='ltr'><strong>perversa</strong></span> <span class='ocrx_word' id='word_1_65' title='bbox 751 1148 932 1205; x_wconf 78' lang='lat' dir='ltr'><strong>agere.</strong></span> <span class='ocrx_word' id='word_1_66' title='bbox 964 1129 1102 1198; x_wconf 91' lang='lat' dir='ltr'><strong>Quid</strong></span> <span class='ocrx_word' id='word_1_67' title='bbox 1131 1135 1215 1184; x_wconf 84' lang='lat' dir='ltr'><strong>est</strong></span> <span class='ocrx_word' id='word_1_68' title='bbox 1244 1138 1373 1195; x_wconf 75' lang='lat' dir='ltr'><strong>ergo</strong></span> <span class='ocrx_word' id='word_1_69' title='bbox 1396 1123 1538 1193; x_wconf 87' lang='lat' dir='ltr'><strong>quod</strong></span> <span class='ocrx_word' id='word_1_70' title='bbox 1570 1120 1703 1213; x_wconf 84' lang='lat' dir='ltr'><strong>dicit</strong></span> <span class='ocrx_word' id='word_1_71' title='bbox 1726 1135 1752 1213; x_wconf 11' lang='grc' dir='ltr'><strong>εξ</strong></span> <span class='ocrx_word' id='word_1_72' title='bbox 1790 1116 1983 1171; x_wconf 83' lang='lat' dir='ltr'><strong>Pacari</strong></span> <span class='ocrx_word' id='word_1_73' title='bbox 2004 1117 2061 1213; x_wconf 75' lang='lat' dir='ltr'><strong>et</strong></span> 
     </span>
    </p>
   </div>
   <div class='ocr_carea' id='block_1_12' title="bbox 474 1208 2057 1305">
    <p class='ocr_par' dir='ltr' id='par_1_12' title="bbox 474 1208 2057 1305">
     <span class='ocr_line' id='line_1_13' title="bbox 474 1208 2057 1305; baseline -0.018 -16"><span class='ocrx_word' id='word_1_74' title='bbox 474 1208 579 1305; x_wconf 60' lang='grc' dir='ltr'><strong>διδ</strong></span> <span class='ocrx_word' id='word_1_75' title='bbox 606 1234 770 1303; x_wconf 79' lang='lat' dir='ltr'><strong>potest</strong></span> <span class='ocrx_word' id='word_1_76' title='bbox 790 1229 950 1291; x_wconf 79' lang='lat' dir='ltr'><strong>Deus,</strong></span> <span class='ocrx_word' id='word_1_77' title='bbox 974 1223 1076 1279; x_wconf 84' lang='lat' dir='ltr'><strong>nisi</strong></span> <span class='ocrx_word' id='word_1_78' title='bbox 1104 1220 1228 1291; x_wconf 88' lang='lat' dir='ltr'><strong>quia</strong></span> <span class='ocrx_word' id='word_1_79' title='bbox 1261 1217 1385 1273; x_wconf 84' lang='lat' dir='ltr'><strong>talia</strong></span> <span class='ocrx_word' id='word_1_80' title='bbox 1408 1220 1628 1287; x_wconf 88' lang='lat' dir='ltr'><strong>peccata</strong></span> <span class='ocrx_word' id='word_1_81' title='bbox 1653 1211 1791 1265; x_wconf 86' lang='lat' dir='ltr'><strong>levia</strong></span> <span class='ocrx_word' id='word_1_82' title='bbox 1819 1208 2057 1305; x_wconf 39' lang='lat' dir='ltr'><strong>erant‘in</strong></span> 
     </span>
    </p>
   </div>
   <div class='ocr_carea' id='block_1_13' title="bbox 474 1299 2061 1390">
    <p class='ocr_par' dir='ltr' id='par_1_13' title="bbox 474 1299 2061 1390">
     <span class='ocr_line' id='line_1_14' title="bbox 474 1299 2061 1390; baseline -0.018 -8"><span class='ocrx_word' id='word_1_83' title='bbox 474 1299 690 1381; x_wconf 69' lang='lat' dir='ltr'><strong>illorum</strong></span> <span class='ocrx_word' id='word_1_84' title='bbox 712 1317 1119 1390; x_wconf 85' lang='lat' dir='ltr'><strong>comparatione</strong></span> <span class='ocrx_word' id='word_1_85' title='bbox 1147 1325 1265 1383; x_wconf 81' lang='lat' dir='ltr'><strong>quae</strong></span> <span class='ocrx_word' id='word_1_86' title='bbox 1293 1307 1465 1363; x_wconf 74' lang='lat' dir='ltr'><strong>Judm</strong></span> <span class='ocrx_word' id='word_1_87' title='bbox 1497 1306 1837 1361; x_wconf 79' lang='lat' dir='ltr'><strong>committere</strong></span> <span class='ocrx_word' id='word_1_88' title='bbox 1874 1302 1927 1354; x_wconf 91' lang='lat' dir='ltr'><strong>in</strong></span> <span class='ocrx_word' id='word_1_89' title='bbox 1964 1299 2061 1354; x_wconf 87' lang='lat' dir='ltr'><strong>Dei</strong></span> 
     </span>
    </p>
   </div>
   <div class='ocr_carea' id='block_1_14' title="bbox 474 1392 2059 1483">
    <p class='ocr_par' dir='ltr' id='par_1_14' title="bbox 474 1392 2059 1483">
     <span class='ocr_line' id='line_1_15' title="bbox 474 1392 2059 1483; baseline -0.018 -11"><span class='ocrx_word' id='word_1_90' title='bbox 474 1416 671 1472; x_wconf 82' lang='lat' dir='ltr'><strong>Filium</strong></span> <span class='ocrx_word' id='word_1_91' title='bbox 701 1410 1046 1483; x_wconf 77' lang='lat' dir='ltr'><strong>cogitabant?</strong></span> <span class='ocrx_word' id='word_1_92' title='bbox 1075 1406 1133 1461; x_wconf 91' lang='lat' dir='ltr'><strong>in</strong></span> <span class='ocrx_word' id='word_1_93' title='bbox 1162 1404 1329 1459; x_wconf 83' lang='lat' dir='ltr'><strong>Deum</strong></span> <span class='ocrx_word' id='word_1_94' title='bbox 1358 1401 1558 1469; x_wconf 80' lang='lat' dir='ltr'><strong>quippe</strong></span> <span class='ocrx_word' id='word_1_95' title='bbox 1582 1396 1899 1468; x_wconf 81' lang='lat' dir='ltr'><strong>peccabaut,</strong></span> <span class='ocrx_word' id='word_1_96' title='bbox 1931 1392 2059 1462; x_wconf 80' lang='lat' dir='ltr'><strong>quia</strong></span> 
     </span>
    </p>
   </div>
   <div class='ocr_carea' id='block_1_15' title="bbox 478 1489 2063 1576">
    <p class='ocr_par' dir='ltr' id='par_1_15' title="bbox 478 1489 2063 1576">
     <span class='ocr_line' id='line_1_16' title="bbox 478 1489 2063 1576; baseline -0.018 -13"><span class='ocrx_word' id='word_1_97' title='bbox 478 1522 603 1564; x_wconf 90' lang='lat' dir='ltr'><strong>eum</strong></span> <span class='ocrx_word' id='word_1_98' title='bbox 628 1520 786 1576; x_wconf 83' lang='lat' dir='ltr'><strong>quem</strong></span> <span class='ocrx_word' id='word_1_99' title='bbox 814 1501 1179 1557; x_wconf 83' lang='lat' dir='ltr'><strong>moliebantur</strong></span> <span class='ocrx_word' id='word_1_100' title='bbox 1207 1491 1459 1549; x_wconf 87' lang='lat' dir='ltr'><strong>occidere</strong></span> <span class='ocrx_word' id='word_1_101' title='bbox 1488 1489 1657 1544; x_wconf 86' lang='lat' dir='ltr'><strong>Deum</strong></span> <span class='ocrx_word' id='word_1_102' title='bbox 1681 1499 1888 1576; x_wconf 12' lang='lat' dir='ltr'><strong>seiesse</strong></span> <span class='ocrx_word' id='word_1_103' title='bbox 1912 1492 2063 1576; x_wconf 73' lang='lat' dir='ltr'><strong>aper-</strong></span> 
     </span>
    </p>
   </div>
   <div class='ocr_carea' id='block_1_16' title="bbox 476 1575 2062 1655">
    <p class='ocr_par' dir='ltr' id='par_1_16' title="bbox 476 1575 2062 1655">
     <span class='ocr_line' id='line_1_17' title="bbox 476 1575 2062 1655; baseline -0.018 0"><span class='ocrx_word' id='word_1_104' title='bbox 476 1575 681 1655; x_wconf 69' lang='lat' dir='ltr'><strong>tissime</strong></span> <span class='ocrx_word' id='word_1_105' title='bbox 705 1594 1087 1652; x_wconf 89' lang='lat' dir='ltr'><strong>miraculorum</strong></span> <span class='ocrx_word' id='word_1_106' title='bbox 1118 1589 1239 1642; x_wconf 86' lang='lat' dir='ltr'><strong>luce</strong></span> <span class='ocrx_word' id='word_1_107' title='bbox 1261 1586 1676 1640; x_wconf 77' lang='lat' dir='ltr'><strong>monstraverat.</strong></span> <span class='ocrx_word' id='word_1_108' title='bbox 1715 1575 1830 1633; x_wconf 84' lang='lat' dir='ltr'><strong>lloc</strong></span> <span class='ocrx_word' id='word_1_109' title='bbox 1860 1575 2062 1646; x_wconf 85' lang='lat' dir='ltr'><strong>quippe</strong></span> 
     </span>
    </p>
   </div>
   <div class='ocr_carea' id='block_1_17' title="bbox 477 1669 2061 1761">
    <p class='ocr_par' dir='ltr' id='par_1_17' title="bbox 477 1669 2061 1761">
     <span class='ocr_line' id='line_1_18' title="bbox 477 1669 2061 1761; baseline -0.017 -15"><span class='ocrx_word' id='word_1_110' title='bbox 477 1705 576 1761; x_wconf 89' lang='lat' dir='ltr'><strong>per</strong></span> <span class='ocrx_word' id='word_1_111' title='bbox 603 1687 951 1755; x_wconf 76' lang='lat' dir='ltr'><strong>semetipsum</strong></span> <span class='ocrx_word' id='word_1_112' title='bbox 980 1680 1240 1735; x_wconf 79' lang='lat' dir='ltr'><strong>Dominus</strong></span> <span class='ocrx_word' id='word_1_113' title='bbox 1270 1674 1529 1742; x_wconf 73' lang='lat' dir='ltr'><strong>ostendit,</strong></span> <span class='ocrx_word' id='word_1_114' title='bbox 1553 1673 1739 1728; x_wconf 80' lang='lat' dir='ltr'><strong>dicens</strong></span> <span class='ocrx_word' id='word_1_115' title='bbox 1764 1687 1777 1723; x_wconf 90' lang='lat'><strong>:</strong></span> <span class='ocrx_word' id='word_1_116' title='bbox 1818 1669 1879 1723; x_wconf 86' lang='lat' dir='ltr'><strong>Si</strong></span> <span class='ocrx_word' id='word_1_117' title='bbox 1906 1682 2061 1738; x_wconf 82' lang='lat' dir='ltr'><strong>opera</strong></span> 
     </span>
    </p>
   </div>
   <div class='ocr_carea' id='block_1_18' title="bbox 474 1764 2062 1853">
    <p class='ocr_par' dir='ltr' id='par_1_18' title="bbox 474 1764 2062 1853">
     <span class='ocr_line' id='line_1_19' title="bbox 474 1764 2062 1853; baseline -0.016 -17"><span class='ocrx_word' id='word_1_118' title='bbox 474 1798 580 1838; x_wconf 89' lang='lat' dir='ltr'><strong>non</strong></span> <span class='ocrx_word' id='word_1_119' title='bbox 620 1782 855 1853; x_wconf 76' lang='lat' dir='ltr'><strong>fecissem</strong></span> <span class='ocrx_word' id='word_1_120' title='bbox 899 1778 955 1829; x_wconf 88' lang='lat' dir='ltr'><strong>in</strong></span> <span class='ocrx_word' id='word_1_121' title='bbox 982 1776 1074 1839; x_wconf 82' lang='lat' dir='ltr'><strong>eis,</strong></span> <span class='ocrx_word' id='word_1_122' title='bbox 1119 1786 1233 1842; x_wconf 77' lang='lat' dir='ltr'><strong>qua:</strong></span> <span class='ocrx_word' id='word_1_123' title='bbox 1259 1784 1408 1823; x_wconf 85' lang='lat' dir='ltr'><strong>nemo</strong></span> <span class='ocrx_word' id='word_1_124' title='bbox 1446 1767 1582 1820; x_wconf 77' lang='lat' dir='ltr'><strong>alius</strong></span> <span class='ocrx_word' id='word_1_125' title='bbox 1624 1764 1763 1835; x_wconf 76' lang='lat' dir='ltr'><strong>fecit,</strong></span> <span class='ocrx_word' id='word_1_126' title='bbox 1796 1769 2062 1831; x_wconf 81' lang='lat' dir='ltr'><strong>peccatum</strong></span> 
     </span>
    </p>
   </div>
   <div class='ocr_carea' id='block_1_19' title="bbox 2156 546 3747 621">
    <p class='ocr_par' dir='ltr' id='par_1_19' title="bbox 2156 546 3747 621">
     <span class='ocr_line' id='line_1_20' title="bbox 2156 546 3747 621; baseline 0.004 -18"><span class='ocrx_word' id='word_1_127' title='bbox 2156 546 2321 603; x_wconf 79' lang='lat' dir='ltr'><strong>libera</strong></span> <span class='ocrx_word' id='word_1_128' title='bbox 2347 550 2578 603; x_wconf 78' lang='lat' dir='ltr'><strong>animum</strong></span> <span class='ocrx_word' id='word_1_129' title='bbox 2602 564 2788 617; x_wconf 80' lang='lat' dir='ltr'><strong>meam,</strong></span> <span class='ocrx_word' id='word_1_130' title='bbox 2818 549 3111 603; x_wconf 73' lang='lat' dir='ltr'><strong>misericors</strong></span> <span class='ocrx_word' id='word_1_131' title='bbox 3139 559 3187 603; x_wconf 81' lang='lat' dir='ltr'><strong>et</strong></span> <span class='ocrx_word' id='word_1_132' title='bbox 3202 550 3375 621; x_wconf 80' lang='lat' dir='ltr'><strong>justus</strong></span> <span class='ocrx_word' id='word_1_133' title='bbox 3408 552 3548 607; x_wconf 77' lang='lat' dir='ltr'><strong>Deus</strong></span> <span class='ocrx_word' id='word_1_134' title='bbox 3571 562 3747 609; x_wconf 69' lang='lat' dir='ltr'><strong>ticam</strong></span> 
     </span>
    </p>
   </div>
   <div class='ocr_carea' id='block_1_20' title="bbox 2160 641 3748 714">
    <p class='ocr_par' dir='ltr' id='par_1_20' title="bbox 2160 641 3748 714">
     <span class='ocr_line' id='line_1_21' title="bbox 2160 641 3748 714; baseline 0.006 -18"><span class='ocrx_word' id='word_1_135' title='bbox 2160 642 2336 714; x_wconf 73' lang='grc' dir='ltr'>(Ρωι.</span> <span class='ocrx_word' id='word_1_136' title='bbox 2374 659 2514 709; x_wconf 77' lang='lat' dir='ltr'><strong>cxtv,</strong></span> <span class='ocrx_word' id='word_1_137' title='bbox 2546 643 2624 714; x_wconf 80' lang='lat'><strong>5).</strong></span> <span class='ocrx_word' id='word_1_138' title='bbox 2669 641 2769 699; x_wconf 87' lang='lat' dir='ltr'><strong>Per</strong></span> <span class='ocrx_word' id='word_1_139' title='bbox 2809 643 3231 700; x_wconf 79' lang='lat' dir='ltr'><strong>misericordiam</strong></span> <span class='ocrx_word' id='word_1_140' title='bbox 3274 660 3406 701; x_wconf 88' lang='lat' dir='ltr'><strong>vero</strong></span> <span class='ocrx_word' id='word_1_141' title='bbox 3434 649 3748 704; x_wconf 52' lang='lat' dir='ltr'><strong>conversio.</strong></span> 
     </span>
    </p>
   </div>
   <div class='ocr_carea' id='block_1_21' title="bbox 2161 737 3749 809">
    <p class='ocr_par' dir='ltr' id='par_1_21' title="bbox 2161 737 3749 809">
     <span class='ocr_line' id='line_1_22' title="bbox 2161 737 3749 809; baseline 0.004 -19"><span class='ocrx_word' id='word_1_142' title='bbox 2161 748 2284 791; x_wconf 87' lang='lat' dir='ltr'><strong>nem</strong></span> <span class='ocrx_word' id='word_1_143' title='bbox 2311 742 2655 807; x_wconf 77' lang='lat' dir='ltr'><strong>peccatorum</strong></span> <span class='ocrx_word' id='word_1_144' title='bbox 2702 744 3010 807; x_wconf 80' lang='lat' dir='ltr'><strong>exspectat;</strong></span> <span class='ocrx_word' id='word_1_145' title='bbox 3055 737 3434 809; x_wconf 79' lang='lat' dir='ltr'><strong>pet-justitiam</strong></span> <span class='ocrx_word' id='word_1_146' title='bbox 3478 750 3588 797; x_wconf 87' lang='lat' dir='ltr'><strong>non</strong></span> <span class='ocrx_word' id='word_1_147' title='bbox 3616 755 3749 798; x_wconf 78' lang='lat' dir='ltr'><strong>con-</strong></span> 
     </span>
    </p>
   </div>
   <div class='ocr_carea' id='block_1_22' title="bbox 2162 832 3749 911">
    <p class='ocr_par' dir='ltr' id='par_1_22' title="bbox 2162 832 3749 911">
     <span class='ocr_line' id='line_1_23' title="bbox 2162 832 3749 911; baseline 0.006 -24"><span class='ocrx_word' id='word_1_148' title='bbox 2162 846 2347 887; x_wconf 88' lang='lat' dir='ltr'><strong>versos</strong></span> <span class='ocrx_word' id='word_1_149' title='bbox 2368 832 2607 890; x_wconf 78' lang='lat' dir='ltr'><strong>damnat.</strong></span> <span class='ocrx_word' id='word_1_150' title='bbox 2640 833 2743 891; x_wconf 87' lang='lat' dir='ltr'><strong>Per</strong></span> <span class='ocrx_word' id='word_1_151' title='bbox 2762 834 3186 892; x_wconf 87' lang='lat' dir='ltr'><strong>misericordiam</strong></span> <span class='ocrx_word' id='word_1_152' title='bbox 3208 838 3450 894; x_wconf 84' lang='lat' dir='ltr'><strong>converti</strong></span> <span class='ocrx_word' id='word_1_153' title='bbox 3475 840 3590 896; x_wconf 86' lang='lat' dir='ltr'><strong>vult</strong></span> <span class='ocrx_word' id='word_1_154' title='bbox 3617 856 3749 911; x_wconf 85' lang='lat' dir='ltr'><strong>pec-</strong></span> 
     </span>
    </p>
   </div>
   <div class='ocr_carea' id='block_1_23' title="bbox 2159 927 3751 1003">
    <p class='ocr_par' dir='ltr' id='par_1_23' title="bbox 2159 927 3751 1003">
     <span class='ocr_line' id='line_1_24' title="bbox 2159 927 3751 1003; baseline 0.006 -22"><span class='ocrx_word' id='word_1_155' title='bbox 2159 933 2372 983; x_wconf 77' lang='lat' dir='ltr'><strong>catores</strong></span> <span class='ocrx_word' id='word_1_156' title='bbox 2401 934 2456 982; x_wconf 89' lang='lat' dir='ltr'><strong>et</strong></span> <span class='ocrx_word' id='word_1_157' title='bbox 2482 927 2681 997; x_wconf 90' lang='lat' dir='ltr'><strong>vivere,</strong></span> <span class='ocrx_word' id='word_1_158' title='bbox 2713 928 2807 985; x_wconf 89' lang='lat' dir='ltr'><strong>sed</strong></span> <span class='ocrx_word' id='word_1_159' title='bbox 2836 944 2934 1000; x_wconf 89' lang='lat' dir='ltr'><strong>per</strong></span> <span class='ocrx_word' id='word_1_160' title='bbox 2955 929 3218 999; x_wconf 85' lang='lat' dir='ltr'><strong>justitiam</strong></span> <span class='ocrx_word' id='word_1_161' title='bbox 3242 946 3337 987; x_wconf 85' lang='lat' dir='ltr'><strong>eos</strong></span> <span class='ocrx_word' id='word_1_162' title='bbox 3376 932 3467 1003; x_wconf 90' lang='lat' dir='ltr'><strong>qui</strong></span> <span class='ocrx_word' id='word_1_163' title='bbox 3502 934 3751 990; x_wconf 83' lang='lat' dir='ltr'><strong>converti</strong></span> 
     </span>
    </p>
   </div>
   <div class='ocr_carea' id='block_1_24' title="bbox 2161 1020 3751 1093">
    <p class='ocr_par' dir='ltr' id='par_1_24' title="bbox 2161 1020 3751 1093">
     <span class='ocr_line' id='line_1_25' title="bbox 2161 1020 3751 1093; baseline 0.006 -19"><span class='ocrx_word' id='word_1_164' title='bbox 2161 1020 2451 1076; x_wconf 86' lang='lat' dir='ltr'><strong>noluerunt</strong></span> <span class='ocrx_word' id='word_1_165' title='bbox 2480 1022 2593 1077; x_wconf 87' lang='lat' dir='ltr'><strong>vult</strong></span> <span class='ocrx_word' id='word_1_166' title='bbox 2623 1024 2845 1093; x_wconf 83' lang='lat' dir='ltr'><strong>punire;</strong></span> <span class='ocrx_word' id='word_1_167' title='bbox 2876 1024 3297 1081; x_wconf 86' lang='lat' dir='ltr'><strong>misericorditer</strong></span> <span class='ocrx_word' id='word_1_168' title='bbox 3325 1042 3433 1081; x_wconf 91' lang='lat' dir='ltr'><strong>non</strong></span> <span class='ocrx_word' id='word_1_169' title='bbox 3454 1028 3627 1083; x_wconf 85' lang='lat' dir='ltr'><strong>salvat</strong></span> <span class='ocrx_word' id='word_1_170' title='bbox 3648 1028 3751 1084; x_wconf 91' lang='lat' dir='ltr'><strong>nisi</strong></span> 
     </span>
    </p>
   </div>
   <div class='ocr_carea' id='block_1_25' title="bbox 2163 1116 3753 1192">
    <p class='ocr_par' dir='ltr' id='par_1_25' title="bbox 2163 1116 3753 1192">
     <span class='ocr_line' id='line_1_26' title="bbox 2163 1116 3753 1192; baseline 0.004 -21"><span class='ocrx_word' id='word_1_171' title='bbox 2163 1116 2365 1183; x_wconf 88' lang='lat' dir='ltr'><strong>volens,</strong></span> <span class='ocrx_word' id='word_1_172' title='bbox 2394 1130 2492 1186; x_wconf 89' lang='lat' dir='ltr'><strong>per</strong></span> <span class='ocrx_word' id='word_1_173' title='bbox 2516 1116 2775 1184; x_wconf 84' lang='lat' dir='ltr'><strong>justitiam</strong></span> <span class='ocrx_word' id='word_1_174' title='bbox 2804 1118 2993 1173; x_wconf 88' lang='lat' dir='ltr'><strong>nolens</strong></span> <span class='ocrx_word' id='word_1_175' title='bbox 3017 1116 3257 1175; x_wconf 85' lang='lat' dir='ltr'><strong>damnat.</strong></span> <span class='ocrx_word' id='word_1_176' title='bbox 3288 1117 3420 1174; x_wconf 90' lang='lat' dir='ltr'><strong>Dum</strong></span> <span class='ocrx_word' id='word_1_177' title='bbox 3443 1134 3572 1192; x_wconf 77' lang='lat' dir='ltr'><strong>ergo</strong></span> <span class='ocrx_word' id='word_1_178' title='bbox 3601 1122 3753 1177; x_wconf 87' lang='lat' dir='ltr'><strong>occi-</strong></span> 
     </span>
    </p>
   </div>
   <div class='ocr_carea' id='block_1_26' title="bbox 2162 1204 3750 1280">
    <p class='ocr_par' dir='ltr' id='par_1_26' title="bbox 2162 1204 3750 1280">
     <span class='ocr_line' id='line_1_27' title="bbox 2162 1204 3750 1280; baseline 0.003 -21"><span class='ocrx_word' id='word_1_179' title='bbox 2162 1204 2294 1261; x_wconf 86' lang='lat' dir='ltr'><strong>dere</strong></span> <span class='ocrx_word' id='word_1_180' title='bbox 2319 1205 2454 1261; x_wconf 88' lang='lat' dir='ltr'><strong>veile</strong></span> <span class='ocrx_word' id='word_1_181' title='bbox 2483 1206 2695 1274; x_wconf 89' lang='lat' dir='ltr'><strong>dicitur,</strong></span> <span class='ocrx_word' id='word_1_182' title='bbox 2746 1216 3093 1279; x_wconf 83' lang='lat' dir='ltr'><strong>peccatorum</strong></span> <span class='ocrx_word' id='word_1_183' title='bbox 3139 1209 3388 1280; x_wconf 85' lang='lat' dir='ltr'><strong>impietas</strong></span> <span class='ocrx_word' id='word_1_184' title='bbox 3430 1210 3666 1265; x_wconf 76' lang='lat' dir='ltr'><strong>maxima</strong></span> <span class='ocrx_word' id='word_1_185' title='bbox 3698 1218 3750 1264; x_wconf 89' lang='lat' dir='ltr'><strong>et</strong></span> 
     </span>
    </p>
   </div>
   <div class='ocr_carea' id='block_1_27' title="bbox 2164 1300 3752 1372">
    <p class='ocr_par' dir='ltr' id='par_1_27' title="bbox 2164 1300 3752 1372">
     <span class='ocr_line' id='line_1_28' title="bbox 2164 1300 3752 1372; baseline 0.001 -16"><span class='ocrx_word' id='word_1_186' title='bbox 2164 1300 2569 1356; x_wconf 83' lang='lat' dir='ltr'><strong>inemendabilis</strong></span> <span class='ocrx_word' id='word_1_187' title='bbox 2596 1304 2914 1369; x_wconf 87' lang='lat' dir='ltr'><strong>ostenditur,</strong></span> <span class='ocrx_word' id='word_1_188' title='bbox 2948 1316 3071 1372; x_wconf 70' lang='lat' dir='ltr'><strong>qua:</strong></span> <span class='ocrx_word' id='word_1_189' title='bbox 3100 1302 3403 1358; x_wconf 85' lang='lat' dir='ltr'><strong>voluntarie</strong></span> <span class='ocrx_word' id='word_1_190' title='bbox 3433 1304 3625 1357; x_wconf 76' lang='lat' dir='ltr'><strong>divma:</strong></span> <span class='ocrx_word' id='word_1_191' title='bbox 3667 1319 3752 1372; x_wconf 72' lang='grc' dir='ltr'>μισ</span> 
     </span>
    </p>
   </div>
   <div class='ocr_carea' id='block_1_28' title="bbox 2163 1394 3754 1468">
    <p class='ocr_par' dir='ltr' id='par_1_28' title="bbox 2163 1394 3754 1468">
     <span class='ocr_line' id='line_1_29' title="bbox 2163 1394 3754 1468; baseline 0 -18"><span class='ocrx_word' id='word_1_192' title='bbox 2163 1394 2321 1450; x_wconf 68' lang='lat' dir='ltr'><strong>stitia)</strong></span> <span class='ocrx_word' id='word_1_193' title='bbox 2355 1396 2705 1451; x_wconf 78' lang='lat' dir='ltr'><strong>exsecutione</strong></span> <span class='ocrx_word' id='word_1_194' title='bbox 2749 1396 3019 1466; x_wconf 89' lang='lat' dir='ltr'><strong>puniatur.</strong></span> <span class='ocrx_word' id='word_1_195' title='bbox 3052 1395 3142 1452; x_wconf 81' lang='lat' dir='ltr'><strong>Sic</strong></span> <span class='ocrx_word' id='word_1_196' title='bbox 3170 1396 3356 1466; x_wconf 88' lang='lat' dir='ltr'><strong>utique</strong></span> <span class='ocrx_word' id='word_1_197' title='bbox 3397 1404 3452 1451; x_wconf 88' lang='lat' dir='ltr'><strong>et</strong></span> <span class='ocrx_word' id='word_1_198' title='bbox 3482 1396 3754 1468; x_wconf 86' lang='lat' dir='ltr'><strong>piissimos</strong></span> 
     </span>
    </p>
   </div>
   <div class='ocr_carea' id='block_1_29' title="bbox 2162 1482 3755 1560">
    <p class='ocr_par' dir='ltr' id='par_1_29' title="bbox 2162 1482 3755 1560">
     <span class='ocr_line' id='line_1_30' title="bbox 2162 1482 3755 1560; baseline 0.004 -21"><span class='ocrx_word' id='word_1_199' title='bbox 2162 1485 2499 1541; x_wconf 61' lang='lat' dir='ltr'><strong>saecularium</strong></span> <span class='ocrx_word' id='word_1_200' title='bbox 2544 1488 2880 1556; x_wconf 85' lang='lat' dir='ltr'><strong>negotiorum</strong></span> <span class='ocrx_word' id='word_1_201' title='bbox 2903 1487 3109 1557; x_wconf 86' lang='lat' dir='ltr'><strong>judiccs</strong></span> <span class='ocrx_word' id='word_1_202' title='bbox 3135 1500 3296 1558; x_wconf 82' lang='lat' dir='ltr'><strong>agere</strong></span> <span class='ocrx_word' id='word_1_203' title='bbox 3326 1482 3568 1545; x_wconf 88' lang='lat' dir='ltr'><strong>videmus</strong></span> <span class='ocrx_word' id='word_1_204' title='bbox 3592 1529 3608 1556; x_wconf 92' lang='lat'><strong>,</strong></span> <span class='ocrx_word' id='word_1_205' title='bbox 3661 1490 3755 1560; x_wconf 81' lang='lat' dir='ltr'><strong>qui</strong></span> 
     </span>
    </p>
   </div>
   <div class='ocr_carea' id='block_1_30' title="bbox 2162 1574 3756 1651">
    <p class='ocr_par' dir='ltr' id='par_1_30' title="bbox 2162 1574 3756 1651">
     <span class='ocr_line' id='line_1_31' title="bbox 2162 1574 3756 1651; baseline 0.003 -17"><span class='ocrx_word' id='word_1_206' title='bbox 2162 1574 2362 1634; x_wconf 85' lang='lat' dir='ltr'><strong>vellent</strong></span> <span class='ocrx_word' id='word_1_207' title='bbox 2389 1587 2449 1634; x_wconf 90' lang='lat' dir='ltr'><strong>ut</strong></span> <span class='ocrx_word' id='word_1_208' title='bbox 2477 1592 2636 1635; x_wconf 88' lang='lat' dir='ltr'><strong>nemo</strong></span> <span class='ocrx_word' id='word_1_209' title='bbox 2665 1578 3020 1650; x_wconf 89' lang='lat' dir='ltr'><strong>delinqueret,</strong></span> <span class='ocrx_word' id='word_1_210' title='bbox 3053 1589 3112 1635; x_wconf 91' lang='lat' dir='ltr'><strong>ut</strong></span> <span class='ocrx_word' id='word_1_211' title='bbox 3138 1579 3236 1651; x_wconf 86' lang='lat' dir='ltr'><strong>ipsi</strong></span> <span class='ocrx_word' id='word_1_212' title='bbox 3268 1579 3455 1651; x_wconf 90' lang='lat' dir='ltr'><strong>punire</strong></span> <span class='ocrx_word' id='word_1_213' title='bbox 3480 1578 3756 1638; x_wconf 83' lang='lat' dir='ltr'><strong>neminem</strong></span> 
     </span>
    </p>
   </div>
   <div class='ocr_carea' id='block_1_31' title="bbox 2165 1671 3758 1743">
    <p class='ocr_par' dir='ltr' id='par_1_31' title="bbox 2165 1671 3758 1743">
     <span class='ocr_line' id='line_1_32' title="bbox 2165 1671 3758 1743; baseline 0.003 -18"><span class='ocrx_word' id='word_1_214' title='bbox 2165 1671 2461 1739; x_wconf 82' lang='lat' dir='ltr'><strong>deberent;</strong></span> <span class='ocrx_word' id='word_1_215' title='bbox 2493 1672 2588 1728; x_wconf 90' lang='lat' dir='ltr'><strong>sed</strong></span> <span class='ocrx_word' id='word_1_216' title='bbox 2609 1672 2734 1727; x_wconf 91' lang='lat' dir='ltr'><strong>dum</strong></span> <span class='ocrx_word' id='word_1_217' title='bbox 2766 1672 2833 1727; x_wconf 89' lang='lat' dir='ltr'><strong>ab</strong></span> <span class='ocrx_word' id='word_1_218' title='bbox 2857 1672 3055 1743; x_wconf 82' lang='lat' dir='ltr'><strong>iniquis</strong></span> <span class='ocrx_word' id='word_1_219' title='bbox 3080 1671 3339 1730; x_wconf 83' lang='lat' dir='ltr'><strong>audacter</strong></span> <span class='ocrx_word' id='word_1_220' title='bbox 3367 1672 3571 1731; x_wconf 86' lang='lat' dir='ltr'><strong>scelera</strong></span> <span class='ocrx_word' id='word_1_221' title='bbox 3602 1691 3758 1731; x_wconf 88' lang='lat' dir='ltr'><strong>com-</strong></span> 
     </span>
    </p>
   </div>
   <div class='ocr_carea' id='block_1_32' title="bbox 2166 1760 3759 1835">
    <p class='ocr_par' dir='ltr' id='par_1_32' title="bbox 2166 1760 3759 1835">
     <span class='ocr_line' id='line_1_33' title="bbox 2166 1760 3759 1835; baseline 0.006 -20"><span class='ocrx_word' id='word_1_222' title='bbox 2166 1761 2469 1829; x_wconf 88' lang='lat' dir='ltr'><strong>mittuntur,</strong></span> <span class='ocrx_word' id='word_1_223' title='bbox 2512 1764 2816 1819; x_wconf 87' lang='lat' dir='ltr'><strong>voluntarie</strong></span> <span class='ocrx_word' id='word_1_224' title='bbox 2860 1778 2954 1820; x_wconf 87' lang='lat' dir='ltr'><strong>eos</strong></span> <span class='ocrx_word' id='word_1_225' title='bbox 3003 1765 3269 1835; x_wconf 90' lang='lat' dir='ltr'><strong>puniunt,</strong></span> <span class='ocrx_word' id='word_1_226' title='bbox 3321 1781 3457 1835; x_wconf 91' lang='lat' dir='ltr'><strong>quos</strong></span> <span class='ocrx_word' id='word_1_227' title='bbox 3503 1760 3759 1824; x_wconf 87' lang='lat' dir='ltr'><strong>libentius</strong></span> 
     </span>
    </p>
   </div>
   <div class='ocr_carea' id='block_1_33' title="bbox 476 1855 3760 1941">
    <p class='ocr_par' dir='ltr' id='par_1_33' title="bbox 476 1855 3760 1941">
     <span class='ocr_line' id='line_1_34' title="bbox 476 1855 3760 1941; baseline -0.005 -10"><span class='ocrx_word' id='word_1_228' title='bbox 476 1890 579 1932; x_wconf 83' lang='lat' dir='ltr'><strong>non</strong></span> <span class='ocrx_word' id='word_1_229' title='bbox 611 1875 857 1928; x_wconf 83' lang='lat' dir='ltr'><strong>haberent</strong></span> <span class='ocrx_word' id='word_1_230' title='bbox 881 1869 1061 1941; x_wconf 78' lang='lat' dir='ltr'><strong>(Joan.</strong></span> <span class='ocrx_word' id='word_1_231' title='bbox 1092 1883 1183 1934; x_wconf 73' lang='lat' dir='ltr'><strong>xv,</strong></span> <span class='ocrx_word' id='word_1_232' title='bbox 1204 1864 1319 1933; x_wconf 70' lang='grc'><strong>24).</strong></span> <span class='ocrx_word' id='word_1_233' title='bbox 1352 1862 1418 1915; x_wconf 86' lang='lat' dir='ltr'><strong>Et</strong></span> <span class='ocrx_word' id='word_1_234' title='bbox 1445 1868 1505 1916; x_wconf 87' lang='lat' dir='ltr'><strong>ut</strong></span> <span class='ocrx_word' id='word_1_235' title='bbox 1528 1858 1840 1914; x_wconf 87' lang='lat' dir='ltr'><strong>ostenderet</strong></span> <span class='ocrx_word' id='word_1_236' title='bbox 1868 1855 2059 1926; x_wconf 88' lang='lat' dir='ltr'><strong>impla-</strong></span> <span class='ocrx_word' id='word_1_237' title='bbox 2088 1856 2139 1920; x_wconf 85' lang='lat' dir='ltr'><strong><em>B</em></strong></span> <span class='ocrx_word' id='word_1_238' title='bbox 2166 1870 2272 1909; x_wconf 88' lang='lat' dir='ltr'><strong>non</strong></span> <span class='ocrx_word' id='word_1_239' title='bbox 2294 1856 2626 1913; x_wconf 83' lang='lat' dir='ltr'><strong>commisisse</strong></span> <span class='ocrx_word' id='word_1_240' title='bbox 2643 1856 2909 1928; x_wconf 89' lang='lat' dir='ltr'><strong>punienda</strong></span> <span class='ocrx_word' id='word_1_241' title='bbox 2940 1856 3243 1915; x_wconf 85' lang='lat' dir='ltr'><strong>voluerunt.</strong></span> <span class='ocrx_word' id='word_1_242' title='bbox 3268 1859 3384 1927; x_wconf 89' lang='lat' dir='ltr'><strong>Quo</strong></span> <span class='ocrx_word' id='word_1_243' title='bbox 3408 1868 3596 1915; x_wconf 89' lang='lat' dir='ltr'><strong>contra</strong></span> <span class='ocrx_word' id='word_1_244' title='bbox 3629 1858 3760 1914; x_wconf 89' lang='lat' dir='ltr'><strong>illud</strong></span> 
     </span>
    </p>
   </div>
   <div class='ocr_carea' id='block_1_34' title="bbox 475 1946 2059 2024">
    <p class='ocr_par' dir='ltr' id='par_1_34' title="bbox 475 1946 2059 2024">
     <span class='ocr_line' id='line_1_35' title="bbox 475 1946 2059 2024; baseline -0.016 0"><span class='ocrx_word' id='word_1_245' title='bbox 475 1966 803 2024; x_wconf 81' lang='lat' dir='ltr'><strong>cabiiitatem</strong></span> <span class='ocrx_word' id='word_1_246' title='bbox 826 1961 919 2015; x_wconf 87' lang='lat' dir='ltr'><strong>Dei</strong></span> <span class='ocrx_word' id='word_1_247' title='bbox 946 1958 1137 2022; x_wconf 77' lang='lat' dir='ltr'><strong>Patris,</strong></span> <span class='ocrx_word' id='word_1_248' title='bbox 1162 1954 1433 2023; x_wconf 72' lang='lat' dir='ltr'><strong>subiungit</strong></span> <span class='ocrx_word' id='word_1_249' title='bbox 1454 1952 1636 2007; x_wconf 85' lang='lat' dir='ltr'><strong>dicens</strong></span> <span class='ocrx_word' id='word_1_250' title='bbox 1662 1967 1675 2003; x_wconf 88' lang='lat'>:</span> <span class='ocrx_word' id='word_1_251' title='bbox 1710 1946 1868 2003; x_wconf 83' lang='lat' dir='ltr'><strong>Nunc</strong></span> <span class='ocrx_word' id='word_1_252' title='bbox 1890 1956 2059 2001; x_wconf 87' lang='lat' dir='ltr'><strong>autem</strong></span> 
     </span>
    </p>
   </div>
   <div class='ocr_carea' id='block_1_35' title="bbox 473 2039 2062 2116">
    <p class='ocr_par' dir='ltr' id='par_1_35' title="bbox 473 2039 2062 2116">
     <span class='ocr_line' id='line_1_36' title="bbox 473 2039 2062 2116; baseline -0.015 -2"><span class='ocrx_word' id='word_1_253' title='bbox 473 2058 855 2115; x_wconf 72' lang='lat' dir='ltr'><strong>excusationem</strong></span> <span class='ocrx_word' id='word_1_254' title='bbox 880 2066 983 2105; x_wconf 86' lang='lat' dir='ltr'><strong>non</strong></span> <span class='ocrx_word' id='word_1_255' title='bbox 1004 2047 1196 2102; x_wconf 77' lang='lat' dir='ltr'><strong>[tabent</strong></span> <span class='ocrx_word' id='word_1_256' title='bbox 1218 2046 1280 2099; x_wconf 86' lang='lat' dir='ltr'><strong>de</strong></span> <span class='ocrx_word' id='word_1_257' title='bbox 1300 2052 1509 2116; x_wconf 81' lang='lat' dir='ltr'><strong>peccato</strong></span> <span class='ocrx_word' id='word_1_258' title='bbox 1535 2057 1646 2108; x_wconf 81' lang='lat' dir='ltr'><strong>suo,</strong></span> <span class='ocrx_word' id='word_1_259' title='bbox 1680 2042 1801 2112; x_wconf 82' lang='lat' dir='ltr'><strong>quia</strong></span> <span class='ocrx_word' id='word_1_260' title='bbox 1824 2039 2062 2093; x_wconf 80' lang='lat' dir='ltr'><strong>uiderunt</strong></span> 
     </span>
    </p>
   </div>
   <div class='ocr_carea' id='block_1_36' title="bbox 474 2132 2061 2211">
    <p class='ocr_par' dir='ltr' id='par_1_36' title="bbox 474 2132 2061 2211">
     <span class='ocr_line' id='line_1_37' title="bbox 474 2132 2061 2211; baseline -0.013 -7"><span class='ocrx_word' id='word_1_261' title='bbox 474 2158 524 2204; x_wconf 87' lang='lat' dir='ltr'><strong>et</strong></span> <span class='ocrx_word' id='word_1_262' title='bbox 550 2147 771 2203; x_wconf 83' lang='lat' dir='ltr'><strong>oderunt</strong></span> <span class='ocrx_word' id='word_1_263' title='bbox 793 2161 894 2211; x_wconf 87' lang='lat' dir='ltr'><strong>me,</strong></span> <span class='ocrx_word' id='word_1_264' title='bbox 910 2152 958 2196; x_wconf 89' lang='lat' dir='ltr'><strong>et</strong></span> <span class='ocrx_word' id='word_1_265' title='bbox 982 2138 1194 2194; x_wconf 81' lang='lat' dir='ltr'><strong>Patrem</strong></span> <span class='ocrx_word' id='word_1_266' title='bbox 1219 2153 1386 2192; x_wconf 88' lang='lat' dir='ltr'><strong>meum</strong></span> <span class='ocrx_word' id='word_1_267' title='bbox 1406 2134 1621 2207; x_wconf 86' lang='lat' dir='ltr'><strong>(Ibid.).</strong></span> <span class='ocrx_word' id='word_1_268' title='bbox 1647 2132 1779 2187; x_wconf 84' lang='lat' dir='ltr'><strong>Tale</strong></span> <span class='ocrx_word' id='word_1_269' title='bbox 1802 2137 2061 2199; x_wconf 76' lang='lat' dir='ltr'><strong>estergo,</strong></span> 
     </span>
    </p>
   </div>
   <div class='ocr_carea' id='block_1_37' title="bbox 477 2224 2059 2303">
    <p class='ocr_par' dir='ltr' id='par_1_37' title="bbox 477 2224 2059 2303">
     <span class='ocr_line' id='line_1_38' title="bbox 477 2224 2059 2303; baseline -0.013 -7"><span class='ocrx_word' id='word_1_270' title='bbox 477 2257 540 2296; x_wconf 81' lang='lat' dir='ltr'><strong>ac</strong></span> <span class='ocrx_word' id='word_1_271' title='bbox 568 2240 614 2295; x_wconf 88' lang='lat' dir='ltr'><strong>si</strong></span> <span class='ocrx_word' id='word_1_272' title='bbox 644 2238 822 2293; x_wconf 81' lang='lat' dir='ltr'><strong>dicat:</strong></span> <span class='ocrx_word' id='word_1_273' title='bbox 857 2233 1019 2303; x_wconf 81' lang='lat' dir='ltr'><strong>Cujus</strong></span> <span class='ocrx_word' id='word_1_274' title='bbox 1054 2244 1217 2302; x_wconf 88' lang='lat' dir='ltr'><strong>prece</strong></span> <span class='ocrx_word' id='word_1_275' title='bbox 1244 2227 1373 2285; x_wconf 89' lang='lat' dir='ltr'><strong>illud</strong></span> <span class='ocrx_word' id='word_1_276' title='bbox 1407 2234 1689 2298; x_wconf 88' lang='lat' dir='ltr'><strong>peccatum</strong></span> <span class='ocrx_word' id='word_1_277' title='bbox 1732 2224 2059 2293; x_wconf 84' lang='lat' dir='ltr'><strong>indulgetur,</strong></span> 
     </span>
    </p>
   </div>
   <div class='ocr_carea' id='block_1_38' title="bbox 478 2318 2064 2402">
    <p class='ocr_par' dir='ltr' id='par_1_38' title="bbox 478 2318 2064 2402">
     <span class='ocr_line' id='line_1_39' title="bbox 478 2318 2064 2402; baseline -0.012 -16"><span class='ocrx_word' id='word_1_278' title='bbox 478 2330 621 2402; x_wconf 91' lang='lat' dir='ltr'><strong>quod</strong></span> <span class='ocrx_word' id='word_1_279' title='bbox 652 2330 704 2383; x_wconf 91' lang='lat' dir='ltr'><strong>in</strong></span> <span class='ocrx_word' id='word_1_280' title='bbox 735 2329 909 2398; x_wconf 89' lang='lat' dir='ltr'><strong>ipsum</strong></span> <span class='ocrx_word' id='word_1_281' title='bbox 932 2324 1260 2380; x_wconf 89' lang='lat' dir='ltr'><strong>indultorem</strong></span> <span class='ocrx_word' id='word_1_282' title='bbox 1289 2319 1641 2377; x_wconf 85' lang='lat' dir='ltr'><strong>committitur</strong></span> <span class='ocrx_word' id='word_1_283' title='bbox 1670 2334 1683 2370; x_wconf 89' lang='lat'><strong>:</strong></span> <span class='ocrx_word' id='word_1_284' title='bbox 1720 2318 1841 2386; x_wconf 87' lang='lat' dir='ltr'><strong>quis</strong></span> <span class='ocrx_word' id='word_1_285' title='bbox 1868 2331 1967 2385; x_wconf 89' lang='lat' dir='ltr'><strong>pro</strong></span> <span class='ocrx_word' id='word_1_286' title='bbox 1997 2328 2064 2368; x_wconf 89' lang='lat' dir='ltr'><strong>eo</strong></span> 
     </span>
    </p>
   </div>
   <div class='ocr_carea' id='block_1_39' title="bbox 480 2403 2067 2493">
    <p class='ocr_par' dir='ltr' id='par_1_39' title="bbox 480 2403 2067 2493">
     <span class='ocr_line' id='line_1_40' title="bbox 480 2403 2067 2493; baseline -0.014 -13"><span class='ocrx_word' id='word_1_287' title='bbox 480 2424 904 2493; x_wconf 82' lang='lat' dir='ltr'><strong>omnipotentem</strong></span> <span class='ocrx_word' id='word_1_288' title='bbox 932 2418 1148 2473; x_wconf 84' lang='lat' dir='ltr'><strong>Patrem</strong></span> <span class='ocrx_word' id='word_1_289' title='bbox 1171 2416 1439 2479; x_wconf 84' lang='lat' dir='ltr'><strong>obsecrat,</strong></span> <span class='ocrx_word' id='word_1_290' title='bbox 1465 2412 1556 2481; x_wconf 91' lang='lat' dir='ltr'><strong>qui</strong></span> <span class='ocrx_word' id='word_1_291' title='bbox 1578 2416 1908 2465; x_wconf 69' lang='lat' dir='ltr'><strong>ceteternum</strong></span> <span class='ocrx_word' id='word_1_292' title='bbox 1932 2403 2067 2460; x_wconf 75' lang='lat' dir='ltr'><strong>Uni-</strong></span> 
     </span>
    </p>
   </div>
   <div class='ocr_carea' id='block_1_40' title="bbox 479 2498 2067 2586">
    <p class='ocr_par' dir='ltr' id='par_1_40' title="bbox 479 2498 2067 2586">
     <span class='ocr_line' id='line_1_41' title="bbox 479 2498 2067 2586; baseline -0.011 -16"><span class='ocrx_word' id='word_1_293' title='bbox 479 2516 722 2586; x_wconf 77' lang='lat' dir='ltr'><strong>genitum</strong></span> <span class='ocrx_word' id='word_1_294' title='bbox 766 2514 819 2567; x_wconf 91' lang='lat' dir='ltr'><strong>in</strong></span> <span class='ocrx_word' id='word_1_295' title='bbox 868 2518 1101 2566; x_wconf 86' lang='lat' dir='ltr'><strong>mortem</strong></span> <span class='ocrx_word' id='word_1_296' title='bbox 1148 2508 1406 2562; x_wconf 84' lang='lat' dir='ltr'><strong>damnat?</strong></span> <span class='ocrx_word' id='word_1_297' title='bbox 1457 2501 1597 2557; x_wconf 83' lang='lat' dir='ltr'><strong>Nihil</strong></span> <span class='ocrx_word' id='word_1_298' title='bbox 1644 2500 1788 2555; x_wconf 89' lang='lat' dir='ltr'><strong>enim</strong></span> <span class='ocrx_word' id='word_1_299' title='bbox 1824 2498 2067 2569; x_wconf 78' lang='lat' dir='ltr'><strong>apertius</strong></span> 
     </span>
    </p>
   </div>
   <div class='ocr_carea' id='block_1_41' title="bbox 479 2592 2066 2672">
    <p class='ocr_par' dir='ltr' id='par_1_41' title="bbox 479 2592 2066 2672">
     <span class='ocr_line' id='line_1_42' title="bbox 479 2592 2066 2672; baseline -0.013 -10"><span class='ocrx_word' id='word_1_300' title='bbox 479 2608 702 2672; x_wconf 88' lang='lat' dir='ltr'><strong>diceret,</strong></span> <span class='ocrx_word' id='word_1_301' title='bbox 728 2606 772 2660; x_wconf 88' lang='lat' dir='ltr'><strong>si</strong></span> <span class='ocrx_word' id='word_1_302' title='bbox 801 2603 1081 2668; x_wconf 81' lang='lat' dir='ltr'><strong>fateretur,</strong></span> <span class='ocrx_word' id='word_1_303' title='bbox 1106 2600 1325 2655; x_wconf 63' lang='lat' dir='ltr'><strong>dicens;</strong></span> <span class='ocrx_word' id='word_1_304' title='bbox 1360 2597 1475 2658; x_wconf 82' lang='lat' dir='ltr'><strong>llic,</strong></span> <span class='ocrx_word' id='word_1_305' title='bbox 1508 2610 1667 2664; x_wconf 84' lang='lat' dir='ltr'><strong>qucn</strong></span> <span class='ocrx_word' id='word_1_306' title='bbox 1696 2592 1841 2646; x_wconf 90' lang='lat' dir='ltr'><strong>velut</strong></span> <span class='ocrx_word' id='word_1_307' title='bbox 1872 2600 2066 2661; x_wconf 86' lang='lat' dir='ltr'><strong>purum</strong></span> 
     </span>
    </p>
   </div>
   <div class='ocr_carea' id='block_1_42' title="bbox 479 2684 2068 2765">
    <p class='ocr_par' dir='ltr' id='par_1_42' title="bbox 479 2684 2068 2765">
     <span class='ocr_line' id='line_1_43' title="bbox 479 2684 2068 2765; baseline -0.009 -14"><span class='ocrx_word' id='word_1_308' title='bbox 479 2696 752 2751; x_wconf 86' lang='lat' dir='ltr'><strong>hominem</strong></span> <span class='ocrx_word' id='word_1_309' title='bbox 777 2691 1187 2765; x_wconf 78' lang='lat' dir='ltr'><strong>persequimini;</strong></span> <span class='ocrx_word' id='word_1_310' title='bbox 1202 2689 1365 2745; x_wconf 91' lang='lat' dir='ltr'><strong>etiam</strong></span> <span class='ocrx_word' id='word_1_311' title='bbox 1388 2686 1529 2743; x_wconf 91' lang='lat' dir='ltr'><strong>Deus</strong></span> <span class='ocrx_word' id='word_1_312' title='bbox 1544 2693 1647 2741; x_wconf 87' lang='lat' dir='ltr'><strong>est.</strong></span> <span class='ocrx_word' id='word_1_313' title='bbox 1680 2684 1920 2738; x_wconf 78' lang='lat' dir='ltr'><strong>Rationis</strong></span> <span class='ocrx_word' id='word_1_314' title='bbox 1936 2693 2068 2749; x_wconf 78' lang='lat' dir='ltr'><strong>ergo</strong></span> 
     </span>
    </p>
   </div>
   <div class='ocr_carea' id='block_1_43' title="bbox 478 2771 2068 2854">
    <p class='ocr_par' dir='ltr' id='par_1_43' title="bbox 478 2771 2068 2854">
     <span class='ocr_line' id='line_1_44' title="bbox 478 2771 2068 2854; baseline -0.008 -16"><span class='ocrx_word' id='word_1_315' title='bbox 478 2784 565 2839; x_wconf 76' lang='lat' dir='ltr'><strong>lex</strong></span> <span class='ocrx_word' id='word_1_316' title='bbox 593 2785 760 2854; x_wconf 76' lang='lat' dir='ltr'><strong>exigit</strong></span> <span class='ocrx_word' id='word_1_317' title='bbox 777 2792 834 2839; x_wconf 92' lang='lat' dir='ltr'><strong>ut</strong></span> <span class='ocrx_word' id='word_1_318' title='bbox 850 2782 941 2853; x_wconf 88' lang='lat' dir='ltr'><strong>qui</strong></span> <span class='ocrx_word' id='word_1_319' title='bbox 961 2782 1296 2838; x_wconf 87' lang='lat' dir='ltr'><strong>conditorem</strong></span> <span class='ocrx_word' id='word_1_320' title='bbox 1319 2776 1661 2848; x_wconf 79' lang='lat' dir='ltr'><strong>persequitur</strong></span> <span class='ocrx_word' id='word_1_321' title='bbox 1680 2774 1836 2829; x_wconf 87' lang='lat' dir='ltr'><strong>venia</strong></span> <span class='ocrx_word' id='word_1_322' title='bbox 1858 2771 2068 2828; x_wconf 81' lang='lat' dir='ltr'><strong>defrau-</strong></span> 
     </span>
    </p>
   </div>
   <div class='ocr_carea' id='block_1_44' title="bbox 479 2866 2067 2940">
    <p class='ocr_par' dir='ltr' id='par_1_44' title="bbox 479 2866 2067 2940">
     <span class='ocr_line' id='line_1_45' title="bbox 479 2866 2067 2940; baseline -0.008 -11"><span class='ocrx_word' id='word_1_323' title='bbox 479 2874 655 2929; x_wconf 90' lang='lat' dir='ltr'><strong>dctur.</strong></span> <span class='ocrx_word' id='word_1_324' title='bbox 688 2874 792 2929; x_wconf 90' lang='lat' dir='ltr'><strong>Sed</strong></span> <span class='ocrx_word' id='word_1_325' title='bbox 826 2884 847 2909; x_wconf 70' lang='grc' dir='ltr'><strong>δ</strong></span> <span class='ocrx_word' id='word_1_326' title='bbox 880 2874 1026 2928; x_wconf 89' lang='lat' dir='ltr'><strong>ducit</strong></span> <span class='ocrx_word' id='word_1_327' title='bbox 1054 2872 1228 2927; x_wconf 88' lang='lat' dir='ltr'><strong>divina</strong></span> <span class='ocrx_word' id='word_1_328' title='bbox 1256 2870 1431 2940; x_wconf 90' lang='lat' dir='ltr'><strong>pietas</strong></span> <span class='ocrx_word' id='word_1_329' title='bbox 1468 2866 1858 2921; x_wconf 87' lang='lat' dir='ltr'><strong>districtionem</strong></span> <span class='ocrx_word' id='word_1_330' title='bbox 1895 2872 2067 2920; x_wconf 72' lang='lat' dir='ltr'><strong>ratio-</strong></span> 
     </span>
    </p>
   </div>
   <div class='ocr_carea' id='block_1_45' title="bbox 480 2959 2099 3036">
    <p class='ocr_par' dir='ltr' id='par_1_45' title="bbox 480 2959 2099 3036">
     <span class='ocr_line' id='line_1_46' title="bbox 480 2959 2099 3036; baseline -0.006 -14"><span class='ocrx_word' id='word_1_331' title='bbox 480 2968 594 3034; x_wconf 77' lang='lat' dir='ltr'><strong>nis;</strong></span> <span class='ocrx_word' id='word_1_332' title='bbox 637 2966 772 3036; x_wconf 74' lang='lat' dir='ltr'><strong>legis</strong></span> <span class='ocrx_word' id='word_1_333' title='bbox 797 2967 943 3022; x_wconf 88' lang='lat' dir='ltr'><strong>enim</strong></span> <span class='ocrx_word' id='word_1_334' title='bbox 969 2966 1279 3034; x_wconf 69' lang='lat' dir='ltr'><strong>aequitatem</strong></span> <span class='ocrx_word' id='word_1_335' title='bbox 1301 2960 1556 3024; x_wconf 80' lang='lat' dir='ltr'><strong>ostendit,</strong></span> <span class='ocrx_word' id='word_1_336' title='bbox 1588 2959 1684 3014; x_wconf 84' lang='lat' dir='ltr'><strong>sed</strong></span> <span class='ocrx_word' id='word_1_337' title='bbox 1713 2960 1936 3030; x_wconf 60' lang='lat' dir='ltr'><strong>prolatae</strong></span> <span class='ocrx_word' id='word_1_338' title='bbox 1976 2974 2066 3013; x_wconf 89' lang='lat' dir='ltr'><strong>as-</strong></span> <span class='ocrx_word' id='word_1_339' title='bbox 2098 3022 2099 3025; x_wconf 25' lang='grc' dir='ltr'><strong>η</strong></span> 
     </span>
    </p>
   </div>
   <div class='ocr_carea' id='block_1_46' title="bbox 481 3050 2071 3125">
    <p class='ocr_par' dir='ltr' id='par_1_46' title="bbox 481 3050 2071 3125">
     <span class='ocr_line' id='line_1_47' title="bbox 481 3050 2071 3125; baseline -0.006 -11"><span class='ocrx_word' id='word_1_340' title='bbox 481 3058 735 3115; x_wconf 67' lang='lat' dir='ltr'><strong>sartionis</strong></span> <span class='ocrx_word' id='word_1_341' title='bbox 767 3058 791 3097; x_wconf 69' lang='grc' dir='ltr'>δ</span> <span class='ocrx_word' id='word_1_342' title='bbox 833 3056 1074 3125; x_wconf 74' lang='lat' dir='ltr'><strong>vigorem</strong></span> <span class='ocrx_word' id='word_1_343' title='bbox 1121 3055 1175 3111; x_wconf 89' lang='lat' dir='ltr'><strong>in</strong></span> <span class='ocrx_word' id='word_1_344' title='bbox 1203 3052 1529 3124; x_wconf 83' lang='lat' dir='ltr'><strong>promulgati</strong></span> <span class='ocrx_word' id='word_1_345' title='bbox 1555 3051 1693 3121; x_wconf 80' lang='lat' dir='ltr'><strong>juris</strong></span> <span class='ocrx_word' id='word_1_346' title='bbox 1719 3050 2071 3106; x_wconf 75' lang='lat' dir='ltr'><strong>exsecutione</strong></span> 
     </span>
    </p>
   </div>
   <div class='ocr_carea' id='block_1_47' title="bbox 483 3146 2069 3217">
    <p class='ocr_par' dir='ltr' id='par_1_47' title="bbox 483 3146 2069 3217">
     <span class='ocr_line' id='line_1_48' title="bbox 483 3146 2069 3217; baseline -0.006 -11"><span class='ocrx_word' id='word_1_347' title='bbox 483 3167 592 3208; x_wconf 93' lang='lat' dir='ltr'><strong>non</strong></span> <span class='ocrx_word' id='word_1_348' title='bbox 629 3151 820 3207; x_wconf 89' lang='lat' dir='ltr'><strong>tenuit.</strong></span> <span class='ocrx_word' id='word_1_349' title='bbox 861 3148 1153 3217; x_wconf 60' lang='lat' dir='ltr'><strong>[Equitatis</strong></span> <span class='ocrx_word' id='word_1_350' title='bbox 1184 3147 1329 3201; x_wconf 89' lang='lat' dir='ltr'><strong>enim</strong></span> <span class='ocrx_word' id='word_1_351' title='bbox 1365 3146 1544 3215; x_wconf 80' lang='lat' dir='ltr'><strong>rigore</strong></span> <span class='ocrx_word' id='word_1_352' title='bbox 1580 3146 1854 3200; x_wconf 89' lang='lat' dir='ltr'><strong>decretum</strong></span> <span class='ocrx_word' id='word_1_353' title='bbox 1898 3152 1979 3198; x_wconf 86' lang='lat' dir='ltr'><strong>est</strong></span> <span class='ocrx_word' id='word_1_354' title='bbox 2010 3147 2069 3198; x_wconf 87' lang='lat' dir='ltr'><strong>ut</strong></span> 
     </span>
    </p>
   </div>
   <div class='ocr_carea' id='block_1_48' title="bbox 2166 1946 3760 2022">
    <p class='ocr_par' dir='ltr' id='par_1_48' title="bbox 2166 1946 3760 2022">
     <span class='ocr_line' id='line_1_49' title="bbox 2166 1946 3760 2022; baseline 0.002 -19"><span class='ocrx_word' id='word_1_355' title='bbox 2166 1950 2268 2004; x_wconf 89' lang='lat' dir='ltr'><strong>hoc</strong></span> <span class='ocrx_word' id='word_1_356' title='bbox 2300 1950 2349 2004; x_wconf 90' lang='lat' dir='ltr'><strong>in</strong></span> <span class='ocrx_word' id='word_1_357' title='bbox 2380 1949 2500 2006; x_wconf 89' lang='lat' dir='ltr'><strong>loco</strong></span> <span class='ocrx_word' id='word_1_358' title='bbox 2530 1950 2787 2018; x_wconf 90' lang='lat' dir='ltr'><strong>cernitur,</strong></span> <span class='ocrx_word' id='word_1_359' title='bbox 2818 1951 2944 2021; x_wconf 89' lang='lat' dir='ltr'><strong>quia</strong></span> <span class='ocrx_word' id='word_1_360' title='bbox 2976 1967 3083 2005; x_wconf 92' lang='lat' dir='ltr'><strong>non</strong></span> <span class='ocrx_word' id='word_1_361' title='bbox 3113 1952 3242 2007; x_wconf 88' lang='lat' dir='ltr'><strong>dicit</strong></span> <span class='ocrx_word' id='word_1_362' title='bbox 3269 1969 3281 2005; x_wconf 90' lang='lat'><strong>:</strong></span> <span class='ocrx_word' id='word_1_363' title='bbox 3315 1946 3449 2019; x_wconf 86' lang='lat' dir='ltr'><strong>Quia</strong></span> <span class='ocrx_word' id='word_1_364' title='bbox 3481 1952 3760 2022; x_wconf 79' lang='lat' dir='ltr'><strong>corrigen-</strong></span> 
     </span>
    </p>
   </div>
   <div class='ocr_carea' id='block_1_49' title="bbox 2165 2042 3761 2117">
    <p class='ocr_par' dir='ltr' id='par_1_49' title="bbox 2165 2042 3761 2117">
     <span class='ocr_line' id='line_1_50' title="bbox 2165 2042 3761 2117; baseline 0.001 -18"><span class='ocrx_word' id='word_1_365' title='bbox 2165 2046 2231 2100; x_wconf 90' lang='lat' dir='ltr'><strong>tis</strong></span> <span class='ocrx_word' id='word_1_366' title='bbox 2262 2046 2430 2116; x_wconf 88' lang='lat' dir='ltr'><strong>patris</strong></span> <span class='ocrx_word' id='word_1_367' title='bbox 2479 2061 2669 2101; x_wconf 84' lang='lat' dir='ltr'><strong>vocem</strong></span> <span class='ocrx_word' id='word_1_368' title='bbox 2700 2045 2885 2101; x_wconf 90' lang='lat' dir='ltr'><strong>audire</strong></span> <span class='ocrx_word' id='word_1_369' title='bbox 2934 2042 3043 2117; x_wconf 67' lang='grc'>74</span> <span class='ocrx_word' id='word_1_370' title='bbox 3070 2044 3399 2114; x_wconf 88' lang='lat' dir='ltr'><strong>noluerunt,</strong></span> <span class='ocrx_word' id='word_1_371' title='bbox 3434 2047 3525 2101; x_wconf 88' lang='lat' dir='ltr'><strong>sed</strong></span> <span class='ocrx_word' id='word_1_372' title='bbox 3575 2064 3589 2101; x_wconf 92' lang='lat'>:</span> <span class='ocrx_word' id='word_1_373' title='bbox 3642 2042 3761 2101; x_wconf 79' lang='lat' dir='ltr'><strong>Non</strong></span> 
     </span>
    </p>
   </div>
   <div class='ocr_carea' id='block_1_50' title="bbox 2165 2138 3762 2211">
    <p class='ocr_par' dir='ltr' id='par_1_50' title="bbox 2165 2138 3762 2211">
     <span class='ocr_line' id='line_1_51' title="bbox 2165 2138 3762 2211; baseline -0.001 -17"><span class='ocrx_word' id='word_1_374' title='bbox 2165 2141 2405 2208; x_wconf 89' lang='lat' dir='ltr'><strong>audiere,</strong></span> <span class='ocrx_word' id='word_1_375' title='bbox 2438 2142 2564 2211; x_wconf 89' lang='lat' dir='ltr'><strong>quia</strong></span> <span class='ocrx_word' id='word_1_376' title='bbox 2593 2141 2763 2196; x_wconf 68' lang='lat' dir='ltr'><strong>voluit</strong></span> <span class='ocrx_word' id='word_1_377' title='bbox 2806 2156 2899 2197; x_wconf 88' lang='lat' dir='ltr'><strong>eos</strong></span> <span class='ocrx_word' id='word_1_378' title='bbox 2930 2141 3189 2195; x_wconf 84' lang='lat' dir='ltr'><strong>Dominus</strong></span> <span class='ocrx_word' id='word_1_379' title='bbox 3218 2140 3483 2197; x_wconf 90' lang='lat' dir='ltr'><strong>occidere.</strong></span> <span class='ocrx_word' id='word_1_380' title='bbox 3533 2139 3640 2195; x_wconf 86' lang='lat' dir='ltr'><strong>Sed</strong></span> <span class='ocrx_word' id='word_1_381' title='bbox 3668 2138 3762 2210; x_wconf 88' lang='lat' dir='ltr'><strong>qui</strong></span> 
     </span>
    </p>
   </div>
   <div class='ocr_carea' id='block_1_51' title="bbox 2165 2232 3765 2305">
    <p class='ocr_par' dir='ltr' id='par_1_51' title="bbox 2165 2232 3765 2305">
     <span class='ocr_line' id='line_1_52' title="bbox 2165 2232 3765 2305; baseline 0.001 -18"><span class='ocrx_word' id='word_1_382' title='bbox 2165 2233 2326 2288; x_wconf 81' lang='lat' dir='ltr'><strong>divini</strong></span> <span class='ocrx_word' id='word_1_383' title='bbox 2356 2233 2619 2289; x_wconf 82' lang='lat' dir='ltr'><strong>examinis</strong></span> <span class='ocrx_word' id='word_1_384' title='bbox 2640 2233 2946 2305; x_wconf 61' lang='lat' dir='ltr'><strong>aequitatem</strong></span> <span class='ocrx_word' id='word_1_385' title='bbox 2970 2240 3117 2289; x_wconf 90' lang='lat' dir='ltr'><strong>recte</strong></span> <span class='ocrx_word' id='word_1_386' title='bbox 3138 2232 3468 2303; x_wconf 89' lang='lat' dir='ltr'><strong>considerat,</strong></span> <span class='ocrx_word' id='word_1_387' title='bbox 3498 2235 3765 2289; x_wconf 82' lang='lat' dir='ltr'><strong>interesse</strong></span> 
     </span>
    </p>
   </div>
   <div class='ocr_carea' id='block_1_52' title="bbox 2165 2322 3765 2397">
    <p class='ocr_par' dir='ltr' id='par_1_52' title="bbox 2165 2322 3765 2397">
     <span class='ocr_line' id='line_1_53' title="bbox 2165 2322 3765 2397; baseline 0 -18"><span class='ocrx_word' id='word_1_388' title='bbox 2165 2324 2295 2379; x_wconf 83' lang='lat' dir='ltr'><strong>nihil</strong></span> <span class='ocrx_word' id='word_1_389' title='bbox 2326 2332 2477 2395; x_wconf 89' lang='lat' dir='ltr'><strong>putat</strong></span> <span class='ocrx_word' id='word_1_390' title='bbox 2506 2341 2572 2381; x_wconf 89' lang='lat' dir='ltr'><strong>an</strong></span> <span class='ocrx_word' id='word_1_391' title='bbox 2601 2331 2877 2381; x_wconf 77' lang='lat' dir='ltr'><strong>occidatur</strong></span> <span class='ocrx_word' id='word_1_392' title='bbox 2905 2326 3117 2397; x_wconf 86' lang='lat' dir='ltr'><strong>aliquis,</strong></span> <span class='ocrx_word' id='word_1_393' title='bbox 3151 2340 3219 2381; x_wconf 88' lang='lat' dir='ltr'><strong>an</strong></span> <span class='ocrx_word' id='word_1_394' title='bbox 3252 2326 3342 2381; x_wconf 91' lang='lat' dir='ltr'><strong>illo</strong></span> <span class='ocrx_word' id='word_1_395' title='bbox 3366 2325 3417 2380; x_wconf 92' lang='lat' dir='ltr'><strong>in</strong></span> <span class='ocrx_word' id='word_1_396' title='bbox 3447 2322 3656 2381; x_wconf 87' lang='lat' dir='ltr'><strong>scelere</strong></span> <span class='ocrx_word' id='word_1_397' title='bbox 3683 2324 3765 2380; x_wconf 90' lang='lat' dir='ltr'><strong>di-</strong></span> 
     </span>
    </p>
   </div>
   <div class='ocr_carea' id='block_1_53' title="bbox 2166 2410 3767 2487">
    <p class='ocr_par' dir='ltr' id='par_1_53' title="bbox 2166 2410 3767 2487">
     <span class='ocr_line' id='line_1_54' title="bbox 2166 2410 3767 2487; baseline 0.001 -18"><span class='ocrx_word' id='word_1_398' title='bbox 2166 2416 2408 2470; x_wconf 89' lang='lat' dir='ltr'><strong>mittatur</strong></span> <span class='ocrx_word' id='word_1_399' title='bbox 2434 2417 2485 2471; x_wconf 92' lang='lat' dir='ltr'><strong>in</strong></span> <span class='ocrx_word' id='word_1_400' title='bbox 2510 2430 2619 2484; x_wconf 92' lang='lat' dir='ltr'><strong>quo</strong></span> <span class='ocrx_word' id='word_1_401' title='bbox 2648 2423 2848 2471; x_wconf 73' lang='lat' dir='ltr'><strong>mterna</strong></span> <span class='ocrx_word' id='word_1_402' title='bbox 2878 2414 3259 2487; x_wconf 86' lang='lat' dir='ltr'><strong>reprobatione</strong></span> <span class='ocrx_word' id='word_1_403' title='bbox 3284 2416 3598 2486; x_wconf 86' lang='lat' dir='ltr'><strong>perimatur.</strong></span> <span class='ocrx_word' id='word_1_404' title='bbox 3632 2410 3767 2471; x_wconf 86' lang='lat' dir='ltr'><strong>Tale</strong></span> 
     </span>
    </p>
   </div>
   <div class='ocr_carea' id='block_1_54' title="bbox 2166 2506 3765 2580">
    <p class='ocr_par' dir='ltr' id='par_1_54' title="bbox 2166 2506 3765 2580">
     <span class='ocr_line' id='line_1_55' title="bbox 2166 2506 3765 2580; baseline 0.001 -18"><span class='ocrx_word' id='word_1_405' title='bbox 2166 2514 2248 2563; x_wconf 88' lang='lat' dir='ltr'><strong>est</strong></span> <span class='ocrx_word' id='word_1_406' title='bbox 2286 2521 2347 2563; x_wconf 86' lang='lat' dir='ltr'><strong>ac</strong></span> <span class='ocrx_word' id='word_1_407' title='bbox 2375 2508 2419 2563; x_wconf 91' lang='lat' dir='ltr'><strong>si</strong></span> <span class='ocrx_word' id='word_1_408' title='bbox 2450 2506 2596 2563; x_wconf 88' lang='lat' dir='ltr'><strong>dicat</strong></span> <span class='ocrx_word' id='word_1_409' title='bbox 2627 2526 2639 2563; x_wconf 92' lang='lat'><strong>:</strong></span> <span class='ocrx_word' id='word_1_410' title='bbox 2672 2506 2845 2564; x_wconf 88' lang='lat' dir='ltr'><strong>Tanta</strong></span> <span class='ocrx_word' id='word_1_411' title='bbox 2890 2507 2989 2564; x_wconf 80' lang='lat' dir='ltr'><strong>fuit</strong></span> <span class='ocrx_word' id='word_1_412' title='bbox 3019 2508 3329 2579; x_wconf 85' lang='lat' dir='ltr'><strong>magnitudo</strong></span> <span class='ocrx_word' id='word_1_413' title='bbox 3370 2508 3543 2580; x_wconf 72' lang='lat' dir='ltr'><strong>culpa:</strong></span> <span class='ocrx_word' id='word_1_414' title='bbox 3566 2550 3581 2577; x_wconf 95' lang='lat'><strong>,</strong></span> <span class='ocrx_word' id='word_1_415' title='bbox 3614 2518 3676 2564; x_wconf 93' lang='lat' dir='ltr'><strong>ut</strong></span> <span class='ocrx_word' id='word_1_416' title='bbox 3714 2510 3765 2563; x_wconf 85' lang='lat' dir='ltr'><strong>et</strong></span> 
     </span>
    </p>
   </div>
   <div class='ocr_carea' id='block_1_55' title="bbox 2166 2601 3771 2676">
    <p class='ocr_par' dir='ltr' id='par_1_55' title="bbox 2166 2601 3771 2676">
     <span class='ocr_line' id='line_1_56' title="bbox 2166 2601 3771 2676; baseline -0.002 -18"><span class='ocrx_word' id='word_1_417' title='bbox 2166 2603 2534 2661; x_wconf 86' lang='lat' dir='ltr'><strong>conversionis</strong></span> <span class='ocrx_word' id='word_1_418' title='bbox 2578 2610 2929 2660; x_wconf 89' lang='lat' dir='ltr'><strong>monumenta</strong></span> <span class='ocrx_word' id='word_1_419' title='bbox 2976 2604 3350 2676; x_wconf 84' lang='lat' dir='ltr'><strong>susciperent,</strong></span> <span class='ocrx_word' id='word_1_420' title='bbox 3404 2610 3458 2659; x_wconf 91' lang='lat' dir='ltr'><strong>et</strong></span> <span class='ocrx_word' id='word_1_421' title='bbox 3500 2619 3528 2657; x_wconf 92' lang='lat' dir='ltr'><strong>a</strong></span> <span class='ocrx_word' id='word_1_422' title='bbox 3570 2601 3771 2657; x_wconf 87' lang='lat' dir='ltr'><strong>mortis</strong></span> 
     </span>
    </p>
   </div>
   <div class='ocr_carea' id='block_1_56' title="bbox 2167 2693 3770 2768">
    <p class='ocr_par' dir='ltr' id='par_1_56' title="bbox 2167 2693 3770 2768">
     <span class='ocr_line' id='line_1_57' title="bbox 2167 2693 3770 2768; baseline 0.001 -21"><span class='ocrx_word' id='word_1_423' title='bbox 2167 2708 2276 2747; x_wconf 82' lang='lat' dir='ltr'><strong>suae</strong></span> <span class='ocrx_word' id='word_1_424' title='bbox 2306 2693 2462 2750; x_wconf 81' lang='lat' dir='ltr'><strong>fovea</strong></span> <span class='ocrx_word' id='word_1_425' title='bbox 2503 2707 2722 2764; x_wconf 77' lang='lat' dir='ltr'><strong>surgere</strong></span> <span class='ocrx_word' id='word_1_426' title='bbox 2764 2710 3101 2767; x_wconf 86' lang='lat' dir='ltr'><strong>nequaquam</strong></span> <span class='ocrx_word' id='word_1_427' title='bbox 3143 2703 3399 2768; x_wconf 87' lang='lat' dir='ltr'><strong>possent;</strong></span> <span class='ocrx_word' id='word_1_428' title='bbox 3448 2698 3503 2749; x_wconf 90' lang='lat' dir='ltr'><strong>et</strong></span> <span class='ocrx_word' id='word_1_429' title='bbox 3536 2693 3631 2766; x_wconf 88' lang='lat' dir='ltr'><strong>qui</strong></span> <span class='ocrx_word' id='word_1_430' title='bbox 3674 2694 3770 2749; x_wconf 72' lang='lat' dir='ltr'><strong>inc</strong></span> 
     </span>
    </p>
   </div>
   <div class='ocr_carea' id='block_1_57' title="bbox 2167 2784 3771 2860">
    <p class='ocr_par' dir='ltr' id='par_1_57' title="bbox 2167 2784 3771 2860">
     <span class='ocr_line' id='line_1_58' title="bbox 2167 2784 3771 2860; baseline 0.001 -20"><span class='ocrx_word' id='word_1_431' title='bbox 2167 2784 2263 2840; x_wconf 87' lang='lat' dir='ltr'><strong>Dei</strong></span> <span class='ocrx_word' id='word_1_432' title='bbox 2298 2788 2512 2858; x_wconf 83' lang='lat' dir='ltr'><strong>pelagus</strong></span> <span class='ocrx_word' id='word_1_433' title='bbox 2546 2788 2830 2860; x_wconf 84' lang='lat' dir='ltr'><strong>biberant,</strong></span> <span class='ocrx_word' id='word_1_434' title='bbox 2875 2790 2927 2843; x_wconf 92' lang='lat' dir='ltr'><strong>in</strong></span> <span class='ocrx_word' id='word_1_435' title='bbox 2958 2787 3321 2845; x_wconf 87' lang='lat' dir='ltr'><strong>damnationis</strong></span> <span class='ocrx_word' id='word_1_436' title='bbox 3351 2800 3460 2843; x_wconf 76' lang='lat' dir='ltr'><strong>Sua:</strong></span> <span class='ocrx_word' id='word_1_437' title='bbox 3490 2787 3771 2843; x_wconf 89' lang='lat' dir='ltr'><strong>cumulum</strong></span> 
     </span>
    </p>
   </div>
   <div class='ocr_carea' id='block_1_58' title="bbox 2169 2872 3770 2948">
    <p class='ocr_par' dir='ltr' id='par_1_58' title="bbox 2169 2872 3770 2948">
     <span class='ocr_line' id='line_1_59' title="bbox 2169 2872 3770 2948; baseline 0.001 -16"><span class='ocrx_word' id='word_1_438' title='bbox 2169 2877 2429 2933; x_wconf 76' lang='lat' dir='ltr'><strong>haberent</strong></span> <span class='ocrx_word' id='word_1_439' title='bbox 2458 2892 2566 2933; x_wconf 92' lang='lat' dir='ltr'><strong>non</strong></span> <span class='ocrx_word' id='word_1_440' title='bbox 2612 2878 2786 2934; x_wconf 89' lang='lat' dir='ltr'><strong>solum</strong></span> <span class='ocrx_word' id='word_1_441' title='bbox 2831 2893 3044 2948; x_wconf 77' lang='lat' dir='ltr'><strong>pmnam</strong></span> <span class='ocrx_word' id='word_1_442' title='bbox 3074 2879 3344 2935; x_wconf 88' lang='lat' dir='ltr'><strong>commissi</strong></span> <span class='ocrx_word' id='word_1_443' title='bbox 3376 2878 3627 2946; x_wconf 77' lang='lat' dir='ltr'><strong>sceleris,</strong></span> <span class='ocrx_word' id='word_1_444' title='bbox 3674 2872 3770 2934; x_wconf 87' lang='lat' dir='ltr'><strong>sed</strong></span> 
     </span>
    </p>
   </div>
   <div class='ocr_carea' id='block_1_59' title="bbox 2170 2970 3768 3046">
    <p class='ocr_par' dir='ltr' id='par_1_59' title="bbox 2170 2970 3768 3046">
     <span class='ocr_line' id='line_1_60' title="bbox 2170 2970 3768 3046; baseline 0.003 -21"><span class='ocrx_word' id='word_1_445' title='bbox 2170 2971 2332 3026; x_wconf 87' lang='lat' dir='ltr'><strong>etiant</strong></span> <span class='ocrx_word' id='word_1_446' title='bbox 2370 2970 2607 3027; x_wconf 88' lang='lat' dir='ltr'><strong>additam</strong></span> <span class='ocrx_word' id='word_1_447' title='bbox 2638 2972 2929 3028; x_wconf 88' lang='lat' dir='ltr'><strong>vindictam</strong></span> <span class='ocrx_word' id='word_1_448' title='bbox 2972 2981 3295 3046; x_wconf 67' lang='lat' dir='ltr'><strong>contempta:</strong></span> <span class='ocrx_word' id='word_1_449' title='bbox 3341 2972 3768 3045; x_wconf 61' lang='lat' dir='ltr'><strong>praedicationis.</strong></span> 
     </span>
    </p>
   </div>
   <div class='ocr_carea' id='block_1_60' title="bbox 2169 3063 3773 3138">
    <p class='ocr_par' dir='ltr' id='par_1_60' title="bbox 2169 3063 3773 3138">
     <span class='ocr_line' id='line_1_61' title="bbox 2169 3063 3773 3138; baseline 0.004 -19"><span class='ocrx_word' id='word_1_450' title='bbox 2169 3063 2276 3119; x_wconf 91' lang='lat' dir='ltr'><strong>Sed</strong></span> <span class='ocrx_word' id='word_1_451' title='bbox 2305 3080 2401 3120; x_wconf 91' lang='lat' dir='ltr'><strong>cur</strong></span> <span class='ocrx_word' id='word_1_452' title='bbox 2429 3066 2532 3121; x_wconf 86' lang='lat' dir='ltr'><strong>hoc</strong></span> <span class='ocrx_word' id='word_1_453' title='bbox 2554 3064 2620 3121; x_wconf 92' lang='lat' dir='ltr'><strong>de</strong></span> <span class='ocrx_word' id='word_1_454' title='bbox 2649 3066 2921 3136; x_wconf 63' lang='lat' dir='ltr'><strong>praeterito</strong></span> <span class='ocrx_word' id='word_1_455' title='bbox 2950 3066 3227 3133; x_wconf 90' lang='lat' dir='ltr'><strong>miramur,</strong></span> <span class='ocrx_word' id='word_1_456' title='bbox 3255 3068 3395 3138; x_wconf 84' lang='lat' dir='ltr'><strong>quod</strong></span> <span class='ocrx_word' id='word_1_457' title='bbox 3424 3085 3568 3124; x_wconf 90' lang='lat' dir='ltr'><strong>nunc</strong></span> <span class='ocrx_word' id='word_1_458' title='bbox 3590 3083 3773 3136; x_wconf 81' lang='lat' dir='ltr'><strong>usque</strong></span> 
     </span>
    </p>
   </div>
   <div class='ocr_carea' id='block_1_61' title="bbox 2177 3152 3774 3217">
    <p class='ocr_par' dir='ltr' id='par_1_61' title="bbox 2177 3152 3774 3217">
     <span class='ocr_line' id='line_1_62' title="bbox 2177 3152 3774 3217; baseline 0.005 -10"><span class='ocrx_word' id='word_1_459' title='bbox 2177 3152 2290 3210; x_wconf 84' lang='lat' dir='ltr'><strong>ﬁeri</strong></span> <span class='ocrx_word' id='word_1_460' title='bbox 2317 3157 2586 3212; x_wconf 89' lang='lat' dir='ltr'><strong>cernimus</strong></span> <span class='ocrx_word' id='word_1_461' title='bbox 2620 3175 2631 3210; x_wconf 93' lang='lat'>:</span> <span class='ocrx_word' id='word_1_462' title='bbox 2666 3154 2783 3212; x_wconf 86' lang='lat' dir='ltr'><strong>iieli</strong></span> <span class='ocrx_word' id='word_1_463' title='bbox 2827 3157 3074 3213; x_wconf 90' lang='lat' dir='ltr'><strong>videlicet</strong></span> <span class='ocrx_word' id='word_1_464' title='bbox 3113 3169 3423 3215; x_wconf 88' lang='lat' dir='ltr'><strong>monentem</strong></span> <span class='ocrx_word' id='word_1_465' title='bbox 3458 3161 3595 3215; x_wconf 76' lang='lat' dir='ltr'><strong>ﬁlios</strong></span> <span class='ocrx_word' id='word_1_466' title='bbox 3636 3176 3774 3217; x_wconf 84' lang='lat' dir='ltr'><strong>con-</strong></span> 
     </span>
    </p>
   </div>
   <div class='ocr_carea' id='block_1_62' title="bbox 484 3229 3769 3319">
    <p class='ocr_par' dir='ltr' id='par_1_62' title="bbox 484 3229 3769 3319">
     <span class='ocr_line' id='line_1_63' title="bbox 484 3229 3769 3319; baseline 0.002 -15"><span class='ocrx_word' id='word_1_467' title='bbox 484 3246 551 3301; x_wconf 84' lang='lat' dir='ltr'><strong>ad</strong></span> <span class='ocrx_word' id='word_1_468' title='bbox 580 3245 926 3315; x_wconf 56' lang='lat' dir='ltr'><strong>indulgentia</strong></span> <span class='ocrx_word' id='word_1_469' title='bbox 945 3243 1227 3299; x_wconf 63' lang='lat' dir='ltr'><strong>ob“:an</strong></span> <span class='ocrx_word' id='word_1_470' title='bbox 1249 3242 1394 3297; x_wconf 68' lang='lat' dir='ltr'><strong>milia</strong></span> <span class='ocrx_word' id='word_1_471' title='bbox 1418 3255 1579 3311; x_wconf 71' lang='lat' dir='ltr'><strong>Prece</strong></span> <span class='ocrx_word' id='word_1_472' title='bbox 1596 3238 2065 3312; x_wconf 64' lang='lat' dir='ltr'><strong>Periingerelised</strong></span> <span class='ocrx_word' id='word_1_473' title='bbox 2093 3229 2143 3297; x_wconf 88' lang='lat' dir='ltr'><strong><em>C</em></strong></span> <span class='ocrx_word' id='word_1_474' title='bbox 2178 3256 2494 3314; x_wconf 86' lang='lat' dir='ltr'><strong>temnentes,</strong></span> <span class='ocrx_word' id='word_1_475' title='bbox 2526 3246 2808 3304; x_wconf 88' lang='lat' dir='ltr'><strong>Dominum</strong></span> <span class='ocrx_word' id='word_1_476' title='bbox 2838 3249 3087 3306; x_wconf 87' lang='lat' dir='ltr'><strong>occidere</strong></span> <span class='ocrx_word' id='word_1_477' title='bbox 3114 3250 3416 3307; x_wconf 73' lang='lat' dir='ltr'><strong>volentem?</strong></span> <span class='ocrx_word' id='word_1_478' title='bbox 3452 3251 3591 3319; x_wconf 87' lang='lat' dir='ltr'><strong>Quid</strong></span> <span class='ocrx_word' id='word_1_479' title='bbox 3614 3253 3769 3310; x_wconf 87' lang='lat' dir='ltr'><strong>enim</strong></span> 
     </span>
    </p>
   </div>
   <div class='ocr_carea' id='block_1_63' title="bbox 481 3331 2068 3409">
    <p class='ocr_par' dir='ltr' id='par_1_63' title="bbox 481 3331 2068 3409">
     <span class='ocr_line' id='line_1_64' title="bbox 481 3331 2068 3409; baseline -0.003 -19"><span class='ocrx_word' id='word_1_480' title='bbox 481 3339 675 3409; x_wconf 85' lang='lat' dir='ltr'><strong>quibus</strong></span> <span class='ocrx_word' id='word_1_481' title='bbox 708 3338 884 3394; x_wconf 85' lang='lat' dir='ltr'><strong>oratio</strong></span> <span class='ocrx_word' id='word_1_482' title='bbox 922 3336 1157 3393; x_wconf 88' lang='lat' dir='ltr'><strong>hominis</strong></span> <span class='ocrx_word' id='word_1_483' title='bbox 1190 3336 1337 3390; x_wconf 79' lang='lat' dir='ltr'><strong>nulla</strong></span> <span class='ocrx_word' id='word_1_484' title='bbox 1368 3331 1598 3398; x_wconf 69' lang='lat' dir='ltr'><strong>suffecit,</strong></span> <span class='ocrx_word' id='word_1_485' title='bbox 1632 3333 1804 3405; x_wconf 86' lang='lat' dir='ltr'><strong>pietas</strong></span> <span class='ocrx_word' id='word_1_486' title='bbox 1832 3331 2068 3387; x_wconf 81' lang='lat' dir='ltr'><strong>Redem-</strong></span> 
     </span>
    </p>
   </div>
   <div class='ocr_carea' id='block_1_64' title="bbox 484 3426 2072 3507">
    <p class='ocr_par' dir='ltr' id='par_1_64' title="bbox 484 3426 2072 3507">
     <span class='ocr_line' id='line_1_65' title="bbox 484 3426 2072 3507; baseline -0.006 -16"><span class='ocrx_word' id='word_1_487' title='bbox 484 3436 653 3507; x_wconf 81' lang='lat' dir='ltr'><strong>ptoris</strong></span> <span class='ocrx_word' id='word_1_488' title='bbox 677 3449 785 3489; x_wconf 93' lang='lat' dir='ltr'><strong>non</strong></span> <span class='ocrx_word' id='word_1_489' title='bbox 815 3432 1001 3489; x_wconf 82' lang='lat' dir='ltr'><strong>defuit.</strong></span> <span class='ocrx_word' id='word_1_490' title='bbox 1030 3429 1216 3486; x_wconf 90' lang='lat' dir='ltr'><strong>Omnis</strong></span> <span class='ocrx_word' id='word_1_491' title='bbox 1240 3431 1407 3486; x_wconf 84' lang='lat' dir='ltr'><strong>homo</strong></span> <span class='ocrx_word' id='word_1_492' title='bbox 1432 3429 1525 3499; x_wconf 90' lang='lat' dir='ltr'><strong>qui</strong></span> <span class='ocrx_word' id='word_1_493' title='bbox 1563 3444 1661 3499; x_wconf 87' lang='lat' dir='ltr'><strong>pro</strong></span> <span class='ocrx_word' id='word_1_494' title='bbox 1691 3426 2072 3497; x_wconf 85' lang='lat' dir='ltr'><strong>transgressio-</strong></span> 
     </span>
    </p>
   </div>
   <div class='ocr_carea' id='block_1_65' title="bbox 484 3526 2068 3600">
    <p class='ocr_par' dir='ltr' id='par_1_65' title="bbox 484 3526 2068 3600">
     <span class='ocr_line' id='line_1_66' title="bbox 484 3526 2068 3600; baseline -0.004 -13"><span class='ocrx_word' id='word_1_495' title='bbox 484 3532 638 3587; x_wconf 86' lang='lat' dir='ltr'><strong>nibus</strong></span> <span class='ocrx_word' id='word_1_496' title='bbox 662 3539 781 3587; x_wconf 90' lang='lat' dir='ltr'><strong>oret</strong></span> <span class='ocrx_word' id='word_1_497' title='bbox 813 3531 1045 3596; x_wconf 90' lang='lat' dir='ltr'><strong>tollitur;</strong></span> <span class='ocrx_word' id='word_1_498' title='bbox 1078 3531 1173 3585; x_wconf 90' lang='lat' dir='ltr'><strong>sed</strong></span> <span class='ocrx_word' id='word_1_499' title='bbox 1214 3530 1410 3600; x_wconf 83' lang='lat' dir='ltr'><strong>quibus</strong></span> <span class='ocrx_word' id='word_1_500' title='bbox 1442 3529 1605 3584; x_wconf 78' lang='lat' dir='ltr'><strong>homo</strong></span> <span class='ocrx_word' id='word_1_501' title='bbox 1645 3526 1917 3583; x_wconf 78' lang='lat' dir='ltr'><strong>sufficiens</strong></span> <span class='ocrx_word' id='word_1_502' title='bbox 1952 3536 2068 3583; x_wconf 86' lang='lat' dir='ltr'><strong>erat</strong></span> 
     </span>
    </p>
   </div>
   <div class='ocr_carea' id='block_1_66' title="bbox 483 3618 2067 3692">
    <p class='ocr_par' dir='ltr' id='par_1_66' title="bbox 483 3618 2067 3692">
     <span class='ocr_line' id='line_1_67' title="bbox 483 3618 2067 3692; baseline -0.001 -16"><span class='ocrx_word' id='word_1_503' title='bbox 483 3622 677 3687; x_wconf 85' lang='lat' dir='ltr'><strong>nullus,</strong></span> <span class='ocrx_word' id='word_1_504' title='bbox 710 3623 823 3692; x_wconf 88' lang='lat' dir='ltr'><strong>ipse</strong></span> <span class='ocrx_word' id='word_1_505' title='bbox 854 3622 994 3677; x_wconf 87' lang='lat' dir='ltr'><strong>Deus</strong></span> <span class='ocrx_word' id='word_1_506' title='bbox 1033 3618 1195 3677; x_wconf 84' lang='lat' dir='ltr'><strong>homo</strong></span> <span class='ocrx_word' id='word_1_507' title='bbox 1223 3620 1395 3678; x_wconf 78' lang='lat' dir='ltr'><strong>iactus</strong></span> <span class='ocrx_word' id='word_1_508' title='bbox 1444 3626 1527 3676; x_wconf 88' lang='lat' dir='ltr'><strong>est</strong></span> <span class='ocrx_word' id='word_1_509' title='bbox 1562 3621 1887 3676; x_wconf 85' lang='lat' dir='ltr'><strong>intercessor</strong></span> <span class='ocrx_word' id='word_1_510' title='bbox 1928 3621 2067 3691; x_wconf 89' lang='lat' dir='ltr'><strong>pius.</strong></span> 
     </span>
    </p>
   </div>
   <div class='ocr_carea' id='block_1_67' title="bbox 482 3709 2071 3780">
    <p class='ocr_par' dir='ltr' id='par_1_67' title="bbox 482 3709 2071 3780">
     <span class='ocr_line' id='line_1_68' title="bbox 482 3709 2071 3780; baseline -0.002 -14"><span class='ocrx_word' id='word_1_511' title='bbox 482 3711 615 3766; x_wconf 83' lang='lat' dir='ltr'><strong>Nam</strong></span> <span class='ocrx_word' id='word_1_512' title='bbox 657 3712 709 3766; x_wconf 93' lang='lat' dir='ltr'><strong>in</strong></span> <span class='ocrx_word' id='word_1_513' title='bbox 749 3726 909 3766; x_wconf 91' lang='lat' dir='ltr'><strong>cruce</strong></span> <span class='ocrx_word' id='word_1_514' title='bbox 950 3724 1243 3780; x_wconf 88' lang='lat' dir='ltr'><strong>suspensus</strong></span> <span class='ocrx_word' id='word_1_515' title='bbox 1269 3712 1463 3777; x_wconf 77' lang='lat' dir='ltr'><strong>aravit,</strong></span> <span class='ocrx_word' id='word_1_516' title='bbox 1510 3710 1728 3765; x_wconf 89' lang='lat' dir='ltr'><strong>dicens:</strong></span> <span class='ocrx_word' id='word_1_517' title='bbox 1776 3710 1957 3775; x_wconf 85' lang='lat' dir='ltr'><strong>Pater,</strong></span> <span class='ocrx_word' id='word_1_518' title='bbox 1990 3709 2071 3763; x_wconf 87' lang='lat' dir='ltr'><strong>di-</strong></span> 
     </span>
    </p>
   </div>
   <div class='ocr_carea' id='block_1_68' title="bbox 483 3800 2069 3875">
    <p class='ocr_par' dir='ltr' id='par_1_68' title="bbox 483 3800 2069 3875">
     <span class='ocr_line' id='line_1_69' title="bbox 483 3800 2069 3875; baseline -0.003 -16"><span class='ocrx_word' id='word_1_519' title='bbox 483 3807 626 3859; x_wconf 86' lang='lat' dir='ltr'><strong>mitte</strong></span> <span class='ocrx_word' id='word_1_520' title='bbox 648 3803 776 3874; x_wconf 83' lang='lat' dir='ltr'><strong>iltis,</strong></span> <span class='ocrx_word' id='word_1_521' title='bbox 810 3806 931 3875; x_wconf 82' lang='lat' dir='ltr'><strong>quia</strong></span> <span class='ocrx_word' id='word_1_522' title='bbox 961 3803 1192 3857; x_wconf 82' lang='lat' dir='ltr'><strong>nesciunt</strong></span> <span class='ocrx_word' id='word_1_523' title='bbox 1218 3802 1341 3875; x_wconf 81' lang='lat' dir='ltr'><strong>quid</strong></span> <span class='ocrx_word' id='word_1_524' title='bbox 1374 3804 1572 3875; x_wconf 72' lang='lat' dir='ltr'><strong>faciunt</strong></span> <span class='ocrx_word' id='word_1_525' title='bbox 1603 3800 1754 3874; x_wconf 88' lang='lat' dir='ltr'><strong>(Luc.</strong></span> <span class='ocrx_word' id='word_1_526' title='bbox 1790 3818 1924 3869; x_wconf 73' lang='grc' dir='ltr'>χχιι,</span> <span class='ocrx_word' id='word_1_527' title='bbox 1954 3800 2069 3869; x_wconf 67' lang='grc'><strong>54).</strong></span> 
     </span>
    </p>
   </div>
   <div class='ocr_carea' id='block_1_69' title="bbox 483 3894 2069 3966">
    <p class='ocr_par' dir='ltr' id='par_1_69' title="bbox 483 3894 2069 3966">
     <span class='ocr_line' id='line_1_70' title="bbox 483 3894 2069 3966; baseline -0.002 -15"><span class='ocrx_word' id='word_1_528' title='bbox 483 3898 713 3953; x_wconf 83' lang='lat' dir='ltr'><strong>Pacatus</strong></span> <span class='ocrx_word' id='word_1_529' title='bbox 751 3906 833 3953; x_wconf 90' lang='lat' dir='ltr'><strong>est</strong></span> <span class='ocrx_word' id='word_1_530' title='bbox 862 3908 991 3966; x_wconf 77' lang='lat' dir='ltr'><strong>ergo</strong></span> <span class='ocrx_word' id='word_1_531' title='bbox 1014 3894 1156 3951; x_wconf 89' lang='lat' dir='ltr'><strong>Deus</strong></span> <span class='ocrx_word' id='word_1_532' title='bbox 1188 3896 1251 3951; x_wconf 90' lang='lat' dir='ltr'><strong>iis</strong></span> <span class='ocrx_word' id='word_1_533' title='bbox 1280 3895 1371 3965; x_wconf 91' lang='lat' dir='ltr'><strong>qui</strong></span> <span class='ocrx_word' id='word_1_534' title='bbox 1393 3895 1446 3949; x_wconf 91' lang='lat' dir='ltr'><strong>in</strong></span> <span class='ocrx_word' id='word_1_535' title='bbox 1487 3895 1654 3950; x_wconf 90' lang='lat' dir='ltr'><strong>Deum</strong></span> <span class='ocrx_word' id='word_1_536' title='bbox 1684 3901 2069 3965; x_wconf 88' lang='lat' dir='ltr'><strong>peccaverunt,</strong></span> 
     </span>
    </p>
   </div>
   <div class='ocr_carea' id='block_1_70' title="bbox 483 3984 2071 4059">
    <p class='ocr_par' dir='ltr' id='par_1_70' title="bbox 483 3984 2071 4059">
     <span class='ocr_line' id='line_1_71' title="bbox 483 3984 2071 4059; baseline -0.003 -14"><span class='ocrx_word' id='word_1_537' title='bbox 483 4003 593 4045; x_wconf 91' lang='lat' dir='ltr'><strong>non</strong></span> <span class='ocrx_word' id='word_1_538' title='bbox 626 3989 799 4044; x_wconf 90' lang='lat' dir='ltr'><strong>aliena</strong></span> <span class='ocrx_word' id='word_1_539' title='bbox 823 4002 1001 4059; x_wconf 86' lang='lat' dir='ltr'><strong>prece,</strong></span> <span class='ocrx_word' id='word_1_540' title='bbox 1034 3987 1129 4043; x_wconf 88' lang='lat' dir='ltr'><strong>sed</strong></span> <span class='ocrx_word' id='word_1_541' title='bbox 1158 4001 1277 4042; x_wconf 82' lang='lat' dir='ltr'><strong>sua.</strong></span> <span class='ocrx_word' id='word_1_542' title='bbox 1303 3984 1414 4041; x_wconf 85' lang='lat' dir='ltr'><strong>Sed</strong></span> <span class='ocrx_word' id='word_1_543' title='bbox 1440 3992 1665 4057; x_wconf 88' lang='lat' dir='ltr'><strong>pacatus</strong></span> <span class='ocrx_word' id='word_1_544' title='bbox 1690 3992 1772 4039; x_wconf 90' lang='lat' dir='ltr'><strong>est</strong></span> <span class='ocrx_word' id='word_1_545' title='bbox 1792 3985 1933 4039; x_wconf 85' lang='lat' dir='ltr'><strong>Dens</strong></span> <span class='ocrx_word' id='word_1_546' title='bbox 1963 4000 2071 4040; x_wconf 91' lang='lat' dir='ltr'><strong>non</strong></span> 
     </span>
    </p>
   </div>
   <div class='ocr_carea' id='block_1_71' title="bbox 483 4075 2069 4151">
    <p class='ocr_par' dir='ltr' id='par_1_71' title="bbox 483 4075 2069 4151">
     <span class='ocr_line' id='line_1_72' title="bbox 483 4075 2069 4151; baseline -0.003 -14"><span class='ocrx_word' id='word_1_547' title='bbox 483 4082 753 4151; x_wconf 88' lang='lat' dir='ltr'><strong>omnibus,</strong></span> <span class='ocrx_word' id='word_1_548' title='bbox 789 4080 883 4135; x_wconf 84' lang='lat' dir='ltr'><strong>sed</strong></span> <span class='ocrx_word' id='word_1_549' title='bbox 912 4078 1253 4149; x_wconf 82' lang='lat' dir='ltr'><strong>quibusdam.</strong></span> <span class='ocrx_word' id='word_1_550' title='bbox 1281 4075 1508 4145; x_wconf 84' lang='lat' dir='ltr'><strong>Quidam</strong></span> <span class='ocrx_word' id='word_1_551' title='bbox 1539 4091 1771 4148; x_wconf 89' lang='lat' dir='ltr'><strong>namque</strong></span> <span class='ocrx_word' id='word_1_552' title='bbox 1811 4089 2069 4147; x_wconf 81' lang='lat' dir='ltr'><strong>persecu-</strong></span> 
     </span>
    </p>
   </div>
   <div class='ocr_carea' id='block_1_72' title="bbox 486 4171 2073 4244">
    <p class='ocr_par' dir='ltr' id='par_1_72' title="bbox 486 4171 2073 4244">
     <span class='ocr_line' id='line_1_73' title="bbox 486 4171 2073 4244; baseline -0.003 -14"><span class='ocrx_word' id='word_1_553' title='bbox 486 4182 633 4231; x_wconf 86' lang='lat' dir='ltr'><strong>tores</strong></span> <span class='ocrx_word' id='word_1_554' title='bbox 668 4173 879 4231; x_wconf 88' lang='lat' dir='ltr'><strong>Domini</strong></span> <span class='ocrx_word' id='word_1_555' title='bbox 912 4172 1325 4244; x_wconf 70' lang='lat' dir='ltr'><strong>prrcdicantibus</strong></span> <span class='ocrx_word' id='word_1_556' title='bbox 1367 4171 1626 4242; x_wconf 89' lang='lat' dir='ltr'><strong>apostolis</strong></span> <span class='ocrx_word' id='word_1_557' title='bbox 1650 4171 1896 4226; x_wconf 88' lang='lat' dir='ltr'><strong>conversi</strong></span> <span class='ocrx_word' id='word_1_558' title='bbox 1927 4179 2073 4241; x_wconf 90' lang='lat' dir='ltr'><strong>sunt,</strong></span> 
     </span>
    </p>
   </div>
   <div class='ocr_carea' id='block_1_73' title="bbox 482 4261 2073 4337">
    <p class='ocr_par' dir='ltr' id='par_1_73' title="bbox 482 4261 2073 4337">
     <span class='ocr_line' id='line_1_74' title="bbox 482 4261 2073 4337; baseline -0.004 -15"><span class='ocrx_word' id='word_1_559' title='bbox 482 4268 664 4323; x_wconf 76' lang='lat' dir='ltr'><strong>caeteri</strong></span> <span class='ocrx_word' id='word_1_560' title='bbox 697 4282 825 4322; x_wconf 86' lang='lat' dir='ltr'><strong>vero</strong></span> <span class='ocrx_word' id='word_1_561' title='bbox 863 4267 1093 4337; x_wconf 88' lang='lat' dir='ltr'><strong>periere.</strong></span> <span class='ocrx_word' id='word_1_562' title='bbox 1128 4265 1203 4320; x_wconf 90' lang='lat' dir='ltr'><strong>De</strong></span> <span class='ocrx_word' id='word_1_563' title='bbox 1244 4264 1359 4320; x_wconf 88' lang='lat' dir='ltr'><strong>istis</strong></span> <span class='ocrx_word' id='word_1_564' title='bbox 1400 4266 1542 4319; x_wconf 87' lang='lat' dir='ltr'><strong>enim</strong></span> <span class='ocrx_word' id='word_1_565' title='bbox 1584 4261 1762 4320; x_wconf 89' lang='lat' dir='ltr'><strong>Lucas</strong></span> <span class='ocrx_word' id='word_1_566' title='bbox 1803 4264 2073 4333; x_wconf 89' lang='lat' dir='ltr'><strong>meminit,</strong></span> 
     </span>
    </p>
   </div>
   <div class='ocr_carea' id='block_1_74' title="bbox 483 4356 2075 4428">
    <p class='ocr_par' dir='ltr' id='par_1_74' title="bbox 483 4356 2075 4428">
     <span class='ocr_line' id='line_1_75' title="bbox 483 4356 2075 4428; baseline -0.002 -15"><span class='ocrx_word' id='word_1_567' title='bbox 483 4359 703 4413; x_wconf 87' lang='lat' dir='ltr'><strong>dicens:</strong></span> <span class='ocrx_word' id='word_1_568' title='bbox 753 4358 948 4412; x_wconf 85' lang='lat' dir='ltr'><strong>Factus</strong></span> <span class='ocrx_word' id='word_1_569' title='bbox 995 4366 1071 4412; x_wconf 83' lang='lat' dir='ltr'><strong>est</strong></span> <span class='ocrx_word' id='word_1_570' title='bbox 1122 4373 1360 4411; x_wconf 80' lang='lat' dir='ltr'><strong>numerus</strong></span> <span class='ocrx_word' id='word_1_571' title='bbox 1410 4370 1587 4412; x_wconf 82' lang='lat' dir='ltr'><strong>eorum</strong></span> <span class='ocrx_word' id='word_1_572' title='bbox 1634 4358 1857 4428; x_wconf 82' lang='lat' dir='ltr'><strong>quinque</strong></span> <span class='ocrx_word' id='word_1_573' title='bbox 1908 4356 2075 4410; x_wconf 86' lang='lat' dir='ltr'><strong>millia</strong></span> 
     </span>
    </p>
   </div>
   <div class='ocr_carea' id='block_1_75' title="bbox 486 4449 1783 4523">
    <p class='ocr_par' dir='ltr' id='par_1_75' title="bbox 486 4449 1783 4523">
     <span class='ocr_line' id='line_1_76' title="bbox 486 4449 1783 4523; baseline 0 -20"><span class='ocrx_word' id='word_1_574' title='bbox 486 4450 623 4523; x_wconf 76' lang='lat' dir='ltr'><strong>(Act.</strong></span> <span class='ocrx_word' id='word_1_575' title='bbox 656 4466 727 4517; x_wconf 82' lang='lat' dir='ltr'><strong>tv,</strong></span> <span class='ocrx_word' id='word_1_576' title='bbox 760 4450 839 4519; x_wconf 72' lang='grc'><strong>4).</strong></span> <span class='ocrx_word' id='word_1_577' title='bbox 874 4450 949 4505; x_wconf 90' lang='lat' dir='ltr'><strong>De</strong></span> <span class='ocrx_word' id='word_1_578' title='bbox 978 4449 1220 4520; x_wconf 87' lang='lat' dir='ltr'><strong>reprobis</strong></span> <span class='ocrx_word' id='word_1_579' title='bbox 1246 4465 1376 4505; x_wconf 85' lang='lat' dir='ltr'><strong>vero</strong></span> <span class='ocrx_word' id='word_1_580' title='bbox 1400 4450 1745 4521; x_wconf 83' lang='lat' dir='ltr'><strong>subjungitur</strong></span> <span class='ocrx_word' id='word_1_581' title='bbox 1771 4468 1783 4503; x_wconf 86' lang='lat'><strong>:</strong></span> 
     </span>
    </p>
   </div>
   <div class='ocr_carea' id='block_1_76' title="bbox 556 4541 2075 4615">
    <p class='ocr_par' dir='ltr' id='par_1_76' title="bbox 556 4541 2075 4615">
     <span class='ocr_line' id='line_1_77' title="bbox 556 4541 2075 4615; baseline 0.001 -17"><span class='ocrx_word' id='word_1_582' title='bbox 556 4542 732 4615; x_wconf 82' lang='lat' dir='ltr'><strong>(Vers.</strong></span> <span class='ocrx_word' id='word_1_583' title='bbox 754 4541 868 4612; x_wconf 67' lang='grc'><strong>25.)</strong></span> <span class='ocrx_word' id='word_1_584' title='bbox 908 4542 979 4597; x_wconf 84' lang='lat' dir='ltr'><strong>Et</strong></span> <span class='ocrx_word' id='word_1_585' title='bbox 1004 4559 1106 4598; x_wconf 88' lang='lat' dir='ltr'><strong>non</strong></span> <span class='ocrx_word' id='word_1_586' title='bbox 1133 4544 1407 4598; x_wconf 83' lang='lat' dir='ltr'><strong>audierunt</strong></span> <span class='ocrx_word' id='word_1_587' title='bbox 1440 4561 1608 4601; x_wconf 78' lang='lat' dir='ltr'><strong>vocem</strong></span> <span class='ocrx_word' id='word_1_588' title='bbox 1631 4546 1795 4615; x_wconf 83' lang='lat' dir='ltr'><strong>patris</strong></span> <span class='ocrx_word' id='word_1_589' title='bbox 1825 4545 1926 4613; x_wconf 82' lang='lat' dir='ltr'><strong>sui,</strong></span> <span class='ocrx_word' id='word_1_590' title='bbox 1955 4545 2075 4615; x_wconf 84' lang='lat' dir='ltr'><strong>quia</strong></span> 
     </span>
    </p>
   </div>
   <div class='ocr_carea' id='block_1_77' title="bbox 482 4636 1308 4695">
    <p class='ocr_par' dir='ltr' id='par_1_77' title="bbox 482 4636 1308 4695">
     <span class='ocr_line' id='line_1_78' title="bbox 482 4636 1308 4695; baseline -0.001 -1"><span class='ocrx_word' id='word_1_591' title='bbox 482 4640 643 4695; x_wconf 76' lang='lat' dir='ltr'><strong>coluit</strong></span> <span class='ocrx_word' id='word_1_592' title='bbox 672 4639 922 4694; x_wconf 79' lang='lat' dir='ltr'><strong>Dominus</strong></span> <span class='ocrx_word' id='word_1_593' title='bbox 946 4636 1175 4693; x_wconf 79' lang='lat' dir='ltr'><strong>occidere</strong></span> <span class='ocrx_word' id='word_1_594' title='bbox 1202 4654 1308 4693; x_wconf 84' lang='lat' dir='ltr'><strong>eos.</strong></span> 
     </span>
    </p>
   </div>
   <div class='ocr_carea' id='block_1_78' title="bbox 552 4722 2073 4803">
    <p class='ocr_par' dir='ltr' id='par_1_78' title="bbox 552 4722 2073 4803">
     <span class='ocr_line' id='line_1_79' title="bbox 552 4722 2073 4803; baseline -0.001 -15"><span class='ocrx_word' id='word_1_595' title='bbox 552 4733 641 4788; x_wconf 74' lang='grc'><strong>20.</strong></span> <span class='ocrx_word' id='word_1_596' title='bbox 684 4729 787 4789; x_wconf 86' lang='lat' dir='ltr'><strong>Per</strong></span> <span class='ocrx_word' id='word_1_597' title='bbox 807 4722 1123 4803; x_wconf 69' lang='lat' dir='ltr'><strong>prepheta&#39;m</strong></span> <span class='ocrx_word' id='word_1_598' title='bbox 1150 4730 1409 4787; x_wconf 90' lang='lat' dir='ltr'><strong>Dominus</strong></span> <span class='ocrx_word' id='word_1_599' title='bbox 1429 4728 1769 4797; x_wconf 89' lang='lat' dir='ltr'><strong>denuntians,</strong></span> <span class='ocrx_word' id='word_1_600' title='bbox 1795 4731 1904 4785; x_wconf 88' lang='lat' dir='ltr'><strong>ait:</strong></span> <span class='ocrx_word' id='word_1_601' title='bbox 1933 4728 2073 4786; x_wconf 87' lang='lat' dir='ltr'><strong>Nolo</strong></span> 
     </span>
    </p>
   </div>
   <div class='ocr_carea' id='block_1_79' title="bbox 483 4822 2070 4899">
    <p class='ocr_par' dir='ltr' id='par_1_79' title="bbox 483 4822 2070 4899">
     <span class='ocr_line' id='line_1_80' title="bbox 483 4822 2070 4899; baseline -0.004 -14"><span class='ocrx_word' id='word_1_602' title='bbox 483 4838 700 4885; x_wconf 87' lang='lat' dir='ltr'><strong>mortem</strong></span> <span class='ocrx_word' id='word_1_603' title='bbox 728 4827 1032 4899; x_wconf 80' lang='lat' dir='ltr'><strong>peccatoris,</strong></span> <span class='ocrx_word' id='word_1_604' title='bbox 1070 4827 1159 4881; x_wconf 85' lang='lat' dir='ltr'><strong>sed</strong></span> <span class='ocrx_word' id='word_1_605' title='bbox 1181 4835 1237 4880; x_wconf 89' lang='lat' dir='ltr'><strong>ut</strong></span> <span class='ocrx_word' id='word_1_606' title='bbox 1260 4829 1583 4881; x_wconf 82' lang='lat' dir='ltr'><strong>convertatur</strong></span> <span class='ocrx_word' id='word_1_607' title='bbox 1605 4833 1653 4878; x_wconf 77' lang='lat' dir='ltr'><strong>et</strong></span> <span class='ocrx_word' id='word_1_608' title='bbox 1691 4825 1825 4877; x_wconf 83' lang='lat' dir='ltr'><strong>vivat</strong></span> <span class='ocrx_word' id='word_1_609' title='bbox 1857 4822 2070 4897; x_wconf 73' lang='lat' dir='ltr'><strong>(Ezech.</strong></span> 
     </span>
    </p>
   </div>
   <div class='ocr_carea' id='block_1_80' title="bbox 486 4916 2073 4991">
    <p class='ocr_par' dir='ltr' id='par_1_80' title="bbox 486 4916 2073 4991">
     <span class='ocr_line' id='line_1_81' title="bbox 486 4916 2073 4991; baseline -0.005 -14"><span class='ocrx_word' id='word_1_610' title='bbox 486 4939 633 4990; x_wconf 85' lang='lat' dir='ltr'><strong>xvm,</strong></span> <span class='ocrx_word' id='word_1_611' title='bbox 662 4922 766 4991; x_wconf 66' lang='lat'><strong>23;</strong></span> <span class='ocrx_word' id='word_1_612' title='bbox 805 4930 854 4977; x_wconf 90' lang='lat' dir='ltr'><strong>et</strong></span> <span class='ocrx_word' id='word_1_613' title='bbox 895 4936 1082 4988; x_wconf 70' lang='lat' dir='ltr'><strong>xum,</strong></span> <span class='ocrx_word' id='word_1_614' title='bbox 1114 4919 1223 4991; x_wconf 81' lang='lat' dir='ltr'><strong>ii).</strong></span> <span class='ocrx_word' id='word_1_615' title='bbox 1258 4917 1542 4987; x_wconf 91' lang='lat' dir='ltr'><strong>Quomodo</strong></span> <span class='ocrx_word' id='word_1_616' title='bbox 1573 4931 1702 4987; x_wconf 84' lang='lat' dir='ltr'><strong>ergo</strong></span> <span class='ocrx_word' id='word_1_617' title='bbox 1730 4916 1780 4972; x_wconf 87' lang='lat' dir='ltr'><strong>ci</strong></span> <span class='ocrx_word' id='word_1_618' title='bbox 1814 4916 2073 4986; x_wconf 91' lang='lat' dir='ltr'><strong>competit</strong></span> 
     </span>
    </p>
   </div>
   <div class='ocr_carea' id='block_1_81' title="bbox 484 5010 2074 5084">
    <p class='ocr_par' dir='ltr' id='par_1_81' title="bbox 484 5010 2074 5084">
     <span class='ocr_line' id='line_1_82' title="bbox 484 5010 2074 5084; baseline -0.003 -15"><span class='ocrx_word' id='word_1_619' title='bbox 484 5015 625 5069; x_wconf 88' lang='lat' dir='ltr'><strong>velle</strong></span> <span class='ocrx_word' id='word_1_620' title='bbox 672 5014 919 5070; x_wconf 83' lang='lat' dir='ltr'><strong>occidere</strong></span> <span class='ocrx_word' id='word_1_621' title='bbox 966 5020 1340 5084; x_wconf 90' lang='lat' dir='ltr'><strong>peccatorem,</strong></span> <span class='ocrx_word' id='word_1_622' title='bbox 1392 5017 1447 5067; x_wconf 91' lang='lat' dir='ltr'><strong>et</strong></span> <span class='ocrx_word' id='word_1_623' title='bbox 1500 5020 1730 5067; x_wconf 89' lang='lat' dir='ltr'><strong>mortem</strong></span> <span class='ocrx_word' id='word_1_624' title='bbox 1776 5010 2074 5081; x_wconf 88' lang='lat' dir='ltr'><strong>peccatoris</strong></span> 
     </span>
    </p>
   </div>
   <div class='ocr_carea' id='block_1_82' title="bbox 485 5101 2077 5181">
    <p class='ocr_par' dir='ltr' id='par_1_82' title="bbox 485 5101 2077 5181">
     <span class='ocr_line' id='line_1_83' title="bbox 485 5101 2077 5181; baseline -0.004 -19"><span class='ocrx_word' id='word_1_625' title='bbox 485 5109 672 5164; x_wconf 84' lang='lat' dir='ltr'><strong>nolle?</strong></span> <span class='ocrx_word' id='word_1_626' title='bbox 700 5109 805 5165; x_wconf 83' lang='lat' dir='ltr'><strong>Sed</strong></span> <span class='ocrx_word' id='word_1_627' title='bbox 827 5109 879 5163; x_wconf 91' lang='lat' dir='ltr'><strong>in</strong></span> <span class='ocrx_word' id='word_1_628' title='bbox 910 5106 1134 5181; x_wconf 66' lang='lat' dir='ltr'><strong>prteiato</strong></span> <span class='ocrx_word' id='word_1_629' title='bbox 1165 5105 1473 5163; x_wconf 89' lang='lat' dir='ltr'><strong>testimonio</strong></span> <span class='ocrx_word' id='word_1_630' title='bbox 1503 5105 1747 5176; x_wconf 88' lang='lat' dir='ltr'><strong>sequitur</strong></span> <span class='ocrx_word' id='word_1_631' title='bbox 1775 5103 1915 5159; x_wconf 91' lang='lat' dir='ltr'><strong>unde</strong></span> <span class='ocrx_word' id='word_1_632' title='bbox 1938 5101 2077 5158; x_wconf 88' lang='lat' dir='ltr'><strong>veri-</strong></span> 
     </span>
    </p>
   </div>
   <div class='ocr_carea' id='block_1_83' title="bbox 486 5193 2075 5269">
    <p class='ocr_par' dir='ltr' id='par_1_83' title="bbox 486 5193 2075 5269">
     <span class='ocr_line' id='line_1_84' title="bbox 486 5193 2075 5269; baseline -0.004 -16"><span class='ocrx_word' id='word_1_633' title='bbox 486 5209 565 5256; x_wconf 84' lang='lat' dir='ltr'><strong>tas</strong></span> <span class='ocrx_word' id='word_1_634' title='bbox 593 5208 915 5269; x_wconf 82' lang='lat' dir='ltr'><strong>agnoscatur</strong></span> <span class='ocrx_word' id='word_1_635' title='bbox 945 5216 962 5267; x_wconf 94' lang='lat'><strong>;</strong></span> <span class='ocrx_word' id='word_1_636' title='bbox 1007 5200 1081 5254; x_wconf 88' lang='lat' dir='ltr'><strong>ait</strong></span> <span class='ocrx_word' id='word_1_637' title='bbox 1109 5198 1255 5256; x_wconf 91' lang='lat' dir='ltr'><strong>enim</strong></span> <span class='ocrx_word' id='word_1_638' title='bbox 1288 5215 1299 5251; x_wconf 91' lang='lat'><strong>:</strong></span> <span class='ocrx_word' id='word_1_639' title='bbox 1352 5197 1465 5253; x_wconf 83' lang='lat' dir='ltr'><strong>Sed</strong></span> <span class='ocrx_word' id='word_1_640' title='bbox 1489 5202 1545 5251; x_wconf 89' lang='lat' dir='ltr'><strong>ut</strong></span> <span class='ocrx_word' id='word_1_641' title='bbox 1572 5203 1898 5252; x_wconf 83' lang='lat' dir='ltr'><strong>convertatur</strong></span> <span class='ocrx_word' id='word_1_642' title='bbox 1922 5202 1970 5248; x_wconf 87' lang='lat' dir='ltr'><strong>et</strong></span> <span class='ocrx_word' id='word_1_643' title='bbox 1999 5193 2075 5247; x_wconf 88' lang='lat' dir='ltr'><strong>vi-</strong></span> 
     </span>
    </p>
   </div>
   <div class='ocr_carea' id='block_1_84' title="bbox 484 5290 2072 5363">
    <p class='ocr_par' dir='ltr' id='par_1_84' title="bbox 484 5290 2072 5363">
     <span class='ocr_line' id='line_1_85' title="bbox 484 5290 2072 5363; baseline -0.002 -20"><span class='ocrx_word' id='word_1_644' title='bbox 484 5301 583 5344; x_wconf 82' lang='lat' dir='ltr'><strong>vat.</strong></span> <span class='ocrx_word' id='word_1_645' title='bbox 620 5292 719 5357; x_wconf 84' lang='lat' dir='ltr'><strong>Qui</strong></span> <span class='ocrx_word' id='word_1_646' title='bbox 743 5293 882 5347; x_wconf 90' lang='lat' dir='ltr'><strong>enim</strong></span> <span class='ocrx_word' id='word_1_647' title='bbox 905 5298 1248 5363; x_wconf 88' lang='lat' dir='ltr'><strong>peccatorem</strong></span> <span class='ocrx_word' id='word_1_648' title='bbox 1274 5290 1389 5345; x_wconf 83' lang='lat' dir='ltr'><strong>vult</strong></span> <span class='ocrx_word' id='word_1_649' title='bbox 1415 5290 1595 5345; x_wconf 87' lang='lat' dir='ltr'><strong>vivere</strong></span> <span class='ocrx_word' id='word_1_650' title='bbox 1624 5296 1684 5343; x_wconf 91' lang='lat' dir='ltr'><strong>ut</strong></span> <span class='ocrx_word' id='word_1_651' title='bbox 1706 5294 2072 5353; x_wconf 86' lang='lat' dir='ltr'><strong>convertatur,</strong></span> 
     </span>
    </p>
   </div>
   <div class='ocr_carea' id='block_1_85' title="bbox 484 5377 2073 5451">
    <p class='ocr_par' dir='ltr' id='par_1_85' title="bbox 484 5377 2073 5451">
     <span class='ocr_line' id='line_1_86' title="bbox 484 5377 2073 5451; baseline -0.003 -16"><span class='ocrx_word' id='word_1_652' title='bbox 484 5383 529 5435; x_wconf 89' lang='lat' dir='ltr'><strong>si</strong></span> <span class='ocrx_word' id='word_1_653' title='bbox 577 5384 716 5437; x_wconf 90' lang='lat' dir='ltr'><strong>hunc</strong></span> <span class='ocrx_word' id='word_1_654' title='bbox 754 5384 1216 5439; x_wconf 88' lang='lat' dir='ltr'><strong>inconvertibiiem</strong></span> <span class='ocrx_word' id='word_1_655' title='bbox 1264 5382 1446 5437; x_wconf 92' lang='lat' dir='ltr'><strong>divina</strong></span> <span class='ocrx_word' id='word_1_656' title='bbox 1494 5380 1828 5451; x_wconf 72' lang='lat' dir='ltr'><strong>przescientia</strong></span> <span class='ocrx_word' id='word_1_657' title='bbox 1868 5377 2073 5445; x_wconf 85' lang='lat' dir='ltr'><strong>noscit,</strong></span> 
     </span>
    </p>
   </div>
   <div class='ocr_carea' id='block_1_86' title="bbox 485 5471 2077 5547">
    <p class='ocr_par' dir='ltr' id='par_1_86' title="bbox 485 5471 2077 5547">
     <span class='ocr_line' id='line_1_87' title="bbox 485 5471 2077 5547; baseline -0.001 -19"><span class='ocrx_word' id='word_1_658' title='bbox 485 5474 698 5528; x_wconf 89' lang='lat' dir='ltr'><strong>occidit.</strong></span> <span class='ocrx_word' id='word_1_659' title='bbox 732 5475 857 5530; x_wconf 79' lang='lat' dir='ltr'><strong>Vult</strong></span> <span class='ocrx_word' id='word_1_660' title='bbox 895 5484 1024 5547; x_wconf 72' lang='lat' dir='ltr'><strong>ergo</strong></span> <span class='ocrx_word' id='word_1_661' title='bbox 1072 5476 1332 5531; x_wconf 88' lang='lat' dir='ltr'><strong>Dominus</strong></span> <span class='ocrx_word' id='word_1_662' title='bbox 1360 5473 1611 5531; x_wconf 90' lang='lat' dir='ltr'><strong>occidere</strong></span> <span class='ocrx_word' id='word_1_663' title='bbox 1636 5514 1651 5542; x_wconf 94' lang='lat'><strong>,</strong></span> <span class='ocrx_word' id='word_1_664' title='bbox 1699 5471 1791 5527; x_wconf 87' lang='lat' dir='ltr'><strong>sed</strong></span> <span class='ocrx_word' id='word_1_665' title='bbox 1821 5484 1914 5527; x_wconf 90' lang='lat' dir='ltr'><strong>eos</strong></span> <span class='ocrx_word' id='word_1_666' title='bbox 1942 5485 2077 5539; x_wconf 91' lang='lat' dir='ltr'><strong>quos</strong></span> 
     </span>
    </p>
   </div>
   <div class='ocr_carea' id='block_1_87' title="bbox 489 5562 2073 5639">
    <p class='ocr_par' dir='ltr' id='par_1_87' title="bbox 489 5562 2073 5639">
     <span class='ocr_line' id='line_1_88' title="bbox 489 5562 2073 5639; baseline 0 -17"><span class='ocrx_word' id='word_1_667' title='bbox 489 5570 777 5639; x_wconf 71' lang='lat' dir='ltr'><strong>przcnoscit</strong></span> <span class='ocrx_word' id='word_1_668' title='bbox 815 5571 1056 5627; x_wconf 85' lang='lat' dir='ltr'><strong>converti</strong></span> <span class='ocrx_word' id='word_1_669' title='bbox 1086 5566 1249 5627; x_wconf 83' lang='lat' dir='ltr'><strong>nolle.</strong></span> <span class='ocrx_word' id='word_1_670' title='bbox 1303 5568 1613 5625; x_wconf 86' lang='lat' dir='ltr'><strong>Misericors</strong></span> <span class='ocrx_word' id='word_1_671' title='bbox 1634 5564 1779 5622; x_wconf 90' lang='lat' dir='ltr'><strong>enim</strong></span> <span class='ocrx_word' id='word_1_672' title='bbox 1820 5573 1873 5621; x_wconf 90' lang='lat' dir='ltr'><strong>et</strong></span> <span class='ocrx_word' id='word_1_673' title='bbox 1898 5562 2073 5635; x_wconf 81' lang='lat' dir='ltr'><strong>justus</strong></span> 
     </span>
    </p>
   </div>
   <div class='ocr_carea' id='block_1_88' title="bbox 466 5720 2074 5803">
    <p class='ocr_par' dir='ltr' id='par_1_88' title="bbox 466 5720 2074 5803">
     <span class='ocr_line' id='line_1_89' title="bbox 466 5720 2074 5803; baseline -0.009 -14"><span class='ocrx_word' id='word_1_674' title='bbox 466 5756 480 5803; x_wconf 63' lang='grc' dir='ltr'><strong><em>χ</em></strong></span> <span class='ocrx_word' id='word_1_675' title='bbox 557 5740 581 5769; x_wconf 71' lang='grc'><strong>⁸</strong></span> <span class='ocrx_word' id='word_1_676' title='bbox 612 5728 777 5786; x_wconf 79' lang='lat' dir='ltr'><strong>Forte</strong></span> <span class='ocrx_word' id='word_1_677' title='bbox 800 5729 1080 5801; x_wconf 82' lang='lat' dir='ltr'><strong>legendum</strong></span> <span class='ocrx_word' id='word_1_678' title='bbox 1112 5730 1325 5797; x_wconf 78' lang='lat' dir='ltr'><strong>devicit,</strong></span> <span class='ocrx_word' id='word_1_679' title='bbox 1355 5726 1445 5782; x_wconf 91' lang='lat' dir='ltr'><strong>vei</strong></span> <span class='ocrx_word' id='word_1_680' title='bbox 1464 5726 1623 5795; x_wconf 69' lang='lat' dir='ltr'><strong>eicit,</strong></span> <span class='ocrx_word' id='word_1_681' title='bbox 1654 5722 1780 5779; x_wconf 88' lang='lat' dir='ltr'><strong>licet</strong></span> <span class='ocrx_word' id='word_1_682' title='bbox 1808 5721 1862 5777; x_wconf 89' lang='lat' dir='ltr'><strong>in</strong></span> <span class='ocrx_word' id='word_1_683' title='bbox 1891 5720 2074 5776; x_wconf 80' lang='lat' dir='ltr'><strong>omni-</strong></span> 
     </span>
    </p>
   </div>
   <div class='ocr_carea' id='block_1_89' title="bbox 481 5803 1199 5873">
    <p class='ocr_par' dir='ltr' id='par_1_89' title="bbox 481 5803 1199 5873">
     <span class='ocr_line' id='line_1_90' title="bbox 481 5803 1199 5873; baseline -0.01 -11"><span class='ocrx_word' id='word_1_684' title='bbox 481 5805 582 5862; x_wconf 85' lang='lat' dir='ltr'><strong>bus</strong></span> <span class='ocrx_word' id='word_1_685' title='bbox 608 5804 783 5859; x_wconf 85' lang='lat' dir='ltr'><strong>Editis</strong></span> <span class='ocrx_word' id='word_1_686' title='bbox 803 5804 1011 5873; x_wconf 78' lang='lat' dir='ltr'><strong>legatur</strong></span> <span class='ocrx_word' id='word_1_687' title='bbox 1039 5803 1199 5856; x_wconf 74' lang='lat' dir='ltr'><strong>ducit.</strong></span> 
     </span>
    </p>
   </div>
   <div class='ocr_carea' id='block_1_90' title="bbox 555 5865 2069 5943">
    <p class='ocr_par' dir='ltr' id='par_1_90' title="bbox 555 5865 2069 5943">
     <span class='ocr_line' id='line_1_91' title="bbox 555 5865 2069 5943; baseline -0.008 -11"><span class='ocrx_word' id='word_1_688' title='bbox 555 5878 577 5914; x_wconf 67' lang='grc' dir='ltr'><strong>ιι</strong></span> <span class='ocrx_word' id='word_1_689' title='bbox 614 5874 776 5931; x_wconf 87' lang='lat' dir='ltr'><strong>Gilot.</strong></span> <span class='ocrx_word' id='word_1_690' title='bbox 813 5865 1091 5942; x_wconf 62' lang='lat' dir='ltr'><strong>et&#39;Vatic.,</strong></span> <span class='ocrx_word' id='word_1_691' title='bbox 1121 5874 1293 5943; x_wconf 85' lang='lat' dir='ltr'><strong>vigore</strong></span> <span class='ocrx_word' id='word_1_692' title='bbox 1317 5870 1373 5925; x_wconf 87' lang='lat' dir='ltr'><strong>in</strong></span> <span class='ocrx_word' id='word_1_693' title='bbox 1402 5866 1714 5943; x_wconf 79' lang='lat' dir='ltr'><strong>promulgati</strong></span> <span class='ocrx_word' id='word_1_694' title='bbox 1736 5865 1876 5941; x_wconf 80' lang='lat' dir='ltr'><strong>juris</strong></span> <span class='ocrx_word' id='word_1_695' title='bbox 1916 5879 2069 5925; x_wconf 74' lang='lat' dir='ltr'><strong>exse-</strong></span> 
     </span>
    </p>
   </div>
   <div class='ocr_carea' id='block_1_91' title="bbox 2171 3338 3773 3413">
    <p class='ocr_par' dir='ltr' id='par_1_91' title="bbox 2171 3338 3773 3413">
     <span class='ocr_line' id='line_1_92' title="bbox 2171 3338 3773 3413; baseline 0.004 -19"><span class='ocrx_word' id='word_1_696' title='bbox 2171 3355 2321 3395; x_wconf 90' lang='lat' dir='ltr'><strong>sacra</strong></span> <span class='ocrx_word' id='word_1_697' title='bbox 2349 3338 2623 3411; x_wconf 89' lang='lat' dir='ltr'><strong>Scriptura</strong></span> <span class='ocrx_word' id='word_1_698' title='bbox 2646 3340 2888 3411; x_wconf 91' lang='lat' dir='ltr'><strong>quotidie</strong></span> <span class='ocrx_word' id='word_1_699' title='bbox 2910 3339 3107 3397; x_wconf 71' lang='lat' dir='ltr'><strong>Iudaeis</strong></span> <span class='ocrx_word' id='word_1_700' title='bbox 3126 3342 3269 3397; x_wconf 89' lang='lat' dir='ltr'><strong>aliud</strong></span> <span class='ocrx_word' id='word_1_701' title='bbox 3296 3358 3457 3412; x_wconf 88' lang='lat' dir='ltr'><strong>quam</strong></span> <span class='ocrx_word' id='word_1_702' title='bbox 3479 3343 3773 3413; x_wconf 77' lang='lat' dir='ltr'><strong>caliginem</strong></span> 
     </span>
    </p>
   </div>
   <div class='ocr_carea' id='block_1_92' title="bbox 2172 3432 3776 3508">
    <p class='ocr_par' dir='ltr' id='par_1_92' title="bbox 2172 3432 3776 3508">
     <span class='ocr_line' id='line_1_93' title="bbox 2172 3432 3776 3508; baseline 0.003 -20"><span class='ocrx_word' id='word_1_703' title='bbox 2172 3433 2250 3488; x_wconf 91' lang='lat' dir='ltr'><strong>sui</strong></span> <span class='ocrx_word' id='word_1_704' title='bbox 2278 3432 2476 3488; x_wconf 83' lang='lat' dir='ltr'><strong>erroris</strong></span> <span class='ocrx_word' id='word_1_705' title='bbox 2505 3434 2774 3489; x_wconf 87' lang='lat' dir='ltr'><strong>insinuat?</strong></span> <span class='ocrx_word' id='word_1_706' title='bbox 2805 3432 2921 3490; x_wconf 82' lang='lat' dir='ltr'><strong>Non</strong></span> <span class='ocrx_word' id='word_1_707' title='bbox 2952 3432 3203 3508; x_wconf 89' lang='lat' dir='ltr'><strong>equidem</strong></span> <span class='ocrx_word' id='word_1_708' title='bbox 3228 3436 3307 3493; x_wconf 91' lang='lat' dir='ltr'><strong>sic</strong></span> <span class='ocrx_word' id='word_1_709' title='bbox 3336 3453 3432 3507; x_wconf 90' lang='lat' dir='ltr'><strong>per</strong></span> <span class='ocrx_word' id='word_1_710' title='bbox 3460 3438 3690 3494; x_wconf 88' lang='lat' dir='ltr'><strong>latentes</strong></span> <span class='ocrx_word' id='word_1_711' title='bbox 3711 3446 3776 3493; x_wconf 90' lang='lat' dir='ltr'><strong>et</strong></span> 
     </span>
    </p>
   </div>
   <div class='ocr_carea' id='block_1_93' title="bbox 2173 3524 3773 3599">
    <p class='ocr_par' dir='ltr' id='par_1_93' title="bbox 2173 3524 3773 3599">
     <span class='ocr_line' id='line_1_94' title="bbox 2173 3524 3773 3599; baseline 0.004 -20"><span class='ocrx_word' id='word_1_712' title='bbox 2173 3524 2440 3595; x_wconf 88' lang='lat' dir='ltr'><strong>spiritales</strong></span> <span class='ocrx_word' id='word_1_713' title='bbox 2466 3525 2769 3582; x_wconf 88' lang='lat' dir='ltr'><strong>intellectus</strong></span> <span class='ocrx_word' id='word_1_714' title='bbox 2792 3524 3215 3599; x_wconf 82' lang='lat' dir='ltr'><strong>Rcdemptorem</strong></span> <span class='ocrx_word' id='word_1_715' title='bbox 3245 3526 3529 3597; x_wconf 70' lang='lat' dir='ltr'><strong>prmdicat,</strong></span> <span class='ocrx_word' id='word_1_716' title='bbox 3563 3536 3622 3582; x_wconf 91' lang='lat' dir='ltr'><strong>ut</strong></span> <span class='ocrx_word' id='word_1_717' title='bbox 3651 3528 3773 3597; x_wconf 75' lang='lat' dir='ltr'><strong>ejus</strong></span> 
     </span>
    </p>
   </div>
   <div class='ocr_carea' id='block_1_94' title="bbox 2174 3616 3774 3688">
    <p class='ocr_par' dir='ltr' id='par_1_94' title="bbox 2174 3616 3774 3688">
     <span class='ocr_line' id='line_1_95' title="bbox 2174 3616 3774 3688; baseline 0.001 -17"><span class='ocrx_word' id='word_1_718' title='bbox 2174 3616 2595 3674; x_wconf 90' lang='lat' dir='ltr'><strong>incarnationem</strong></span> <span class='ocrx_word' id='word_1_719' title='bbox 2621 3658 2636 3684; x_wconf 89' lang='lat'><strong>,</strong></span> <span class='ocrx_word' id='word_1_720' title='bbox 2674 3617 3011 3674; x_wconf 87' lang='lat' dir='ltr'><strong>nativitatem</strong></span> <span class='ocrx_word' id='word_1_721' title='bbox 3032 3660 3045 3684; x_wconf 93' lang='lat'><strong>,</strong></span> <span class='ocrx_word' id='word_1_722' title='bbox 3088 3616 3395 3688; x_wconf 78' lang='lat' dir='ltr'><strong>passionem</strong></span> <span class='ocrx_word' id='word_1_723' title='bbox 3420 3660 3434 3684; x_wconf 89' lang='lat'><strong>,</strong></span> <span class='ocrx_word' id='word_1_724' title='bbox 3491 3633 3774 3674; x_wconf 84' lang='lat' dir='ltr'><strong>resurrec-</strong></span> 
     </span>
    </p>
   </div>
   <div class='ocr_carea' id='block_1_95' title="bbox 2174 3710 3775 3784">
    <p class='ocr_par' dir='ltr' id='par_1_95' title="bbox 2174 3710 3775 3784">
     <span class='ocr_line' id='line_1_96' title="bbox 2174 3710 3775 3784; baseline 0.002 -21"><span class='ocrx_word' id='word_1_725' title='bbox 2174 3710 2375 3765; x_wconf 90' lang='lat' dir='ltr'><strong>tionem</strong></span> <span class='ocrx_word' id='word_1_726' title='bbox 2402 3752 2417 3778; x_wconf 92' lang='lat'><strong>,</strong></span> <span class='ocrx_word' id='word_1_727' title='bbox 2446 3718 2500 3765; x_wconf 90' lang='lat' dir='ltr'><strong>et</strong></span> <span class='ocrx_word' id='word_1_728' title='bbox 2544 3710 2610 3765; x_wconf 92' lang='lat' dir='ltr'><strong>ad</strong></span> <span class='ocrx_word' id='word_1_729' title='bbox 2642 3711 2809 3767; x_wconf 77' lang='lat' dir='ltr'><strong>cmlos</strong></span> <span class='ocrx_word' id='word_1_730' title='bbox 2850 3710 3223 3767; x_wconf 88' lang='lat' dir='ltr'><strong>ascensionem</strong></span> <span class='ocrx_word' id='word_1_731' title='bbox 3262 3726 3369 3765; x_wconf 92' lang='lat' dir='ltr'><strong>non</strong></span> <span class='ocrx_word' id='word_1_732' title='bbox 3395 3719 3648 3784; x_wconf 86' lang='lat' dir='ltr'><strong>patenter</strong></span> <span class='ocrx_word' id='word_1_733' title='bbox 3675 3727 3775 3767; x_wconf 86' lang='lat' dir='ltr'><strong>os-</strong></span> 
     </span>
    </p>
   </div>
   <div class='ocr_carea' id='block_1_96' title="bbox 2177 3796 3770 3875">
    <p class='ocr_par' dir='ltr' id='par_1_96' title="bbox 2177 3796 3770 3875">
     <span class='ocr_line' id='line_1_97' title="bbox 2177 3796 3770 3875; baseline 0.001 -20"><span class='ocrx_word' id='word_1_734' title='bbox 2177 3802 2379 3858; x_wconf 88' lang='lat' dir='ltr'><strong>tendat.</strong></span> <span class='ocrx_word' id='word_1_735' title='bbox 2411 3801 2519 3858; x_wconf 83' lang='lat' dir='ltr'><strong>Nec</strong></span> <span class='ocrx_word' id='word_1_736' title='bbox 2550 3802 2650 3875; x_wconf 87' lang='lat' dir='ltr'><strong>ipsi</strong></span> <span class='ocrx_word' id='word_1_737' title='bbox 2682 3808 2790 3857; x_wconf 88' lang='lat' dir='ltr'><strong>tam</strong></span> <span class='ocrx_word' id='word_1_738' title='bbox 2820 3796 3217 3858; x_wconf 87' lang='lat' dir='ltr'><strong>irrationabiles</strong></span> <span class='ocrx_word' id='word_1_739' title='bbox 3258 3810 3411 3870; x_wconf 90' lang='lat' dir='ltr'><strong>sunt,</strong></span> <span class='ocrx_word' id='word_1_740' title='bbox 3446 3812 3502 3856; x_wconf 88' lang='lat' dir='ltr'><strong>ut</strong></span> <span class='ocrx_word' id='word_1_741' title='bbox 3531 3810 3639 3857; x_wconf 91' lang='lat' dir='ltr'><strong>tam</strong></span> <span class='ocrx_word' id='word_1_742' title='bbox 3672 3818 3770 3858; x_wconf 76' lang='lat' dir='ltr'><strong>ex-</strong></span> 
     </span>
    </p>
   </div>
   <div class='ocr_carea' id='block_1_97' title="bbox 2177 3892 3778 3967">
    <p class='ocr_par' dir='ltr' id='par_1_97' title="bbox 2177 3892 3778 3967">
     <span class='ocr_line' id='line_1_98' title="bbox 2177 3892 3778 3967; baseline 0.001 -20"><span class='ocrx_word' id='word_1_743' title='bbox 2177 3892 2426 3948; x_wconf 90' lang='lat' dir='ltr'><strong>cellentia</strong></span> <span class='ocrx_word' id='word_1_744' title='bbox 2477 3894 2617 3949; x_wconf 89' lang='lat' dir='ltr'><strong>bona</strong></span> <span class='ocrx_word' id='word_1_745' title='bbox 2649 3893 2997 3967; x_wconf 85' lang='lat' dir='ltr'><strong>Redemptori</strong></span> <span class='ocrx_word' id='word_1_746' title='bbox 3037 3892 3327 3951; x_wconf 90' lang='lat' dir='ltr'><strong>convenire</strong></span> <span class='ocrx_word' id='word_1_747' title='bbox 3367 3909 3475 3950; x_wconf 92' lang='lat' dir='ltr'><strong>non</strong></span> <span class='ocrx_word' id='word_1_748' title='bbox 3516 3895 3778 3964; x_wconf 85' lang='lat' dir='ltr'><strong>videant;</strong></span> 
     </span>
    </p>
   </div>
   <div class='ocr_carea' id='block_1_98' title="bbox 2177 3980 3778 4061">
    <p class='ocr_par' dir='ltr' id='par_1_98' title="bbox 2177 3980 3778 4061">
     <span class='ocr_line' id='line_1_99' title="bbox 2177 3980 3778 4061; baseline 0.003 -21"><span class='ocrx_word' id='word_1_749' title='bbox 2177 3984 2271 4040; x_wconf 90' lang='lat' dir='ltr'><strong>sed</strong></span> <span class='ocrx_word' id='word_1_750' title='bbox 2297 3994 2474 4040; x_wconf 87' lang='lat' dir='ltr'><strong>tamen</strong></span> <span class='ocrx_word' id='word_1_751' title='bbox 2506 3980 2633 4041; x_wconf 75' lang='lat' dir='ltr'><strong>cmci</strong></span> <span class='ocrx_word' id='word_1_752' title='bbox 2657 3994 2801 4052; x_wconf 91' lang='lat' dir='ltr'><strong>sunt,</strong></span> <span class='ocrx_word' id='word_1_753' title='bbox 2834 3994 2895 4042; x_wconf 88' lang='lat' dir='ltr'><strong>ut</strong></span> <span class='ocrx_word' id='word_1_754' title='bbox 2924 3988 3186 4059; x_wconf 85' lang='lat' dir='ltr'><strong>promissa</strong></span> <span class='ocrx_word' id='word_1_755' title='bbox 3209 3987 3453 4061; x_wconf 86' lang='lat' dir='ltr'><strong>patribus</strong></span> <span class='ocrx_word' id='word_1_756' title='bbox 3476 3988 3587 4045; x_wconf 85' lang='lat' dir='ltr'><strong>suis</strong></span> <span class='ocrx_word' id='word_1_757' title='bbox 3616 3989 3778 4059; x_wconf 81' lang='lat' dir='ltr'><strong>signa</strong></span> 
     </span>
    </p>
   </div>
   <div class='ocr_carea' id='block_1_99' title="bbox 2177 4074 3778 4161">
    <p class='ocr_par' dir='ltr' id='par_1_99' title="bbox 2177 4074 3778 4161">
     <span class='ocr_line' id='line_1_100' title="bbox 2177 4074 3778 4161; baseline 0.006 -26"><span class='ocrx_word' id='word_1_758' title='bbox 2177 4078 2231 4135; x_wconf 89' lang='lat' dir='ltr'><strong>in</strong></span> <span class='ocrx_word' id='word_1_759' title='bbox 2256 4074 2671 4152; x_wconf 79' lang='lat' dir='ltr'><strong>Redemptorem</strong></span> <span class='ocrx_word' id='word_1_760' title='bbox 2707 4078 2968 4161; x_wconf 71' lang='lat' dir='ltr'><strong>eli&#39;ulsisse</strong></span> <span class='ocrx_word' id='word_1_761' title='bbox 2997 4080 3235 4153; x_wconf 70' lang='lat' dir='ltr'><strong>audiant,</strong></span> <span class='ocrx_word' id='word_1_762' title='bbox 3282 4090 3336 4141; x_wconf 87' lang='lat' dir='ltr'><strong>et</strong></span> <span class='ocrx_word' id='word_1_763' title='bbox 3368 4097 3479 4143; x_wconf 74' lang='lat' dir='ltr'><strong>ron</strong></span> <span class='ocrx_word' id='word_1_764' title='bbox 3518 4079 3778 4145; x_wconf 79' lang='lat' dir='ltr'><strong>credant.</strong></span> 
     </span>
    </p>
   </div>
   <div class='ocr_carea' id='block_1_100' title="bbox 2178 4170 3777 4248">
    <p class='ocr_par' dir='ltr' id='par_1_100' title="bbox 2178 4170 3777 4248">
     <span class='ocr_line' id='line_1_101' title="bbox 2178 4170 3777 4248; baseline 0.004 -21"><span class='ocrx_word' id='word_1_765' title='bbox 2178 4170 2315 4229; x_wconf 71' lang='lat' dir='ltr'><strong>Czcci</strong></span> <span class='ocrx_word' id='word_1_766' title='bbox 2343 4189 2471 4244; x_wconf 82' lang='lat' dir='ltr'><strong>ergo</strong></span> <span class='ocrx_word' id='word_1_767' title='bbox 2502 4182 2626 4230; x_wconf 87' lang='lat' dir='ltr'><strong>sunt</strong></span> <span class='ocrx_word' id='word_1_768' title='bbox 2656 4188 2674 4214; x_wconf 69' lang='grc' dir='ltr'><em>τ</em></span> <span class='ocrx_word' id='word_1_769' title='bbox 2724 4191 2830 4231; x_wconf 92' lang='lat' dir='ltr'><strong>non</strong></span> <span class='ocrx_word' id='word_1_770' title='bbox 2860 4176 3022 4232; x_wconf 91' lang='lat' dir='ltr'><strong>modo</strong></span> <span class='ocrx_word' id='word_1_771' title='bbox 3060 4177 3288 4233; x_wconf 80' lang='lat' dir='ltr'><strong>videndo</strong></span> <span class='ocrx_word' id='word_1_772' title='bbox 3334 4178 3627 4248; x_wconf 86' lang='lat' dir='ltr'><strong>promissa,</strong></span> <span class='ocrx_word' id='word_1_773' title='bbox 3672 4178 3777 4233; x_wconf 82' lang='lat' dir='ltr'><strong>sed</strong></span> 
     </span>
    </p>
   </div>
   <div class='ocr_carea' id='block_1_101' title="bbox 2178 4268 3777 4341">
    <p class='ocr_par' dir='ltr' id='par_1_101' title="bbox 2178 4268 3777 4341">
     <span class='ocr_line' id='line_1_102' title="bbox 2178 4268 3777 4341; baseline -0.001 -17"><span class='ocrx_word' id='word_1_774' title='bbox 2178 4286 2284 4324; x_wconf 88' lang='lat' dir='ltr'><strong>non</strong></span> <span class='ocrx_word' id='word_1_775' title='bbox 2309 4268 2576 4325; x_wconf 90' lang='lat' dir='ltr'><strong>credendo</strong></span> <span class='ocrx_word' id='word_1_776' title='bbox 2599 4268 2855 4325; x_wconf 78' lang='lat' dir='ltr'><strong>exhibita.</strong></span> <span class='ocrx_word' id='word_1_777' title='bbox 2888 4269 2994 4326; x_wconf 88' lang='lat' dir='ltr'><strong>Cur</strong></span> <span class='ocrx_word' id='word_1_778' title='bbox 3013 4286 3200 4326; x_wconf 89' lang='lat' dir='ltr'><strong>vocem</strong></span> <span class='ocrx_word' id='word_1_779' title='bbox 3224 4269 3513 4341; x_wconf 76' lang='lat' dir='ltr'><strong>Scriptura:</strong></span> <span class='ocrx_word' id='word_1_780' title='bbox 3539 4286 3777 4326; x_wconf 76' lang='lat' dir='ltr'><strong>mouen-</strong></span> 
     </span>
    </p>
   </div>
   <div class='ocr_carea' id='block_1_102' title="bbox 2179 4360 3778 4434">
    <p class='ocr_par' dir='ltr' id='par_1_102' title="bbox 2179 4360 3778 4434">
     <span class='ocr_line' id='line_1_103' title="bbox 2179 4360 3778 4434; baseline 0.003 -17"><span class='ocrx_word' id='word_1_781' title='bbox 2179 4362 2247 4418; x_wconf 90' lang='lat' dir='ltr'><strong>tis</strong></span> <span class='ocrx_word' id='word_1_782' title='bbox 2273 4380 2376 4418; x_wconf 85' lang='lat' dir='ltr'><strong>non</strong></span> <span class='ocrx_word' id='word_1_783' title='bbox 2401 4360 2643 4431; x_wconf 89' lang='lat' dir='ltr'><strong>audiunt,</strong></span> <span class='ocrx_word' id='word_1_784' title='bbox 2668 4362 2769 4418; x_wconf 85' lang='lat' dir='ltr'><strong>nisi</strong></span> <span class='ocrx_word' id='word_1_785' title='bbox 2799 4362 2922 4434; x_wconf 85' lang='lat' dir='ltr'><strong>quia</strong></span> <span class='ocrx_word' id='word_1_786' title='bbox 2945 4378 3037 4418; x_wconf 83' lang='lat' dir='ltr'><strong>eos</strong></span> <span class='ocrx_word' id='word_1_787' title='bbox 3070 4363 3325 4418; x_wconf 91' lang='lat' dir='ltr'><strong>Dominus</strong></span> <span class='ocrx_word' id='word_1_788' title='bbox 3352 4363 3601 4419; x_wconf 85' lang='lat' dir='ltr'><strong>occidere</strong></span> <span class='ocrx_word' id='word_1_789' title='bbox 3623 4362 3778 4433; x_wconf 70' lang='lat' dir='ltr'><strong>vult?</strong></span> 
     </span>
    </p>
   </div>
   <div class='ocr_carea' id='block_1_103' title="bbox 2177 4452 3781 4524">
    <p class='ocr_par' dir='ltr' id='par_1_103' title="bbox 2177 4452 3781 4524">
     <span class='ocr_line' id='line_1_104' title="bbox 2177 4452 3781 4524; baseline 0.002 -15"><span class='ocrx_word' id='word_1_790' title='bbox 2177 4452 2287 4509; x_wconf 83' lang='lat' dir='ltr'><strong>Nec</strong></span> <span class='ocrx_word' id='word_1_791' title='bbox 2318 4455 2507 4509; x_wconf 89' lang='lat' dir='ltr'><strong>mirum</strong></span> <span class='ocrx_word' id='word_1_792' title='bbox 2561 4462 2779 4520; x_wconf 87' lang='lat' dir='ltr'><strong>tamen,</strong></span> <span class='ocrx_word' id='word_1_793' title='bbox 2827 4454 2871 4508; x_wconf 93' lang='lat' dir='ltr'><strong>si</strong></span> <span class='ocrx_word' id='word_1_794' title='bbox 2914 4454 3028 4523; x_wconf 85' lang='lat' dir='ltr'><strong>ejus</strong></span> <span class='ocrx_word' id='word_1_795' title='bbox 3051 4452 3254 4524; x_wconf 88' lang='lat' dir='ltr'><strong>judicio</strong></span> <span class='ocrx_word' id='word_1_796' title='bbox 3302 4462 3569 4523; x_wconf 87' lang='lat' dir='ltr'><strong>pereunt,</strong></span> <span class='ocrx_word' id='word_1_797' title='bbox 3618 4452 3781 4523; x_wconf 73' lang='lat' dir='ltr'><strong>cujus</strong></span> 
     </span>
    </p>
   </div>
   <div class='ocr_carea' id='block_1_104' title="bbox 2186 4536 3774 4617">
    <p class='ocr_par' dir='ltr' id='par_1_104' title="bbox 2186 4536 3774 4617">
     <span class='ocr_line' id='line_1_105' title="bbox 2186 4536 3774 4617; baseline 0 -16"><span class='ocrx_word' id='word_1_798' title='bbox 2186 4544 2522 4617; x_wconf 83' lang='lat' dir='ltr'><strong>Unigenitum</strong></span> <span class='ocrx_word' id='word_1_799' title='bbox 2550 4547 2819 4605; x_wconf 88' lang='lat' dir='ltr'><strong>occidere.</strong></span> <span class='ocrx_word' id='word_1_800' title='bbox 2852 4536 3057 4601; x_wconf 72' lang='lat' dir='ltr'><strong>lhlnnm</strong></span> <span class='ocrx_word' id='word_1_801' title='bbox 3087 4545 3227 4602; x_wconf 90' lang='lat' dir='ltr'><strong>enim</strong></span> <span class='ocrx_word' id='word_1_802' title='bbox 3257 4546 3526 4615; x_wconf 59' lang='lat' dir='ltr'><strong>ieiunatis</strong></span> <span class='ocrx_word' id='word_1_803' title='bbox 3556 4544 3774 4601; x_wconf 85' lang='lat' dir='ltr'><strong>distric-</strong></span> 
     </span>
    </p>
   </div>
   <div class='ocr_carea' id='block_1_105' title="bbox 2102 4623 3779 4713">
    <p class='ocr_par' dir='ltr' id='par_1_105' title="bbox 2102 4623 3779 4713">
     <span class='ocr_line' id='line_1_106' title="bbox 2102 4623 3779 4713; baseline -0.001 -17"><span class='ocrx_word' id='word_1_804' title='bbox 2102 4623 2158 4685; x_wconf 78' lang='grc' dir='ltr'><strong>Ι)</strong></span> <span class='ocrx_word' id='word_1_805' title='bbox 2182 4641 2328 4696; x_wconf 89' lang='lat' dir='ltr'><strong>tione</strong></span> <span class='ocrx_word' id='word_1_806' title='bbox 2354 4656 2474 4696; x_wconf 90' lang='lat' dir='ltr'><strong>cum</strong></span> <span class='ocrx_word' id='word_1_807' title='bbox 2500 4638 2807 4697; x_wconf 62' lang='lat' dir='ltr'><strong>Iudaeorum</strong></span> <span class='ocrx_word' id='word_1_808' title='bbox 2854 4638 3052 4713; x_wconf 88' lang='lat' dir='ltr'><strong>populo</strong></span> <span class='ocrx_word' id='word_1_809' title='bbox 3078 4630 3283 4709; x_wconf 71' lang='lat' dir='ltr'><strong>a‘gitur,</strong></span> <span class='ocrx_word' id='word_1_810' title='bbox 3317 4646 3376 4693; x_wconf 92' lang='lat' dir='ltr'><strong>ut</strong></span> <span class='ocrx_word' id='word_1_811' title='bbox 3418 4638 3619 4692; x_wconf 84' lang='lat' dir='ltr'><strong>monita</strong></span> <span class='ocrx_word' id='word_1_812' title='bbox 3646 4637 3779 4695; x_wconf 66' lang='lat' dir='ltr'><strong>vita:</strong></span> 
     </span>
    </p>
   </div>
   <div class='ocr_carea' id='block_1_106' title="bbox 2182 4729 3775 4805">
    <p class='ocr_par' dir='ltr' id='par_1_106' title="bbox 2182 4729 3775 4805">
     <span class='ocr_line' id='line_1_107' title="bbox 2182 4729 3775 4805; baseline -0.003 -16"><span class='ocrx_word' id='word_1_813' title='bbox 2182 4733 2459 4805; x_wconf 86' lang='lat' dir='ltr'><strong>quotidie,</strong></span> <span class='ocrx_word' id='word_1_814' title='bbox 2502 4730 2795 4804; x_wconf 87' lang='lat' dir='ltr'><strong>Scripturis</strong></span> <span class='ocrx_word' id='word_1_815' title='bbox 2840 4731 3217 4803; x_wconf 81' lang='lat' dir='ltr'><strong>loquentibus,</strong></span> <span class='ocrx_word' id='word_1_816' title='bbox 3262 4731 3521 4793; x_wconf 53' lang='lat' dir='ltr'><strong>audiant.</strong></span> <span class='ocrx_word' id='word_1_817' title='bbox 3577 4738 3634 4785; x_wconf 90' lang='lat' dir='ltr'><strong>et</strong></span> <span class='ocrx_word' id='word_1_818' title='bbox 3671 4729 3775 4801; x_wconf 85' lang='lat' dir='ltr'><strong>ipsi</strong></span> 
     </span>
    </p>
   </div>
   <div class='ocr_carea' id='block_1_107' title="bbox 2182 4823 3766 4899">
    <p class='ocr_par' dir='ltr' id='par_1_107' title="bbox 2182 4823 3766 4899">
     <span class='ocr_line' id='line_1_108' title="bbox 2182 4823 3766 4899; baseline -0.004 -14"><span class='ocrx_word' id='word_1_819' title='bbox 2182 4826 2469 4899; x_wconf 89' lang='lat' dir='ltr'><strong>Scripturis</strong></span> <span class='ocrx_word' id='word_1_820' title='bbox 2494 4827 2835 4883; x_wconf 90' lang='lat' dir='ltr'><strong>monentibus</strong></span> <span class='ocrx_word' id='word_1_821' title='bbox 2863 4840 3201 4897; x_wconf 87' lang='lat' dir='ltr'><strong>nequaquam</strong></span> <span class='ocrx_word' id='word_1_822' title='bbox 3223 4826 3464 4882; x_wconf 86' lang='lat' dir='ltr'><strong>credant.</strong></span> <span class='ocrx_word' id='word_1_823' title='bbox 3497 4823 3603 4879; x_wconf 88' lang='lat' dir='ltr'><strong>Sed</strong></span> <span class='ocrx_word' id='word_1_824' title='bbox 3623 4864 3638 4890; x_wconf 93' lang='lat'><strong>,</strong></span> <span class='ocrx_word' id='word_1_825' title='bbox 3688 4839 3766 4878; x_wconf 81' lang='lat' dir='ltr'><strong>rc-</strong></span> 
     </span>
    </p>
   </div>
   <div class='ocr_carea' id='block_1_108' title="bbox 2182 4918 3764 4997">
    <p class='ocr_par' dir='ltr' id='par_1_108' title="bbox 2182 4918 3764 4997">
     <span class='ocr_line' id='line_1_109' title="bbox 2182 4918 3764 4997; baseline -0.006 -17"><span class='ocrx_word' id='word_1_826' title='bbox 2182 4925 2334 4997; x_wconf 86' lang='lat' dir='ltr'><strong>pulsa</strong></span> <span class='ocrx_word' id='word_1_827' title='bbox 2363 4921 2668 4979; x_wconf 63' lang='lat' dir='ltr'><strong>Judaeorum</strong></span> <span class='ocrx_word' id='word_1_828' title='bbox 2696 4918 2944 4994; x_wconf 84' lang='lat' dir='ltr'><strong>perﬁdia,</strong></span> <span class='ocrx_word' id='word_1_829' title='bbox 2973 4920 3165 4990; x_wconf 87' lang='lat' dir='ltr'><strong>quibus</strong></span> <span class='ocrx_word' id='word_1_830' title='bbox 3190 4918 3528 4977; x_wconf 84' lang='lat' dir='ltr'><strong>successibus</strong></span> <span class='ocrx_word' id='word_1_831' title='bbox 3555 4924 3764 4972; x_wconf 76' lang='lat' dir='ltr'><strong>sancto</strong></span> 
     </span>
    </p>
   </div>
   <div class='ocr_carea' id='block_1_109' title="bbox 2184 5008 3771 5087">
    <p class='ocr_par' dir='ltr' id='par_1_109' title="bbox 2184 5008 3771 5087">
     <span class='ocr_line' id='line_1_110' title="bbox 2184 5008 3771 5087; baseline -0.008 -14"><span class='ocrx_word' id='word_1_832' title='bbox 2184 5034 2301 5073; x_wconf 89' lang='lat' dir='ltr'><strong>rum</strong></span> <span class='ocrx_word' id='word_1_833' title='bbox 2320 5008 2725 5087; x_wconf 68' lang='lat' dir='ltr'><strong>prmdicatorum</strong></span> <span class='ocrx_word' id='word_1_834' title='bbox 2745 5012 2881 5072; x_wconf 93' lang='lat' dir='ltr'><strong>ordo</strong></span> <span class='ocrx_word' id='word_1_835' title='bbox 2906 5013 3145 5085; x_wconf 84' lang='lat' dir='ltr'><strong>potiatur</strong></span> <span class='ocrx_word' id='word_1_836' title='bbox 3173 5012 3228 5069; x_wconf 91' lang='lat' dir='ltr'><strong>in</strong></span> <span class='ocrx_word' id='word_1_837' title='bbox 3249 5011 3501 5083; x_wconf 68' lang='lat' dir='ltr'><strong>gentibus</strong></span> <span class='ocrx_word' id='word_1_838' title='bbox 3524 5008 3771 5080; x_wconf 76' lang='lat' dir='ltr'><strong>exponit,</strong></span> 
     </span>
    </p>
   </div>
   <div class='ocr_carea' id='block_1_110' title="bbox 2180 5107 2406 5167">
    <p class='ocr_par' dir='ltr' id='par_1_110' title="bbox 2180 5107 2406 5167">
     <span class='ocr_line' id='line_1_111' title="bbox 2180 5107 2406 5167; baseline -0.018 -1"><span class='ocrx_word' id='word_1_839' title='bbox 2180 5107 2361 5167; x_wconf 84' lang='lat' dir='ltr'><strong>dicens</strong></span> <span class='ocrx_word' id='word_1_840' title='bbox 2394 5126 2406 5162; x_wconf 90' lang='lat'><strong>:</strong></span> 
     </span>
    </p>
   </div>
   <div class='ocr_carea' id='block_1_111' title="bbox 2250 5236 3772 5316">
    <p class='ocr_par' dir='ltr' id='par_1_111' title="bbox 2250 5236 3772 5316">
     <span class='ocr_line' id='line_1_112' title="bbox 2250 5236 3772 5316; baseline -0.009 -15"><span class='ocrx_word' id='word_1_841' title='bbox 2250 5246 2425 5316; x_wconf 75' lang='lat' dir='ltr'><strong>(Vera.</strong></span> <span class='ocrx_word' id='word_1_842' title='bbox 2464 5244 2580 5315; x_wconf 70' lang='lat'><strong>‘26.)</strong></span> <span class='ocrx_word' id='word_1_843' title='bbox 2633 5243 2773 5298; x_wconf 84' lang='lat' dir='ltr'><strong>Puer</strong></span> <span class='ocrx_word' id='word_1_844' title='bbox 2811 5252 2982 5297; x_wconf 74' lang='lat' dir='ltr'><strong>autem</strong></span> <span class='ocrx_word' id='word_1_845' title='bbox 3004 5241 3218 5297; x_wconf 76' lang='lat' dir='ltr'><strong>Satnttet</strong></span> <span class='ocrx_word' id='word_1_846' title='bbox 3262 5236 3571 5311; x_wconf 73' lang='lat' dir='ltr'><strong>proﬁciebat</strong></span> <span class='ocrx_word' id='word_1_847' title='bbox 3620 5242 3772 5307; x_wconf 75' lang='lat' dir='ltr'><strong>atque</strong></span> 
     </span>
    </p>
   </div>
   <div class='ocr_carea' id='block_1_112' title="bbox 2177 5330 3585 5406">
    <p class='ocr_par' dir='ltr' id='par_1_112' title="bbox 2177 5330 3585 5406">
     <span class='ocr_line' id='line_1_113' title="bbox 2177 5330 3585 5406; baseline -0.006 -15"><span class='ocrx_word' id='word_1_848' title='bbox 2177 5337 2455 5401; x_wconf 83' lang='lat' dir='ltr'><strong>crescebat,</strong></span> <span class='ocrx_word' id='word_1_849' title='bbox 2485 5344 2535 5391; x_wconf 90' lang='lat' dir='ltr'><strong>et</strong></span> <span class='ocrx_word' id='word_1_850' title='bbox 2556 5335 2789 5406; x_wconf 82' lang='lat' dir='ltr'><strong>placebat</strong></span> <span class='ocrx_word' id='word_1_851' title='bbox 2821 5343 2925 5389; x_wconf 87' lang='lat' dir='ltr'><strong>tam</strong></span> <span class='ocrx_word' id='word_1_852' title='bbox 2953 5333 3065 5390; x_wconf 87' lang='lat' dir='ltr'><strong>Deo</strong></span> <span class='ocrx_word' id='word_1_853' title='bbox 3094 5342 3247 5405; x_wconf 81' lang='lat' dir='ltr'><strong>quam</strong></span> <span class='ocrx_word' id='word_1_854' title='bbox 3272 5330 3585 5386; x_wconf 74' lang='lat' dir='ltr'><strong>hominibus.</strong></span> 
     </span>
    </p>
   </div>
   <div class='ocr_carea' id='block_1_113' title="bbox 2247 5436 3762 5520">
    <p class='ocr_par' dir='ltr' id='par_1_113' title="bbox 2247 5436 3762 5520">
     <span class='ocr_line' id='line_1_114' title="bbox 2247 5436 3762 5520; baseline -0.008 -15"><span class='ocrx_word' id='word_1_855' title='bbox 2247 5449 2337 5505; x_wconf 71' lang='lat'><strong>2!.</strong></span> <span class='ocrx_word' id='word_1_856' title='bbox 2380 5446 2703 5505; x_wconf 79' lang='lat' dir='ltr'><strong>Proﬁciebat</strong></span> <span class='ocrx_word' id='word_1_857' title='bbox 2731 5447 2945 5520; x_wconf 88' lang='lat' dir='ltr'><strong>quidem</strong></span> <span class='ocrx_word' id='word_1_858' title='bbox 2981 5447 3131 5502; x_wconf 90' lang='lat' dir='ltr'><strong>lucro</strong></span> <span class='ocrx_word' id='word_1_859' title='bbox 3160 5436 3590 5516; x_wconf 76' lang='lat' dir='ltr'><strong>praedicatiOnis,</strong></span> <span class='ocrx_word' id='word_1_860' title='bbox 3626 5456 3762 5494; x_wconf 86' lang='lat' dir='ltr'><strong>cres-</strong></span> 
     </span>
    </p>
   </div>
   <div class='ocr_carea' id='block_1_114' title="bbox 2179 5522 3766 5605">
    <p class='ocr_par' dir='ltr' id='par_1_114' title="bbox 2179 5522 3766 5605">
     <span class='ocr_line' id='line_1_115' title="bbox 2179 5522 3766 5605; baseline -0.013 -4"><span class='ocrx_word' id='word_1_861' title='bbox 2179 5542 2333 5600; x_wconf 89' lang='lat' dir='ltr'><strong>cebat</strong></span> <span class='ocrx_word' id='word_1_862' title='bbox 2372 5552 2595 5598; x_wconf 85' lang='lat' dir='ltr'><strong>numero</strong></span> <span class='ocrx_word' id='word_1_863' title='bbox 2638 5534 3026 5596; x_wconf 86' lang='lat' dir='ltr'><strong>ministrorum.</strong></span> <span class='ocrx_word' id='word_1_864' title='bbox 3069 5530 3203 5592; x_wconf 81' lang='lat' dir='ltr'><strong>Nam</strong></span> <span class='ocrx_word' id='word_1_865' title='bbox 3246 5531 3314 5591; x_wconf 89' lang='lat' dir='ltr'><strong>de</strong></span> <span class='ocrx_word' id='word_1_866' title='bbox 3358 5528 3602 5605; x_wconf 77' lang='lat' dir='ltr'><strong>proiectu</strong></span> <span class='ocrx_word' id='word_1_867' title='bbox 3654 5522 3766 5599; x_wconf 67' lang='lat' dir='ltr'><strong>ejus</strong></span> 
     </span>
    </p>
   </div>
   <div class='ocr_carea' id='block_1_115' title="bbox 2179 5719 2719 5779">
    <p class='ocr_par' dir='ltr' id='par_1_115' title="bbox 2179 5719 2719 5779">
     <span class='ocr_line' id='line_1_116' title="bbox 2179 5719 2719 5779; baseline -0.007 -2"><span class='ocrx_word' id='word_1_868' title='bbox 2179 5724 2378 5779; x_wconf 75' lang='lat' dir='ltr'><strong>ratione</strong></span> <span class='ocrx_word' id='word_1_869' title='bbox 2405 5734 2510 5777; x_wconf 78' lang='lat' dir='ltr'><strong>non</strong></span> <span class='ocrx_word' id='word_1_870' title='bbox 2536 5719 2719 5776; x_wconf 81' lang='lat' dir='ltr'><strong>tenuit.</strong></span> 
     </span>
    </p>
   </div>
   <div class='ocr_carea' id='block_1_116' title="bbox 2250 5772 3739 5861">
    <p class='ocr_par' dir='ltr' id='par_1_116' title="bbox 2250 5772 3739 5861">
     <span class='ocr_line' id='line_1_117' title="bbox 2250 5772 3739 5861; baseline -0.015 -9"><span class='ocrx_word' id='word_1_871' title='bbox 2250 5772 2880 5861; x_wconf 47' lang='lat' dir='ltr'><strong>irrumandum</strong></span> <span class='ocrx_word' id='word_1_872' title='bbox 2914 5799 3021 5845; x_wconf 73' lang='lat' dir='ltr'><strong>non</strong></span> <span class='ocrx_word' id='word_1_873' title='bbox 3046 5778 3203 5844; x_wconf 69' lang='lat' dir='ltr'><strong>unde</strong></span> <span class='ocrx_word' id='word_1_874' title='bbox 3242 5794 3349 5840; x_wconf 61' lang='grc' dir='ltr'><strong>που</strong></span> <span class='ocrx_word' id='word_1_875' title='bbox 3388 5772 3614 5836; x_wconf 67' lang='lat' dir='ltr'><strong>videndo</strong></span> <span class='ocrx_word' id='word_1_876' title='bbox 3642 5786 3739 5849; x_wconf 72' lang='lat' dir='ltr'><strong>pro</strong></span> 
     </span>
    </p>
   </div>
   <div class='ocr_carea' id='block_1_117' title="bbox 2150 5868 2354 5935">
    <p class='ocr_par' dir='ltr' id='par_1_117' title="bbox 2150 5868 2354 5935">
     <span class='ocr_line' id='line_1_118' title="bbox 2150 5868 2354 5935; baseline 0 -14"><span class='ocrx_word' id='word_1_877' title='bbox 2150 5934 2155 5935; x_wconf 16' lang='grc' dir='ltr'>ί</span> <span class='ocrx_word' id='word_1_878' title='bbox 2175 5868 2354 5923; x_wconf 72' lang='lat' dir='ltr'><strong>missa.</strong></span> 
     </span>
    </p>
   </div>
  </div>
