4044 6336
204 312 302 371 101

1037 297 1102 355 ΙΝ
1142 294 1403 354 PRIMUM
1440 289 1681 349 REGUM
1720 285 2240 345 EXPOSITIONES.
2277 317 2349 331 ——
2386 290 2516 347 LIB.
2557 288 2624 345 ll.

3371 283 3478 343 102

202 370 495 503 Apostolus
520 431 547 462 ⁸
576 419 855 493 gloriatur,
886 418 1108 474 dicens:
1139 420 1183 470 Α
1208 415 1497 470 Jerusalem
1524 426 1683 483 usque
1714 408 1737 462 l
1744 412 1783 463 ι-
1812 410 1858 468 A
1882 407 2069 503 iudicii
2100 409 2374 503 districtio
2418 426 2579 482 quam
2618 408 2765 503 mira
2804 408 3075 479 aquitatis
3112 407 3472 503 dispositione

202 520 419 589 lyricum
460 514 652 585 repleri
689 510 1031 583 Evangelium
1074 508 1265 563 Christi
1318 506 1495 579 (Rom.
1554 522 1637 572 xv,
1670 503 1782 575 19).

202 606 491 666 Crescendi
518 618 736 676 quoque
780 601 998 657 modum
1049 600 1221 655 Lucas
1265 598 1531 664 meminit,
1556 596 1741 651 dicens
1770 612 1785 649 :

201 700 469 757 Crescente
519 712 734 752 numero
773 693 1166 764 discipulorum,
1209 694 1405 764 factum
1449 700 1524 745 est
1557 706 1791 745 murmur

202 792 501 849 Grazcorum
529 789 776 845 adversus
807 786 855 840 Η
866 786 1092 849 ebrteos,
1139 803 1200 842 eo
1240 784 1375 857 quod
1404 783 1791 853 despicerentur

200 889 254 940 in
279 884 571 941 ministerio
596 881 764 936 uidute
789 896 965 935 eorum
996 878 1132 951 (Act.
1153 894 1225 932 vt.
1259 877 1336 948 1).
1361 874 1427 929 Ει
1452 875 1611 946 paulo
1632 882 1787 944 post:

202 978 503 1051 Elegerunt,
536 975 725 1043 inquit,
758 973 1081 1041 Stephanum
1109 972 1313 1041 plenum
1351 971 1456 1040 ﬁde
1500 978 1551 1023 et
1590 968 1792 1039 Spiritu

201 1081 379 1126 sancto
405 1110 420 1135 ,
457 1077 507 1123 et
536 1065 819 1122 Procerum
841 1105 857 1130 ,
885 1074 934 1119 et
960 1066 1180 1134 reliquos
1203 1061 1394 1133 (Ibid.,
1426 1059 1503 1131 5).
1537 1060 1650 1115 Hos
1678 1070 1790 1113 sta-

205 1172 344 1216 tuere
372 1168 495 1213 ante
522 1165 849 1228 conspectum
875 1155 1227 1224 apostolorum
1251 1193 1268 1221 ,
1310 1162 1356 1207 et
1387 1162 1597 1208 orantes
1620 1154 1793 1223 impo-

203 1259 416 1306 suerunt
455 1251 528 1304 eis
556 1264 779 1303 .manus.
812 1247 943 1302 ltem
981 1246 1047 1301 de
1090 1246 1333 1317 proiectu
1380 1245 1485 1300 isto
1529 1258 1795 1299 novorum

204 1343 619 1413 praedicatorum
646 1340 911 1410 scriptum
940 1346 1060 1395 est:
1095 1336 1163 1392 In
1193 1354 1395 1392 omnem
1424 1347 1614 1391 terram
1639 1337 1796 1391 exivit

206 1451 364 1490 sonus
386 1449 586 1503 eorum,
612 1433 732 1488 etin
752 1432 882 1501 ﬁnes
908 1431 1049 1487 orbis
1071 1438 1225 1487 terra
1243 1430 1395 1486 verba
1416 1447 1594 1485 eorum
1618 1430 1795 1487 (Psal.

206 1542 358 1588 xvm,
387 1523 466 1595 5).

278 1616 369 1671 22.
410 1615 518 1672 Sed
565 1615 833 1671 subtiliter
884 1623 970 1670 est
1015 1612 1329 1669 intuendum
1370 1625 1515 1683 quoa
1550 1613 1792 1669 dicitur:

208 1708 458 1763 Placebat
488 1719 593 1762 tam
614 1707 725 1762 Deo
750 1723 906 1779 quam
930 1707 1242 1761 hominibus.
1272 1705 1591 1762 Hominibus
1620 1704 1799 1776 placet

1892 500 2038 557 illata
2064 502 2135 557 sit
2161 502 2581 558 demonstratur.
2617 501 2770 558 Prius
2798 502 2943 557 enim
2963 501 3159 558 collata
3187 498 3305 555 Heli
3326 500 3469 554 dona

1891 606 2258 667 numerantur,
2282 606 2342 654 ut
2367 598 2491 654 dum
2517 606 2628 654 tam
2657 599 2916 667 benignus
2944 595 3103 652 dator
3123 595 3475 667 omnipotens

1892 688 2033 745 Dens
2061 691 2381 761 ostenditur,
2411 699 2835 761 contemptorem
2861 704 3016 747 suum
3042 704 3203 760 quam
3228 688 3372 757 juste
3400 689 3481 745 fe-
3507 732 3513 736 .

1891 782 1996 837 riat
2040 794 2409 854 cognoscatur.
2453 784 2773 839 Revelatnm
2816 796 2877 838 se
2918 780 3102 837 domui
3152 782 3318 851 patris
3363 781 3482 848 ejus

1893 878 2152 943 asseruit,
2203 885 2263 932 ut
2312 876 2627 948 ignorantia:
2675 876 3079 933 excusationem
3125 874 3324 929 habere
3371 889 3481 928 non

1894 972 2080 1041 possit.
2115 970 2371 1028 Eamdem
2402 987 2529 1027 vero
2578 986 2692 1027 suae
2734 970 3077 1027 revelationis
3120 970 3482 1040 cognitionem

1894 1079 1954 1119 se
1976 1063 2025 1119 ei
2049 1064 2105 1119 in
2126 1063 2361 1136 {Egypto
2383 1064 2693 1121 exhibuisse
2720 1064 2929 1131 edocet,
2962 1072 3022 1120 ut
3050 1079 3109 1120 se
3147 1063 3197 1120 ei
3227 1062 3336 1120 suis
3364 1076 3482 1117 me-

1894 1155 2010 1210 ritis
2036 1155 2155 1212 Heli
2187 1157 2485 1213 obtinuisse
2512 1171 2851 1227 nequaquam
2884 1163 3052 1227 putet.
3094 1153 3257 1223 Quasi
3297 1162 3486 1225 aperte

1896 1246 2079 1302 dicat:
2123 1246 2237 1303 Illic
2269 1263 2356 1305 me
2395 1248 2445 1303 ei
2484 1248 2916 1317 cognoscendum
2961 1247 3198 1317 prmbui,
3251 1247 3339 1302 ubi
3376 1244 3484 1300 mei

1896 1338 2138 1393 oblivisci
2173 1344 2409 1409 poterat,
2442 1341 2714 1397 reminisci
2750 1341 3044 1397 nesciebat.
3068 1340 3131 1396 Et
3160 1356 3225 1395 ne
3252 1341 3367 1411 ipsa
3394 1353 3488 1395 co-

1895 1428 2149 1496 gnitionis
2192 1428 2388 1509 divinae
2415 1429 2555 1487 dona
2598 1431 2832 1502 reprobo
2861 1446 3023 1502 parva
3068 1430 3296 1487 fortasse
3336 1430 3486 1485 vide-

1899 1528 2104 1588 rentur,
2136 1520 2205 1576 de
2252 1521 2462 1577 caeteris
2492 1522 2737 1579 tribubus
2780 1521 2945 1577 lsrael
2973 1521 3039 1577 ad
3069 1521 3279 1577 culmen
3307 1534 3490 1577 sacer-

1896 1610 2031 1665 dotii
2077 1618 2384 1681 assumptus
2435 1612 2715 1668 asseritur.
2762 1609 2928 1679 Quasi
2976 1611 3120 1665 dicat
3159 1628 3173 1662 :
3226 1608 3311 1665 Eis
3364 1621 3489 1665 eum

1896 1698 2124 1769 pratuli,
2151 1698 2344 1767 quibus
2371 1715 2479 1755 non
2509 1701 2776 1771 superior,
2817 1699 2913 1757 sed
2940 1699 3159 1769 :equalis
3186 1701 3306 1755 luit.

208 1799 396 1855 doctor
429 1815 552 1855 cum
580 1816 637 1854 se
665 1798 887 1854 subditis
914 1798 1275 1853 venerabilem
1292 1805 1348 1852 et
1373 1797 1530 1853 bonis
1558 1797 1796 1853 moribus
1828 1803 1873 1861 Β
1969 1841 2058 1897 25.
2099 1842 2406 1898 Notandum
2434 1858 2563 1898 vero
2594 1853 2677 1898 est
2718 1841 2866 1913 quod
2894 1842 2950 1896 in
2987 1840 3167 1896 ofﬁcio
3195 1839 3358 1909 ipsius
3399 1853 3488 1894 8³-

207 1894 456 1950 ornatum
487 1892 737 1965 praebet:
791 1895 901 1949 Deo
948 1902 1126 1949 autem
1174 1895 1499 1965 placetcum
1542 1895 1609 1950 de
1652 1897 1794 1951 bona

207 1997 623 2045 conversatione
652 1987 886 2042 inaniter
911 1987 1127 2056 gloriari
1156 1986 1384 2057 refugit,
1416 1997 1472 2042 et
1501 1987 1667 2043 solius
1700 1987 1797 2043 Dei

207 2081 425 2135 laudem
452 2078 750 2155 promereri
794 2077 1145 2148 concupiscit.
1190 2078 1327 2132 Dicit
1353 2091 1519 2147 ergo:
1550 2077 1799 2131 Placebat

205 2181 317 2228 tam
355 2172 463 2228 Deo
492 2189 642 2245 quam
663 2171 971 2236 hominibus,
1004 2171 1129 2240 quia
1153 2171 1394 2225 nonnulli
1422 2171 1800 2241 praedicatores

208 2273 534 2332 prtetextum
558 2264 857 2320 sanctitatis
884 2262 1196 2334 praeferunt,
1227 2277 1390 2333 quam
1434 2278 1541 2317 non
1576 2262 1793 2317 habent.

210 2354 272 2409 Hi
300 2371 454 2425 ergo,
478 2355 605 2425 quia
633 2356 735 2410 etsi
763 2355 1071 2410 hominibus
1098 2355 1331 2423 placent,
1356 2352 1470 2409 Deo
1493 2354 1797 2424 displicent,

210 2447 261 2501 in
288 2458 421 2518 typo
449 2447 575 2501 novi
602 2454 657 2502 et
689 2446 848 2502 electi
876 2445 1243 2517 pmdicatoris
1268 2445 1339 2501 de
1380 2444 1632 2499 Samuele
1659 2459 1803 2500 nunc

209 2537 409 2592 dicitur
435 2556 449 2592 :
486 2537 730 2592 Placebat
760 2545 869 2591 tam
900 2537 1006 2592 Deo
1031 2552 1182 2610 quam
1210 2536 1518 2592 hominibus.
1563 2537 1799 2591 Venera-

210 2629 342 2683 biles
372 2629 590 2699 quidem
617 2643 678 2684 se
722 2629 983 2685 exhibent
1028 2628 1290 2692 subditis,
1323 2634 1381 2683 et
1418 2627 1529 2683 Deo
1570 2626 1804 2682 oﬂ'erunt

212 2720 502 2790 puritatem
557 2721 893 2776 intentionis.
952 2720 1270 2776 Hominibus
1319 2718 1534 2790 quidem
1590 2718 1805 2789 placere

210 2811 510 2875 studuerat,
542 2812 635 2881 qui
661 2812 875 2867 dicebat
904 2826 918 2865 :
959 2811 1152 2866 Christi
1190 2810 1353 2865 bonus
1389 2809 1519 2865 odor
1545 2826 1721 2863 sumus
1749 2810 1806 2863 iu

212 2907 356 2958 omni
377 2904 492 2959 loco
516 2901 606 2973 (ll
635 2902 751 2956 Cor.
789 2919 845 2968 η,
880 2901 993 2973 15),
1026 2902 1095 2957 Et
1121 2902 1250 2957 item
1278 2919 1293 2956 :
1337 2899 1529 2956 Omnia
1569 2900 1805 2955 omnibus

214 3000 385 3069 {actus
402 3014 539 3063 sum,
561 3006 615 3051 ut
646 2997 754 3068 75
766 3013 943 3052 omnes
959 2999 1183 3069 facerem
1199 2997 1365 3052 salvos
1383 2995 1438 3067 (Ι
1448 2996 1568 3051 Cor.
1596 3010 1669 3063 ιι,
1686 2994 1801 3065 Ἡ).

213 3085 536 3143 Hominibus
564 3088 728 3144 etiam
776 3088 991 3158 placere
1035 3086 1312 3143 auditores
1363 3102 1489 3144 suos
1537 3088 1802 3154 docebat,

214 3180 400 3236 dicens
431 3198 445 3233 :
478 3180 604 3236 Sine
632 3181 915 3250 offensione
941 3191 1103 3237 estote
1121 3180 1324 3236 ludatis
1348 3192 1398 3237 et
1428 3182 1660 3253 gentibus
1682 3224 1697 3249 ,
1724 3184 1801 3237 si-
1825 3184 1874 3248 Ω

215 3280 299 3325 cut
337 3280 388 3326 et
423 3289 517 3341 ego
534 3272 781 3327 omnibus
828 3290 920 3343 per
962 3274 1136 3328 omnia
1164 3274 1342 3344 placeo
1364 3314 1380 3343 ,
1423 3291 1528 3329 non
1568 3290 1807 3347 (intereas

214 3362 352 3430 quod
378 3363 505 3415 mihi
523 3364 649 3417 utile
676 3371 771 3429 est,
802 3365 893 3418 sed
916 3365 1054 3435 quod
1077 3366 1251 3419 multis
1279 3365 1334 3436 (Ι
1356 3365 1475 3422 Cor.
1502 3383 1556 3433 χ,
1578 3367 1668 3437 32,
1688 3367 1801 3437 ⁸55).

216 3450 323 3507 Sed
354 3452 446 3522 qui
471 3468 528 3507 se
548 3453 851 3511 hominibus
876 3456 1143 3525 placuisse
1170 3458 1570 3526 insinuaverat,
1600 3460 1805 3529 purita-

217 3553 330 3600 tem
368 3547 547 3601 cordis
575 3547 955 3617 commendat,
1001 3550 1225 3605 dicens:
1260 3548 1440 3604 Gloria
1481 3560 1660 3605 nostra
1698 3551 1808 3605 lucc

217 3647 336 3703 est,
388 3641 732 3695 testimonium
768 3643 1096 3698 conscientiae
1130 3652 1325 3699 nostra:
1356 3642 1441 3715 (Il
1474 3644 1592 3699 Cor.
1624 3661 1659 3713 ι,
1694 3645 1804 3715 12).

218 3728 507 3787 ΡιΑοῑιΑτ
539 3744 644 3788 tam
672 3732 781 3788 Deo
821 3750 975 3806 φαίη
1003 3735 1310 3791 hominibus.
1337 3736 1437 3803 Qui
1467 3753 1639 3795 novus
1672 3738 1811 3795 ordo

218 3822 635 3893 praedicatorum
654 3827 1016 3883 venerabilem
1043 3842 1105 3883 se
1124 3828 1233 3884 suis
1252 3828 1583 3885 auditoribus
1604 3829 1671 3885 ad
1691 3830 1811 3884 imi-

219 3914 488 3971 tationem
514 3914 645 3971 foris
671 3918 933 3986 praebuit,
981 3928 1037 3974 ct
1064 3921 1207 3975 intus
1242 3930 1521 3992 acceptum
1573 3921 1685 3979 Deo
1712 3939 1813 3994 per

220 4006 588 4062 innocentiam
614 4010 924 4066 voluntatis.
956 4010 1210 4081 Sequitur
1238 4031 1251 4066 :

297 4097 482 4167 (Vere.
503 4099 619 4171 27.)
656 4101 811 4156 Vertit
837 4103 915 4158 vir
943 4101 1041 4158 Dei
1071 4105 1139 4158 ad
1161 4104 1303 4160 Heli.

295 4213 387 4268 25.
430 4215 569 4281 Quid
624 4232 720 4286 per
762 4218 905 4274 hunc
952 4221 1123 4274 virum
1164 4220 1300 4290 Dei,
1356 4222 1457 4280 nisi
1505 4232 1815 4281 sanctorum

222 4305 601 4375 apostolorum
630 4307 720 4363 ille
748 4318 917 4365 caelus
946 4311 1284 4367 venerandus
1314 4313 1672 4385 exprimitur?
1712 4316 1815 4383 Qui

221 4404 377 4451 certe
404 4396 488 4451 vir
514 4395 609 4452 Dei
639 4399 853 4465 dicitur,
884 4416 979 4471 pro
1009 4402 1328 4457 excellentia
1348 4406 1666 4472 sanctitatis,
1692 4406 1817 4476 quia

221 4487 445 4543 culmen
471 4489 711 4557 ordinis,
760 4492 905 4561 quod
950 4492 1005 4547 in
1046 4494 1277 4549 universi
1320 4495 1464 4550 orbis
1505 4496 1818 4565 praelatione

1900 1934 2127 1989 cerdotii
2162 1933 2262 1989 tria
2288 1934 2635 1991 denotamur.
2690 1933 2759 1989 Ut
2795 1933 3123 1996 ascinderet,
3162 1930 3372 2000 inquit,
3422 1930 3491 1983 ad

1899 2026 2065 2079 altare
2108 2043 2272 2080 meum
2296 2064 2313 2092 ,
2341 2035 2390 2083 et
2420 2027 2648 2081 adoleret
2687 2026 2815 2081 mihi
2842 2027 3133 2089 incensum,
3178 2032 3227 2077 et
3262 2027 3493 2091 portaret

1899 2116 2068 2188 ephod
2097 2134 2272 2172 coram
2300 2135 2399 2173 me.
2429 2118 2568 2185 Quid
2592 2133 2722 2176 vero
2752 2119 2805 2174 in
2835 2119 2939 2174 hoc
2967 2117 3141 2184 altari,
3168 2116 3266 2171 nisi
3293 2115 3383 2170 ille
3408 2114 3493 2169 la-

1900 2208 1984 2279 pis
2014 2210 2346 2277 ostenditur,
2400 2224 2563 2279 quem
2616 2209 2920 2280 patriarcha
2962 2206 3129 2263 Jacob
3176 2207 3232 2261 in
3282 2205 3495 2261 titulum

1902 2300 2079 2356 erexit
2104 2300 2259 2371 (Gen.
2292 2319 2478 2367 xxviii,
2515 2302 2641 2375 18)?
2688 2302 2757 2357 Et
2780 2302 2901 2372 quis
2927 2302 3062 2371 lapis
3087 2301 3189 2356 iste
3227 2299 3362 2356 alius
3392 2299 3497 2357 nisi

1902 2392 1991 2449 ille
2021 2393 2338 2463 exprimitur
2366 2410 2528 2464 quem
2560 2393 2757 2450 Paulus
2787 2395 2841 2448 in
2887 2393 3045 2449 laude
3085 2390 3323 2447 lidelium
3352 2404 3495 2461 pra:-

1901 2488 2066 2551 dicat,
2099 2487 2320 2544 dicens:
2354 2488 2635 2559 Ediﬁcati
2675 2505 2829 2559 super
2856 2488 3249 2559 fundamentum
3284 2493 3497 2553 aposto-

1903 2582 2071 2637 lorum
2130 2590 2176 2635 et
2230 2580 2616 2653 prop/telarum,
2650 2582 2760 2652 ipso
2806 2597 3003 2635 summo
3052 2577 3293 2650 angulari
3321 2576 3496 2647 lapide

1905 2674 2107 2729 Christo
2137 2672 2266 2728 Jesu
2298 2673 2514 2747 (Ephes.
2537 2690 2592 2740 ιι,
2634 2672 2753 2744 2οη
2794 2672 2955 2728 Pater
2978 2684 3107 2739 ergo
3136 2669 3254 2724 Heli
3285 2669 3406 2723 ideo
3436 2668 3492 2722 iu

1902 2765 2265 2821 sacerdotium
2296 2765 2503 2821 electus
2528 2780 2559 2819 a
2590 2764 2819 2819 Domino
2862 2770 2981 2827 est,
3027 2770 3086 2817 ut
3114 2759 3182 2814 ad
3210 2758 3377 2812 altare
3406 2770 3495 2811 as-

1904 2853 2178 2922 cenderet,
2219 2856 2342 2926 quia
2372 2854 2508 2911 ordo
2539 2854 2822 2909 doctorum
2852 2858 3098 2907 veterum
3124 2848 3191 2903 ad
3216 2848 3321 2903 hoc
3357 2846 3489 2902 sub—

1903 2946 2049 3017 jecto
2077 2945 2177 3001 sibi
2204 2945 2404 3016 populo
2434 2944 2667 3014 praefuit,
2698 2952 2757 2998 ut
2783 2940 3005 2998 humani
3032 2938 3246 3009 generis
3270 2950 3494 3006 repara-

1908 3042 2109 3099 tionem
2142 3041 2197 3097 in
2226 3040 2608 3110 Redemptoris
2634 3038 2871 3094 adventu
2900 3036 3133 3091 futuram
3160 3032 3496 3104 praedicaret.

1907 3135 1973 3191 Et
2020 3136 2301 3192 iucensum
2351 3134 2625 3201 adolevit,
2655 3132 2779 3203 quia
2830 3131 2880 3186 ei
2910 3144 3071 3201 quem
3112 3126 3347 3181 laturum
3398 3122 3502 3178 Re-

1907 3226 2240 3298 demptorem
2308 3224 2599 3296 prmdicat,
2649 3237 2749 3293 per
2808 3219 3133 3276 desiderium
3197 3214 3503 3269 auditurum

1908 3318 2075 3387 corda
2101 3318 2399 3388 conjunxit.
2432 3316 2625 3386 Ephod
2652 3328 2871 3385 quoque
2897 3310 3155 3382 portavit,
3186 3308 3309 3376 quia
3352 3304 3497 3360 desi-

1909 3411 2060 3467 derio
2089 3418 2253 3466 tanta:
2296 3406 2717 3478 exspectationis
2743 3405 2918 3472 dignae
2954 3396 3379 3457 conversationis
3408 3410 3509 3450 ora

1910 3511 2093 3556 uatum
2123 3500 2370 3572 praebuit.
2401 3496 2663 3553 Adoleret
2685 3496 2874 3566 utique
2904 3494 3200 3556 incensum,
3236 3496 3292 3543 et
3312 3485 3498 3559 'ephod

1914 3606 2021 3645 non
2051 3597 2314 3660 portaret,
2343 3589 2388 3643 si
2414 3587 2718 3643 auditorum
2744 3584 2909 3642 corda
2936 3583 2991 3637 in
3018 3579 3339 3639 desiderium
3362 3592 3497 3633 veu-

1916 3682 2022 3738 turi
2050 3680 2428 3751 Redemptoris
2451 3678 2802 3743 accenderet,
2833 3691 2865 3731 a
2893 3690 3002 3746 quo
3027 3673 3144 3744 ipse
3183 3670 3339 3727 fthlE
3365 3684 3497 3724 con-

1912 3775 2236 3833 versationis
2254 3772 2618 3843 inzequalitate
2643 3770 2902 3827 dilferret.
2928 3767 2996 3822 Et
3015 3765 3139 3836 quia
3162 3763 3505 3833 omnipotens

1915 3866 2056 3922 Deus
2083 3865 2366 3922 veritatem
2391 3861 2687 3933 religionis,
2720 3869 2775 3917 et
2803 3875 2911 3914 non
2943 3865 3259 3928 praetextum
3289 3867 3505 3923 quaere-

1914 3958 2008 4013 bat
2028 3972 2212 4013 coram
2240 3971 2299 4013 se
2321 3997 2338 4023 ,
2379 3962 2435 4011 et
2468 3968 2578 4010 non
2606 3960 2791 4009 coram
2818 3949 3020 4023 populo
3044 3989 3061 4017 ,
3108 3947 3215 4017 76
3243 3944 3419 4015 ephod
3447 3958 3507 3998 se

1916 4049 1967 4105 ei
2005 4056 2222 4119 portare
2249 4046 2570 4117 praecepisse
2596 4043 2886 4116 perhibuit.
2917 4040 3110 4095 Coram
3138 4036 3361 4092 Domin
3386 4034 3504 4105 qui-

1917 4138 2040 4195 dem
2069 4137 2245 4209 ephod
2272 4146 2492 4208 portare
2525 4142 2609 4190 est
2634 4134 2702 4189 de
2730 4132 2854 4187 vitzn
2887 4126 3198 4184 innocentia
3235 4124 3402 4180 solius
3427 4124 3510 4178 di-

1918 4230 2056 4284 vina:
2083 4228 2339 4284 bonitatis
2367 4224 2775 4281 retributionem
2804 4234 3064 4291 quaerere.
3106 4217 3306 4288 Aperte
3328 4222 3510 4270 autem

1920 4319 2022 4375 ista
2052 4326 2238 4375 contra
2268 4317 2386 4373 Heli
2408 4331 2505 4388 per
2527 4314 2912 4385 improperium
2939 4311 3212 4367 dicuntur.
3236 4306 3318 4362 Ad
3340 4306 3513 4362 altare

1922 4414 2120 4484 quippe
2168 4426 2275 4466 non
2324 4408 2565 4465 ascendit
2609 4407 2700 4476 qui
2747 4404 3108 4461 sacerdotium
3152 4399 3322 4468 il'ud,
3368 4396 3515 4469 quod

1923 4502 2280 4558 manifestata:
2330 4498 2573 4557 veritatis
2624 4505 2870 4568 tempore
2917 4494 3214 4566 Synagogze
3262 4490 3519 4561 prailuit,

222 4578 643 4646 conscenderat,
674 4580 867 4651 aequali
892 4583 1217 4640 sublimitate
1244 4585 1456 4641 virtutis
1478 4585 1814 4657 disponebat.
1841 4573 1899 4637 Ῑ)
1923 4609 2046 4650 eum
2096 4594 2187 4663 qui
2246 4598 2394 4646 tanta
2440 4590 2714 4659 signorum
2770 4584 3140 4657 magnitudine
3191 4582 3516 4651 Redemptor

220 4669 331 4736 Qui
362 4670 614 4741 profecto
641 4671 708 4727 ad
736 4672 853 4729 Heli
886 4682 1011 4730 tunc
1038 4675 1215 4742 venit,
1256 4676 1472 4747 quando
1514 4677 1580 4733 ad
1612 4694 1820 4733 annun-

223 4762 471 4817 tiandam
526 4764 886 4834 repulsionem
954 4765 1250 4838 Synagoga:
1313 4767 1439 4837 ejus?
1479 4769 1823 4839 pontificibus

221 4853 487 4910 accessit.
517 4852 773 4923 Sequitur
802 4874 816 4910 :

300 4953 484 5027 (Vers.
506 4952 595 5021 ΞΤ,
616 4954 733 5026 28.)
763 4955 833 5012 Et
856 4959 931 5012 ait
949 4958 1019 5012 ad
1043 4974 1156 5013 cum
1187 4974 1205 5013 :
1235 4956 1489 5032 Nunquid
1515 4979 1619 5017 non
1652 4971 1827 5032 aperte

222 5052 485 5105 revelatus
510 5066 623 5105 sum
662 5050 836 5106 domui
864 5052 1027 5122 patris
1058 5056 1167 5118 tui,
1207 5068 1320 5106 cum
1348 5062 1480 5107 esset
1509 5053 1562 5106 in
1585 5051 1822 5125 ngypto

219 5144 279 5197 in
313 5142 471 5200 domo
503 5143 797 5200 Pharaonis
818 5186 832 5211 ,
874 5154 922 5199 et
951 5147 1082 5217 elegi
1111 5164 1224 5201 eum
1247 5163 1310 5203 ea:
1332 5146 1565 5202 omnibus
1598 5147 1823 5205 tribubus

223 5235 411 5291 Israel
437 5238 561 5292 mihi
584 5238 922 5306 sacerdotem,
954 5247 1011 5292 ut
1039 5240 1334 5294 ascenderet
1359 5239 1427 5294 ad
1448 5240 1615 5295 altare
1637 5257 1827 5309 meum,

220 5335 275 5381 et
304 5326 543 5382 adoleret
561 5330 685 5383 mihi
710 5331 998 5398 incensum,
1020 5338 1070 5385 et
1087 5338 1318 5399 portaret
1342 5329 1506 5400 ephod
1527 5346 1699 5385 coram
1723 5348 1827 5398 me,

220 5428 279 5473 et
320 5416 450 5472 dedi
470 5417 642 5475 domui
667 5421 830 5491 patris
861 5420 937 5475 tui
972 5430 1156 5477 cuncta
1202 5420 1264 5475 de
1299 5420 1572 5492 sacriﬁciis
1599 5420 1828 5495 ﬁliorum

223 5508 447 5566 Israel?

302 5598 405 5657 24.
445 5602 582 5674 Quia
624 5606 806 5665 divino
845 5605 1050 5679 judicio
1078 5607 1260 5665 Judaca
1306 5610 1618 5681 repellitur,
1660 5610 1834 5685 ipsius

310 5812 343 5845 ι
371 5801 600 5862 Additur
618 5801 819 5861 Paulus
846 5802 901 5862 iu
928 5801 1093 5861 Gilot.
1124 5809 1180 5861 et
1201 5799 1372 5861 Vatic.

1924 4686 2146 4742 humani
2173 4684 2389 4756 generis
2435 4682 2664 4752 claruit,
2722 4680 2981 4750 subjectis
3017 4676 3263 4748 plebibus
3310 4689 3516 4743 nequa-
3588 4748 3594 4757 Ι

1926 4796 2088 4851 quam
2118 4778 2446 4851 praedicavit.
2498 4775 2564 4831 Et
2589 4776 2867 4831 incensum
2916 4771 3031 4827 Deo
3078 4787 3185 4825 non
3233 4765 3509 4829 adolevit,
3584 4758 3589 4765 ’

1926 4871 2051 4940 quia
2076 4870 2129 4924 in
2159 4868 2593 4939 persecutionem
2622 4864 2739 4935 ejus
2768 4862 3048 4934 populum,
3074 4868 3129 4915 et
3149 4874 3255 4912 nou
3287 4857 3338 4910 in
3366 4870 3517 4910 amo-

1927 4975 2043 5015 rem
2072 4958 2383 5016 concitavit.
2412 4956 2600 5028 Ephod
2629 4955 2791 5015 etiam
2817 4969 3001 5011 coram
3030 4949 3258 5007 Domino
3291 4954 3514 5019 portare

1929 5054 2275 5124 contempsit,
2294 5052 2423 5123 quia
2444 5050 2590 5107 nulla
2613 5048 2891 5119 religionis
2908 5045 3140 5104 veritate
3168 5038 3517 5112 respleuduit.

1927 5146 2063 5203 Nam
2109 5147 2211 5203 etsi
2243 5144 2521 5203 'nonnulla
2567 5143 2870 5203 honestatis
2923 5139 3152 5210 insignia
3206 5134 3525 5209 praeferebat

1929 5251 2157 5298 ornatus
2179 5241 2271 5297 ille
2297 5241 2457 5307 vitai,
2485 5255 2554 5297 ex
2582 5244 2847 5311 praetextu
2878 5233 3100 5293 fallaciae
3130 5241 3279 5297 erat,
3311 5243 3419 5284 non
3450 5240 3520 5281 ex

1931 5334 2228 5392 intentione
2254 5334 2550 5391 charitatis.
2583 5331 2742 5391 Unde
2781 5338 2838 5387 et
2872 5331 2978 5386 hoc
3008 5328 3183 5397 ipsum
3212 5324 3271 5406 in
3300 5321 3378 5379 eis
3406 5319 3517 5376 Dea

1934 5430 2109 5485 minus
2162 5428 2545 5499 reprehendit,
2597 5426 2824 5482 dicens:
2880 5423 2975 5479 γω
3021 5420 3183 5487 vobis,
3233 5415 3435 5474 Scribte
3473 5420 3525 5468 et

1936 5519 2224 5587 Pharisaei,
2256 5522 2379 5593 quia
2416 5520 2608 5575 similes
2652 5518 2775 5573 estis
2816 5513 3061 5585 sepulcris
3086 5510 3341 5567 dealbatis
3365 5548 3381 5575 ,
3411 5516 3523 5577 qua:

1942 5614 2070 5687 foris
2096 5613 2327 5670 videntur
2357 5610 2646 5673 hominibus
2673 5609 2943 5680 speciosa;
2998 5605 3134 5661 intus
3175 5612 3343 5667 autem
3370 5596 3528 5671 plena
