4044 6336
538 340 642 398 195

1738 330 1979 391 SANCTI
2018 328 2350 387 GREGOBII
2385 326 2600 385 MAGNI

3702 325 3803 384 ιω

532 470 648 515 sunt
684 458 882 515 ossibus
914 466 1231 514 mortuorum
1262 454 1481 529 (Matth.
1521 470 1688 521 xxtn,
1733 454 1847 524 27).
1893 452 1998 509 Sed
2030 452 2116 507 cui
2149 456 2192 517 Α
2293 449 2383 505 28.
2416 448 2619 516 Quibus
2644 446 2891 502 nimirum
2915 444 3096 503 verbis
3114 457 3339 515 arguere
3369 458 3632 515 majorem
3659 446 3807 503 ordi-

533 559 642 605 tam
673 549 839 603 multa
885 554 939 602 et
984 546 1244 616 spiritalia
1290 544 1554 615 praebuit,
1606 544 1783 601 minus
1824 542 2118 599 contulisse

528 641 820 705 videretur,
853 639 956 694 nisi
996 637 1159 694 etiam
1191 637 1509 708 temporalia
1538 636 1837 693 exhiberet.
1885 634 2033 690 Unde
2062 641 2119 689 et

527 732 772 789 subditur
804 748 817 784 :
850 729 920 783 Et
948 730 1066 784 dedi
1088 730 1261 784 domui
1291 729 1455 799 patris
1487 729 1559 781 tui
1590 735 1775 782 cuncta
1805 726 1868 780 de
1912 726 2113 796 sacriﬁo

526 823 617 875 ciis
646 821 877 891 ﬁliorum
900 817 1091 874 Israel.
1124 817 1287 884 Quasi
1317 818 1365 873 ei
1400 825 1588 873 aoerta
1621 816 1927 885 objectione
1956 830 2116 875 renu-

526 920 601 965 tet
628 910 813 983 [Forte
838 909 1089 982 repetatl,
1121 909 1308 965 dicens
1337 927 1350 963 :
1381 909 1439 962 ln
1472 909 1619 964 nullo
1648 910 1697 963 ei
1736 907 1912 973 defui;
1956 908 2116 977 spiri-

526 1004 692 1058 tualis
722 1002 944 1059 honoris
972 1001 1367 1072 potestatisque
1394 1000 1629 1055 culmina
1660 1000 1862 1070 praebui
1888 1039 1904 1065 ,
1950 1007 2005 1054 et
2047 998 2116 1054 ad

526 1093 854 1169 temporales
892 1108 1020 1147 usus
1059 1100 1288 1147 terrena:
1324 1090 1660 1145 abundantia
1706 1090 1916 1160 copiam
1954 1088 2118 1143 mini-

527 1184 711 1240 stravi.
742 1184 850 1239 Sed
880 1184 971 1253 qui
1000 1192 1109 1238 tam
1139 1182 1529 1237 rationabiliter
1574 1182 1769 1237 collata
1799 1180 1941 1235 dona
1979 1194 2115 1234 enu-

527 1284 725 1341 merat,
758 1274 1034 1330 audiamus
1075 1274 1183 1343 jam
1215 1272 1656 1341 transgressionis
1682 1272 1799 1342 ejus
1833 1271 2117 1327 audaciam

529 1380 631 1435 qua
661 1364 915 1420 instantia
943 1363 1287 1419 discussionis
1307 1363 1573 1431 exquirat.
1603 1362 1733 1417 Nam
1761 1362 2005 1433 sequitur
2030 1380 2045 1417 :

598 1457 774 1528 (Vers.
806 1454 921 1527 29.)
962 1452 1134 1519 Quare
1152 1454 1295 1507 calce
1323 1453 1547 1524 abjicitis
1569 1454 1827 1507 victimam
1849 1470 2036 1516 meam,
2068 1462 2117 1507 et

528 1566 740 1603 munera
769 1565 900 1611 mea,
929 1562 1043 1617 qua:
1069 1548 1288 1616 prwcepi
1310 1556 1365 1599 ut
1391 1546 1702 1615 o/ferrentur
1724 1546 1775 1599 in
1802 1546 2028 1616 templo?

595 1640 683 1694 26.
729 1638 899 1704 Quare
924 1640 1069 1694 enim
1098 1654 1205 1694 non
1226 1638 1357 1693 dicit
1381 1638 1570 1707 judex,
1602 1638 1706 1693 nisi
1734 1638 1826 1706 qui
1858 1638 2120 1693 instanter

526 1732 759 1788 discutit.
792 1731 857 1787 Et
883 1732 975 1801 qui
1005 1731 1154 1786 calce
1176 1729 1437 1799 repulisse
1461 1730 1735 1784 victimam
1769 1729 1864 1783 Dei
1892 1737 1948 1783 et
1988 1745 2115 1783 mu-

2219 556 2342 597 nem
2386 541 2668 597 doctorum
2698 542 2927 607 videtur,
2977 540 3069 610 qui
3115 540 3313 596 idcirco
3341 540 3395 594 in
3426 540 3805 613 Redemptoris

2221 647 2396 691 morte
2441 635 2743 699 consensit,
2796 633 2939 703 quod
2986 633 3319 688 obiationum
3366 644 3607 689 veterum
3656 634 3806 689 lucra

2221 730 2475 785 amittere
2502 728 2825 785 formidavit.
2853 726 3004 782 Unde
3025 738 3081 781 et
3110 727 3241 782 inito
3263 727 3491 782 consilio
3515 743 3640 782 cum
3665 725 3804 782 Pha-

2220 824 2409 889 rismis,
2440 823 2687 877 dicebant
2717 841 2728 874 :
2764 821 2901 885 Quid
2931 822 3173 893 facimus,
3201 822 3321 892 quia
3351 821 3432 873 Itic
3462 821 3612 874 homo
3642 822 3805 873 multa

2219 916 2371 984 signa
2391 914 2548 985 facit?
2566 913 2626 967 Si
2638 913 2938 967 dimittimus
2954 930 3067 966 eum
3082 913 3174 977 sic,
3188 928 3363 967 omnes
3375 911 3582 965 credent
3600 914 3656 965 in
3670 928 3803 971 eum,

2220 1014 2268 1059 et
2298 1006 2497 1059 venient
2525 1003 2769 1071 Romani,
2800 1014 2848 1057 et
2873 1004 3049 1057 tollent
3080 1013 3311 1057 nostrum
3336 1003 3503 1057 locum
3531 1012 3579 1057 et
3604 1012 3809 1072 gentem

2221 1098 2401 1171 (Joan.
2446 1115 2528 1163 xt,
2582 1096 2669 1163 47,
2728 1096 2845 1163 48).
2893 1096 2960 1150 Et
3006 1098 3197 1151 iterum
3235 1114 3245 1149 :
3287 1096 3464 1150 Videte
3508 1099 3629 1167 quia
3679 1094 3811 1148 nihil

2217 1191 2545 1261 proﬁcimus;
2590 1205 2706 1243 ecce
2734 1188 2953 1243 mundus
2992 1196 3128 1241 totus
3165 1197 3281 1258 post
3308 1204 3421 1241 eum
3468 1188 3607 1241 vadit
3638 1185 3807 1255 (Ibid.

2217 1294 2313 1346 xn,
2338 1278 2447 1349 l9).
2475 1278 2602 1334 ideo
2633 1278 2797 1347 igitur
2839 1276 2977 1332 ﬁlios
3006 1278 3315 1336 honoravit.
3349 1286 3407 1331 ut
3432 1275 3808 1341 comederent,

2219 1370 2345 1439 quia
2366 1386 2395 1423 a
2416 1369 2645 1439 praedico
2655 1369 2813 1424 tionis
2826 1369 3123 1424 intentione
3139 1368 3415 1433 conticuit,
3436 1384 3502 1421 no
3519 1368 3645 1421 dum
3671 1368 3810 1420 veri-

2220 1468 2388 1516 tatem
2436 1476 2590 1517 novai
2621 1461 2909 1516 oblationis
2939 1466 3226 1524 assereret,
3255 1459 3455 1514 habere
3484 1458 3712 1512 ulterius
3740 1455 3809 1510 ad

2220 1553 2510 1622 voluptatis
2530 1567 2641 1607 sua:
2659 1551 2921 1607 luxuriam
2942 1560 3126 1606 vetera
3151 1566 3258 1604 non
3276 1549 3495 1605 valeret.
3517 1548 3653 1613 Quia
3680 1560 3811 1614 ergo

2219 1643 2642 1711 magnitudinem
2675 1643 3099 1711 qualitatemque
3128 1648 3306 1696 reatus
3329 1638 3595 1710 exposuit,
3627 1637 3811 1692 videa-

2219 1749 2338 1788 mus
2367 1733 2478 1801 jam
2521 1742 2721 1803 quanta
2748 1735 3000 1803 aequitate
3036 1733 3300 1789 examinis
3327 1732 3543 1788 modum
3573 1730 3809 1785 insinuet

527 1840 654 1881 nera
683 1823 1117 1895 reprehenditur,
1150 1824 1198 1877 ei
1226 1820 1473 1890 injuriam
1497 1822 1615 1876 sine
1645 1819 1871 1876 consilio
1894 1820 2119 1875 rationis
2152 1844 2195 1903 Β
2223 1825 2463 1880 ultionis.
2500 1825 2631 1880 Nam
2660 1825 2894 1881 subdens
2920 1826 2995 1879 ait
3026 1842 3039 1878 :

526 1919 715 1977 fecisse
743 1929 765 1955 ³
790 1918 1086 1989 judicatur.
1136 1916 1440 1973 Notandum
1473 1931 1600 1971 vero
1647 1925 1732 1972 est
1770 1916 1893 1985 quia
1923 1916 2117 1985 plurali

523 2029 749 2069 numero
777 2012 908 2067 dicit
938 2029 950 2066 :
987 2009 1161 2075 Quare
1189 2010 1331 2065 calce
1358 2010 1623 2081 abjecistis
1646 2010 1906 2063 victimam
1930 2026 2115 2075 meam,

525 2111 583 2158 ut
608 2119 717 2157 non
747 2110 953 2156 tantum
978 2101 1044 2155 ad
1066 2099 1206 2167 Heli,
1231 2100 1325 2155 sed
1346 2099 1412 2155 ad
1444 2100 1583 2155 ﬁlios
1608 2099 1754 2170 quod
1782 2100 1975 2156 dicitur
2000 2116 2119 2170 per-

530 2193 706 2249 tinere
742 2192 1009 2247 videatur.
1060 2191 1197 2247 Fera
1242 2192 1441 2262 quippe
1493 2191 1744 2246 animalia
1798 2191 1975 2247 solent
2019 2190 2119 2246 sibi

525 2286 850 2341 adhmentia
879 2286 1022 2340 calce
1058 2284 1336 2356 repellere.
1370 2283 1499 2350 Quae
1522 2284 1666 2339 enim
1692 2283 1937 2339 fidelibus
1967 2283 2117 2337 victi-

530 2392 624 2431 ma:
652 2377 769 2431 alia:
793 2376 1029 2445 luerunt,
1053 2368 1220 2445 'quam
1252 2374 1629 2444 Redemptoris
1654 2374 1737 2428 sui
1757 2373 2007 2428 laudibus
2030 2372 2118 2427 in-

531 2468 737 2535 sistere,
766 2468 1034 2524 Christum
1058 2465 1238 2523 Jesum
1270 2482 1368 2537 pro
1394 2465 1571 2521 salute
1601 2464 1786 2519 mundi
1807 2465 1861 2518 in
1889 2471 2117 2520 mortem

531 2562 845 2614 occubuisse
876 2558 1190 2628 prmdicare,
1216 2566 1269 2611 et
1297 2554 1630 2625 resurgendo
1660 2553 1883 2609 humani
1902 2556 2120 2623 generis

532 2652 693 2708 vitam
725 2652 1039 2723 reparasse?
1086 2649 1155 2705 Et
1182 2665 1301 2719 quae
1327 2651 1431 2705 alia
1460 2664 1649 2706 eorum
1679 2662 1903 2704 munera
1926 2653 2116 2716 erant,

531 2746 630 2801 nisi
671 2762 768 2815 pro
813 2744 977 2799 tantis
1006 2743 1104 2799 sibi
1155 2742 1365 2798 collatis
1392 2742 1667 2799 beneliciis
1707 2740 2001 2810 gratiarum
2029 2754 2120 2795 ac-

530 2837 702 2893 tiones
754 2837 1113 2907 omnipotenti
1165 2836 1279 2900 Deo
1344 2836 1677 2891 incessanter
1715 2832 1948 2891 ollerre?
1991 2831 2120 2899 Quae

530 2927 768 2998 profecto
794 2928 907 2983 Heli
932 2927 1020 2983 lilii
1050 2927 1198 2983 calce
1220 2926 1555 2999 repulerunt,
1586 2926 1711 2997 quia
1736 2927 1787 2980 in
1810 2924 2121 2995 repulsione

530 3035 681 3076 nova:
711 3020 1126 3091 prmdicationis,
1157 3034 1266 3073 non
1288 3018 1574 3074 consilium
1599 3015 1824 3071 rationis
1850 3029 1945 3085 per
1966 3028 2121 3069 sacra

532 3111 743 3182 eloquia
770 3111 941 3167 secuti
970 3118 1126 3177 sunt,
1158 3108 1255 3165 sed
1297 3109 1557 3178 impetum
1585 3105 1831 3162 leritatis.
1874 3105 1955 3160 Ab
1984 3104 2121 3158 irra-

532 3203 774 3260 tionabili
805 3217 1038 3271 namque
1066 3200 1269 3257 saevitia
1299 3199 1366 3254 ad
1392 3199 1673 3255 rationalis
1697 3196 1908 3254 consilii
1940 3196 2117 3250 inten-

534 3296 735 3351 tionem
764 3309 859 3349 eos
885 3293 1095 3349 Veritas
1126 3306 1389 3348 revocare
1417 3289 1687 3361 cupiebat,
1712 3288 1929 3345 dicens:
1958 3287 2120 3343 Scru-

529 3387 710 3442 tantini
742 3386 1063 3457 Scripturas,
1094 3390 1214 3457 quia
1240 3400 1326 3439 vos
1349 3385 1402 3437 in
1424 3383 1551 3452 ipsis
1576 3382 1770 3452 putatis
1794 3382 1949 3434 vitam
1970 3387 2121 3434 (cter-

531 3495 656 3534 nam
708 3478 931 3544 habere;
972 3485 1022 3532 et
1060 3477 1166 3533 illa:
1222 3476 1568 3532 testimonium
1625 3471 1894 3544 perhibent
1934 3469 1997 3525 de
2044 3486 2125 3523 me

531 3569 712 3638 (Joan.
754 3582 809 3636 v,
859 3568 969 3639 39).
1027 3566 1177 3623 Unde
1229 3575 1285 3623 et
1328 3567 1418 3622 hic
1445 3580 1667 3635 quoque
1694 3564 1936 3620 dicitur:
1991 3559 2123 3626 Qua:

531 3674 748 3730 praecepi
771 3666 828 3712 ut
855 3659 1134 3728 afferentur
1158 3659 1212 3713 in
1241 3658 1449 3729 templo.
1479 3656 1537 3711 In
1561 3656 1678 3726 lege
1701 3670 1956 3725 namque,
1979 3654 2123 3724 psal-

530 3753 671 3817 mis,
705 3762 759 3808 et
805 3751 1084 3822 prophetis
1134 3752 1393 3821 scriptum
1438 3749 1506 3805 de
1559 3748 1838 3820 passione,
1884 3763 2123 3803 resurre-

533 3846 715 3901 ctione
754 3844 987 3911 Domini,
1018 3852 1074 3900 et
1113 3843 1430 3899 universalis
1470 3840 1726 3897 Ecclesia:
1753 3850 1894 3895 statu
1924 3838 2118 3895 fuerat.

538 3935 701 3991 Caice
728 3948 857 4004 ergo
885 3934 1182 4006 Synagogte
1208 3933 1484 4005 praepositi
1512 3933 1783 3988 victimam
1815 3939 1870 3987 et
1898 3946 2120 3987 munera

533 4025 747 4082 Domini
794 4026 847 4081 in
877 4025 1080 4095 templo
1122 4024 1336 4080 Domini
1367 4022 1547 4080 oﬁ'erri
1591 4026 1739 4093 jussa
1769 4023 2119 4094 repulerunt,

532 4117 653 4187 quia
682 4116 924 4187 proiecto
964 4115 1403 4187 prtedicationem
1432 4122 1634 4171 sancta:
1662 4113 1917 4170 Ecclesiae
1944 4154 1958 4179 ,
2013 4129 2120 4169 non

531 4208 824 4279 Scriptura:
845 4216 1044 4263 sanctae
1069 4207 1393 4263 auctoritate
1414 4204 1703 4271 discutere,
1735 4205 1829 4260 sed
1861 4204 1978 4260 solo
2004 4202 2122 4258 leri-

532 4300 656 4355 tatis
701 4314 811 4354 suae
862 4300 1068 4369 impetu
1117 4299 1411 4368 reprobare
1458 4305 1621 4366 atque
1668 4296 1903 4366 abjicere
1942 4296 2121 4352 conati

533 4397 671 4444 sunt.
696 4390 829 4444 Nam
850 4390 895 4444 si
923 4396 1193 4459 praecepta
1214 4388 1308 4443 Dei
1331 4388 1385 4443 in
1409 4403 1565 4444 sacro
1588 4388 1800 4458 eloquio
1822 4387 2121 4443 iiiurninata

535 4492 714 4537 mente
742 4480 1103 4547 consulerent,
1135 4489 1350 4537 sanctos
1372 4482 1774 4552 praedicatores,
1800 4496 1939 4550 quos
1972 4479 2122 4535 fero-

535 4572 668 4627 citer
693 4571 936 4641 abjecere
958 4613 972 4637 ,
1016 4571 1168 4641 quasi
1200 4571 1266 4625 ad
1294 4586 1353 4625 se
1379 4571 1572 4626 missos
1598 4570 1856 4626 divinitus
1883 4569 2119 4639 recepis-

2292 1916 2467 1987 (Vers.
2503 1916 2619 1987 30.)
2651 1916 2938 1985 Propterea
2986 1916 3060 1969 ait
3110 1914 3362 1968 Dominus
3415 1912 3549 1966 Deus
3594 1909 3810 1967 Israel:

2220 2007 2460 2079 Loquens
2501 2007 2700 2062 locutus
2732 2025 2866 2075 sum,
2896 2016 2950 2059 ut
2980 2007 3163 2060 domus
3192 2015 3279 2059 tua
3327 2013 3374 2058 et
3416 2004 3597 2057 domus
3646 2002 3811 2069 patris

2222 2101 2293 2153 tui
2322 2100 2643 2153 ministraret
2686 2099 2741 2153 in
2778 2107 3050 2168 conspectu
3097 2113 3233 2161 meo,
3274 2095 3459 2149 amodo
3495 2104 3541 2149 et
3571 2110 3732 2164 usque
3756 2094 3810 2146 in

2220 2194 2605 2265 sempiternum.
2632 2191 2789 2247 Nunc
2816 2202 2986 2247 autem
3014 2191 3147 2245 absit
3178 2191 3270 2245 hoc
3301 2208 3331 2243 a
3353 2207 3452 2244 me.

2290 2284 2378 2340 ‘29.
2422 2285 2586 2351 Quasi
2634 2293 2822 2355 aperta
2872 2298 3219 2353 congruaque
3266 2283 3531 2338 sententia
3580 2280 3808 2345 feriens,

2220 2382 2366 2437 dicat
2401 2399 2414 2434 :
2450 2380 2531 2437 Tu
2562 2382 2699 2437 lilios
2728 2391 2851 2436 tuos
2882 2379 3186 2445 honorasti,
3238 2387 3297 2433 ut
3347 2378 3521 2434 omnis
3563 2376 3811 2431 sacriﬁcii

2221 2473 2487 2544 primitias
2517 2472 2785 2538 ederetis;
2816 2472 2911 2527 sed
2959 2472 3079 2527 ideo
3113 2472 3264 2526 vobis
3293 2470 3651 2541 primitiarum
3690 2468 3813 2537 jura

2222 2564 2565 2635 auferuntur,
2594 2566 2719 2635 quia
2768 2550 2986 2633 indigne
3029 2563 3278 2617 honorati
3322 2571 3465 2617 sunt.
3497 2560 3637 2627 Quid
3668 2560 3811 2614 enim

2222 2665 2308 2714 est
2332 2656 2512 2712 dicere
2541 2672 2555 2710 :
2585 2654 2732 2710 Absit
2762 2671 2793 2707 a
2813 2671 2892 2708 me
2917 2661 2972 2707 ut
3003 2654 3182 2708 domus
3212 2662 3296 2706 tua
3323 2653 3577 2706 ministret
3606 2653 3659 2704 in
3689 2668 3816 2705 con-

2222 2759 2396 2821 spectu
2435 2765 2575 2814 meo,
2625 2748 2771 2802 nisi:
2804 2748 2872 2801 ab
2920 2745 3012 2801 ilio
3051 2761 3150 2800 vos
3200 2744 3393 2813 dejicio
3440 2744 3680 2799 culmine
3726 2743 3815 2798 cui

2223 2840 2578 2913 primitiarum
2624 2838 2745 2907 jura
2771 2838 3150 2894 debebantur?
3198 2836 3327 2891 Mira
3357 2837 3517 2905 igitur
3541 2835 3816 2905 tenuitatis

2223 2932 2571 2989 exsecutione
2593 2930 3017 3001 comprehensus
3038 2938 3140 2995 est,
3162 2929 3254 2999 qui
3282 2928 3422 2983 unde
3452 2928 3813 2998 primitiarum

2223 3038 2375 3080 esum
2406 3024 2678 3080 inhianter
2722 3024 2973 3095 appetiit,
3008 3023 3130 3078 inde
3157 3038 3186 3076 a
3227 3021 3584 3092 primitiarum
3621 3037 3818 3092 perce-

2225 3116 2411 3186 ptione
2436 3115 2718 3185 jejunavit.
2752 3114 2886 3170 Nam
2916 3114 3334 3187 Redemptorem
3380 3114 3517 3169 mori
3567 3116 3811 3185 pertulit,

2227 3223 2295 3265 ne
2322 3208 2678 3265 sacerdotalia
2708 3208 2854 3265 lucra
2885 3207 3153 3278 perderet,
3198 3206 3292 3263 sed
3326 3206 3416 3261 ille
3441 3206 3509 3261 de
3536 3208 3817 3277 triumpho

2225 3301 2417 3357 mortis
2459 3300 2699 3370 accepit,
2744 3300 2885 3355 unde
2914 3297 3161 3355 sacriﬁcii
3206 3298 3406 3354 veteris
3447 3298 3817 3354 emolumenta

2225 3392 2508 3447 destruxit.
2544 3392 2678 3448 Dicit
2705 3400 2884 3447 autem
2912 3409 2925 3445 :
2956 3390 3191 3462 Loquens
3227 3390 3427 3445 locutus
3454 3407 3585 3455 sum,
3618 3400 3677 3443 ut
3716 3392 3817 3444 do-

2223 3498 2339 3537 mus
2368 3492 2476 3547 tua,
2518 3492 2568 3536 et
2608 3483 2772 3553 patris
2805 3482 2876 3535 tui
2914 3483 3234 3535 ministraret
3275 3481 3327 3535 in
3358 3488 3629 3551 conspectu
3660 3497 3814 3544 meo;

2224 3591 2361 3628 nunc
2390 3582 2560 3628 autem
2583 3572 2717 3627 absit
2739 3573 2832 3628 hoc
2860 3589 2892 3625 a
2922 3589 3020 3626 me.
3052 3570 3215 3637 Quasi
3246 3571 3427 3626 verbis
3451 3571 3819 3640 apertioribus

2226 3668 2373 3725 dicat
2403 3684 2419 3721 :
2452 3666 2521 3722 Ut
2551 3668 2601 3721 in
2636 3674 2784 3721 tanto
2815 3666 3048 3720 culmine
3090 3664 3364 3731 dignitatis
3393 3675 3588 3731 stares,
3623 3673 3677 3717 te
3708 3662 3817 3717 i‘reo

2226 3768 2456 3830 quenter
2482 3759 2773 3824 admonui,
2828 3757 2922 3813 sed
2968 3759 3131 3813 modo
3170 3756 3293 3811 talis
3341 3772 3447 3809 non
3497 3770 3555 3810 es
3596 3770 3816 3824 qualem

2225 3868 2346 3909 esse
2374 3851 2697 3908 desideravi.
2730 3850 2883 3917 Quod
2907 3849 3032 3920 quia
3064 3848 3117 3904 in
3160 3848 3369 3904 Judaici
3408 3847 3591 3919 populi
3623 3865 3822 3918 repro—

2224 3942 2445 3998 batione
2499 3943 2713 4007 dicitur,
2756 3940 2823 3997 de
2850 3940 3040 3997 ordine
3086 3953 3347 3996 novorum
3395 3937 3820 4009 prtedicatorum

2224 4034 2571 4103 subjnncsum
2600 4040 2685 4088 est
2710 4050 2723 4086 :

2300 4125 2484 4196 (Vers.
2516 4124 2628 4196 30.)
2672 4124 2781 4180 Sed
2825 4126 2912 4194 qui
2948 4125 3313 4197 gloriﬁcaverit
3352 4140 3451 4193 me,
3504 4123 3820 4193 gloriﬁcabo

2223 4234 2359 4273 eum.

2300 4308 2389 4364 30.
2436 4306 2554 4363 Jam
2603 4313 2803 4381 quippe
2851 4309 3199 4379 gloriﬁcantis
3244 4309 3469 4377 gloriam
3516 4307 3819 4375 cernimus,

2225 4402 2351 4474 quia
2381 4403 2761 4473 prccdicatores
2787 4412 2987 4459 sancta:
3016 4402 3269 4458 Ecclesiae
3298 4416 3493 4471 magno
3519 4399 3824 4471 splendore

2228 4495 2349 4550 vitae
2377 4496 2765 4565 omnipotentis
2814 4495 2908 4549 Dei
2958 4494 3141 4549 laudes
3188 4493 3512 4559 concinnat,
3558 4501 3716 4560 atque
3761 4492 3820 4547 in

2231 4586 2518 4640 universali
2569 4586 2714 4641 orbis
2744 4584 3059 4656 prmlatitme
3110 4584 3464 4654 gratulantur.
3516 4578 3654 4637 Ecce
3696 4582 3822 4650 jam

534 4672 672 4716 sent.
709 4638 815 4725 Sed
841 4661 932 4731 qui
961 4638 1078 4715 lle—ii
1110 4660 1268 4725 ﬁlios,
1299 4659 1354 4715 id
1383 4669 1466 4716 est
1500 4669 1712 4716 veteres
1740 4660 1992 4715 doctores
2013 4638 2118 4712 ini-

2228 4675 2567 4732 sacerdotum
2597 4638 2835 4745 vestigiis
2855 4676 3125 4745 gentilitas
3156 4676 3403 4730 universa
3430 4672 3820 4739 substernitur,

534 4752 679 4807 noris
704 4752 929 4817 ordinis,
965 4751 1033 4806 de
1060 4751 1413 4807 irrationabili
1451 4752 1665 4806 feritate
1692 4752 1795 4822 77
1820 4751 2115 4821 reprehen-

533 4840 643 4907 dit,
690 4840 865 4912 ipsum
896 4841 1058 4896 etiam
1081 4850 1293 4911 patrem
1321 4841 1390 4898 de
1428 4840 1749 4912 negligentia
1777 4841 1991 4910 arguit,
2037 4840 2116 4895 di-

535 4945 659 4986 cens
682 4950 694 4984 τ

607 5022 792 5093 (Vers.
820 5022 936 5093 29.)
968 5023 1257 5079 Honorasti
1298 5024 1438 5094 ﬁlios
1481 5032 1594 5079 tuos
1631 5024 1801 5095 magis
1831 5039 1986 5094 quam
2012 5040 2112 5079 me.

603 5110 693 5164 27.
726 5111 888 5177 Quasi
917 5121 1105 5181 aperte
1141 5112 1541 5172 reprehendens
1568 5113 1713 5169 dicat
1745 5129 1759 5167 :
1789 5111 1867 5166 illi
1908 5113 2117 5181 repule-

534 5214 679 5270 runt,
713 5217 768 5260 et
813 5214 869 5260 tu
898 5209 1205 5277 repulsores
1232 5207 1536 5263 honorasti.
1566 5206 1732 5275 Magis
1756 5221 1919 5276 quam
1950 5206 2117 5261 Deum

535 5296 675 5352 ﬁlios
692 5297 1133 5370 honoravit,quia
1154 5300 1281 5356 dum
1302 5308 1488 5371 aperta
1504 5315 1688 5355 eorum
1708 5315 1876 5370 opera
1898 5310 2118 5356 ostensa

537 5396 937 5460 contemneretj,
977 5390 1128 5447 lucra
1173 5391 1487 5463 temporalia
1536 5390 1725 5447 iisdem
1777 5393 2115 5463 providebat.

538 5475 696 5535 Unde
725 5490 779 5535 et
806 5483 983 5538 subdit
1003 5500 1019 5538 :

542 5569 787 5715 mysta.
813 5571 928 5644 29.)
956 5572 1023 5630 Ut
1045 5576 1377 5632 comederetis
1396 5575 1653 5647 primitias
1682 5579 1849 5634 omnis
1869 5579 2116 5651 sacriﬁcii

616 5830 643 5861 ⁸
671 5822 834 5882 Gilot.
863 5835 919 5880 et
938 5823 1136 5897 Vatic.,
1165 5825 1442 5884 indicatur.

2226 4774 2281 4821 et
2304 4780 2401 4820 eos
2422 4764 2617 4834 quibus
2641 4780 2700 4820 se
2721 4765 2917 4834 gaudet
2943 4764 3243 4821 obediendo
3264 4764 3527 4832 subjicere
3553 4770 3823 4833 patronos

2224 4857 2489 4928 gloriatur
2517 4858 2570 4912 in
2617 4859 2923 4915 cmicstibus
2968 4859 3265 4931 possidere.
3314 4856 3718 4912 Gioriﬁcantem
3756 4872 3824 4913 se

2224 4963 2354 5020 ergo
2389 4948 2648 5005 Dominus
2677 4949 2962 5019 gloriﬁcat,
2993 4950 3117 5020 quia
3148 4965 3177 5004 a
3206 4948 3400 5018 quibus
3423 4949 3645 5003 devotas
3672 4962 3822 5016 quo-

2225 5040 2357 5097 tidie
2386 5040 2571 5099 laudes
2612 5043 2829 5112 accipit,
2860 5042 2926 5098 ad
2952 5042 3187 5099 universi
3214 5042 3361 5097 orbis
3398 5041 3659 5096 honorem
3687 5055 3823 5095 sus-

2219 5135 2379 5191 tollit.
2410 5136 2491 5191 An
2534 5152 2641 5193 non
2670 5138 2950 5207 glorilicati
2980 5138 3148 5208 gloria
3179 5146 3284 5202 est,
3315 5137 3372 5192 in
3398 5147 3540 5192 terra
3565 5152 3819 5202 manere,

2221 5233 2278 5280 et
2302 5226 2497 5282 coelum
2545 5227 2838 5283 claudere?
2866 5227 3041 5283 Vitam
3068 5227 3427 5284 communiter
3452 5227 3695 5282 homines
3724 5228 3818 5281 vi-

2221 5330 2370 5383 vere,
2400 5325 2564 5388 atque
2605 5335 2867 5389 supernas
2895 5319 3155 5375 caelorum
3185 5318 3338 5374 sedes
3367 5319 3591 5373 subditis
3617 5326 3821 5373 aucto—

2222 5406 2383 5463 ritate
2411 5411 2694 5479 potestatis
2722 5411 3012 5466 exhibere?
3037 5410 3383 5465 Gloriﬁcabat
3408 5410 3607 5479 quippe
3628 5409 3823 5463 Domi-

2224 5515 2389 5567 num,
2434 5501 2525 5570 qui
2573 5501 2825 5557 dicebat:
2857 5501 2933 5555 Tu
2982 5518 3036 5556 es
3089 5501 3319 5555 Christus
3365 5500 3536 5555 Filius
3565 5500 3666 5553 Dei
3713 5502 3821 5553 viri

2226 5587 2453 5661 (Matth.
2503 5608 2619 5659 xvr,
2669 5593 2788 5663 16).
2838 5591 2945 5647 Sed
3000 5592 3390 5661 glorilicantem
3441 5607 3501 5647 se
3554 5590 3821 5645 Dominus

2226 5679 2563 5754 liorilicavit,
2590 5684 2716 5756 quia
2743 5686 2794 5743 ei
2818 5683 3115 5756 respondit,
3143 5684 3360 5744 dicens:
3393 5681 3509 5740 Tibi
3536 5680 3668 5738 dabo
3696 5681 3818 5736 cta-
