4044 6336
256 347 363 406 I05

1088 336 1156 393 IN
1197 336 1462 394 PRIMUM
1502 336 1744 397 REGUM
1786 335 2307 396 EXPOSITIONES.
2348 367 2417 380 —
2454 339 2584 397 LIB.
2628 341 2693 396 ll.

3437 341 3541 399 106

253 479 339 520 ses
372 460 521 534 regni
547 458 812 523 caelorum,
849 463 899 510 et
925 453 1268 527 quodcunque
1309 456 1547 526 ligaveris
1575 471 1728 525 super
1748 464 1850 509 ter-
1881 463 1928 518 Α
1955 451 2015 507 In
2037 452 2299 509 universis
2339 468 2468 524 ergo
2497 453 2661 510 Israel
2686 452 2960 525 prosperis
2999 455 3249 509 aemulum
3278 470 3435 512 suum
3458 457 3543 512 vi—

253 571 367 610 ram
387 554 484 608 erit
507 552 722 623 ligatum
744 559 792 603 et
812 548 866 603 in
888 549 1049 613 caelis,
1070 556 1118 602 et
1142 546 1476 617 quodcunque
1504 548 1611 619 78
1634 547 1845 604 solveris

252 658 412 714 super
447 650 639 695 terram
675 638 774 691 erit
803 636 1027 691 solutum
1055 644 1107 689 et
1142 636 1197 689 in
1224 635 1362 690 caelis
1389 633 1577 706 (lbid.,
1603 634 1715 705 l9).
1740 635 1848 692 Sed

254 734 325 791 de
351 732 606 805 projectis
628 729 935 785 Judaaorum
966 727 1214 799 reprobis
1240 726 1487 782 subditur
1520 744 1532 780 :

331 828 520 901 (Vers.
544 823 661 895 50.)
702 822 802 889 Qui
826 833 999 877 autem
1043 828 1376 877 contemnunt
1413 837 1493 877 me
1519 830 1673 877 erunt
1700 823 1850 896 igno-

254 921 403 977 biles.

328 1014 420 1070 51.
453 1012 560 1085 Ipsi
585 1011 802 1083 quidem
831 1018 1205 1078 contemnunt,
1229 1011 1322 1081 qui
1344 1026 1684 1083 nequaquam
1710 1012 1853 1069 hunc

255 1121 379 1164 esse
398 1104 585 1160 mundi
607 1103 1024 1174 Redemptorem
1040 1102 1295 1160 credunt:
1316 1104 1384 1160 de
1396 1104 1592 1175 quibus
1608 1103 1850 1175 profecto

252 1201 373 1272 ipsa
406 1198 614 1254 Veritas
633 1197 688 1252 in
725 1195 1017 1266 Evangelio
1038 1198 1301 1267 queritur,
1327 1199 1513 1255 dicens
1542 1217 1554 1252 :
1582 1197 1728 1255 Cives
1756 1215 1851 1253 au-

255 1301 359 1345 tem
386 1288 498 1361 ejus
526 1288 745 1344 oderant
794 1288 962 1354 illum,
1008 1297 1059 1342 et
1102 1290 1352 1353 miserunt
1381 1291 1691 1363 legaticum
1736 1300 1853 1362 post

252 1398 392 1447 eum,
414 1381 639 1435 dicentes
662 1396 679 1434 :
707 1377 966 1435 Nolumus
987 1380 1123 1436 hunc
1146 1399 1365 1454 regnare
1391 1398 1548 1454 super
1569 1400 1665 1440 nos
1695 1382 1850 1456 (Luc.

252 1492 373 1539 ιιι,
405 1473 518 1536 14).
551 1472 659 1529 Sed
698 1488 889 1529 eorum
924 1472 1038 1543 jam
1069 1482 1092 1509 ⁸
1120 1474 1515 1544 ignobilitatem
1556 1476 1850 1543 cernimus,

253 1565 381 1637 quia
413 1572 468 1619 et
494 1578 696 1634 genere
723 1571 779 1619 et
816 1564 1127 1621 conditione
1170 1566 1597 1635 proscribuntur.
1642 1565 1854 1623 Genere

251 1656 472 1726 quidem
510 1655 772 1724 ignobiles
800 1662 946 1722 sunt,
976 1656 1101 1726 quia
1143 1656 1211 1711 ab
1252 1657 1368 1727 ipsa
1402 1655 1639 1712 Veritate
1666 1658 1853 1714 audie-

251 1756 425 1805 runt:
471 1747 571 1802 Vos
615 1763 681 1801 ex
726 1758 873 1818 patre
919 1747 1127 1809 diabolo
1168 1749 1290 1803 estis
1340 1747 1519 1819 (Joan.
1568 1764 1689 1816 vtu,
1734 1748 1849 1820 44).

1950 543 2062 610 det,
2087 544 2178 614 qui
2208 544 2261 599 in
2283 553 2470 599 sancta
2497 544 2736 601 Ecclesia
2770 546 3153 616 przedicatores
3184 547 3427 603 veritatis
3466 547 3544 604 fe-

1949 633 2081 690 lices
2107 635 2319 706 aspicit,
2350 644 2404 690 et
2433 651 2612 691 rerum
2638 636 2916 706 opulentia
2944 644 2999 691 et
3024 636 3343 715 celsitudine
3372 637 3548 708 digni-

1950 728 2098 783 tatis.
2140 726 2255 783 Hoc
2283 728 2445 783 etiam
2476 729 2619 797 quod
2660 728 2714 783 in
2746 731 2953 800 templo
2979 729 3241 784 videndus
3286 730 3546 784 asseritur

1952 818 2263 890 perlectiori
2285 820 2637 890 intelligentia
2658 821 2983 876 declaratur.
2997 820 3056 875 ln
3071 822 3324 877 omnibus
3345 821 3547 892 quippe

1953 911 2231 981 prosperis
2259 911 2311 965 in
2330 912 2530 981 templo
2560 920 2643 966 est
2664 911 2907 977 aemulus,
2952 911 3079 981 quia
3118 910 3252 966 ordo
3281 911 3548 981 praedica-

1954 1009 2132 1057 torum
2156 1018 2318 1057 omne
2345 1003 2488 1073 quod
2509 1003 2612 1059 sibi
2636 1003 2927 1060 famulatur
2948 1004 3016 1059 de
3045 1003 3303 1060 felicitate
3333 1013 3547 1075 tempo-

1952 1093 2047 1160 ris,
2076 1096 2131 1149 in
2147 1096 2606 1167 contemplatione
2628 1098 2864 1169 disponit
2890 1090 3223 1153 aeternitatis.
3248 1096 3505 1168 Sequitur
3529 1117 3544 1153 :

2029 1187 2210 1260 (Vers.
2243 1188 2359 1257 55.)
2400 1188 2758 1245 Verumtamen
2788 1208 2889 1245 non
2914 1193 3152 1264 auferam
3182 1192 3384 1263 penitus
3406 1209 3472 1247 ea:
3501 1201 3550 1248 te

1953 1281 2119 1335 uirum
2147 1282 2211 1335 ab
2234 1281 2391 1335 altari
2414 1299 2549 1338 meo.

2027 1375 2134 1445 79
2170 1373 2260 1428 54.
2291 1372 2512 1430 Penitus
2543 1390 2777 1446 namque
2808 1377 2875 1432 ab
2921 1378 3079 1433 altari
3119 1394 3217 1435 suo
3246 1380 3419 1435 virum
3451 1394 3551 1435 au-

1955 1461 2138 1529 ferret,
2171 1465 2217 1519 si
2246 1464 2314 1519 ad
2346 1464 2467 1521 ﬁdei
2511 1473 2712 1521 nostra:
2751 1468 3015 1523 unitatem
3044 1470 3248 1524 nullum
3294 1470 3553 1526 admitte-

1955 1562 2060 1610 ret.
2096 1553 2319 1611 Penitus
2346 1570 2475 1626 ergo
2521 1573 2631 1613 non
2677 1558 2928 1626 abstulit,
2969 1561 3094 1629 quia
3142 1562 3243 1616 etsi
3291 1564 3555 1633 reprobos

1956 1645 2259 1719 Synagogaa
2288 1648 2604 1704 sacerdotes
2651 1650 2877 1718 repulit,
2932 1651 3113 1721 plures
3167 1661 3344 1707 tamen
3379 1669 3446 1708 ex
3475 1655 3557 1710 eis

1958 1735 2028 1791 ad
2068 1738 2151 1791 sui
2181 1738 2546 1807 cognitionem
2584 1740 3007 1796 misericorditer
3037 1743 3281 1799 adduxit.
3311 1744 3556 1812 Quorum

250 1840 581 1897 Conditione
624 1840 786 1895 etiam
818 1840 1081 1911 ignobiles
1109 1849 1267 1908 sunt,
1299 1842 1425 1910 quia
1456 1841 1650 1897 amissa
1680 1841 1852 1898 liber-

1972 1828 2205 1901 profecto
2234 1831 2289 1887 in
2319 1832 2689 1904 apostolorum
2717 1833 2943 1889 Actibus
2971 1834 3142 1891 Lucas
3168 1838 3446 1904 meminit,
3473 1838 3556 1893 di-

252 1940 391 2001 tate,
414 1941 470 1988 et
494 1946 683 2002 regno,
709 1941 969 2001 perpetua
992 1932 1231 2002 gentium
1256 1933 1515 1989 servitute
1540 1934 1852 2003 deprimun-

250 2034 361 2082 tur.
392 2025 500 2082 Sed
528 2040 809 2096 ptenarum
837 2025 1082 2080 ordinem
1112 2026 1310 2082 clarius
1340 2027 1600 2094 ostendit,
1631 2026 1846 2084 dicens:

329 2120 509 2191 (Vers.
538 2120 650 2190 51.)
670 2118 804 2173 Ecce
824 2120 931 2174 dies
960 2122 1186 2188 veniunt,
1206 2131 1255 2177 et
1274 2122 1560 2192 prwcidam
1583 2121 1852 2178 brachium

249 2224 424 2278 tuum,
452 2221 501 2267 et
531 2211 795 2266 brachium
819 2212 1001 2267 domus
1031 2212 1197 2283 patris
1224 2214 1317 2281 tui,
1368 2223 1424 2268 ut
1465 2231 1571 2270 non
1599 2216 1667 2270 sit
1696 2230 1853 2270 senex

249 2306 306 2359 in
331 2305 484 2360 domo
507 2312 618 2357 tua.

328 2395 417 2450 52.
450 2395 569 2452 lam
614 2398 832 2470 quidem
861 2399 980 2457 sine
1009 2399 1237 2457 brachio
1265 2407 1382 2465 est.
1429 2400 1555 2471 quia
1585 2400 1674 2472 qui
1716 2410 1856 2457 tem-

250 2489 401 2560 plum
434 2499 489 2545 et
517 2492 924 2548 tabernaculum
973 2493 1240 2564 perdidit,
1270 2507 1491 2548 manum
1520 2492 1587 2547 ad
1617 2492 1853 2549 oblatio.

252 2598 379 2637 nem
410 2583 660 2639 sacriﬁcii
691 2586 889 2642 veteris
918 2602 1026 2643 non
1073 2586 1334 2643 extendit.
1367 2585 1435 2641 Et
1476 2586 1602 2657 quia
1630 2584 1767 2652 Heli,
1801 2584 1857 2641 id

252 2680 340 2729 est
388 2673 687 2741 majoribus
727 2676 1027 2749 Synagogm
1074 2677 1470 2745 sacerdotibus,
1511 2676 1854 2749 loquebatur,

232 2779 363 2839 non
391 2765 565 2821 solum
595 2766 876 2823 brachium
904 2769 1021 2839 ejus
1039 2807 1055 2834 ,
1087 2768 1183 2825 sed
1221 2768 1386 2824 etiam
1413 2767 1611 2825 domus
1654 2768 1770 2839 ejus
1795 2784 1856 2824 se

253 2857 552 2927 pmcidere
572 2859 828 2927 minatur,
851 2868 909 2915 ut
936 2861 1184 2932 profecto
1205 2862 1567 2919 Imiversalem
1596 2863 1731 2919 ritus
1756 2877 1854 2918 ve-

253 2950 391 3005 teris
419 2950 847 3008 destructionem
873 2953 1131 3022 insinuet,
1160 2962 1216 3009 et
1247 2956 1352 3009 hoc
1381 2954 1526 3023 quod
1547 2970 1692 3011 novo
1713 2962 1855 3011 tem-

252 3058 392 3113 pore
413 3043 527 3113 jam
554 3044 755 3101 factum
786 3046 1057 3103 cernimus
1087 3047 1385 3117 antiquitus
1421 3046 1585 3105 fuisse
1627 3049 1858 3120 disposi-

252 3145 370 3192 tum
399 3138 717 3194 sentiamus.
747 3137 815 3194 Et
860 3140 1143 3196 brachium
1173 3140 1355 3211 itaque
1397 3141 1548 3211 ejus,
1581 3150 1637 3198 et
1663 3142 1858 3200 domus

1957 1936 2088 1977 cens
2118 1939 2130 1974 :
2166 1920 2407 1977 Plurima
2439 1923 2589 1977 turba
2618 1923 2942 1978 sacerdotum
2967 1924 3234 1979 obediebat
3261 1927 3385 1997 ﬁdei
3415 1928 3554 1999 (Act.

1956 2014 2143 2083 vr,7).
2181 2014 2338 2085 Digni
2386 2031 2622 2087 namque
2667 2024 2817 2072 tanto
2864 2026 2920 2073 et
2948 2033 3092 2073 novo
3132 2018 3431 2073 ministerio
3473 2020 3559 2074 in-

1956 2106 2107 2160 venti
2137 2114 2302 2173 sunt,
2343 2106 2434 2176 qui
2477 2121 2760 2162 remanere
2786 2121 2908 2162 cum
2939 2106 3164 2177 perditis
3203 2108 3255 2162 in
3288 2116 3559 2163 vetustate

1956 2196 2205 2253 noluere.
2231 2196 2342 2252 Sed
2362 2198 2486 2269 quia
2516 2214 2626 2254 non
2649 2199 2824 2253 solum
2847 2200 3052 2255 electos
3082 2199 3462 2270 prmdicatores
3486 2200 3557 2256 de

1957 2291 2225 2361 gentibus,
2272 2292 2629 2347 verumetiam
2678 2292 2804 2347 illos
2831 2293 2923 2363 qui
2953 2292 3021 2348 de
3060 2291 3245 2348 Judtea
3275 2294 3559 2349 credidere

1958 2382 2027 2439 ad
2058 2392 2384 2439 tormentum
2414 2383 2629 2440 invidiae
2649 2383 2933 2442 Judaicnm
2954 2386 3315 2443 sacerdotium
3345 2387 3557 2453 habuit,

1959 2477 2207 2547 sequitur
2240 2495 2253 2530 :

2030 2569 2209 2641 (Vers.
2242 2570 2357 2641 55.)
2408 2571 2519 2628 Sed
2545 2582 2601 2628 ut
2642 2573 2890 2645 deﬁciant
2932 2575 3066 2631 oculi
3107 2578 3200 2642 tui,
3243 2586 3293 2631 et
3336 2577 3564 2633 tabescat

1957 2660 2133 2715 anima
2161 2669 2268 2717 tua.

2032 2753 2122 2809 55.
2148 2754 2247 2811 Vel
2276 2755 2481 2814 idcirco
2510 2759 2687 2814 virum
2718 2761 2933 2830 penitus
2977 2775 3046 2816 ex
3073 2775 3141 2817 eo
3170 2763 3237 2817 ab
3277 2762 3433 2818 altari
3462 2779 3563 2819 suo

1960 2860 2068 2902 non
2100 2847 2355 2919 abstulit,
2382 2857 2441 2904 ut
2470 2849 2589 2905 Heli
2619 2852 2760 2905 oculi
2789 2849 3118 2918 deﬁcerent,
3148 2862 3203 2908 et
3232 2853 3409 2908 anima
3443 2854 3563 2924 ejus

1959 2938 2286 3010 tabesceret,
2318 2942 2444 3011 quia
2469 2941 2722 2998 videlicet
2749 2942 2956 3001 electos
2985 2944 3053 2999 de
3076 2943 3264 3001 Judzea
3294 2947 3466 3002 noluit
3492 2949 3563 3003 ad

1958 3029 2318 3087 ministerium
2345 3048 2496 3088 novae
2524 3034 2924 3105 prredicationis
2945 3051 3245 3107 assumere,
3269 3046 3345 3105 ut,
3378 3053 3561 3096 remo-

1959 3120 2032 3177 tis
2051 3121 2159 3189 eis,
2186 3122 2345 3195 culpa
2366 3125 2433 3179 ad
2455 3141 2671 3196 pmnam
2695 3126 2959 3197 reprobos
2982 3135 3211 3183 teneret.
3239 3127 3566 3184 Defecerunt

252 3226 374 3297 ejus
394 3226 653 3286 Dominus
678 3231 939 3301 prmidn,
966 3232 1094 3303 quia
1119 3239 1176 3288 ει
1200 3248 1442 3289 summos
1461 3232 1658 3290 ludam
1684 3234 1861 3306 pomi,
1887 3233 1937 3297 ο
1967 3228 2205 3287 namque
2236 3216 2381 3273 oculi
2410 3215 2531 3273 Heli
2568 3234 2690 3275 cum
2733 3235 3003 3275 summum
3034 3221 3398 3277 sacerdotium
3424 3222 3569 3277 veri-

253 3323 406 3390 ﬁces,
441 3335 496 3380 et
540 3326 781 3383 minores
826 3328 1140 3387 sacerdotes
1186 3330 1255 3385 ab
1285 3331 1657 3389 immolatione
1685 3332 1861 3389 veteri

251 3418 475 3487 penitus
504 3420 729 3476 amovit.
766 3418 919 3477 Unde
966 3430 1023 3478 et
1066 3425 1456 3481 convenienter
1506 3425 1855 3495 adjungitur:

254 3508 328 3565 Ut
374 3527 479 3565 non
506 3512 574 3566 sit
614 3528 772 3568 senex
801 3513 857 3568 in
882 3514 1035 3569 domo
1067 3523 1175 3568 tua.
1209 3514 1383 3571 Senes
1409 3516 1613 3588 quippe
1654 3517 1859 3573 intelli-

251 3602 419 3672 gendi
449 3612 575 3658 sunt
603 3605 938 3673 sacerdotes,
968 3621 1199 3677 quorum
1239 3607 1497 3675 cilicium,
1523 3610 1650 3679 quia
1676 3609 1857 3679 gravi-

252 3700 373 3749 tate
385 3709 595 3764 magnis
610 3695 911 3753 honestatis
925 3698 1271 3769 impenditur,
1287 3715 1317 3754 a
1330 3699 1606 3770 religionis
1620 3701 1862 3771 pondere

252 3785 410 3841 nulla
439 3788 631 3856 puerili
652 3789 872 3846 levitate
897 3800 1179 3847 vacuatur.
1206 3792 1495 3849 Brachium
1525 3793 1689 3863 igitur
1717 3796 1855 3866 ejus,

250 3884 309 3933 et
351 3876 546 3934 domus
584 3880 751 3950 patris
793 3880 910 3951 ejus
954 3882 1030 3938 ita
1071 3883 1355 3954 praecisum
1385 3891 1487 3950 est,
1520 3892 1579 3939 ut
1609 3884 1665 3940 in
1693 3884 1860 3941 domo

251 3985 357 4027 sua
385 3985 557 4027 senex
585 3987 693 4027 non
743 3973 833 4041 sit,
865 3974 993 4044 quia
1031 3974 1110 4031 sic
1145 3976 1347 4033 veteris
1387 3974 1679 4032 sacerdotii
1725 3976 1862 4033 ritus

252 4063 501 4129 evanuit,
528 4072 586 4120 ut
611 4066 835 4123 omnino
856 4083 1017 4124 nemo
1038 4069 1377 4133 remanserit,
1400 4070 1494 4139 qui
1517 4069 1686 4125 veteri
1708 4083 1863 4124 more

251 4155 550 4212 immolare
572 4157 686 4225 jam
713 4160 905 4231 possit.
930 4161 1064 4216 Nam
1095 4172 1381 4233 postquam
1405 4161 1737 4233 Redemptor
1763 4162 1863 4217 bu-

252 4248 412 4306 mani
433 4250 649 4319 generis
669 4265 770 4320 pro
788 4254 1028 4321 peccatis
1054 4254 1254 4309 nostris
1276 4270 1417 4310 novo
1433 4255 1681 4311 sacrificii
1711 4268 1865 4311 more

253 4358 319 4399 se
349 4343 571 4412 obtulit,
602 4358 721 4398 esse
760 4340 1018 4399 sacerdos
1055 4346 1449 4398 consuetudine
1492 4348 1711 4413 antiqua
1740 4360 1863 4398 ces-

251 4434 425 4491 savit.
447 4434 553 4490 Sed
570 4435 660 4506 qui
687 4434 869 4491 amissi
888 4433 1176 4489 sacerdotii
1205 4432 1401 4488 damna
1423 4432 1672 4499 sustinet,
1702 4430 1867 4486 habet

256 4535 598 4584 tormentum
627 4525 848 4596 majoris
886 4540 1057 4597 ptume
1084 4524 1152 4581 de
1195 4525 1381 4582 dolore
1418 4524 1652 4580 invidiae.
1686 4523 1865 4591 Quare

254 4626 313 4673 et
350 4617 602 4673 subditur
624 4635 639 4672 :

336 4709 521 4781 (Vers.
554 4709 667 4783 52.)
699 4710 768 4765 Et
798 4711 990 4767 videbis
1019 4711 1260 4768 cumulum
1291 4719 1433 4766 tuum
1462 4713 1518 4767 in
1546 4710 1757 4781 templo,
1804 4710 1859 4765 in

252 4804 522 4859 uniuersis
549 4807 810 4875 prosperis
847 4805 1037 4860 Israel.

334 4895 431 4952 55.
463 4895 609 4953 Intra
656 4898 916 4967 templum
955 4898 1155 4969 quippe
1196 4899 1449 4954 aemulum
1496 4915 1652 4955 suum
1692 4898 1861 4967 videt,

254 4992 395 5064 quia
426 4992 541 5061 ipse
567 4992 679 5062 jam
727 4991 872 5050 foras
914 4993 1170 5063 expulsus
1197 5001 1298 5048 est.
1330 4992 1463 5047 Nam
1493 4994 1613 5063 quis
1637 4994 1864 5050 tumulus

253 5090 556 5147 sacerdotii
579 5091 782 5147 veteris
812 5090 948 5147 alius
967 5100 1071 5155 est,
1097 5105 1258 5160 quam
1280 5089 1415 5145 ordo
1445 5106 1705 5145 novorum
1727 5106 1865 5161 prae-

254 5184 613 5243 dicatorum?
644 5185 747 5253 Qui
778 5185 1024 5256 profecto
1053 5184 1180 5240 dum
1205 5193 1450 5240 veterum
1481 5193 1537 5239 et
1564 5184 1860 5241 electorum

253 5285 485 5350 patrum
513 5278 691 5334 studia
728 5279 959 5334 vivendo
987 5286 1151 5349 atque
1178 5279 1427 5334 docendo
1459 5278 1747 5349 adaequare
1778 5277 1861 5333 ni-

254 5371 422 5437 titur,
455 5370 598 5426 bona
630 5371 747 5427 lleli
794 5372 1045 5427 nimirum
1088 5373 1143 5427 in
1194 5372 1339 5428 bono
1378 5373 1684 5429 aemulatur.
1727 5372 1864 5429 llinc

253 5461 470 5518 Paulus
495 5462 774 5532 admonet,
804 5464 1027 5519 dicens:
1058 5464 1261 5520 Bonum
1291 5467 1609 5520 renutlamiui
1636 5467 1687 5520 in
1733 5465 1863 5521 bono

252 5571 445 5612 omnes
475 5553 709 5626 (Gal.tv,
744 5555 857 5627 18).
882 5554 1014 5623 Quae
1044 5564 1224 5612 autem
1257 5557 1419 5613 Israel
1449 5569 1732 5629 prospera,
1765 5557 1863 5615 nisi

254 5646 558 5703 felicitates
597 5646 761 5716 hujus
810 5648 1139 5703 transeuntis
1170 5650 1432 5719 temporis
1475 5650 1863 5719 intelliguntur,

256 5738 319 5794 in
354 5738 554 5809 quibus
584 5739 749 5796 Israel
778 5740 1076 5796 secundum
1114 5756 1333 5797 carnem
1365 5743 1521 5800 valde
1554 5744 1868 5801 laetabatur?

342 5861 369 5889 ⁸·
395 5850 562 5933 Gilot.
588 5861 647 5910 et
672 5853 852 5911 Vatic.
884 5855 1204 5913 nobilitatem
1233 5861 1507 5915 cernimus.

557 5952 835 6015 PATROL.
884 5953 1178 6019 LXXIX.

1970 3314 2135 3363 tatem
2168 3308 2289 3365 ﬁdei
2330 3326 2426 3381 per
2453 3326 2550 3367 ora
2578 3312 2993 3382 praedicatorum
3042 3312 3097 3367 in
3124 3312 3311 3367 auditu
3339 3314 3562 3383 habuit,

1964 3404 2025 3453 et
2050 3414 2161 3455 non
2190 3401 2465 3471 cognovit.
2499 3401 2693 3456 Anima
2721 3417 2939 3473 quoque
2978 3403 3094 3471 ejus
3126 3403 3383 3468 tabescit,
3435 3404 3565 3474 quia

1964 3491 2221 3549 videlicet
2246 3509 2347 3565 per
2374 3493 2698 3565 repulsionis
2726 3510 2836 3550 suae
2859 3511 3073 3566 pmnam
3116 3496 3410 3565 emarcuit,
3438 3496 3568 3555 dum

1965 3585 2140 3642 sancti
2167 3586 2392 3657 spiritus
2419 3588 2649 3657 gratiam
2680 3588 2879 3644 amisit.
2915 3589 3211 3660 Sequitur:

2039 3698 2219 3770 (Vers.
2252 3701 2368 3773 55.)
2416 3699 2488 3757 Et
2531 3720 2655 3775 pars
2701 3720 2892 3776 magna
2933 3706 3116 3761 domus
3166 3714 3268 3762 tua:
3297 3707 3568 3775 morietur,

1966 3807 2083 3846 cum
2112 3793 2181 3846 ad
2209 3793 2410 3848 virilem
2439 3802 2647 3850 artatem
2668 3799 2979 3866 pervenerit.

2035 3884 2127 3939 56.
2144 3884 2301 3941 Ειειε
2321 3886 2491 3942 virilis
2512 3896 2724 3959 tempus
2744 3898 2829 3945 est
2848 3889 3133 3946 dominicae
3148 3890 3566 3958 Incarnationis,

1950 3976 2114 4050 quod
2143 3979 2392 4050 profecto
2424 3980 2719 4051 Apostolus
2767 3982 3037 4053 insinuat,
3090 3984 3274 4041 dicens
3301 4004 3313 4037 :
3344 3983 3568 4050 Quando

1966 4073 2106 4127 venit
2133 4075 2403 4144 plenitudo
2443 4077 2709 4145 temporis,
2748 4078 2889 4130 misit
2917 4076 3060 4132 Deus
3088 4076 3137 4129 F
3141 4078 3285 4132 ilium
3311 4095 3459 4133 suum
3484 4082 3572 4148 [a-

1967 4172 2103 4218 ctum
2131 4181 2197 4219 ea:
2224 4168 2458 4234 muliere,
2492 4169 2687 4238 factum
2727 4167 2818 4220 sub
2860 4170 2988 4240 lege,
3022 4176 3077 4221 ut
3116 4186 3202 4224 eos
3229 4172 3313 4239 qui
3340 4170 3429 4225 sub
3460 4170 3570 4243 lege

1966 4266 2116 4311 erant
2144 4258 2439 4326 redimeret,
2468 4266 2518 4311 et
2548 4258 2880 4328 adoptionem
2919 4261 3150 4324 ﬁliorum
3190 4262 3570 4330 perciperemus

1972 4344 2114 4413 (Gal.
2145 4359 2218 4410 1v,
2244 4345 2298 4411 AI,
2323 4346 2403 4415 5).
2427 4344 2565 4410 Quid
2591 4345 2754 4414 igitur
2792 4359 3061 4420 praecepta
3105 4349 3303 4407 Iudaeae
3327 4353 3565 4422 luerunt,

1969 4434 2071 4490 nisi
2102 4437 2345 4504 quaedam
2378 4438 2711 4493 eruditiones
2755 4440 3028 4498 infantia}?
3069 4444 3239 4517 Hujus
3267 4447 3395 4502 item
3427 4464 3566 4518 pue-

1972 4526 2107 4583 ritiae
2134 4536 2346 4599 tempus
2382 4530 2526 4584 idem
2554 4530 2846 4602 Apostolus
2886 4535 3145 4607 insinuat,
3172 4539 3357 4595 dicens
3390 4558 3403 4592 :
3437 4539 3568 4594 Cum

1887 4626 2191 4685 Dessemus
2221 4620 2444 4691 parvuli,
2493 4621 2585 4675 sub
2632 4623 2896 4679 elementis
2940 4627 3119 4681 mundi
3157 4629 3309 4700 hujus
3357 4647 3567 4683 eramus

1965 4713 2242 4769 servientes
2274 4711 2468 4783 (Ibid.,
2496 4713 2574 4784 5).
2601 4714 2657 4770 In
2684 4715 2825 4771 virili
2870 4732 3000 4788 ergo
3029 4728 3189 4774 aetate
3219 4730 3429 4774 mortua
3459 4728 3566 4786 est,

1969 4806 2095 4876 quia
2122 4806 2175 4861 in
2210 4805 2544 4877 plenitudine
2572 4808 2827 4881 temporis
2851 4810 2903 4863 in
2932 4810 3112 4865 mundi
3144 4810 3565 4881 Redemptorem

1970 4899 2163 4967 szcviit,
2214 4908 2269 4954 et
2307 4901 2655 4972 semetipsum
2706 4901 3038 4959 inﬁdelitatis
3085 4918 3343 4959 mucrone
3391 4912 3569 4960 trans-

1972 4992 2106 5049 ﬁxit.
2139 4992 2283 5049 Bene
2332 5004 2510 5049 autem
2552 5010 2659 5050 non
2691 5004 2804 5050 tota
2835 4994 3050 5064 domus,
3080 4996 3174 5051 sed
3212 5011 3337 5067 pars
3369 5012 3565 5065 magna

1972 5088 2166 5144 domus
2193 5088 2307 5158 ejus
2336 5089 2597 5143 moritura
2628 5088 2959 5158 praedicitur,
2990 5088 3114 5157 quia
3144 5104 3210 5143 ex
3241 5089 3317 5143 eis
3345 5088 3563 5158 quidam

1971 5184 2027 5239 in
2074 5182 2492 5253 Redemptorem
2543 5181 2908 5237 crediderunt.
2961 5180 3025 5236 Et
3081 5197 3296 5237 causam
3345 5182 3568 5254 majoris

1971 5276 2176 5333 doloris
2203 5276 2485 5346 adjiciens,
2519 5275 2594 5330 ait
2624 5294 2637 5332 :

2046 5368 2221 5442 (Vers.
2247 5368 2359 5441 5-4.)
2405 5368 2517 5425 Hoc
2547 5378 2721 5425 autem
2753 5370 2845 5425 tibi
2876 5372 3098 5440 signant,
3130 5371 3266 5444 quod
3294 5380 3563 5431 venturum

1973 5471 2048 5517 est
2070 5462 2265 5516 duobus
2295 5461 2419 5532 ﬁliis
2450 5461 2569 5526 tuis,
2594 5457 2766 5534 Opimi
2787 5470 2835 5515 et
2859 5460 3098 5517 Phinees.
3128 5464 3193 5518 In
3217 5481 3322 5519 una
3351 5466 3434 5519 die
3453 5483 3567 5522 mo-

1976 5556 2173 5609 rientur
2195 5553 2364 5609 amba.
3264 5606 3273 5613 .

2047 5644 2137 5701 '57.
2169 5644 2226 5700 In
2253 5645 2463 5702 duobus
2482 5644 2602 5701 filiis
2621 5644 2737 5702 Heli
2758 5647 3029 5716 geminum
3053 5652 3341 5707 sacerdotii
3364 5652 3563 5706 veteris

1977 5738 2219 5798 ordinem
2262 5756 2423 5814 supra
2460 5741 2795 5799 ostendimus
2823 5741 3114 5815 designari.
3148 5744 3248 5813 Qui
3282 5753 3431 5800 certe
3460 5759 3565 5799 una
3622 5788 3638 5797 .

3130 5962 3166 6015 ιι.
