4044 6336
468 391 570 448 107

1643 378 1893 440 SANC'I'I
1933 376 2262 435 GREGORH
2301 376 2517 436 HAGNI

3651 368 3757 427 108

462 504 549 558 die
583 498 783 557 mortui
815 503 972 564 sunt,
1025 494 1150 567 quia
1179 493 1340 552 simul
1369 494 1424 551 in
1453 492 1830 566 Redemptoris
1879 500 2058 547 morte
2085 497 2134 556 Α
2161 508 2376 563 semper
2399 493 2468 547 ad
2494 494 2671 564 ipsum
2707 491 2964 563 respicit,
2995 497 3054 546 et
3083 489 3210 546 vita:
3232 501 3344 544 sate
3372 485 3754 543 rectitudinem

461 598 852 653 convenerunt.
907 589 1054 646 Bene
1094 595 1275 644 autem
1316 586 1659 644 sacerdotum
1690 602 1836 642 mors
1882 587 1937 639 in
1979 585 2052 639 si-

460 702 626 758 gnum
657 685 933 741 moriturae
961 681 1154 737 domus
1183 680 1360 751 posita
1391 687 1744 744 memoratur,
1772 677 1899 748 quia
1929 692 2052 732 cum

458 788 707 851 pastores
748 778 1049 843 intereunt,
1078 789 1310 830 necesse
1337 782 1424 829 est
1458 782 1516 828 ut
1541 773 1608 829 ad
1635 771 1884 828 eumdem
1914 770 2053 825 inte-

457 875 624 928 ritum
653 885 787 942 grex
815 877 1094 942 sequatur.
1121 866 1189 923 Et
1218 869 1344 938 quia
1388 882 1456 923 ex
1484 866 1620 923 falsa
1649 866 1860 921 ratione
1889 865 2053 920 dece-

458 967 540 1038 pti
564 976 711 1030 sunt,
740 966 797 1020 in
827 963 914 1020 die
942 962 1080 1018 mori
1108 961 1480 1032 perhibentur.
1524 958 1602 1014 Dc
1635 958 1789 1028 cujus
1819 957 2055 1012 falsitate

457 1057 594 1116 lucis
635 1056 834 1113 beatus
877 1052 979 1110 Job
1010 1052 1274 1122 loquitur,
1323 1051 1507 1106 dicens
1549 1067 1561 1103 :
1597 1051 1689 1105 Sic
1728 1050 1781 1104 in
1809 1048 2054 1113 tenebris,

457 1150 588 1210 siml
618 1149 672 1204 in
703 1147 814 1202 luce
840 1143 1107 1200 ambulant
1147 1142 1287 1215 (Job.
1319 1158 1467 1212 xxiv,
1497 1140 1608 1213 l7).
1639 1140 1748 1197 Sed
1769 1141 1865 1210 qi
1903 1147 2056 1194 vetus

459 1239 698 1308 expulit,
745 1252 946 1297 novum
983 1235 1349 1294 sacerdotium
1395 1233 1742 1306 praparavit.
1795 1230 1948 1289 Unde
1998 1240 2058 1287 ct

457 1330 708 1385 subditur
741 1348 754 1384 :

455 1443 464 1468 ε
533 1425 711 1496 (Vers.
743 1423 858 1496 55.)
885 1423 958 1480 Et
997 1422 1256 1479 suscitabo
1297 1422 1427 1478 milii
1463 1420 1788 1476 sacerdotem
1816 1418 2046 1491 ﬁdelem.

538 1518 632 1574 38.
662 1516 889 1574 Mortuis
908 1530 1143 1584 namque
1169 1513 1293 1570 ﬁliis
1322 1513 1460 1579 Heli,
1487 1512 1697 1568 lidelem
1719 1511 2056 1568 sacerdotem

461 1611 563 1670 sibi
611 1611 871 1667 Dominus
911 1607 1214 1672 suscitavit,
1246 1607 1373 1678 quia
1404 1605 1682 1662 exstinctis
1729 1604 1784 1659 in
1833 1601 2058 1674 perﬁdia

466 1703 702 1776 praelatis
741 1702 936 1758 veteris
978 1700 1196 1772 populi,
1244 1699 1450 1753 electos
1476 1697 1544 1751 ad
1571 1694 1938 1752 exhibendum
1965 1709 2058 1750 re-

455 1797 781 1869 demptionis
809 1803 1008 1851 nostra:
1038 1790 1395 1846 ministerium
1423 1788 1634 1842 ascivit.
1665 1787 1772 1854 Qui
1801 1785 2060 1841 nimirum

2159 591 2215 646 in
2240 605 2308 645 eo
2333 589 2533 659 dirigit,
2564 603 2724 660 quem
2753 603 2854 659 per
2894 595 3223 658 assumptarn
3262 584 3654 641 immanitatem
3685 581 3755 636 ad

2160 682 2593 753 componendum
2631 682 2925 737 electorum
2973 681 3208 751 speciem
3238 679 3450 734 venisse
3490 687 3754 743 recogno-

2161 777 2284 832 scit.
2306 774 2414 832 Sed
2437 777 2488 830 in
2514 776 2772 831 caecitatis
2799 791 2908 829 sua:
2929 774 3170 830 tenrbris
3197 771 3379 828 iudica
3402 786 3508 827 non
3538 781 3756 839 semper

2161 868 2457 924 deserenda
2487 877 2591 935 est,
2620 869 2745 939 quia
2773 882 2872 938 per
2892 868 3213 938 prophetam
3234 865 3468 920 dicitur:
3502 863 3566 918 Si
3597 863 3757 932 fuerit

2161 980 2405 1017 numerus
2434 963 2663 1033 ﬁliorum
2695 960 2886 1027 Israel,
2915 963 3047 1015 sicut
3075 977 3238 1014 arena
3266 960 3449 1021 maris,
3475 966 3645 1010 tamen
3675 972 3761 1008 re-

2161 1055 2338 1127 liquiae
2357 1054 2519 1109 salua:
2545 1055 2674 1123 ﬁent
2699 1046 2848 1124 (lani.
2879 1065 2935 1119 ι,
2959 1051 3075 1120 ‘22).
3108 1049 3246 1106 Hinc
3273 1049 3471 1104 Paulus
3497 1048 3574 1102 ait
3600 1065 3614 1099 :
3640 1045 3758 1101 Crv-

2162 1147 2292 1201 ἀίω
2311 1162 2378 1200 ex
2397 1155 2544 1217 par-te
2559 1147 2776 1215 contigit
2790 1147 2844 1200 in
2866 1141 3055 1211 lauet,
3069 1145 3232 1199 donec
3246 1142 3511 1214 plenitudo
3529 1141 3760 1212 gentium

2161 1242 2404 1305 introeat,
2423 1249 2475 1293 et
2497 1241 2570 1294 sic
2593 1240 2764 1294 omnis
2796 1236 2964 1292 Israel
2991 1237 3163 1291 salvus
3185 1243 3211 1271 ⁸
3238 1235 3332 1306 ﬂat
3352 1232 3531 1302 (Rom.
3560 1247 3638 1298 ιι,
3668 1229 3758 1294 25,

2160 1332 2278 1405 36).
2333 1334 2486 1388 Hauc
2538 1345 2666 1402 ergo
2714 1331 2912 1387 tum
2961 1330 3322 1386 visitationem
3367 1327 3765 1396 subscquenter

2164 1426 2422 1494 ostendit,
2451 1426 2580 1494 quia
2607 1424 2740 1480 dicit
2768 1439 2782 1477 :

2235 1519 2413 1592 (νοτε.
2434 1518 2548 1589 55.)
2581 1516 2838 1572 Futurum
2856 1525 2932 1572 est
2954 1524 3123 1570 autem
3145 1519 3202 1568 ut
3231 1515 3516 1585 quicunque
3547 1525 3762 1566 reman-

2167 1612 2290 1668 serit
2303 1613 2358 1665 in
2384 1610 2543 1665 domo
2565 1619 2676 1679 tua,
2699 1612 2892 1675 ueniat,
2919 1617 2977 1662 ut
3003 1617 3178 1662 oretur
3197 1621 3293 1675 pro
3323 1621 3404 1660 eo.

2235 1701 2325 1756 42.
2357 1702 2508 1757 Tunc
2537 1710 2686 1757 certe
2714 1699 2898 1756 Judaea
2939 1713 3038 1770 pro
3067 1713 3125 1753 se
3158 1697 3304 1753 orari
3347 1694 3634 1751 Dominum
3666 1709 3764 1764 po-

2167 1796 2355 1864 stulat,
2381 1795 2621 1864 quando,
2655 1794 2898 1851 collectis
2915 1792 3026 1862 jam
3043 1791 3236 1846 electis
3257 1790 3330 1844 de
3356 1788 3630 1859 gentibus,
3655 1802 3764 1843 cm-

456 1891 636 1948 ﬁdelis
679 1897 993 1958 assumptus
1018 1885 1239 1947 dicitur,
1268 1882 1397 1951 quia
1425 1888 1610 1949 vetus,
1641 1880 1730 1935 cui
1758 1878 2057 1946 successit,

2181 1887 2348 1943 citatis
2376 1902 2490 1942 sua:
2519 1886 2770 1940 tenebras
2795 1899 2903 1939 non
2926 1884 3160 1952 ignorat,
3181 1896 3302 1938 cum
3329 1893 3426 1952 per
3451 1879 3768 1934 sacerdotes

454 1998 554 2054 per
583 1980 956 2036 inﬁdelitatem
1006 1974 1110 2029 ίιιίι
1153 1973 1494 2044 Nimim“!!-
1543 1969 1611 2025 Εῐ
1651 1970 1779 2041 qui!
1819 1984 1883 2026 ea
1921 1968 2059 2025 ﬁdes
2160 1979 2547 2050 omnipotentis
2575 1977 2670 2032 Dei
2709 1977 2758 2031 ei
2793 1975 2974 2032 oil‘erri
3005 1989 3100 2044 per
3128 1972 3524 2030 confessionem
3557 1979 3762 2026 sanctas

455 2073 574 2143 ejus
617 2068 918 2129 sacerdotis
956 2065 1202 2122 laudibus
1247 2063 1562 2131 ascribitnr,
1610 2077 1734 2133 qua:
1780 2075 1879 2132 per
1920 2060 2055 2117 dilco

454 2164 693 2220 ctionem
720 2167 996 2231 operatur,
1026 2157 1141 2229 ipsa
1173 2156 1474 2212 dilectionis
1503 2169 1668 2226 opera
1692 2167 1792 2225 per
1817 2165 2056 2223 sequeuo

456 2256 532 2310 tia
556 2253 718 2309 verba
744 2253 1115 2321 designantur.
1148 2248 1280 2303 Nam
1303 2247 1546 2316 sequitur
1576 2264 1588 2299 :

2159 2071 2440 2127 Trinitatis
2465 2071 2693 2142 appetit,
2724 2069 2850 2140 quia
2873 2070 2928 2123 in
2949 2075 3220 2124 vetustate
3249 2066 3494 2136 pristina,
3526 2077 3764 2135 superna
3790 2088 3792 2090 -

2159 2163 2462 2239 promereri
2490 2163 2686 2235 gaudia
2726 2177 2837 2218 non
2883 2164 3194 2233 praesumit,
3226 2161 3322 2218 sed
3362 2169 3419 2216 et
3463 2159 3623 2213 iidem
3656 2156 3766 2213 Re-

2164 2259 2485 2328 demptoris,
2507 2271 2675 2326 quam
2697 2268 2961 2312 conversa
2977 2255 3207 2325 recepit,
3235 2251 3577 2324 prmdicando
3600 2250 3769 2308 etiam

452 2381 456 2408 ε
528 2347 638 2416 80
659 2343 836 2418 (Vers.
853 2341 968 2413 55.)
989 2340 1091 2407 Qui
1104 2340 1262 2413 juxta
1277 2356 1366 2396 cor
1383 2354 1552 2395 meum
1571 2345 1621 2393 et
1637 2337 1871 2393 animam
1889 2351 2058 2391 meant

2181 2351 2544 2408 :onvertendis
2571 2351 2689 2405 aliis
2719 2350 2997 2420 impendit.
3031 2347 3176 2403 Bene
3207 2348 3373 2403 etiam
3403 2343 3651 2400 subditur
3678 2361 3691 2396 :

468 2439 657 2509 faciat.
1836 2488 1848 2496 .

453 2562 456 2578 .
532 2528 621 2583 59.
652 2527 766 2583 Hoc
814 2541 1048 2597 namque
1091 2523 1375 2581 ineiTabilis
1418 2524 1598 2580 divina
1648 2523 1946 2579 substantia
1981 2523 2059 2577 si.

463 2623 618 2692 gnari
646 2636 744 2692 per
783 2627 964 2691 partes
1006 2620 1240 2676 hominis
1272 2618 1476 2682 voluit,
1527 2616 1671 2687 quod
1721 2617 1774 2670 in
1802 2631 1863 2670 se
1904 2615 2061 2684 juxta

459 2714 694 2769 litteram
725 2713 948 2780 intelligi
980 2728 1086 2767 non
1110 2719 1344 2782 oportet.
1375 2710 1520 2765 Dixit
1547 2710 1763 2780 itaque:
1786 2707 2062 2781 Qaijuats

459 2822 552 2861 eor
581 2822 770 2872 meum,
791 2813 843 2859 et
862 2805 1093 2858 animam
1115 2817 1283 2858 meam
1311 2803 1496 2872 faciat.
1515 2801 1632 2858 Non
1647 2802 1790 2870 quod
1809 2802 2064 2871 incorpo-

458 2911 555 2954 rea
582 2904 637 2950 et
659 2895 1122 2964 incircumscripta
1152 2894 1248 2950 Dei
1275 2893 1579 2950 substantia
1619 2907 1716 2948 cor
1743 2899 1802 2947 et
1826 2893 2062 2947 animam

461 2989 679 3054 habeat,
701 2988 797 3045 sed
817 2987 896 3042 sic
913 2987 1151 3056 loquitur
1177 2986 1384 3042 boiui
1406 2993 1464 3040 ut
1486 2986 1652 3040 homo
1679 2984 1886 3039 homini
1910 2983 2066 3052 loqui

461 3079 646 3146 solet,
691 3085 750 3134 ut
781 3093 878 3148 per
907 3079 1010 3134 hoc
1047 3077 1192 3146 quod
1221 3092 1292 3133 ex
1321 3076 1490 3133 verbo
1517 3091 1618 3132 suo
1646 3075 1872 3130 audiens
1899 3074 2066 3129 homo

462 3171 765 3241 cognoscit,
795 3179 984 3242 aperte
1010 3170 1147 3226 sciat
1173 3169 1302 3240 quid
1345 3170 1509 3225 etiam
1548 3164 1682 3225 velit
1709 3168 1871 3224 Deus.
1909 3167 2069 3235 Quod

2237 2444 2414 2516 (Vera.
2443 2442 2562 2514 55.)
2592 2441 2663 2496 Ut
2690 2441 2902 2512 oﬁ'erret
2931 2455 3198 2494 nummum
3227 2448 3547 2509 argenteum.

2237 2535 2477 2606 Argento
2534 2535 2735 2603 quippe
2779 2531 2992 2601 eloquia
3042 2532 3222 2586 divina
3267 2531 3581 2598 signantur,
3643 2527 3771 2597 quia

2165 2643 2266 2701 per
2293 2625 2622 2697 Pr0pbetatn
2650 2621 2852 2679 dicitur
2879 2641 2894 2676 :
2930 2622 3155 2695 Eloquia
3185 2619 3396 2676 Domini
3421 2621 3543 2692 igne
3567 2620 3774 2674 extimi-

2167 2728 2316 2784 nata,
2363 2725 2630 2787 argentum
2675 2717 2796 2786 igne
2840 2715 3114 2786 probatam
3164 2713 3336 2786 (Psal.
3364 2727 3437 2775 ιι,
3473 2712 3560 2784 7).
3611 2709 3771 2778 Quod

2168 2813 2414 2884 proiecto
2445 2818 2729 2878 argentum
2757 2818 2886 2865 tunc
2913 2808 3097 2863 Judzea
3143 2809 3196 2863 in
3245 2808 3337 2862 Dei
3391 2805 3639 2860 laudibus
3673 2805 3776 2857 im-

2168 2902 2395 2972 pendit,
2437 2916 2559 2956 cum
2587 2909 2778 2970 aperte
2805 2899 2964 2953 tidem
3004 2907 3243 2954 nostram
3273 2896 3563 2966 praedicat,
3597 2893 3686 2948 cui
3717 2893 3775 2946 in

2170 2992 2491 3048 inﬁdelitate
2521 2991 2694 3061 posita
2724 2997 2854 3044 ante
2883 2985 3231 3044 contradixit.
3266 2984 3334 3039 Et
3361 2985 3485 3055 quia
3518 2986 3774 3038 eumdem

2173 3080 2617 3150 Redemptorem,
2646 3093 2811 3149 quem
2840 3077 3073 3132 amando
3107 3075 3394 3148 pnetlicat,
3425 3073 3590 3130 etiam
3622 3087 3777 3128 com-

2172 3170 2432 3244 patiendo
2461 3172 2722 3235 imitatur,
2744 3169 3060 3240 adiungitur
3086 3186 3100 3220 :

461 3267 715 3339 profecto
742 3265 850 3322 dici
887 3264 1188 3361 isirnplidm
1214 3264 1484 3334 potuisset
1515 3280 1529 3316 :
1558 3261 1665 3330 Qui
1685 3263 1847 3318 faciat
1872 3261 2068 3318 volun-
2090 3297 2137 3361 Ο
2247 3264 2426 3337 (Vers.
2457 3264 2576 3331 35.)
2608 3261 2679 3318 Et
2707 3271 2900 3318 tortam
2925 3262 3104 3334 puis.

463 3363 634 3412 tatem
666 3370 862 3410 meam.
894 3353 964 3410 Et
993 3354 1213 3424 przemia
1235 3353 1420 3424 operis
1447 3353 1694 3423 exponit,
1719 3352 1908 3408 dicens
1933 3369 1949 3406 :

537 3449 714 3520 (Vers.
740 3446 859 3519 55.)
890 3447 959 3502 Et
985 3447 1260 3518 aediﬁcabo
1285 3447 1334 3503 ei
1358 3448 1566 3502 domum
1596 3447 1828 3518 ﬁdelem.

538 3539 626 3595 ιο.
660 3539 790 3606 Quae
819 3556 1056 3610 namque
1081 3540 1183 3596 ista
1203 3539 1398 3598 domus
1425 3539 1552 3606 alia,
1579 3539 1684 3595 nisi
1723 3546 1929 3595 atem
1957 3552 2058 3609 pa-

467 3633 571 3690 tria
626 3633 978 3702 intelligitur?
1024 3632 1197 3701 Quam
1251 3633 1496 3703 profecto
1537 3633 1761 3688 domum
1809 3632 2069 3689 Dominus

464 3726 893 3790 commendans,
943 3725 1064 3784 ait:
1102 3724 1164 3780 In
1205 3727 1354 3782 domo
1413 3728 1584 3798 patris
1629 3727 1731 3782 mei
1771 3727 2068 3780 mansiones

467 3820 645 3874 niultte
685 3825 802 3870 sunt
849 3815 1028 3887 (Joan.
1049 3833 1156 3881 xxv,
1187 3815 1265 3887 2).
1307 3816 1416 3874 Sed
1454 3817 1572 3873 hmo
1599 3817 1791 3872 domus
1818 3815 2070 3872 mdilicari

468 3922 616 3964 nunc
644 3906 858 3974 dicitur,
879 3905 1004 3977 quia
1026 3920 1093 3960 ex
1119 3906 1222 3976 pia:
1249 3906 1372 3960 vita:
1393 3906 1694 3966 actionibus
1714 3915 2065 3978 praeparatur.

2239 3360 2350 3430 ει
2383 3356 2473 3412 45.
2515 3355 2676 3414 Panis
2707 3369 2942 3424 namque
2969 3352 3188 3408 nomine
3215 3351 3306 3406 ille
3333 3348 3657 3420 exprimitur
3683 3349 3783 3418 qui

2169 3450 2239 3508 de
2283 3451 2580 3521 semetipso
2624 3450 2739 3504 ait:
2773 3447 2889 3520 Ego
2935 3464 3053 3502 sum
3101 3447 3250 3515 panis
3279 3446 3420 3499 uiuas
3443 3445 3528 3513 qui
3561 3443 3625 3500 de
3652 3444 3784 3496 creto

2173 3543 2416 3599 descendi
2448 3542 2630 3613 (loca.
2661 3558 2733 3607 vt,
2768 3540 2880 3613 51).
2916 3540 3083 3596 Torta
3133 3542 3318 3609 itaque
3346 3538 3504 3610 panis
3541 3535 3785 3590 llcdem-

2171 3637 2500 3708 ptoriscaro
2523 3644 2608 3692 est
2623 3635 2814 3691 adlecta
2830 3632 3127 3704 supplicis.
3145 3630 3300 3687 Hunc
3322 3644 3553 3700 namque
3578 3636 3786 3683 tortum

2171 3741 2369 3798 panem
2397 3725 2664 3796 propheta
2693 3726 2924 3790 intuens,
2959 3725 3036 3778 ait
3061 3741 3078 3777 :
3113 3722 3246 3778 Vere
3269 3723 3543 3793 impares
3573 3730 3786 3775 nostros

2171 3819 2282 3889 ipse
2309 3820 2456 3884 tulit,
2496 3827 2546 3873 et
2582 3817 2789 3873 dolores
2831 3826 3043 3871 nostros
3062 3817 3178 3886 ipse
3202 3815 3424 3885 portavit
3453 3811 3629 3883 (laci.
3665 3827 3785 3878 un,

2173 3909 2251 3981 4).
2282 3909 2353 3964 Et
2375 3909 2506 3979 quia
2533 3923 2629 3979 per
2655 3907 2944 3978 quemdam
2990 3907 3290 3978 sapientem
3319 3904 3514 3960 dicitur
3542 3921 3557 3956 :
3581 3903 3646 3958 Si
3695 3919 3788 3957 se.

469 3997 852 4054 Verumtamen
873 3997 940 4051 ad
960 4012 1082 4057 eam
1099 3999 1516 4070 promerendam
1539 4000 1814 4069 indignum
1831 4008 1914 4057 est
1934 4017 2076 4071 opus
2174 4004 2314 4060 deris
2335 4003 2408 4056 ad
2434 4015 2669 4058 meum
2694 4002 2937 4071 pereatis,
2959 4002 3222 4070 sapiam
3240 3997 3449 4052 atteiide
3475 4012 3590 4068 qua
3614 4014 3791 4067 appo-

469 4091 724 4158 hominis,
774 4092 820 4146 si
870 4107 980 4148 non
1027 4091 1132 4147 hoc
1162 4099 1289 4162 agat
1329 4091 1503 4160 gratia
1545 4091 1908 4148 misericordis
1951 4092 2070 4149 Dei.

469 4184 616 4242 Bene
636 4186 839 4255 itaque,
865 4201 988 4240 cum
1018 4184 1214 4242 domus
1232 4185 1524 4242 aedilicium
1546 4185 1788 4258 ponitur,
1813 4185 2072 4242 Dominus

471 4277 523 4331 ei
554 4292 670 4330 eam
714 4276 983 4332 aedificare
1024 4277 1340 4348 pollicetur,
1368 4277 1492 4348 quia
1523 4277 1778 4332 nimirum
1804 4277 1946 4332 vires
1972 4279 2072 4333 hu-

471 4382 651 4423 manae
676 4383 706 4420 a
748 4375 897 4422 tanta
926 4368 1244 4436 operatione
1283 4368 1572 4427 deﬁciunt,
1604 4367 1649 4419 si
1679 4382 1786 4418 non
1813 4369 2074 4424 dlvinEtus

478 4457 818 4527 adiuventur.
851 4455 989 4511 Hinc
1045 4453 1246 4512 Paulus
1274 4455 1348 4510 ait
1381 4473 1392 4507 :
1433 4451 1574 4509 Deus
1607 4463 1682 4510 est
1720 4456 1806 4524 qui
1831 4465 2074 4520 operatur

477 4548 536 4601 in
566 4562 645 4599 me
671 4545 796 4600 velle
824 4554 873 4600 et
900 4546 1148 4617 per/icere
1177 4544 1397 4620 (Philip.
1431 4561 1489 4612 ll,
1523 4543 1648 4616 15).
1693 4543 1830 4601 Hinc
1878 4547 2073 4604 iterum

479 4641 645 4697 dicit:
673 4639 800 4696 Non
828 4650 905 4696 est
929 4643 1164 4706 volentis,
1189 4656 1350 4712 neque
1374 4641 1648 4708 currentis,
1673 4640 1763 4696 sed
1783 4643 2072 4697 miserentis

480 4747 558 4791 est
581 4735 681 4789 Dei
714 4735 890 4805 (Rom.
915 4753 970 4802 ιι,
1009 4736 1120 4806 ili).
1147 4733 1297 4791 Hanc
1327 4735 1543 4791 domum
1575 4749 1634 4789 se
1660 4735 1925 4790 aediﬁcare
1950 4752 2075 4806 pro-

484 4829 762 4897 mittebat,
797 4843 918 4882 cum
949 4827 1153 4883 diceret
1195 4845 1207 4881 :
1251 4827 1397 4883 Vada
1427 4845 1618 4899 parare
1647 4827 1786 4882 vobis
1817 4829 2003 4894 locum,
2027 4839 2078 4882 et

2104 4702 2156 4762 Β

2174 4106 2369 4152 nitatur
2393 4096 2512 4158 tibi,
2539 4097 2666 4167 quis
2690 4095 2884 4152 similia
2909 4103 3114 4163 oportet
3163 4103 3213 4147 ta
3245 4105 3546 4162 prun
3574 4091 3593 4159 (
3617 4087 3785 4144 Prom.

2175 4205 2327 4255 xxiii,
2363 4191 2420 4254 l,
2444 4187 2499 4256 2,
2531 4205 2639 4244 sec.
2671 4186 2869 4258 LXX),
2898 4195 3096 4241 tortam
3125 4185 3280 4254 panis
3306 4193 3363 4238 et
3387 4193 3664 4238 nummum
3689 4194 3791 4233 ar-

2175 4294 2428 4354 genteum
2473 4281 2660 4339 ludam
2691 4290 2818 4336 tunc
2845 4278 3025 4342 θῆρε-ι,
3055 4293 3182 4334 eam
3205 4275 3630 4342 Redeuptorem
3671 4287 3787 4326 ao-

2175 4386 2346 4435 striam
2363 4384 2551 4436 aperta
2571 4372 2911 4424 confessione
2929 4366 3207 4436 pemdieat,
3236 4373 3294 4420 et
3315 4379 3416 4434 pro
3434 4363 3551 4433 ejus
3570 4376 3785 4427 more,

2177 4477 2337 4532 quem
2367 4461 2666 4533 praeiieat,
2712 4460 2979 4517 sustinere
3021 4467 3292 4514 Iumenta
3337 4472 3370 4511 a
3415 4455 3631 4528 pallulis
3670 4471 3789 4512 non

2177 4565 2413 4612 recusat.
2467 4555 2527 4610 ln
2578 4569 2687 4624 qua
2738 4553 2993 4609 nimirum
3056 4552 3361 4608 imitatione
3407 4550 3676 4621 passionis
3719 4559 3790 4604 et

2177 4648 2475 4705 refectione
2517 4647 2814 4703 dulcedinis
2857 4647 2982 4717 quia
3029 4645 3185 4701 valde
3228 4644 3551 4707 delectatur,
3601 4642 3790 4710 sequi-

2183 4751 2268 4798 tur
2289 4759 2301 4794 :

2258 4832 2434 4903 (Vers.
2468 4832 2583 4904 55.)
2624 4831 2876 4904 Dicatgue
2905 4831 3106 4886 dimitte
3129 4845 3232 4897 me,
3263 4829 3493 4897 obsecro,
3520 4828 3598 4884 ad
3617 4844 3788 4884 mm

481 4921 666 4976 iterum
696 4923 917 4985 veniam,
967 4931 1016 4975 et
1065 4923 1317 4990 accipiam
1345 4939 1432 4976 vos
1471 4922 1539 4976 ad
1586 4924 1854 4992 meipsum,
1898 4929 1953 4973 ut
1991 4920 2081 4976 ubi
2179 4935 2384 4997 partem
2408 4924 2802 4980 sacerdotalem.

484 5031 578 5085 ego
609 5031 740 5077 sum,
772 5023 820 5067 et
863 5030 948 5068 vos
979 5013 1090 5068 sitis
1124 5012 1306 5084 (Joan.
1350 5030 1423 5082 tv,
1450 5013 1506 5082 9.,
1539 5014 1613 5084 '5).
1649 5013 1785 5080 Quia
1827 5027 1956 5068 vero
1986 5027 2080 5067 v0-

485 5115 700 5161 cantem
728 5121 787 5161 se
814 5107 1039 5175 gratiam
1070 5122 1139 5161 ex
1180 5106 1387 5161 arbitrii
1421 5107 1671 5163 libertate
1699 5106 1891 5164 devote
1919 5120 2044 5162 secu
2063 5137 2076 5146 -

483 5207 641 5255 turus
669 5209 807 5270 erat,
841 5199 1154 5272 adiungitur
1188 5217 1200 5253 :

2253 5017 2343 5074 44.
2385 5017 2604 5074 Dimitte
2631 5033 2748 5085 me,
2769 5017 2864 5082 ait,
2888 5017 3044 5086 quasi
3075 5016 3221 5073 dicat
3243 5032 3258 5070 :
3283 5015 3404 5070 Noli
3449 5029 3537 5071 me
3559 5053 3575 5082 ,
3625 5016 3786 5086 quasi

2180 5109 2436 5166 inlamcm
2482 5121 2537 5165 et
2577 5117 2754 5165 morte
2782 5108 3162 5177 Redemptoris
3188 5116 3548 5173 cruentatam,
3598 5107 3784 5174 repel—

2184 5203 2316 5261 lere.
2352 5202 2525 5278 Unam
2553 5219 2770 5274 quoque
2797 5211 3008 5276 partem
3035 5203 3436 5263 sacerdotalem
3460 5203 3564 5258 sibi
3591 5217 3789 5258 conce-

471 5326 473 5333 ε
561 5294 737 5362 tVers.
771 5292 884 5366 55.)
906 5293 977 5348 Ει
1004 5294 1288 5350 ambulabit
1310 5310 1486 5349 coram
1511 5293 1716 5351 Christo
1747 5312 1859 5350 meo
1883 5298 2082 5352 cunctis
2185 5297 2239 5353 di
2263 5298 2540 5368 obsecrat,
2555 5299 2680 5369 quia
2710 5300 2856 5356 veris
2881 5300 3252 5357 sacerdotibus
3269 5299 3468 5355 sociari
3487 5298 3784 5364 desiderat,

492 5386 694 5441 diebus.

564 5474 653 5531 41.
690 5475 989 5550 Unicuique
1020 5480 1162 5536 enim
1194 5480 1490 5536 electorum
1519 5495 1700 5536 coram
1727 5481 1942 5538 Christo
1968 5498 2082 5538 am-

490 5566 679 5622 bulare
709 5577 792 5623 est
816 5586 875 5625 se
899 5587 1114 5642 semper
1133 5573 1188 5626 in
1215 5582 1506 5644 conspectu
1535 5572 1912 5644 Redemptoris
1932 5575 2077 5645 aspi-

495 5676 651 5727 cere,
685 5671 740 5716 et
785 5679 846 5718 ea
878 5680 998 5736 qum
1041 5667 1091 5720 ci
1139 5675 1362 5738 accepta
1404 5667 1678 5736 cognoscit
1717 5669 1949 5738 operari.
1982 5669 2079 5726 Vel

495 5764 641 5810 certe
671 5772 853 5812 coram
883 5760 1095 5814 Christo
1124 5761 1383 5827 ambulat,
1409 5762 1501 5833 qui
1530 5761 1584 5818 in
1613 5760 1762 5833 omni
1791 5761 1940 5834 quod
1971 5763 2081 5834 agit

574 5909 597 5934 δι
626 5896 790 5954 Gilot.
821 5907 875 5955 et
895 5899 1091 5970 Vatic.,
1118 5902 1228 5972 ﬁet.

2185 5399 2248 5446 ut
2272 5407 2460 5448 eorum
2489 5392 2667 5449 valeat
2691 5392 2979 5451 admisceri
3008 5394 3218 5464 gaudiis
3237 5433 3255 5459 ,
3301 5407 3538 5463 quorum
3559 5391 3792 5446 oblatio»

2185 5500 2288 5542 nes
2310 5488 2534 5558 appetit,
2562 5487 2796 5558 seipsam
2823 5486 3074 5549 oﬁerens.
3120 5487 3338 5543 imitari.
3373 5484 3528 5542 Unde
3555 5493 3612 5540 et
3638 5483 3789 5539 reie-

2187 5578 2383 5634 ctionis
2411 5595 2522 5644 suae
2547 5595 2826 5651 exponens
2851 5580 3194 5647 desiderium,
3226 5579 3355 5634 dicit
3377 5595 3394 5632 ι

2259 5671 2435 5745 (Vers.
2465 5673 2579 5744 5‘3.)
2623 5674 2692 5729 Ut
2720 5674 2987 5729 comedam
3015 5674 3295 5729 bucellam
3323 5672 3497 5743 panis.

2258 5766 2374 5832 Qua
2417 5764 2472 5821 in
2500 5781 2560 5822 re
2587 5767 2884 5826 notandum
2923 5775 3008 5825 est
3033 5768 3162 5838 quia
3192 5773 3392 5823 tortam
3417 5762 3573 5836 panis
3601 5762 3654 5818 in
3683 5760 3788 5818 den
