4044 6336
1068 347 1137 405 ΙΝ
1176 346 1440 406 PRIMUM
1479 345 1720 406 REGUM
1761 342 2292 407 EWITIONBS.
2334 377 2402 390 —
2439 346 2568 404 LIB.
2610 346 2670 404 li.

3421 353 3524 411 H9

228 490 450 547 vatione
475 481 766 543 oblationis
790 484 1038 542 habitura
1067 485 1373 554 prrsdicitur
1396 527 1411 554 ,
1442 491 1496 540 et
1524 483 1827 540 buccellam
1851 465 1909 529 Α
1931 461 2171 521 0mm
2200 464 2561 521 εθθθτάοιωηέ
2583 463 2707 522 Filii
2733 477 2970 535 namque
2993 473 3124 524 8'3!“
3146 466 3240 538 φιί
3269 467 3527 537 “95'3".-

231 586 283 639 in
328 581 573 654 appetitu
597 579 964 636 comestionis.
1013 576 1124 633 Cur
1165 590 1296 646 ergo
1325 577 1390 632 ad
1432 577 1827 636 comedendum

232 690 338 730 non
367 682 510 729 torta
540 672 714 743 panis,
747 671 838 725 sed
865 670 1108 726 buccella
1148 669 1584 740 concupiscitur?
1634 668 1704 724 Et
1729 684 1828 724 cur

231 781 336 820 non
368 763 613 820 buceella
640 801 657 828 ,
705 761 800 817 sed
841 770 981 817 torta
1021 761 1292 817 oiferenda
1331 760 1682 832 perhibetur?
1717 760 1828 816 Sed

229 860 355 928 quia
400 859 455 913 in
499 855 830 912 rotunditate
872 855 1114 910 buccella
1155 853 1475 920 conﬁcitur,
1525 854 1829 911 rotunditas

231 959 412 1005 autem
461 949 578 1019 ipsa
624 947 860 1016 quodam
903 946 1064 1003 modo
1096 960 1193 1001 nec
1215 946 1526 1017 principio,
1573 960 1675 1001 nec
1723 945 1830 1002 tino

230 1040 585 1110 dignoscitur,
623 1047 774 1094 recte
800 1052 900 1108 per
925 1037 1081 1107 panis
1103 1038 1404 1093 bueccllam
1451 1037 1832 1108 Redemptoris

227 1132 508 1188 :eternitas
532 1130 864 1199 designatur.
909 1127 1074 1184 Torta
1121 1128 1284 1197 igitur
1331 1129 1482 1198 panis
1511 1142 1544 1182 a
1575 1127 1728 1184 nobis
1753 1126 1830 1182 of-

229 1227 378 1291 ferri,
430 1234 488 1280 et
533 1241 640 1281 non
688 1223 930 1280 buccella
969 1230 1167 1292 potest,
1209 1222 1334 1292 quia
1377 1223 1474 1294 qui
1524 1223 1828 1293 passionem

228 1317 554 1372 dominicam
581 1314 782 1371 imitari
807 1313 1109 1382 moriendo,
1131 1313 1246 1370 sive
1274 1327 1491 1374 carnem
1520 1312 1825 1384 afﬂigendo,

228 1426 540 1484 possumus,
569 1411 929 1466 aster-nitatem
956 1408 1011 1464 in
1037 1409 1216 1474 nobis,
1246 1422 1410 1480 quam
1440 1417 1830 1480 prasentemus

229 1504 347 1573 eius
375 1502 716 1573 conspectui,
745 1517 854 1557 non
881 1501 1168 1559 habemus.
1201 1499 1269 1556 Et
1313 1501 1556 1557 buecells
1588 1501 1746 1557 nobis
1775 1502 1829 1556 in

227 1595 564 1667 perfectione
611 1592 887 1650 desiderii.
909 1608 1030 1650 esse
1051 1632 1068 1657 ,
1120 1608 1229 1649 non
1273 1601 1415 1650 torta
1445 1593 1617 1664 panis,
1647 1592 1826 1658 debet,

230 1695 356 1765 quia
384 1694 478 1764 qui
506 1693 725 1752 hmani
752 1691 966 1762 generis
995 1691 1413 1763 Redemptorem
1451 1690 1831 1762 compatiendo

230 1785 608 1858 temporaliter
629 1785 928 1856 sequimur,
959 1783 1016 1839 in
1041 1798 1273 1855 superna
1299 1783 1474 1854 patria
1499 1797 1606 1839 non
1635 1789 1832 1837 morta-

1932 557 2075 614 libus
2117 556 2358 626 patribus
2398 557 2466 614 ad
2512 556 2867 614 eruditionem
2907 557 3244 626 subiguntur.
3269 560 3375 628 Qui
3401 577 3538 632 prec.

1931 651 2076 709 tecto
2103 665 2224 708 cum
2260 651 2574 707 earumdem
2612 659 2830 723 patrum
2875 653 3032 723 sequi
3074 653 3294 714 consilia
3340 671 3530 726 super-

1931 745 2131 800 biendo
2157 745 2478 815 despiciunt,
2502 744 2668 800 Belial
2701 744 2791 799 lilii
2817 753 2968 801 recte
3010 747 3377 814 nominantur,
3403 750 3533 820 quia

1934 835 2073 907 ejus,
2109 837 2203 906 qui
2239 851 2338 906 per
2369 837 2682 906 superbiam
2717 835 2786 892 de
2827 837 2968 892 casio
3009 837 3226 905 cecidit,
3272 849 3534 910 apostatae

1933 927 2154 998 spiritus
2203 929 2503 989 imitatores
2545 929 2700 984 ﬁunt.
2750 927 2852 996 Qui
2899 938 3050 992 certe
3096 940 3250 989 tanto
3296 933 3534 992 deterius

1934 1015 2222 1078 Dominum
2267 1019 2552 1084 nesciunt,
2597 1027 2801 1089 quanto
2847 1021 2968 1089 eius
3010 1021 3118 1078 sibi
3166 1025 3534 1094 cognitionem

1934 1111 2276 1180 arrogantius
2318 1113 2611 1170 ascribunt.
2654 1111 2731 1169 Eo
2771 1128 3006 1185 namque
3059 1117 3236 1186 agitur
3279 1128 3344 1174 ut
3387 1120 3537 1189 quod

1933 1202 2075 1260 seire
2098 1203 2295 1260 debent
2321 1205 2677 1275 periculosius
2714 1207 2978 1273 nesdaot,
3035 1223 3146 1279 quo
3189 1209 3242 1266 id
3287 1211 3431 1279 quod
3473 1226 3535 1268 se

1931 1292 2076 1352 scire
2102 1293 2413 1351 existimant
2457 1296 2758 1352 nescientes
2793 1298 3004 1352 discere
3046 1313 3160 1355 non
3206 1309 3419 1356 curant.
3464 1300 3536 1357 Et

1933 1385 2062 1456 quia
2090 1384 2409 1446 lnvisibilcm
2437 1386 2774 1445 conditorem
2813 1403 3000 1446 amare
3039 1401 3340 1462 nequeut,
3373 1407 3535 1464 quem

1933 1476 2202 1546 ignorant,
2235 1478 2292 1534 in
2319 1480 2563 1551 appetitu
2595 1480 2888 1537 visibilium
2937 1483 3058 1552 ipsa
3099 1498 3226 1553 qua:
3251 1484 3352 1540 sibi
3380 1499 3540 1540 ηοω-

1933 1579 2066 1640 pant
2091 1569 2188 1630 Dei
2211 1570 2508 1630 ministeria
2535 1571 2821 1644 dissipant.
2848 1571 3007 1630 Unde
3033 1583 3090 1630 et
3107 1575 3147 1629 ii
3167 1574 3260 1646 qui
3285 1575 3539 1647 ignorare

1933 1657 2222 1719 Dominum
2249 1660 2563 1718 sacerdotes
2583 1662 2742 1718 relati
2768 1671 2913 1731 sunt,
2945 1671 3004 1720 et
3023 1665 3370 1722 Asaeerdotum
3393 1679 3537 1734 quo-

1933 1764 2041 1820 quo
2063 1750 2304 1810 oiﬁcium
2335 1751 2402 1811 ad
2425 1753 2686 1824 popqu
2709 1755 2925 1810 nescire
2951 1756 3324 1825 perhibeantur.

230 1879 338 1934 lem
381 1879 515 1948 jam,
545 1892 646 1933 nec
671 1877 987 1948 patientem,
1017 1875 1114 1932 sed
1133 1883 1394 1931 aeternum
1420 1882 1583 1943 atque
1603 1887 1834 1942 regnau—

2007 1861 2065 1916 α.
2106 1863 2175 1919 Et
2223 1870 2286 1918 ut
2325 1864 2758 1934 reprehensionis
2797 1865 2916 1934 ejus
2959 1882 3150 1923 causas
3195 1871 3421 1940 aperiat,
3472 1872 3542 1927 ad

230 1980 342 2027 tem
373 1970 652 2045 possidere
669 1969 1062 2026 desideramus.
1094 1968 1226 2024 Eam
1259 1969 1422 2038 igitur
1448 1982 1610 2039 quam
1637 1966 1835 2022 oil‘erre

231 2072 438 2119 tortam
482 2063 635 2135 panis
657 2061 935 2118 desiderat
955 2061 1090 2117 dicit
1121 2080 1134 2116 :
1163 2061 1232 2117 Ut
1259 2061 1525 2117 comedam
1553 2060 1834 2115 buccdiam

229 2156 411 2226 panis,
437 2154 562 2224 quia
583 2153 827 2209 conversi
847 2152 918 2208 de
938 2151 1120 2207 Iudaea
1138 2151 1561 2222 Redemptorem
1589 2159 1833 2206 nostrum

231 2245 285 2300 in
334 2246 641 2301 mternitate
658 2243 969 2302 refectionis
994 2242 1266 2313 possidere
1305 2240 1632 2306 desiderant,
1680 2243 1834 2313 cujus

232 2338 541 2409 passionem
589 2334 778 2391 imitati
821 2335 912 2392 hic
953 2344 1081 2389 sunt
1105 2333 1175 2390 ad
1201 2333 1576 2390 strenuitatem
1603 2332 1830 2398 militiae,

232 2449 342 2489 non
371 2433 440 2488 ad
469 2432 747 2504 praemium
773 2429 1164 2487 retributionis.

873 2560 1102 2618 CAPUT
1140 2560 1228 2616 lIl.

303 2703 359 2757 1.
399 2699 623 2758 [laede
645 2712 802 2758 saera
833 2696 1056 2755 historia
1084 2697 1262 2768 typica
1305 2695 1690 2768 supinatione
1716 2709 1839 2766 per-

235 2796 528 2863 currimus,
555 2801 616 2850 ut
642 2794 699 2850 in
719 2792 929 2850 eisdem
954 2804 1124 2846 sacrae
1149 2789 1388 2857 historia;
1412 2789 1592 2845 verbis
1621 2789 1842 2845 moralis

236 2885 608 2957 intelligentia
651 2883 859 2955 ahquid
897 2882 1289 2953 perquiramus.
1339 2880 1530 2950 itaque
1572 2895 1710 2950 puer
1737 2879 1841 2936 Sa-

237 2981 383 3038 muel
408 2982 468 3036 in
497 2985 793 3049 conspectu
836 2976 1050 3032 Domini
1087 2975 1335 3033 minister
1368 2974 1660 3040 atteritur;
1693 2973 1840 3042 quod

237 3085 423 3130 tamen
452 3071 812 3128 ministerium
857 3085 970 3127 non
1015 3068 1263 3124 absolute
1286 3110 1305 3138 ,
1355 3067 1451 3124 sed
1495 3073 1622 3122 ante
1646 3067 1843 3122 faciem

1941 1968 2156 2008 omnem
2185 1953 2555 2008 immolantem
2584 1954 2880 2024 ignorantis
2909 1957 3206 2012 sacerdotis
3245 1975 3381 2030 puer
3418 1976 3540 2017 cum

1939 2044 2177 2104 tridente
2201 2045 2471 2100 fuscinula
2499 2047 2688 2107 venire
2714 2057 3070 2116 memoratur,
3098 2059 3154 2105 et
3181 2051 3403 2106 crudam
3430 2067 3546 2109 ear-

1940 2153 2066 2194 nesn
2112 2138 2380 2194 violenter
2425 2139 2663 2208 exigere.
2707 2139 2918 2207 Quibus
2971 2141 3215 2210 profecto
3264 2144 3442 2200 verbis
3489 2145 3544 2200 in

1941 2231 2200 2288 aviditate
2242 2247 2351 2287 suae
2381 2233 2692 2304 rapacitatis
2721 2242 2829 2290 tres
2858 2235 2995 2303 gulae
3023 2237 3232 2306 species
3269 2248 3545 2296 notantur.

1939 2321 2077 2376 Nam
2119 2321 2169 2376 is
2212 2321 2368 2392 cujus
2403 2337 2558 2394 puer,
2593 2331 2886 2396 antequam
2933 2336 3298 2397 coquerentur
3332 2345 3544 2399 carnes,

1943 2416 2011 2470 ad
2056 2415 2392 2472 inferendam
2438 2432 2539 2488 pro
2580 2418 2665 2474 eis
2700 2419 3020 2475 violentiam
3049 2421 3320 2490 veniebat,
3361 2423 3550 2494 legiti-

1944 2523 2091 2564 mam
2117 2509 2432 2565 refectiouis
2462 2511 2651 2567 horam
2678 2513 2946 2568 sustinere
2975 2531 3083 2570 non
3113 2523 3358 2586 poterat;
3391 2528 3444 2574 et
3462 2519 3551 2576 cui

1945 2613 2138 2655 carnes
2157 2601 2560 2670 querebantur,
2603 2603 2938 2674 simplicibus
2965 2606 3101 2660 cibis
3157 2609 3235 2662 uti
3273 2610 3552 2666 nesciebat

1947 2697 2006 2744 et
2027 2693 2182 2758 quia,
2213 2699 2425 2750 coctam
2454 2708 2722 2760 renuens,
2749 2696 2972 2751 crudam
3014 2713 3234 2755 carnem
3279 2701 3549 2772 exigebat,

1948 2783 2221 2838 communi
2249 2783 2647 2852 reparatione
2673 2786 2917 2841 eamdem
2948 2803 3169 2844 carnem
3212 2791 3374 2848 cdere
3400 2793 3552 2849 fasti-

1949 2872 2150 2929 diebat.
2202 2875 2401 2930 Verum
2453 2891 2573 2932 cum
2620 2879 2963 2936 sacerdotum
2992 2883 3257 2955 voluptati
3307 2887 3555 2944 servierit

1949 2967 2278 3036 perversitas
2299 2968 2643 3038 famulorum,
2673 2971 2807 3042 quid
2851 2982 2937 3029 est
2983 2975 3126 3046 quod
3157 2992 3263 3032 non
3311 2979 3552 3050 ipsorum

1950 3058 2311 3126 sacerdotum,
2333 3061 2437 3117 sed
2464 3077 2757 3133 puerorum
2811 3074 3092 3134 peccatum
3139 3070 3341 3136 grande
3370 3072 3552 3138 nimis,

240 3167 359 3224 ne“
411 3165 642 3222 Domino
670 3163 914 3220 exhiberi
941 3169 1292 3218 memoratur.
1341 3158 1438 3220 ms
1473 3160 1635 3230 δαίων
1661 3160 1846 3216 verbis
1953 3151 2112 3206 etiam
2135 3168 2321 3208 coram
2341 3154 2595 3221 Domino,
2623 3156 2794 3213 fuisse
2821 3163 3195 3216 memoratur?
3220 3160 3325 3219 Sed
3349 3165 3553 3220 eisdem

241 3275 351 3315 non
383 3258 686 3314 ostenditur
713 3254 975 3327 perfectio
997 3251 1320 3317 ministerii,
1371 3251 1464 3306 sed
1502 3250 1840 3306 humilitatis.
1863 3251 1920 3320 ,ο
1950 3244 2131 3302 verbis
2159 3246 2508 3303 sacerdotum
2537 3249 2696 3320 culpa
2722 3249 2899 3320 major
2925 3253 3262 3321 ostenditur;
3309 3272 3434 3312 nam
3464 3257 3556 3325 qui

241 3351 432 3408 Facies
464 3364 698 3420 namque
725 3347 846 3404 Heli
871 3346 1294 3415 uniuscujusque
1331 3343 1653 3400 institutoris
1695 3341 1840 3412 ratio
1947 3337 2218 3392 nunoru
2269 3347 2560 3408 peccatum
2617 3341 2825 3410 grande
2884 3342 3044 3398 nimis
3089 3360 3272 3400 coram
3322 3346 3555 3404 Domino

243 3452 328 3499 est
354 3441 585 3496 arbitrii.
632 3439 714 3495 Illi
740 3453 978 3508 namque
1000 3445 1132 3492 ante
1160 3436 1510 3508 praeceptoris
1533 3435 1621 3490 sui
1649 3433 1842 3490 faciem
1879 3486 1884 3492 ,
1947 3427 2116 3485 fuisse
2145 3430 2358 3494 assem,
2392 3431 2654 3500 majorum
2702 3433 3022 3503 inquitatem
3053 3437 3105 3491 in
3132 3451 3293 3507 quem
3325 3438 3552 3496 damna-

243 3531 806 3598 Dotninoministrat,
830 3529 1009 3599 quiin
1053 3527 1387 3584 exhibitione
1429 3525 1716 3582 ministerii
1761 3524 1848 3580 sui
1950 3523 2114 3579 tionis
2161 3523 2440 3579 cumulum
2468 3526 2782 3583 excrevisse
2838 3529 3115 3599 cognovit.
3172 3530 3306 3598 Qua:
3368 3543 3551 3591 tamen

243 3624 452 3697 proprii
479 3622 687 3679 arbitrii
715 3621 980 3678 rationem
1009 3635 1116 3676 non
1147 3618 1412 3690 sequitur,
1450 3616 1638 3686 quieo
1667 3615 1848 3687 operis
1951 3616 2265 3686 magnitudo
2311 3625 2491 3674 reatus
2537 3620 2830 3689 ssseritur,
2879 3637 2988 3678 non
3033 3623 3210 3680 solum
3253 3640 3354 3696 pro
3385 3641 3555 3698 appe-

246 3717 446 3772 itinere
474 3715 716 3784 graditur
739 3713 885 3782 quod
910 3711 960 3768 ei
989 3709 1230 3781 magistri
1259 3709 1341 3764 sui
1369 3707 1681 3778 cognitione
1712 3721 1849 3777 prte—

245 3808 482 3864 νὶἀεωει
531 3805 665 3862 Nam
711 3803 938 3875 perfecti
983 3802 1184 3873 quique
1229 3801 1351 3868 viri,
1380 3808 1440 3857 et
1467 3799 1725 3858 docibiles
1749 3798 1847 3856 Dei

249 3900 433 3970 (1m.
466 3913 540 3961 νι.
567 3893 673 3963 45;
706 3893 836 3952 Issi.
863 3909 972 3961 Liv,
1002 3892 1114 3963 ιδ),
1144 3891 1376 3951 ministri
1393 3891 1614 3962 quidem
1635 3891 1690 3949 in
1716 3906 1849 3948 eon-

250 4001 442 4064 spectu
476 3990 686 4046 Domini
717 3996 861 4055 sunt,
914 3988 1010 4044 sed
1057 3993 1184 4042 ante
1213 3985 1402 4041 faciem
1433 3985 1668 4040 hominis
1693 3985 1852 4042 mini-

249 4085 348 4141 stri
379 4083 501 4154 ejus
533 4098 644 4140 non
680 4091 835 4147 sunt,
865 4080 990 4151 quia
1018 4079 1135 4150 ipsa
1160 4093 1256 4136 eos
1283 4079 1427 4134 intus
1449 4077 1703 4133 divinitas
1732 4093 1853 4132 (ru-

252 4180 332 4235 dit
351 4177 594 4247 quaiitcr
621 4174 754 4230 foris
779 4173 943 4230 etiam
990 4173 1096 4230 vita
1145 4179 1202 4228 et
1248 4171 1488 4230 moribus
1515 4185 1581 4226 ac
1609 4169 1853 4226 doctrina

253 4274 645 4343 disponantur;
693 4265 838 4322 unde
863 4275 923 4321 et
959 4265 1280 4334 enecet-seri
1331 4263 1705 4333 Redemptoris
1745 4264 1856 4333 82

253 4363 467 4437 paterni
490 4361 704 4418 oraculi
744 4358 902 4416 laude
943 4357 1314 4429 promittitur:
1342 4356 1415 4409 Tu
1449 4357 1677 4426 quidem,
1708 4373 1853 4426 puer,

255 4458 511 4529 propheta
537 4454 792 4510 Massici
813 4451 1103 4515 vocaberis;
1132 4448 1339 4522 prcibis
1355 4449 1495 4506 enim
1523 4459 1644 4504 ante
1671 4449 1857 4518 faciem

257 4553 474 4609 Domini
502 4567 692 4622 parare
716 4551 826 4604 vias
861 4548 974 4618 ejus
1006 4545 1173 4618 (luit.
1219 4561 1240 4600 ι
1265 4586 1282 4612 ,
1325 4541 1456 4616 76).
1499 4543 1637 4599 Ante
1665 4542 1856 4597 iaciem

1954 3711 2056 3767 titu
2082 3711 2285 3768 illicita
2309 3714 2679 3782 eomestionis,
2727 3715 2825 3772 sed
2864 3718 3027 3773 etiam
3054 3733 3153 3790 pro
3179 3720 3439 3777 violentia
3467 3736 3557 3776 ra-

1955 3807 2226 3880 pacitatis.

2029 3921 2082 3978 5.
2123 3919 2229 3978 Sed
2259 3921 2325 3987 ad
2355 3923 2510 3980 electi
2535 3925 2692 4002 pueri
2719 3928 3086 3990 narrationem
3126 3927 3338 3986 divinus
3378 3945 3558 3998 sermo

1957 4013 2280 4084 regreditur,
2331 4021 2391 4068 ut
2438 4014 2490 4070 in
2540 4029 2626 4082 eo,
2678 4031 2785 4072 non
2833 4017 2975 4086 quod
3013 4019 3431 4088 reprobandum,
3463 4021 3560 4075 sed

1957 4105 2104 4176 quod
2133 4105 2448 4161 imitandum
2475 4115 2580 4174 .est,
2613 4108 2870 4163 attentius
2916 4109 3338 4173 consideremus.
3371 4111 3560 4182 itaque

1959 4197 2137 4266 ephod
2169 4198 2309 4253 lineo
2337 4199 2610 4258 accinctus
2636 4237 2651 4264 ,
2691 4206 2746 4253 ct
2788 4199 2840 4253 in
2870 4211 3161 4272 conspectu
3189 4201 3403 4262 Domini
3438 4219 3560 4266 esse

1960 4289 2292 4358 perhibetur.
2328 4289 2465 4356 Quid
2514 4304 2641 4358 ergo
2673 4289 2726 4344 in
2756 4290 2934 4362 ephod
2959 4292 3108 4350 lineo
3140 4294 3242 4350 nisi
3273 4297 3558 4356 continen-

1963 4379 2050 4432 tire
2079 4379 2279 4434 candor
2308 4379 2644 4434 ostenditur?
2674 4395 2780 4449 quo
2821 4382 3071 4439 nimirum
3111 4385 3298 4456 ephod
3328 4388 3559 4458 accingi-

1962 4486 2082 4525 mur
2105 4512 2119 4536 ,
2171 4487 2292 4525 cum
2324 4471 2390 4525 ad
2423 4471 2652 4528 nitorem
2683 4473 2954 4546 pudicitiae
2979 4492 3054 4532 ex
3079 4478 3225 4533 omni
3251 4487 3404 4548 parte
3433 4480 3560 4538 reti-

1963 4577 2175 4630 nemur,
2201 4577 2321 4617 cum
2350 4563 2540 4616 aniuuc
2565 4571 2620 4620 et
2644 4566 2822 4620 carnis
2841 4582 2964 4636 pars
2991 4567 3134 4622 nulla
3159 4585 3188 4623 a
3205 4569 3561 4628 districtionis

261 4647 480 4719 quidem
509 4643 720 4700 Domini
751 4642 942 4713 praeire
966 4639 1312 4704 describitur,
1348 4637 1444 4707 ῆυί
1469 4637 1526 4691 in
1551 4635 1856 4691 Mter“
1888 4645 1941 4704 Ι)
1963 4652 2080 4720 lege
2111 4652 2406 4706 absolvitur
2433 4695 2449 4722 ,
2492 4669 2588 4724 per
2616 4669 2773 4725 quam
2803 4635 2869 4710 ad
2900 4657 3120 4714 luxuria:
3146 4661 3427 4731 caliginem
3455 4662 3561 4716 dif-

257 4758 358 4798 suo
390 4755 502 4796 non
527 4746 646 4794 erat
673 4745 955 4794 secuturus
983 4735 1262 4790 arbitrium
1283 4733 1578 4804 superioris
1601 4733 1856 4800 hominis,

256 4835 355 4890 sed
387 4831 796 4903 inspirationem
838 4829 1155 4884 divinitatis.
1198 4827 1337 4882 Ante
1367 4827 1558 4882 faciem
1585 4841 1715 4896 ergo
1743 4825 1861 4880 Heli

260 4928 483 4984 Samuel
530 4926 761 4981 Domino
810 4924 1113 4979 ministrare
1140 4922 1354 4985 dicitur,
1400 4928 1464 4974 ut
1490 4919 1716 4989 subjecti
1744 4919 1865 4987 qui-

1966 4745 2210 4798 iluamus.
2261 4742 2406 4798 Talis
2450 4743 2630 4812 itaque
2659 4745 2902 4802 minister
2930 4749 2982 4803 in
3014 4762 3302 4822 conspectu
3350 4751 3558 4805 Domini

1967 4844 2049 4892 83‘.
2076 4878 2089 4903 ,
2140 4836 2262 4906 quia
2294 4836 2360 4891 de
2390 4837 2773 4906 omnipotentis
2821 4841 2914 4896 Dei
2962 4852 3172 4912 sperata
3216 4843 3423 4897 visione
3452 4860 3561 4904 non

1967 4930 2187 4995 fallitur,
2219 4931 2303 4985 cui
2334 4946 2456 4986 cum
2486 4939 2637 4986 tanto
2667 4933 3018 4990 accinctionis
3045 4951 3155 4990 sua:
3183 4935 3358 4990 nitore
3388 4935 3561 4991 famu-
3597 4999 3600 5002 ,

264 5041 372 5097 quc
403 5025 518 5094 ejus
546 5021 792 5092 exemplo
819 5021 1136 5084 doceantur,
1163 5026 1434 5086 quatenus
1451 5015 1527 5069 de
1567 5013 1862 5068 ministerio

1971 5023 2132 5078 latur.
2165 5023 2261 5079 Cui
2292 5022 2536 5093 profecto
2565 5040 2734 5094 puero
2763 5027 2871 5104 83
2899 5027 3195 5082 ascendens
3223 5035 3396 5083 mater
3441 5045 3562 5083 cum

264 5135 368 5174 suo
397 5118 475 5174 sic
511 5115 733 5186 placere
773 5111 1040 5168 conditori
1067 5109 1339 5177 studeant,
1369 5117 1428 5163 ut
1453 5115 1650 5179 prteter
1676 5105 1862 5177 praela-

1976 5116 2096 5171 viro
2140 5114 2207 5170 ad
2251 5115 2633 5172 immolandum
2691 5116 2986 5174 solemnem
3044 5117 3272 5181 hostiam
3323 5120 3566 5175 attulisse

266 5217 452 5264 torum
499 5219 721 5260 suorum
765 5202 1043 5259 arbitrium
1083 5214 1244 5270 agere
1286 5199 1486 5270 aliquid
1521 5213 1628 5253 non
1668 5211 1862 5268 praesu-

1978 5223 2200 5281 parvam
2230 5208 2465 5264 tunicam
2494 5208 2706 5264 dicitur.
2739 5208 2911 5264 Mater
2937 5209 3149 5282 quidem
3178 5225 3300 5266 cum
3331 5210 3448 5265 viro
3477 5226 3565 5268 as-

265 5309 442 5358 mant.
492 5297 744 5368 Nam-qui
775 5304 900 5351 ante
929 5296 1250 5350 institutoris
1298 5295 1379 5349 sui
1425 5293 1619 5349 faciem
1658 5289 1868 5345 Domini
1979 5302 2159 5359 cenam
2199 5301 2416 5372 quando
2452 5316 2603 5357 mens
2639 5301 3007 5373 pmdicatoris
3044 5316 3141 5372 per
3179 5301 3568 5372 praescientiam

267 5392 522 5449 nnoister
547 5391 826 5457 asseritur,
843 5391 886 5445 si
909 5389 1026 5460 ejus
1048 5388 1241 5446 faciem
1271 5387 1462 5459 praeire
1485 5401 1580 5456 per
1609 5395 1862 5440 tumorem

1981 5393 2193 5448 interni,
2229 5392 2413 5463 sponsi
2459 5407 2576 5448 sese
2623 5393 2689 5446 ad
2729 5392 3141 5462 contemplanda
3184 5392 3429 5450 sublimia
3479 5397 3569 5451 illa

268 5487 531 5556 despicit,
561 5487 805 5540 minister
842 5487 894 5539 in
929 5493 1221 5554 conspectu
1267 5483 1480 5538 Domini
1519 5497 1626 5539 non
1669 5481 1870 5548 existit,
1981 5484 2298 5541 aeternitatis
2326 5485 2518 5554 gaudia
2548 5483 2722 5554 erigit.
2765 5483 2915 5540 Tunc
2958 5484 3155 5560 quippe
3194 5488 3436 5543 immolat
3483 5503 3571 5544 so-

268 5581 406 5650 quia
448 5579 877 5648 omnipotentem
921 5578 1173 5646 ignorare
1219 5577 1593 5643 convincitur,
1643 5577 1727 5632 cui
1778 5591 1879 5646 per
1984 5577 2213 5632 lemnem
2243 5576 2497 5644 hostiam,
2541 5575 2665 5647 quia
2695 5576 2819 5631 dum
2859 5591 2957 5646 per
2983 5576 3124 5638 illius
3153 5578 3352 5634 amoris
3380 5576 3570 5632 inetia-

269 5673 398 5743 cjus
428 5673 706 5727 arbitrium
737 5674 952 5742 placere
991 5669 1238 5740 despicit,
1259 5671 1419 5739 cujus
1463 5686 1522 5725 se
1563 5670 1789 5739 imperio
1818 5676 1878 5724 ut
1985 5669 2144 5725 bilem
2175 5669 2490 5724 suavitatem
2521 5667 2784 5725 conditori
2825 5668 3188 5744 conjungitur,
3219 5667 3465 5738 supernis
3494 5667 3572 5719 al-

273 5767 328 5822 ei
377 5765 619 5835 placeret
656 5764 981 5834 subiugavit.
1019 5761 1170 5817 Unde
1199 5769 1255 5817 et
1282 5762 1418 5829 Heli,
1468 5771 1521 5817 et
1569 5763 1663 5818 lilii
1711 5762 1877 5816 Belial

276 5873 428 5924 esse,
466 5867 520 5913 et
553 5857 764 5914 nescire
802 5855 1085 5916 Dominum
1125 5855 1394 5922 dicuntur,
1441 5865 1488 5912 et
1525 5855 1594 5913 ad
1623 5855 1877 5928 populum

1988 5760 2190 5814 taribus
2219 5758 2432 5813 devotio
2462 5758 2647 5814 festiva
2697 5767 3067 5830 pmsentatur.
3103 5758 3170 5812 Et
3200 5766 3329 5812 tunc
3359 5756 3570 5826 quidem

1988 5869 2208 5925 Parva!"
2234 5855 2472 5918 lutitant
2522 5854 2715 5923 defert,
2764 5856 2924 5924 quia,
2949 5855 3055 5910 etsi
3087 5868 3181 5923 per
3207 5864 3455 5918 magnam
3489 5849 3570 5902 in-
