4044 6336
555 344 650 443 ni

1786 371 2028 430 SANCTI
2064 367 2393 428 GREGOBII
2432 365 2646 424 MAGNI
3702 373 3787 430 ιιι

548 514 717 561 ter-nte
741 495 1059 553 visitationis
1087 492 1312 563 gratiam
1342 490 1579 563 pastoris
1607 490 1786 545 anima
1814 489 1879 543 ad
1908 500 2137 556 superna
2168 489 2214 546 Α
2244 484 2462 553 quidam
2489 484 2629 539 bene
2656 480 2886 538 vivendo
2914 478 3266 552 praeeminent
3294 523 3309 550 ,
3338 481 3427 552 qui
3454 486 3786 547 auctoritatem

496 578 503 583 '
549 592 869 657 sustollitur,
895 587 1147 659 parvulus
1174 593 1350 639 tamen
1381 599 1485 638 non
1516 582 1586 636 ad
1616 581 1833 636 modum
1878 578 2142 634 subtilita-

551 689 619 744 tis
646 700 787 748 sitae,
831 682 924 736 sed
970 695 1069 749 pro
1109 693 1293 733 eorum
1340 676 1541 730 viribus
1570 675 1847 744 imponere
1877 680 2143 742 praecepta

548 770 973 833 conversationis
1011 768 1189 823 debet.
1227 764 1377 820 Unde
1429 774 1483 820 et
1534 765 1745 836 Moyses
1787 779 1817 818 a
1857 772 2041 817 monte
2090 763 2144 817 in

550 866 810 921 immenso
859 859 1039 914 vultus
1065 859 1148 913 sui
1177 856 1465 926 splendore
1494 856 1806 925 regrediens
1836 856 2025 910 faciem
2053 870 2147 910 ve-

552 956 701 1023 lavit,
736 962 797 1008 ut
824 953 877 1007 in
917 968 1041 1007 eum
1088 949 1317 1020 populus
1361 948 1638 1002 intendere
1677 947 1852 1001 visum
1883 947 2148 1018 potuisset

555 1048 748 1118 (Exod.
775 1060 961 1111 xxnv,
983 1044 1097 1113 55).
1118 1040 1341 1096 Parvam
1360 1041 1541 1108 itaque
1571 1040 1800 1094 tunicam
1817 1054 1879 1093 ea
1896 1054 2015 1109 quze
2044 1038 2147 1108 spi-

553 1140 723 1196 ritalis
752 1150 925 1193 mater
947 1144 1030 1191 est
1059 1135 1167 1189 lilio
1197 1133 1425 1200 deferat,
1459 1140 1517 1186 ut
1544 1131 1780 1201 parvulis
1802 1129 1974 1186 adhuc
1996 1130 2146 1185 initia

552 1233 795 1305 quaedam
822 1240 877 1285 et
906 1230 1064 1301 plana
1094 1227 1369 1297 przecipiat
1394 1268 1408 1294 ,
1439 1233 1494 1280 et
1522 1240 1630 1279 non
1682 1223 2006 1279 fortitudinis
2036 1238 2147 1278 suae

554 1342 691 1381 onus
738 1325 997 1394 imponat.
1047 1321 1179 1376 Nam
1224 1334 1366 1389 saepe
1414 1318 1554 1372 inter
1600 1332 1790 1387 magna
1834 1331 1997 1386 opera
2024 1330 2146 1371 cor-

551 1429 737 1487 ruunt,
768 1420 858 1488 qui
885 1434 979 1490 per
1002 1416 1207 1470 minora
1237 1414 1455 1468 vincere
1484 1413 1692 1467 hostem
1722 1418 1963 1481 possunt.
1997 1408 2150 1466 Unde

552 1519 608 1565 et
633 1510 797 1564 David
827 1516 1014 1566 contra
1035 1504 1443 1575 Allophylorum
1465 1503 1812 1557 fortissimum
1838 1502 1892 1555 in
1916 1515 2146 1571 pugnam

553 1601 904 1674 progrediens
925 1642 940 1668 ,
975 1599 1193 1654 loricam
1222 1638 1236 1663 ,
1286 1600 1533 1667 clypeum
1561 1606 1615 1650 et
1646 1594 1894 1649 militaria
1923 1609 2151 1664 quaeque

550 1695 903 1750 instrumenta
934 1690 1211 1761 deposuit;
1253 1696 1309 1742 et
1351 1688 1442 1756 qui
1487 1702 1544 1741 se
1582 1687 1636 1740 in
1680 1702 1867 1741 eorum
1911 1685 2152 1755 pondere

552 1792 738 1839 contra
797 1782 1009 1836 hostem
1065 1792 1321 1833 exercere
1372 1791 1478 1829 non
1523 1776 1731 1845 potuit,
1786 1776 1837 1829 in
1888 1790 1995 1829 uno
2027 1790 2150 1830 eum

2244 579 2356 650 84
2384 593 2543 650 quam
2588 576 2829 647 praelatio
2857 576 3023 645 exigit
3048 576 3248 631 nullam
3292 577 3502 633 habent.
3548 579 3667 637 Nam
3708 586 3789 640 etsi

2246 672 2313 728 ad
2361 670 2565 739 agenda
2609 671 2751 725 bona
2795 669 3034 727 excitare
3070 668 3311 725 subditos
3356 677 3610 739 satagunt,
3640 681 3789 732 tamen

2247 764 2520 821 contraire
2547 762 2987 833 delinquentibus
3012 777 3108 833 per
3152 762 3326 817 zelum
3354 763 3667 821 rectitudinis
3690 782 3785 823 eru-

2247 858 2496 914 bescunt.
2528 856 2632 923 Qui
2666 854 2918 910 nimirum
2964 854 3066 909 etsi
3098 853 3167 908 ad
3196 853 3583 924 redarguendos
3608 872 3690 913 eos
3715 860 3792 914 alis

2248 951 2466 1020 quando
2504 956 2731 1013 exeunt,
2772 955 2971 1002 nocent
3009 948 3188 1017 potius
3231 947 3493 1015 loquendo
3519 964 3667 1020 quam
3690 966 3793 1019 pro-

2249 1051 2396 1111 sunt,
2424 1043 2550 1113 quia
2580 1056 2770 1097 eorum
2796 1040 3216 1096 obstinationem
3246 1056 3353 1096 non
3380 1042 3531 1110 digna
3551 1044 3794 1101 severitate

2250 1134 2603 1191 confundunt.
2635 1134 2769 1189 Nam
2800 1133 2942 1189 idem
2966 1132 3081 1188 Heli
3111 1132 3343 1187 ﬁliorum
3368 1134 3583 1199 scelera,
3611 1143 3661 1190 et
3681 1150 3792 1203 quo-

2250 1225 2414 1281 modo
2445 1225 2513 1279 ad
2546 1224 2877 1281 tabernaculi
2904 1224 3100 1278 ostium
3140 1239 3261 1279 cum
3307 1224 3604 1281 mulieribus
3625 1224 3793 1280 domi-

2251 1326 2393 1382 reut.
2423 1318 2657 1385 audivit;
2689 1318 2800 1386 qui,
2831 1316 2979 1371 velut
3007 1317 3074 1371 ab
3099 1331 3290 1387 aspera
3333 1317 3623 1373 invectione
3644 1327 3796 1373 aucto-

2251 1409 2425 1464 ritatis
2475 1408 2735 1479 incipiens
2763 1450 2779 1476 ,
2825 1422 2913 1463 res
2962 1408 3225 1478 pessimas
3263 1410 3331 1463 ab
3371 1409 3512 1464 omni
3556 1409 3797 1479 populose

2254 1501 2467 1557 audisse
2500 1500 2790 1571 perhibuit.
2824 1498 2931 1555 Sed
2959 1500 3049 1570 qui
3081 1500 3293 1569 insequi
3320 1514 3411 1555 eas
3438 1516 3567 1571 quas
3591 1501 3798 1571 exposuit

2254 1594 2438 1663 culpas
2466 1592 2670 1658 debuit,
2704 1608 2801 1663 per
2829 1591 3212 1663 subsequentia
3253 1591 3414 1647 verba
3458 1591 3714 1661 lxevigavit,
3736 1590 3798 1645 di-

2254 1702 2419 1742 cens:
2450 1684 2630 1742 Nolite
2655 1727 2671 1752 ,
2720 1687 2840 1757 ﬁlii.
2890 1686 2949 1741 ln
2998 1702 3104 1757 qua
3144 1686 3395 1741 nimirum
3438 1686 3798 1757 propinquitatis

2255 1780 2619 1851 appellatione
2646 1788 2904 1849 quantum
2956 1794 2987 1833 a
3029 1778 3245 1834 Domini
3272 1778 3542 1833 voluntate
3567 1777 3799 1833 dissentiat

550 1875 726 1929 funda:
749 1873 924 1943 lapide
953 1870 1247 1941 prostravit
1274 1868 1323 1936 (1
1357 1866 1485 1939 Reg.
1515 1867 1742 1933 “11,59,
1773 1866 1865 1935 40,
1891 1870 2048 1939 seq).
2070 1867 2151 1922 Ad
2186 1881 2228 1939 Β
2257 1872 2443 1940 liquet,
2474 1871 2597 1941 quia
2628 1871 2748 1927 illos
2788 1870 2925 1927 lilios
2952 1869 3247 1940 appellavit
3275 1885 3410 1940 quos
3438 1867 3635 1923 divinus
3656 1882 3800 1923 sermo

550 1965 932 2021 immolandum
962 1963 1259 2017 solemnem
1290 1960 1522 2014 hostiam
1563 1968 1736 2015 mater
1765 1960 1853 2014 illa
1885 1961 2149 2017 ascende-

549 2071 673 2124 rat,
726 2076 843 2129 quse
900 2058 1152 2113 dicebat:
1188 2058 1313 2113 Scio
1367 2058 1659 2129 Imjusmodi
1710 2058 2011 2124 hominem,
2066 2060 2152 2128 qui

550 2163 728 2222 raptus
756 2160 829 2205 est
856 2153 910 2205 in
939 2151 1238 2220 paradisum
1274 2148 1361 2219 (II
1386 2149 1505 2205 Cur.
1539 2166 1631 2215 xtl,
1660 2149 1736 2218 4).
1772 2150 1876 2204 Sed
1905 2149 1972 2205 de
2003 2157 2151 2204 tanta

552 2244 921 2314 magnitudine
968 2260 1217 2313 magnam
1245 2251 1450 2297 vestem
1480 2243 1714 2310 parvulis
1760 2258 1867 2296 non
1907 2241 2149 2307 adduxit,

552 2338 678 2407 quia
715 2336 1112 2391 dicitzAudivit
1158 2351 1355 2388 arcana
1399 2333 1569 2397 verba,
1612 2347 1725 2397 qua:
1767 2349 1870 2387 non
1915 2334 2030 2386 licet
2060 2333 2152 2389 Ito-

552 2429 682 2483 mini
728 2429 864 2498 loqui
910 2426 1117 2496 (Ibid.).
1162 2425 1293 2479 ltem
1323 2443 1334 2477 :
1366 2424 1472 2477 Lac
1501 2424 1636 2478 vobis
1678 2433 1852 2493 potum
1881 2423 2020 2490 dedi,
2049 2441 2153 2479 non

553 2538 724 2576 escam
754 2518 810 2591 (Ι
839 2519 960 2574 Cor.
992 2536 1067 2583 ιιι,
1102 2518 1178 2589 '2).
1214 2516 1439 2572 Parvam
1489 2519 1668 2586 itaque
1716 2533 1882 2587 parvo
1924 2516 2033 2571 tilio
2065 2525 2150 2571 tu-

552 2613 730 2667 nicam
758 2620 932 2666 mater
960 2610 1186 2677 deierat,
1219 2619 1272 2663 ct
1302 2625 1399 2679 pro
1430 2609 1589 2663 modo
1629 2610 1871 2678 corporis
1898 2624 2148 2663 mensura

553 2705 848 2760 indumenti
882 2704 1128 2759 tendatur
1150 2744 1164 2769 ,
1209 2710 1479 2771 quatenus
1506 2702 1633 2756 dum
1662 2710 1974 2771 temperata:
2016 2717 2150 2758 con-

550 2798 872 2854 versationis
902 2797 1101 2850 virtute
1131 2794 1370 2859 dimicat,
1416 2795 1559 2848 hunc
1585 2793 1756 2850 hostis
1784 2793 2031 2864 inaequali
2060 2809 2150 2848 ar-

552 2904 763 2944 morum
792 2888 1002 2944 sarcina
1032 2902 1139 2942 non
1175 2886 1502 2941 substernat.

626 2979 679 3034 4.
720 2978 785 3032 Et
813 2981 940 3049 quia
970 2994 1039 3033 ex
1059 2979 1294 3033 discreto
1321 2992 1465 3032 cura:
1494 2977 1778 3047 pastoralis
1805 2975 1984 3031 studio
2013 2991 2152 3046 pree-

552 3071 780 3127 dicatori
809 3071 943 3126 Deus
974 3084 1360 3125 conversorum
1393 3068 1541 3123 lucra
1566 3068 1904 3137 multiplicat,
1935 3067 2151 3123 visitata

551 3183 584 3223 a
615 3166 841 3223 Domino
871 3170 1022 3220 Anna
1053 3164 1387 3236 perhibetur,
1418 3172 1581 3232 atque
1609 3178 1708 3233 per
1733 3162 1958 3231 gratiam
1984 3161 2152 3217 divini

2259 1978 2419 2033 supra
2449 1961 2638 2025 Belial,
2672 1961 2726 2017 id
2756 1971 2838 2019 est
2864 1961 3084 2033 spiritus
3112 1976 3365 2032 nequam.
3416 1960 3547 2016 ﬁlios
3574 1974 3680 2016 esse
3701 1973 3800 2028 per-

2258 2058 2451 2126 hibui},
2480 2058 2667 2114 dicens
2713 2075 2726 2111 :
2770 2058 2945 2113 ‘Porro
2992 2059 3091 2128 ﬁlii
3142 2057 3267 2113 Heli
3295 2058 3393 2129 ﬁlii
3442 2056 3618 2113 Belial.
3648 2064 3668 2090 ο
3694 2053 3800 2109 Cum

2258 2150 2574 2206 mulieribus
2625 2149 2823 2221 quippe
2869 2149 3103 2205 dormire
3133 2158 3217 2204 est
3245 2164 3436 2206 secure
3480 2158 3531 2203 et
3555 2148 3659 2203 sine
3685 2153 3800 2200 metu

2257 2241 2450 2297 futurae
2479 2240 2721 2297 vindictze
2751 2256 3001 2312 peccare.
3035 2240 3289 2297 Mulieres
3316 2242 3511 2313 quippe
3538 2238 3800 2295 meretrices

2258 2343 2385 2389 sunt
2413 2333 2862 2404 concupiscentim
2888 2334 3192 2389 saeculares.
3237 2334 3368 2401 Quae
3394 2335 3527 2389 bene
3562 2332 3624 2387 ad
3660 2330 3801 2385 taber-

2259 2430 2435 2485 naculi
2466 2430 2661 2484 ostium
2692 2428 2983 2484 observare
3012 2429 3385 2497 perhibentur,
3415 2425 3535 2496 quia
3565 2423 3626 2478 ad
3652 2419 3802 2477 introi-

2260 2532 2369 2579 tum
2400 2524 2550 2593 regni
2578 2523 2813 2580 c<elestis
2842 2521 3186 2577 tendentibus
3215 2520 3552 2577 insidiantur.
3583 2516 3671 2583 Qui
3701 2526 3801 2568 vero

2256 2619 2335 2674 sic
2382 2616 2566 2671 mundi
2608 2614 3074 2686 concupiscentias
3117 2614 3364 2682 sequitur
3387 2654 3402 2679 ,
3436 2620 3493 2667 ut
3518 2623 3649 2680 saepe
3672 2601 3802 2661 divini

2258 2719 2433 2767 metus
2477 2709 2908 2766 consideratione
2961 2716 3232 2764 terreatur
3260 2747 3282 2774 ,
3333 2706 3582 2779 polluitur
3625 2700 3801 2772 quidem

2259 2820 2382 2860 cum
2413 2803 2745 2868 mulieribus,
2774 2801 2866 2857 sed
2912 2817 3020 2856 non
3050 2800 3273 2867 dormit,
3304 2800 3429 2871 quia
3457 2797 3554 2854 etsi
3583 2804 3802 2862 transgre-

2257 2896 2455 2952 diendo
2482 2895 2682 2949 labitur
2705 2935 2719 2961 ,
2752 2894 2805 2948 in
2837 2893 3164 2964 perpetratis
3194 2901 3376 2948 tamen
3407 2886 3708 2947 lacinoribus
3729 2896 3805 2953 per

2256 2990 2604 3045 securitatem
2634 3001 2973 3056 nequaquam
3002 2983 3317 3055 requiescit.
3348 2982 3616 3038 Dormiens
3659 2978 3803 3043 itaque

2256 3095 2379 3136 cum
2426 3079 2741 3135 mulieribus
2784 3076 3004 3132 nomine
3053 3073 3476 3145 propinquitatis
3504 3063 3804 3126 honorandus

2259 3190 2366 3229 non
2394 3181 2495 3238 est,
2526 3171 2652 3241 quia
2682 3170 2791 3241 qui,
2839 3168 3085 3240 projecto
3109 3166 3222 3237 jam
3250 3165 3350 3222 Dei
3395 3165 3601 3224 timore,
3641 3158 3689 3213 in
3720 3152 3805 3210 suis

551 3261 789 3317 muneris
816 3260 870 3315 in
898 3258 1019 3314 [iliis
1048 3266 1103 3314 et
1132 3257 1340 3312 liliabus
1367 3256 1630 3312 meruisse
1654 3255 1881 3325 gratiam
1906 3253 2148 3311 fecundi-
2178 3271 2225 3337 ρ
2256 3264 2549 3321 sceleribus
2597 3259 2851 3317 obstinati
2900 3267 3023 3315 sunt
3048 3299 3063 3325 ,
3114 3258 3310 3314 leviori
3360 3254 3703 3324 increpatione
3741 3259 3806 3298 ar.

549 3355 696 3410 tatis.
729 3355 859 3422 Quae
892 3353 1028 3409 tilios
1057 3352 1274 3422 quidem
1305 3354 1467 3422 parit,
1500 3366 1621 3407 cum
1660 3364 1755 3406 eos
1782 3350 1949 3405 verbo
1976 3349 2152 3403 lucra-

551 3458 638 3504 tur
666 3463 762 3518 per
789 3462 925 3515 quos
954 3445 1352 3516 praedicationis
1378 3443 1585 3500 semina
1609 3443 1730 3498 aliis
1752 3442 1954 3498 tribuit.
1987 3440 2152 3499 Filias

551 3554 680 3593 vero
708 3538 847 3607 parit
872 3553 994 3592 cum
1024 3552 1116 3592 eas
1159 3546 1368 3591 mentes
1397 3537 1462 3593 ad
1491 3536 1877 3606 omnipotentis
1909 3534 2003 3590 Dei
2029 3550 2150 3592 ser-

552 3629 743 3684 vitium
789 3636 1050 3693 revocat,
1094 3642 1211 3693 quae
1242 3626 1342 3681 etsi
1370 3627 1437 3682 ad
1468 3626 1903 3696 praedicationem
1944 3624 2152 3679 idoneze

556 3738 666 3778 non
694 3729 841 3790 sunt,
868 3719 1018 3776 verbi
1045 3719 1142 3775 Dei
1171 3728 1351 3773 tamen
1382 3734 1564 3774 semen
1592 3720 1875 3788 diligenter
1901 3735 1931 3772 a
1956 3718 2151 3790 praedi—

555 3813 829 3871 catoribus
853 3817 1132 3879 acceptum
1158 3807 1419 3873 nutriunt,
1450 3809 1591 3877 quod
1618 3808 1768 3862 velut
1792 3806 2155 3878 parturientes

556 3904 901 3978 postmodum
949 3902 1069 3956 tilia:
1100 3917 1197 3971 per
1228 3902 1367 3954 bona
1411 3915 1575 3969 opera
1607 3900 1659 3953 in
1691 3900 1992 3970 exemplum
2023 3916 2153 3970 pro-

557 3999 823 4054 ximorum
846 3996 1087 4067 gignunt.
1117 3992 1223 4048 Sed
1251 3992 1373 4063 quia
1398 3992 1544 4061 prius
1572 3991 1789 4048 Samuel
1812 3992 1952 4047 lineo
1978 3991 2157 4063 ephod

556 4089 831 4145 accinctus
862 4085 1142 4152 asseritur,
1176 4084 1369 4139 dehinc
1396 4080 1695 4138 fecunditas
1738 4082 1922 4137 matris
1950 4083 2002 4137 in
2033 4083 2155 4153 pln-

555 4182 772 4237 ralitate
801 4180 1096 4233 liberorum
1149 4183 1326 4248 potest
1376 4173 1771 4230 rationabiliter
1798 4174 2019 4243 intelligi
2050 4175 2156 4231 hoc

556 4269 702 4338 quod
730 4268 844 4321 tieri
873 4266 1114 4337 quotidie
1139 4265 1409 4321 cernimus
1435 4307 1451 4331 ,
1481 4265 1607 4334 quia
1637 4263 1892 4319 videlicet
1918 4279 1984 4320 ex
2014 4266 2154 4321 bona

558 4360 813 4429 opinione
859 4357 1018 4412 electi
1048 4355 1295 4423 discipuli
1324 4355 1581 4423 magistro
1609 4362 1959 4410 succrescunt
2006 4356 2152 4410 lucra

559 4464 964 4507 conversorum.
1012 4446 1169 4502 Unde
1196 4456 1252 4501 et
1279 4456 1400 4516 post
1443 4456 1619 4502 ortum
1649 4446 1875 4502 fratrum
1908 4456 1962 4503 et
2004 4464 2155 4504 soro-

558 4559 698 4609 rum,
730 4541 1097 4612 magniticatus
1126 4537 1342 4594 Samuel
1366 4540 1506 4609 apud
1535 4540 1818 4596 Dominum
1842 4540 2004 4596 fuisse
2031 4558 2152 4613 per.

2256 3356 2453 3426 guendi
2485 3369 2593 3410 non
2622 3362 2771 3418 sunt,
2802 3368 2871 3408 ne
2900 3354 3017 3408 leve
3045 3351 3258 3422 pondus
3292 3348 3496 3422 peccati
3524 3358 3633 3402 esse
3654 3343 3807 3413 putem

2255 3448 2309 3504 id
2348 3449 2401 3503 in
2442 3463 2550 3517 quo
2581 3454 2864 3515 corruunt,
2891 3444 3018 3499 dum
3046 3458 3212 3513 grave
3254 3442 3337 3499 eis
3385 3439 3513 3496 illud
3548 3451 3647 3492 non
3683 3440 3809 3487 sonat

2255 3540 2400 3612 quod
2422 3555 2490 3595 ex
2513 3539 2841 3594 auctoritate
2862 3536 3201 3606 pnedicatur.
3234 3534 3345 3591 Sed
3375 3529 3580 3589 remissi
3608 3533 3807 3597 pastores

2255 3633 2394 3689 inter
2422 3632 2659 3687 fomenta
2690 3630 2979 3684 verborum
3007 3626 3251 3698 quaedam
3284 3625 3525 3697 proferre
3554 3619 3712 3677 solent
3743 3626 3809 3666 ar-

2256 3734 2509 3795 gumenta
2537 3724 2780 3780 rationis.
2817 3721 2968 3777 Unde
2996 3732 3051 3776 et
3080 3719 3207 3775 Heli
3228 3736 3366 3777 voce
3394 3719 3582 3775 dicitur
3605 3733 3617 3768 :

2328 3818 2502 3889 (Vers.
2532 3815 2647 3886 25.)
2692 3815 2753 3871 Si
2782 3818 3061 3887 peccauerit
3086 3815 3161 3868 vir
3188 3814 3242 3867 in
3274 3814 3459 3878 virum,
3489 3807 3654 3883 pacari
3674 3804 3715 3858 ei
3734 3815 3809 3869 p0-

2257 3921 2353 3967 test
2381 3910 2560 3978 Deus;
2606 3911 2653 3965 si
2701 3920 2871 3964 autem
2898 3910 2953 3963 in
2982 3907 3147 3963 Deum
3184 3908 3490 3980 peccaverit,
3536 3904 3640 3976 quis
3679 3892 3810 3953 orabit

2256 4022 2351 4075 pro
2386 4004 2483 4057 eo?

2329 4095 2382 4149 6.
2426 4095 2522 4149 Vir
2550 4095 2601 4150 in
2631 4096 2805 4150 virum
2855 4109 3083 4165 peccare
3128 4102 3210 4151 est
3255 4094 3327 4150 de
3367 4093 3527 4148 rebus
3554 4081 3812 4143 labentibus

2258 4189 2577 4244 alterutrum
2604 4188 2703 4243 sibi
2734 4188 2980 4242 homines
3019 4200 3235 4243 nocere.
3268 4184 3327 4240 ln
3360 4184 3526 4239 Deum
3572 4191 3690 4234 vero
3714 4185 3815 4243 pec-

2256 4295 2384 4336 care
2428 4289 2511 4334 est
2531 4295 2594 4335 ea
2641 4281 2690 4335 ei
2732 4295 2852 4350 quae
2882 4279 2949 4334 ad
2972 4278 3332 4334 aeternitatem
3363 4272 3600 4331 condidit
3622 4265 3811 4323 auferre.

2259 4370 2578 4442 Quicunque
2620 4372 2782 4439 igitur
2810 4378 2903 4425 aut
2930 4385 3081 4427 suam
3110 4376 3202 4424 aut
3229 4368 3455 4424 alterius
3482 4364 3644 4420 tidelis
3669 4354 3814 4414 homi-

2259 4465 2342 4519 nis
2389 4473 2623 4520 antmam
2669 4463 2738 4519 ad
2770 4462 3099 4535 peccandum
3130 4461 3415 4531 pertrahit,
3452 4460 3503 4515 in
3533 4457 3689 4511 Deum
3716 4460 3816 4518 μεθ’

2261 4573 2386 4613 care
2416 4559 2771 4621 convincitur,
2801 4558 2925 4627 quia
2957 4572 3053 4612 sua
3078 4556 3129 4612 ei
3157 4556 3373 4611 auferre
3402 4552 3615 4624 propria
3642 4538 3814 4602 nititur-

546 4626 795 4698 Vhibetur,
847 4635 969 4705 quia
1016 4633 1257 4704 profecto
1306 4649 1491 4689 coram
1540 4635 1767 4690 Domino
1811 4638 1923 4705 jam
1974 4639 2151 4707 magni
2180 4656 2229 4714 ο
2257 4649 2412 4716 Quod
2442 4651 2694 4721 nimirum
2738 4626 2889 4704 mmo
2915 4650 3129 4719 gravius
3157 4656 3444 4718 peccaui";
3475 4659 3591 4700 esse
3618 4632 3818 4695 ostendi-

555 4736 681 4786 sunt
716 4727 806 4795 qui
858 4740 955 4794 per
1001 4723 1246 4793 exempla
1280 4723 1378 4793 pixe
1421 4724 1844 4780 conversationis
1873 4728 2150 4795 proximo-

557 4838 674 4876 rum
723 4818 888 4873 corda
936 4815 1001 4870 ad
1050 4816 1431 4885 omnipotentis
1480 4815 1572 4870 Dei
1610 4816 1889 4871 servitium
1918 4833 2146 4875 conver-

561 4924 699 4969 lunt.

633 5004 683 5059 5.
716 5004 947 5075 Magnus
977 5018 1106 5058 vero
1135 5004 1289 5058 nobis
1318 5003 1477 5058 timor
1521 5005 1810 5073 incutitur,
1860 5007 1986 5077 quia
2033 5009 2150 5066 Heli

557 5097 786 5153 liliorum
813 5098 967 5166 culpa
996 5096 1301 5161 damnatur,
1333 5096 1485 5164 cujus
1514 5109 1730 5166 peccata
1754 5084 1972 5170 propria
2004 5103 2150 5157 nulla

554 5189 883 5244 referuntur.
917 5184 1046 5239 Nam
1076 5187 1231 5241 benis
1277 5186 1503 5241 subditis
1534 5187 1668 5242 bene
1696 5189 1878 5245 vivere
1906 5190 1971 5244 ad
2000 5192 2148 5247 salu-

558 5285 667 5331 tem
716 5275 945 5342 sufﬁcit,
991 5276 1225 5346 praelatis
1253 5293 1381 5332 vero
1414 5278 1628 5347 propria
1658 5279 1764 5332 vita
1796 5298 1903 5335 non
1934 5282 2145 5338 sullicit.

558 5368 724 5424 Valde
750 5370 947 5424 etenim
992 5384 1155 5423 senex
1185 5380 1302 5436 est,
1348 5370 1437 5439 qui
1472 5370 1650 5425 vivere
1678 5372 2153 5443 irreprehensibili-

560 5471 643 5517 ter
671 5477 883 5531 semper
910 5462 1107 5518 studet.
1144 5463 1294 5519 Unde
1339 5464 1501 5520 etiam
1546 5466 1801 5537 scriptum
1832 5477 1914 5525 est
1940 5488 1951 5523 :
1978 5471 2145 5526 Sene-

558 5568 668 5611 ctus
696 5557 832 5609 enim
857 5555 1157 5609 venerabilis
1176 5565 1270 5623 est,
1293 5574 1393 5611 non
1415 5559 1682 5629 diuturna,
1704 5578 1861 5633 neque
1887 5581 2143 5622 annorum

559 5665 771 5704 numero
820 5656 1142 5716 computata;
1192 5650 1307 5702 cani
1337 5652 1472 5703 enim
1519 5662 1636 5706 sunt
1682 5670 1858 5709 sensus
1897 5658 2137 5726 hominis,

2261 4750 2365 4806 tur,
2399 4751 2603 4811 quanto
2633 4751 2689 4797 et
2715 4743 2805 4811 qui
2833 4758 2934 4812 pro
2960 4742 3077 4812 ejus
3102 4741 3446 4797 absolutione
3473 4738 3658 4806 dignus
3683 4731 3819 4785 inter-

2259 4847 2445 4887 cessor
2473 4832 2671 4886 existat
2721 4831 2893 4885 rarius
2942 4830 3230 4885 invenitur.
3261 4828 3395 4883 Nam
3426 4827 3527 4883 sub
3556 4826 3818 4882 interroga'

2256 4924 2602 4991 tionezQuis
2652 4921 2821 4977 orabit
2868 4939 2960 4993 pro
3008 4921 3102 4975 eo?
3151 4935 3258 4975 non
3306 4920 3505 4975 dicitur
3549 4923 3607 4970 ut
3655 4905 3817 4965 talibus

2256 5017 2421 5072 etiam
2457 5015 2785 5087 poenitentiae
2814 5015 3051 5070 remedia
3079 5014 3433 5081 denegentur,
3488 5011 3581 5067 sed
3609 5005 3721 5077 quia
3755 4996 3817 5051 al-

2256 5108 2389 5163 tiora
2423 5116 2771 5177 peccatorum
2801 5106 3020 5161 vulnera
3062 5104 3332 5160 difﬁcilius
3361 5110 3633 5159 curantur.

2328 5199 2379 5253 7.
2423 5197 2573 5264 Quod
2624 5207 2803 5252 tamen
2857 5197 3057 5252 idcirco
3105 5195 3305 5251 dictum
3360 5202 3543 5265 potest
3587 5181 3814 5252 intelligi.

2255 5291 2380 5361 quia
2408 5290 2719 5346 sacerdotes
2762 5300 3074 5361 arguuntur.
3126 5289 3223 5343 Vir
3258 5289 3405 5344 enim
3434 5289 3492 5343 in
3521 5287 3685 5342 virum
3712 5289 3816 5349 pec-

2256 5392 2363 5452 cat,
2394 5400 2513 5439 cum
2542 5384 2632 5440 ille
2658 5383 2920 5452 delinquit
2945 5383 3097 5452 cujus
3118 5382 3276 5454 culpa
3302 5380 3623 5450 corrigenda
3651 5374 3711 5431 ad
3736 5373 3817 5425 lio—

2254 5477 2412 5532 minis
2440 5478 2734 5547 superioris
2757 5476 3011 5547 judicium
3058 5478 3297 5549 respicit.
3350 5475 3489 5543 Quia
3536 5472 3689 5542 igitur
3712 5476 3818 5537 pec-

2252 5576 2372 5623 cata
2402 5568 2600 5623 subditi
2628 5566 2850 5638 populi,
2905 5581 3023 5635 qum
3072 5567 3138 5622 ad
3182 5567 3497 5623 sacerdotes
3533 5558 3816 5634 respiciunl.

2248 5660 2490 5730 ipsorum
2520 5658 2861 5715 sacerdotum
2910 5660 3160 5731 precibus
3209 5659 3482 5726 delentur,
3515 5671 3631 5713 cum
3660 5658 3815 5707 sacer-

558 5752 607 5799 ει
636 5750 761 5796 wtas
792 5740 1063 5793 senectutis
1091 5742 1195 5819 uita
1222 5739 1551 5797 immaculata
1596 5744 1750 5815 (Sep.
1793 5762 1864 5817 iv,
1910 5749 1987 5821 8).
2028 5749 2137 5806 Sed
2245 5752 2345 5810 dos
2394 5754 2448 5808 in
2496 5754 2710 5824 culpam
2756 5753 2995 5821 labitur,
3041 5755 3286 5827 superior
3332 5768 3566 5825 persona
3609 5763 3707 5805 non
3747 5746 3816 5795 est

631 5888 653 5917 υ
694 5875 947 5946 Quaedam
987 5875 1075 5933 hic
1120 5876 1315 5936 deesse
1357 5879 1638 5951 videntur;
1692 5885 1943 5956 praemitti
1990 5889 2133 5945 enim
2161 5889 2343 5947 debuit
2384 5890 2528 5960 quod
2574 5889 2768 5961 legitur
2816 5891 2888 5961 Ῡ.
2928 5890 3031 5948 22:
3062 5893 3313 5964 quomodo
3343 5887 3693 5952 dormiebant,
3720 5884 3809 5935 elc-
