  <div class='ocr_page' id='page_1' title='image "/cluster/home/n/w/nwhite01/storage/ocr_20150623/79/hvd.32044015469414/062.png"; bbox 0 0 4044 6336; ppageno 0'>
   <div class='ocr_carea' id='block_1_1' title="bbox 335 389 441 445">
    <p class='ocr_par' dir='ltr' id='par_1_1' title="bbox 335 389 441 445">
     <span class='ocr_line' id='line_1_1' title="bbox 335 389 441 445; baseline 0 -1"><span class='ocrx_word' id='word_1_1' title='bbox 335 389 441 445; x_wconf 77' lang='lat'><strong>“5</strong></span> 
     </span>
    </p>
   </div>
   <div class='ocr_carea' id='block_1_2' title="bbox 1180 383 2775 451">
    <p class='ocr_par' dir='ltr' id='par_1_2' title="bbox 1180 383 2775 451">
     <span class='ocr_line' id='line_1_2' title="bbox 1180 383 2775 451; baseline 0.006 -11"><span class='ocrx_word' id='word_1_2' title='bbox 1180 383 1244 441; x_wconf 83' lang='lat' dir='ltr'><strong>IN</strong></span> <span class='ocrx_word' id='word_1_3' title='bbox 1287 385 1552 444; x_wconf 72' lang='lat' dir='ltr'><strong>PRIMUM</strong></span> <span class='ocrx_word' id='word_1_4' title='bbox 1591 388 1827 445; x_wconf 77' lang='lat' dir='ltr'><strong>REGUM</strong></span> <span class='ocrx_word' id='word_1_5' title='bbox 1872 388 2386 447; x_wconf 72' lang='lat' dir='ltr'><strong>EXPOSITIONES.</strong></span> <span class='ocrx_word' id='word_1_6' title='bbox 2431 420 2500 433; x_wconf 87' lang='lat'><strong>-—</strong></span> <span class='ocrx_word' id='word_1_7' title='bbox 2542 392 2667 449; x_wconf 72' lang='lat' dir='ltr'><strong>LIB.</strong></span> <span class='ocrx_word' id='word_1_8' title='bbox 2712 394 2775 451; x_wconf 89' lang='lat' dir='ltr'><strong>Il.</strong></span> 
     </span>
    </p>
   </div>
   <div class='ocr_carea' id='block_1_3' title="bbox 3505 405 3606 461">
    <p class='ocr_par' dir='ltr' id='par_1_3' title="bbox 3505 405 3606 461">
     <span class='ocr_line' id='line_1_3' title="bbox 3505 405 3606 461; baseline 0.01 -1"><span class='ocrx_word' id='word_1_9' title='bbox 3505 405 3606 461; x_wconf 73' lang='grc'><strong>114</strong></span> 
     </span>
    </p>
   </div>
   <div class='ocr_carea' id='block_1_4' title="bbox 326 498 3606 593">
    <p class='ocr_par' dir='ltr' id='par_1_4' title="bbox 326 498 3606 593">
     <span class='ocr_line' id='line_1_4' title="bbox 326 498 3606 593; baseline 0.005 -31"><span class='ocrx_word' id='word_1_10' title='bbox 326 508 485 578; x_wconf 82' lang='lat' dir='ltr'><strong>cujus</strong></span> <span class='ocrx_word' id='word_1_11' title='bbox 512 503 762 578; x_wconf 84' lang='lat' dir='ltr'><strong>precibus</strong></span> <span class='ocrx_word' id='word_1_12' title='bbox 790 502 1057 573; x_wconf 77' lang='lat' dir='ltr'><strong>expietur.</strong></span> <span class='ocrx_word' id='word_1_13' title='bbox 1090 501 1244 570; x_wconf 85' lang='lat' dir='ltr'><strong>Quod</strong></span> <span class='ocrx_word' id='word_1_14' title='bbox 1274 512 1327 558; x_wconf 90' lang='lat' dir='ltr'><strong>et</strong></span> <span class='ocrx_word' id='word_1_15' title='bbox 1353 504 1465 573; x_wconf 90' lang='lat' dir='ltr'><strong>ipsa</strong></span> <span class='ocrx_word' id='word_1_16' title='bbox 1497 504 1706 560; x_wconf 81' lang='lat' dir='ltr'><strong>Veritas</strong></span> <span class='ocrx_word' id='word_1_17' title='bbox 1734 521 1831 576; x_wconf 92' lang='lat' dir='ltr'><strong>per</strong></span> <span class='ocrx_word' id='word_1_18' title='bbox 1857 519 1917 559; x_wconf 91' lang='lat' dir='ltr'><strong>se</strong></span> <span class='ocrx_word' id='word_1_19' title='bbox 1945 506 1994 564; x_wconf 80' lang='grc' dir='ltr'><strong>Λ</strong></span> <span class='ocrx_word' id='word_1_20' title='bbox 2021 498 2281 576; x_wconf 78' lang='lat' dir='ltr'><strong>designat,</strong></span> <span class='ocrx_word' id='word_1_21' title='bbox 2323 509 2446 577; x_wconf 87' lang='lat' dir='ltr'><strong>quia</strong></span> <span class='ocrx_word' id='word_1_22' title='bbox 2484 510 2693 579; x_wconf 92' lang='lat' dir='ltr'><strong>singula</strong></span> <span class='ocrx_word' id='word_1_23' title='bbox 2737 510 2802 565; x_wconf 88' lang='lat' dir='ltr'><strong>ad</strong></span> <span class='ocrx_word' id='word_1_24' title='bbox 2848 520 3172 570; x_wconf 74' lang='lat' dir='ltr'><strong>tormentum</strong></span> <span class='ocrx_word' id='word_1_25' title='bbox 3214 519 3453 586; x_wconf 89' lang='lat' dir='ltr'><strong>veniunt,</strong></span> <span class='ocrx_word' id='word_1_26' title='bbox 3485 538 3606 593; x_wconf 59' lang='lat' dir='ltr'><strong>qum</strong></span> 
     </span>
    </p>
   </div>
   <div class='ocr_carea' id='block_1_5' title="bbox 324 595 1922 673">
    <p class='ocr_par' dir='ltr' id='par_1_5' title="bbox 324 595 1922 673">
     <span class='ocr_line' id='line_1_5' title="bbox 324 595 1922 673; baseline -0.003 -17"><span class='ocrx_word' id='word_1_27' title='bbox 324 601 590 667; x_wconf 79' lang='lat' dir='ltr'><strong>insinuat,</strong></span> <span class='ocrx_word' id='word_1_28' title='bbox 634 598 816 653; x_wconf 87' lang='lat' dir='ltr'><strong>dicens</strong></span> <span class='ocrx_word' id='word_1_29' title='bbox 849 615 861 649; x_wconf 92' lang='lat'><strong>:</strong></span> <span class='ocrx_word' id='word_1_30' title='bbox 891 595 951 651; x_wconf 93' lang='lat' dir='ltr'><strong>Si</strong></span> <span class='ocrx_word' id='word_1_31' title='bbox 1001 597 1082 651; x_wconf 79' lang='lat' dir='ltr'><strong>sal</strong></span> <span class='ocrx_word' id='word_1_32' title='bbox 1127 598 1409 673; x_wconf 78' lang='lat' dir='ltr'><strong>evanuerit,</strong></span> <span class='ocrx_word' id='word_1_33' title='bbox 1460 600 1515 651; x_wconf 84' lang='lat' dir='ltr'><strong>in</strong></span> <span class='ocrx_word' id='word_1_34' title='bbox 1564 616 1662 669; x_wconf 87' lang='lat' dir='ltr'><strong>quo</strong></span> <span class='ocrx_word' id='word_1_35' title='bbox 1709 598 1922 651; x_wconf 78' lang='lat' dir='ltr'><strong>satietur</strong></span> 
     </span>
    </p>
   </div>
   <div class='ocr_carea' id='block_1_6' title="bbox 324 688 1923 765">
    <p class='ocr_par' dir='ltr' id='par_1_6' title="bbox 324 688 1923 765">
     <span class='ocr_line' id='line_1_6' title="bbox 324 688 1923 765; baseline 0 -18"><span class='ocrx_word' id='word_1_36' title='bbox 324 691 544 765; x_wconf 72' lang='lat' dir='ltr'><strong>(Matth.</strong></span> <span class='ocrx_word' id='word_1_37' title='bbox 600 708 655 760; x_wconf 88' lang='lat' dir='ltr'><strong>v,</strong></span> <span class='ocrx_word' id='word_1_38' title='bbox 705 690 830 763; x_wconf 75' lang='lat' dir='ltr'><strong>i5)?</strong></span> <span class='ocrx_word' id='word_1_39' title='bbox 878 690 1030 745; x_wconf 89' lang='lat' dir='ltr'><strong>Dicat</strong></span> <span class='ocrx_word' id='word_1_40' title='bbox 1076 688 1205 759; x_wconf 61' lang='grc' dir='ltr'><strong>εἶξα</strong></span> <span class='ocrx_word' id='word_1_41' title='bbox 1250 709 1261 743; x_wconf 90' lang='lat'><strong>:</strong></span> <span class='ocrx_word' id='word_1_42' title='bbox 1314 689 1441 755; x_wconf 78' lang='lat' dir='ltr'><strong>Quis</strong></span> <span class='ocrx_word' id='word_1_43' title='bbox 1489 692 1659 747; x_wconf 81' lang='lat' dir='ltr'><strong>orabit</strong></span> <span class='ocrx_word' id='word_1_44' title='bbox 1695 710 1788 763; x_wconf 81' lang='lat' dir='ltr'><strong>pro</strong></span> <span class='ocrx_word' id='word_1_45' title='bbox 1828 693 1923 747; x_wconf 86' lang='lat' dir='ltr'><strong>eo?</strong></span> 
     </span>
    </p>
   </div>
   <div class='ocr_carea' id='block_1_7' title="bbox 324 782 1921 852">
    <p class='ocr_par' dir='ltr' id='par_1_7' title="bbox 324 782 1921 852">
     <span class='ocr_line' id='line_1_7' title="bbox 324 782 1921 852; baseline -0.001 -12"><span class='ocrx_word' id='word_1_46' title='bbox 324 784 496 852; x_wconf 84' lang='lat' dir='ltr'><strong>Quasi</strong></span> <span class='ocrx_word' id='word_1_47' title='bbox 536 784 720 852; x_wconf 92' lang='lat' dir='ltr'><strong>dicat,</strong></span> <span class='ocrx_word' id='word_1_48' title='bbox 769 782 890 852; x_wconf 87' lang='lat' dir='ltr'><strong>quis</strong></span> <span class='ocrx_word' id='word_1_49' title='bbox 931 782 980 837; x_wconf 91' lang='lat' dir='ltr'><strong>ei</strong></span> <span class='ocrx_word' id='word_1_50' title='bbox 1028 782 1352 839; x_wconf 84' lang='lat' dir='ltr'><strong>intercessor</strong></span> <span class='ocrx_word' id='word_1_51' title='bbox 1385 791 1648 850; x_wconf 85' lang='lat' dir='ltr'><strong>remanet,</strong></span> <span class='ocrx_word' id='word_1_52' title='bbox 1682 799 1802 838; x_wconf 90' lang='lat' dir='ltr'><strong>cum</strong></span> <span class='ocrx_word' id='word_1_53' title='bbox 1833 784 1921 839; x_wconf 89' lang='lat' dir='ltr'><strong>ille</strong></span> 
     </span>
    </p>
   </div>
   <div class='ocr_carea' id='block_1_8' title="bbox 322 872 1920 945">
    <p class='ocr_par' dir='ltr' id='par_1_8' title="bbox 322 872 1920 945">
     <span class='ocr_line' id='line_1_8' title="bbox 322 872 1920 945; baseline -0.004 -13"><span class='ocrx_word' id='word_1_54' title='bbox 322 891 388 932; x_wconf 92' lang='lat' dir='ltr'><strong>se</strong></span> <span class='ocrx_word' id='word_1_55' title='bbox 429 873 874 945; x_wconf 81' lang='lat' dir='ltr'><strong>transgrediendo</strong></span> <span class='ocrx_word' id='word_1_56' title='bbox 901 873 1221 944; x_wconf 69' lang='lat' dir='ltr'><strong>pmcipilat,</strong></span> <span class='ocrx_word' id='word_1_57' title='bbox 1268 873 1358 942; x_wconf 89' lang='lat' dir='ltr'><strong>qui</strong></span> <span class='ocrx_word' id='word_1_58' title='bbox 1389 873 1454 927; x_wconf 90' lang='lat' dir='ltr'><strong>ad</strong></span> <span class='ocrx_word' id='word_1_59' title='bbox 1484 872 1920 929; x_wconf 89' lang='lat' dir='ltr'><strong>intercedendum</strong></span> 
     </span>
    </p>
   </div>
   <div class='ocr_carea' id='block_1_9' title="bbox 322 963 1922 1041">
    <p class='ocr_par' dir='ltr' id='par_1_9' title="bbox 322 963 1922 1041">
     <span class='ocr_line' id='line_1_9' title="bbox 322 963 1922 1041; baseline -0.003 -18"><span class='ocrx_word' id='word_1_60' title='bbox 322 983 428 1041; x_wconf 86' lang='lat' dir='ltr'><strong>pro</strong></span> <span class='ocrx_word' id='word_1_61' title='bbox 458 967 577 1022; x_wconf 86' lang='lat' dir='ltr'><strong>aliis</strong></span> <span class='ocrx_word' id='word_1_62' title='bbox 604 965 878 1021; x_wconf 88' lang='lat' dir='ltr'><strong>ordinatus</strong></span> <span class='ocrx_word' id='word_1_63' title='bbox 908 967 1023 1020; x_wconf 88' lang='lat' dir='ltr'><strong>est?</strong></span> <span class='ocrx_word' id='word_1_64' title='bbox 1047 963 1164 1032; x_wconf 89' lang='lat' dir='ltr'><strong>Quo</strong></span> <span class='ocrx_word' id='word_1_65' title='bbox 1193 964 1433 1035; x_wconf 87' lang='lat' dir='ltr'><strong>profecto</strong></span> <span class='ocrx_word' id='word_1_66' title='bbox 1460 966 1628 1035; x_wconf 74' lang='lat' dir='ltr'><strong>culpae</strong></span> <span class='ocrx_word' id='word_1_67' title='bbox 1658 966 1922 1033; x_wconf 88' lang='lat' dir='ltr'><strong>magnitu-</strong></span> 
     </span>
    </p>
   </div>
   <div class='ocr_carea' id='block_1_10' title="bbox 320 1059 1920 1129">
    <p class='ocr_par' dir='ltr' id='par_1_10' title="bbox 320 1059 1920 1129">
     <span class='ocr_line' id='line_1_10' title="bbox 320 1059 1920 1129; baseline -0.002 -12"><span class='ocrx_word' id='word_1_68' title='bbox 320 1063 400 1117; x_wconf 89' lang='lat' dir='ltr'><strong>do</strong></span> <span class='ocrx_word' id='word_1_69' title='bbox 438 1069 766 1117; x_wconf 87' lang='lat' dir='ltr'><strong>monstratur</strong></span> <span class='ocrx_word' id='word_1_70' title='bbox 790 1105 803 1129; x_wconf 89' lang='lat'><strong>,</strong></span> <span class='ocrx_word' id='word_1_71' title='bbox 856 1061 979 1129; x_wconf 90' lang='lat' dir='ltr'><strong>quia</strong></span> <span class='ocrx_word' id='word_1_72' title='bbox 1017 1059 1258 1129; x_wconf 88' lang='lat' dir='ltr'><strong>plerique</strong></span> <span class='ocrx_word' id='word_1_73' title='bbox 1300 1074 1486 1115; x_wconf 91' lang='lat' dir='ltr'><strong>eorum</strong></span> <span class='ocrx_word' id='word_1_74' title='bbox 1523 1075 1553 1114; x_wconf 90' lang='lat' dir='ltr'><strong>a</strong></span> <span class='ocrx_word' id='word_1_75' title='bbox 1596 1059 1822 1115; x_wconf 92' lang='lat' dir='ltr'><strong>Domino</strong></span> <span class='ocrx_word' id='word_1_76' title='bbox 1866 1060 1920 1114; x_wconf 92' lang='lat' dir='ltr'><strong>in</strong></span> 
     </span>
    </p>
   </div>
   <div class='ocr_carea' id='block_1_11' title="bbox 324 1151 1919 1223">
    <p class='ocr_par' dir='ltr' id='par_1_11' title="bbox 324 1151 1919 1223">
     <span class='ocr_line' id='line_1_11' title="bbox 324 1151 1919 1223; baseline -0.001 -14"><span class='ocrx_word' id='word_1_77' title='bbox 324 1153 718 1223; x_wconf 69' lang='lat' dir='ltr'><strong>impaenitentis</strong></span> <span class='ocrx_word' id='word_1_78' title='bbox 760 1152 936 1208; x_wconf 90' lang='lat' dir='ltr'><strong>cordis</strong></span> <span class='ocrx_word' id='word_1_79' title='bbox 964 1151 1244 1221; x_wconf 81' lang='lat' dir='ltr'><strong>caliginem</strong></span> <span class='ocrx_word' id='word_1_80' title='bbox 1273 1152 1628 1222; x_wconf 89' lang='lat' dir='ltr'><strong>projiciuntur</strong></span> <span class='ocrx_word' id='word_1_81' title='bbox 1648 1194 1663 1221; x_wconf 94' lang='lat'><strong>,</strong></span> <span class='ocrx_word' id='word_1_82' title='bbox 1694 1161 1749 1206; x_wconf 89' lang='lat' dir='ltr'><strong>et</strong></span> <span class='ocrx_word' id='word_1_83' title='bbox 1778 1152 1919 1207; x_wconf 87' lang='lat' dir='ltr'><strong>nulla</strong></span> 
     </span>
    </p>
   </div>
   <div class='ocr_carea' id='block_1_12' title="bbox 324 1245 1920 1318">
    <p class='ocr_par' dir='ltr' id='par_1_12' title="bbox 324 1245 1920 1318">
     <span class='ocr_line' id='line_1_12' title="bbox 324 1245 1920 1318; baseline -0.001 -15"><span class='ocrx_word' id='word_1_84' title='bbox 324 1246 561 1303; x_wconf 91' lang='lat' dir='ltr'><strong>hominis</strong></span> <span class='ocrx_word' id='word_1_85' title='bbox 609 1246 985 1303; x_wconf 86' lang='lat' dir='ltr'><strong>adhortatione</strong></span> <span class='ocrx_word' id='word_1_86' title='bbox 1030 1247 1366 1318; x_wconf 83' lang='lat' dir='ltr'><strong>resipiscunt.</strong></span> <span class='ocrx_word' id='word_1_87' title='bbox 1417 1246 1593 1313; x_wconf 87' lang='lat' dir='ltr'><strong>Quare</strong></span> <span class='ocrx_word' id='word_1_88' title='bbox 1634 1255 1758 1316; x_wconf 88' lang='lat' dir='ltr'><strong>apte</strong></span> <span class='ocrx_word' id='word_1_89' title='bbox 1796 1245 1920 1301; x_wconf 88' lang='lat' dir='ltr'><strong>sub-</strong></span> 
     </span>
    </p>
   </div>
   <div class='ocr_carea' id='block_1_13' title="bbox 313 1336 705 1407">
    <p class='ocr_par' dir='ltr' id='par_1_13' title="bbox 313 1336 705 1407">
     <span class='ocr_line' id='line_1_13' title="bbox 313 1336 705 1407; baseline -0.003 -15"><span class='ocrx_word' id='word_1_90' title='bbox 313 1336 567 1407; x_wconf 83' lang='lat' dir='ltr'><strong>junctum</strong></span> <span class='ocrx_word' id='word_1_91' title='bbox 589 1346 705 1393; x_wconf 90' lang='lat' dir='ltr'><strong>est:</strong></span> 
     </span>
    </p>
   </div>
   <div class='ocr_carea' id='block_1_14' title="bbox 401 1448 1919 1522">
    <p class='ocr_par' dir='ltr' id='par_1_14' title="bbox 401 1448 1919 1522">
     <span class='ocr_line' id='line_1_14' title="bbox 401 1448 1919 1522; baseline -0.002 -17"><span class='ocrx_word' id='word_1_92' title='bbox 401 1452 574 1522; x_wconf 81' lang='lat' dir='ltr'><strong>(Vers.</strong></span> <span class='ocrx_word' id='word_1_93' title='bbox 621 1451 739 1521; x_wconf 74' lang='lat'><strong>25.)</strong></span> <span class='ocrx_word' id='word_1_94' title='bbox 778 1450 903 1507; x_wconf 84' lang='lat' dir='ltr'><strong>Non</strong></span> <span class='ocrx_word' id='word_1_95' title='bbox 949 1451 1224 1505; x_wconf 84' lang='lat' dir='ltr'><strong>audierunt</strong></span> <span class='ocrx_word' id='word_1_96' title='bbox 1264 1466 1437 1506; x_wconf 82' lang='lat' dir='ltr'><strong>vocem</strong></span> <span class='ocrx_word' id='word_1_97' title='bbox 1478 1451 1640 1521; x_wconf 72' lang='lat' dir='ltr'><strong>patris</strong></span> <span class='ocrx_word' id='word_1_98' title='bbox 1666 1448 1765 1514; x_wconf 71' lang='lat' dir='ltr'><strong>sui,</strong></span> <span class='ocrx_word' id='word_1_99' title='bbox 1797 1448 1919 1520; x_wconf 80' lang='lat' dir='ltr'><strong>quia</strong></span> 
     </span>
    </p>
   </div>
   <div class='ocr_carea' id='block_1_15' title="bbox 316 1544 1153 1601">
    <p class='ocr_par' dir='ltr' id='par_1_15' title="bbox 316 1544 1153 1601">
     <span class='ocr_line' id='line_1_15' title="bbox 316 1544 1153 1601; baseline -0.001 0"><span class='ocrx_word' id='word_1_100' title='bbox 316 1547 481 1601; x_wconf 72' lang='lat' dir='ltr'><strong>coluit</strong></span> <span class='ocrx_word' id='word_1_101' title='bbox 507 1562 593 1601; x_wconf 78' lang='lat' dir='ltr'><strong>eos</strong></span> <span class='ocrx_word' id='word_1_102' title='bbox 624 1544 877 1599; x_wconf 75' lang='lat' dir='ltr'><strong>Dominus</strong></span> <span class='ocrx_word' id='word_1_103' title='bbox 905 1545 1153 1600; x_wconf 86' lang='lat' dir='ltr'><strong>occidere.</strong></span> 
     </span>
    </p>
   </div>
   <div class='ocr_carea' id='block_1_16' title="bbox 398 1637 1917 1711">
    <p class='ocr_par' dir='ltr' id='par_1_16' title="bbox 398 1637 1917 1711">
     <span class='ocr_line' id='line_1_16' title="bbox 398 1637 1917 1711; baseline -0.002 -18"><span class='ocrx_word' id='word_1_104' title='bbox 398 1642 505 1711; x_wconf 78' lang='lat'><strong>85</strong></span> <span class='ocrx_word' id='word_1_105' title='bbox 544 1638 597 1693; x_wconf 91' lang='lat'><strong>8.</strong></span> <span class='ocrx_word' id='word_1_106' title='bbox 632 1639 770 1695; x_wconf 87' lang='lat' dir='ltr'><strong>Puer</strong></span> <span class='ocrx_word' id='word_1_107' title='bbox 790 1648 968 1693; x_wconf 92' lang='lat' dir='ltr'><strong>autem</strong></span> <span class='ocrx_word' id='word_1_108' title='bbox 991 1637 1207 1693; x_wconf 86' lang='lat' dir='ltr'><strong>Samuel</strong></span> <span class='ocrx_word' id='word_1_109' title='bbox 1228 1647 1283 1694; x_wconf 93' lang='lat' dir='ltr'><strong>et</strong></span> <span class='ocrx_word' id='word_1_110' title='bbox 1302 1638 1566 1709; x_wconf 85' lang='lat' dir='ltr'><strong>proﬁcere</strong></span> <span class='ocrx_word' id='word_1_111' title='bbox 1592 1646 1648 1692; x_wconf 89' lang='lat' dir='ltr'><strong>et</strong></span> <span class='ocrx_word' id='word_1_112' title='bbox 1670 1650 1917 1691; x_wconf 86' lang='lat' dir='ltr'><strong>crescere</strong></span> 
     </span>
    </p>
   </div>
   <div class='ocr_carea' id='block_1_17' title="bbox 320 1729 1918 1802">
    <p class='ocr_par' dir='ltr' id='par_1_17' title="bbox 320 1729 1918 1802">
     <span class='ocr_line' id='line_1_17' title="bbox 320 1729 1918 1802; baseline -0.001 -18"><span class='ocrx_word' id='word_1_113' title='bbox 320 1738 675 1794; x_wconf 87' lang='lat' dir='ltr'><strong>memoratur,</strong></span> <span class='ocrx_word' id='word_1_114' title='bbox 708 1739 763 1784; x_wconf 88' lang='lat' dir='ltr'><strong>et</strong></span> <span class='ocrx_word' id='word_1_115' title='bbox 792 1737 897 1784; x_wconf 91' lang='lat' dir='ltr'><strong>tam</strong></span> <span class='ocrx_word' id='word_1_116' title='bbox 923 1729 1036 1785; x_wconf 92' lang='lat' dir='ltr'><strong>Deo</strong></span> <span class='ocrx_word' id='word_1_117' title='bbox 1067 1746 1226 1802; x_wconf 89' lang='lat' dir='ltr'><strong>quam</strong></span> <span class='ocrx_word' id='word_1_118' title='bbox 1258 1730 1563 1786; x_wconf 88' lang='lat' dir='ltr'><strong>hominibus</strong></span> <span class='ocrx_word' id='word_1_119' title='bbox 1589 1730 1827 1798; x_wconf 85' lang='lat' dir='ltr'><strong>placere,</strong></span> <span class='ocrx_word' id='word_1_120' title='bbox 1858 1736 1918 1784; x_wconf 92' lang='lat' dir='ltr'><strong>ut</strong></span> 
     </span>
    </p>
   </div>
   <div class='ocr_carea' id='block_1_18' title="bbox 322 1820 1915 1891">
    <p class='ocr_par' dir='ltr' id='par_1_18' title="bbox 322 1820 1915 1891">
     <span class='ocr_line' id='line_1_18' title="bbox 322 1820 1915 1891; baseline -0.001 -15"><span class='ocrx_word' id='word_1_121' title='bbox 322 1821 489 1877; x_wconf 89' lang='lat' dir='ltr'><strong>electi</strong></span> <span class='ocrx_word' id='word_1_122' title='bbox 532 1821 792 1877; x_wconf 90' lang='lat' dir='ltr'><strong>auditoris</strong></span> <span class='ocrx_word' id='word_1_123' title='bbox 830 1822 1070 1877; x_wconf 92' lang='lat' dir='ltr'><strong>studium</strong></span> <span class='ocrx_word' id='word_1_124' title='bbox 1117 1822 1443 1891; x_wconf 77' lang='lat' dir='ltr'><strong>designetur,</strong></span> <span class='ocrx_word' id='word_1_125' title='bbox 1479 1822 1569 1891; x_wconf 91' lang='lat' dir='ltr'><strong>qui</strong></span> <span class='ocrx_word' id='word_1_126' title='bbox 1611 1829 1772 1877; x_wconf 86' lang='lat' dir='ltr'><strong>rectae</strong></span> <span class='ocrx_word' id='word_1_127' title='bbox 1792 1820 1915 1875; x_wconf 74' lang='lat' dir='ltr'><strong>vitce</strong></span> 
     </span>
    </p>
   </div>
   <div class='ocr_carea' id='block_1_19' title="bbox 2025 599 3605 683">
    <p class='ocr_par' dir='ltr' id='par_1_19' title="bbox 2025 599 3605 683">
     <span class='ocr_line' id='line_1_19' title="bbox 2025 599 3605 683; baseline 0.013 -32"><span class='ocrx_word' id='word_1_128' title='bbox 2025 599 2165 653; x_wconf 89' lang='lat' dir='ltr'><strong>male</strong></span> <span class='ocrx_word' id='word_1_129' title='bbox 2210 599 2373 655; x_wconf 88' lang='lat' dir='ltr'><strong>fuisse</strong></span> <span class='ocrx_word' id='word_1_130' title='bbox 2401 610 2612 656; x_wconf 88' lang='lat' dir='ltr'><strong>servata</strong></span> <span class='ocrx_word' id='word_1_131' title='bbox 2641 604 3085 674; x_wconf 88' lang='lat' dir='ltr'><strong>comprobantur.</strong></span> <span class='ocrx_word' id='word_1_132' title='bbox 3126 608 3264 664; x_wconf 89' lang='lat' dir='ltr'><strong>Male</strong></span> <span class='ocrx_word' id='word_1_133' title='bbox 3290 626 3525 683; x_wconf 88' lang='lat' dir='ltr'><strong>namque</strong></span> <span class='ocrx_word' id='word_1_134' title='bbox 3551 617 3605 672; x_wconf 91' lang='lat' dir='ltr'><strong>in</strong></span> 
     </span>
    </p>
   </div>
   <div class='ocr_carea' id='block_1_20' title="bbox 2021 692 3601 772">
    <p class='ocr_par' dir='ltr' id='par_1_20' title="bbox 2021 692 3601 772">
     <span class='ocr_line' id='line_1_20' title="bbox 2021 692 3601 772; baseline 0.011 -27"><span class='ocrx_word' id='word_1_135' title='bbox 2021 704 2083 746; x_wconf 87' lang='lat' dir='ltr'><strong>se</strong></span> <span class='ocrx_word' id='word_1_136' title='bbox 2130 692 2516 761; x_wconf 85' lang='lat' dir='ltr'><strong>omnipotentis</strong></span> <span class='ocrx_word' id='word_1_137' title='bbox 2546 694 2641 749; x_wconf 90' lang='lat' dir='ltr'><strong>Dei</strong></span> <span class='ocrx_word' id='word_1_138' title='bbox 2686 710 2910 750; x_wconf 89' lang='lat' dir='ltr'><strong>munera</strong></span> <span class='ocrx_word' id='word_1_139' title='bbox 2955 699 3209 767; x_wconf 89' lang='lat' dir='ltr'><strong>custodit,</strong></span> <span class='ocrx_word' id='word_1_140' title='bbox 3248 703 3340 772; x_wconf 90' lang='lat' dir='ltr'><strong>qui</strong></span> <span class='ocrx_word' id='word_1_141' title='bbox 3369 705 3601 762; x_wconf 84' lang='lat' dir='ltr'><strong>nitorem</strong></span> 
     </span>
    </p>
   </div>
   <div class='ocr_carea' id='block_1_21' title="bbox 2022 783 3604 863">
    <p class='ocr_par' dir='ltr' id='par_1_21' title="bbox 2022 783 3604 863">
     <span class='ocr_line' id='line_1_21' title="bbox 2022 783 3604 863; baseline 0.011 -27"><span class='ocrx_word' id='word_1_142' title='bbox 2022 783 2305 851; x_wconf 87' lang='lat' dir='ltr'><strong>pastoralis</strong></span> <span class='ocrx_word' id='word_1_143' title='bbox 2334 785 2580 845; x_wconf 89' lang='lat' dir='ltr'><strong>culminis</strong></span> <span class='ocrx_word' id='word_1_144' title='bbox 2608 801 2706 857; x_wconf 88' lang='lat' dir='ltr'><strong>per</strong></span> <span class='ocrx_word' id='word_1_145' title='bbox 2733 789 2972 845; x_wconf 87' lang='lat' dir='ltr'><strong>maculas</strong></span> <span class='ocrx_word' id='word_1_146' title='bbox 2998 791 3193 860; x_wconf 90' lang='lat' dir='ltr'><strong>polluit</strong></span> <span class='ocrx_word' id='word_1_147' title='bbox 3221 809 3399 863; x_wconf 79' lang='lat' dir='ltr'><strong>pravae</strong></span> <span class='ocrx_word' id='word_1_148' title='bbox 3426 797 3571 853; x_wconf 88' lang='lat' dir='ltr'><strong>actio</strong></span> <span class='ocrx_word' id='word_1_149' title='bbox 3592 832 3604 840; x_wconf 21' lang='lat' dir='ltr'><strong>r-</strong></span> 
     </span>
    </p>
   </div>
   <div class='ocr_carea' id='block_1_22' title="bbox 2022 870 3608 945">
    <p class='ocr_par' dir='ltr' id='par_1_22' title="bbox 2022 870 3608 945">
     <span class='ocr_line' id='line_1_22' title="bbox 2022 870 3608 945; baseline 0.011 -21"><span class='ocrx_word' id='word_1_150' title='bbox 2022 872 2123 925; x_wconf 92' lang='lat' dir='ltr'><strong>nis.</strong></span> <span class='ocrx_word' id='word_1_151' title='bbox 2153 870 2305 929; x_wconf 92' lang='lat' dir='ltr'><strong>Unde</strong></span> <span class='ocrx_word' id='word_1_152' title='bbox 2334 883 2390 929; x_wconf 91' lang='lat' dir='ltr'><strong>et</strong></span> <span class='ocrx_word' id='word_1_153' title='bbox 2425 883 2550 945; x_wconf 89' lang='lat' dir='ltr'><strong>apte</strong></span> <span class='ocrx_word' id='word_1_154' title='bbox 2596 874 2713 930; x_wconf 86' lang='lat' dir='ltr'><strong>Heli</strong></span> <span class='ocrx_word' id='word_1_155' title='bbox 2757 876 2947 933; x_wconf 91' lang='lat' dir='ltr'><strong>domus</strong></span> <span class='ocrx_word' id='word_1_156' title='bbox 2994 896 3216 937; x_wconf 89' lang='lat' dir='ltr'><strong>munera</strong></span> <span class='ocrx_word' id='word_1_157' title='bbox 3262 891 3318 938; x_wconf 92' lang='lat' dir='ltr'><strong>et</strong></span> <span class='ocrx_word' id='word_1_158' title='bbox 3359 884 3608 941; x_wconf 81' lang='lat' dir='ltr'><strong>victimas</strong></span> 
     </span>
    </p>
   </div>
   <div class='ocr_carea' id='block_1_23' title="bbox 2021 961 3608 1043">
    <p class='ocr_par' dir='ltr' id='par_1_23' title="bbox 2021 961 3608 1043">
     <span class='ocr_line' id='line_1_23' title="bbox 2021 961 3608 1043; baseline 0.009 -28"><span class='ocrx_word' id='word_1_159' title='bbox 2021 961 2234 1017; x_wconf 91' lang='lat' dir='ltr'><strong>Domini</strong></span> <span class='ocrx_word' id='word_1_160' title='bbox 2264 964 2413 1020; x_wconf 89' lang='lat' dir='ltr'><strong>calce</strong></span> <span class='ocrx_word' id='word_1_161' title='bbox 2459 965 2720 1035; x_wconf 87' lang='lat' dir='ltr'><strong>abjecisse</strong></span> <span class='ocrx_word' id='word_1_162' title='bbox 2764 969 3193 1038; x_wconf 87' lang='lat' dir='ltr'><strong>reprehenditur.</strong></span> <span class='ocrx_word' id='word_1_163' title='bbox 3222 973 3355 1029; x_wconf 80' lang='lat' dir='ltr'><strong>Calx</strong></span> <span class='ocrx_word' id='word_1_164' title='bbox 3391 974 3608 1043; x_wconf 89' lang='lat' dir='ltr'><strong>quidem</strong></span> 
     </span>
    </p>
   </div>
   <div class='ocr_carea' id='block_1_24' title="bbox 2022 1059 3613 1133">
    <p class='ocr_par' dir='ltr' id='par_1_24' title="bbox 2022 1059 3613 1133">
     <span class='ocr_line' id='line_1_24' title="bbox 2022 1059 3613 1133; baseline 0.008 -24"><span class='ocrx_word' id='word_1_165' title='bbox 2022 1069 2085 1109; x_wconf 91' lang='lat' dir='ltr'><strong>ea</strong></span> <span class='ocrx_word' id='word_1_166' title='bbox 2140 1071 2263 1125; x_wconf 89' lang='lat' dir='ltr'><strong>pars</strong></span> <span class='ocrx_word' id='word_1_167' title='bbox 2308 1059 2553 1127; x_wconf 89' lang='lat' dir='ltr'><strong>corporis</strong></span> <span class='ocrx_word' id='word_1_168' title='bbox 2602 1069 2685 1115; x_wconf 90' lang='lat' dir='ltr'><strong>est</strong></span> <span class='ocrx_word' id='word_1_169' title='bbox 2722 1075 2825 1130; x_wconf 89' lang='lat' dir='ltr'><strong>qua</strong></span> <span class='ocrx_word' id='word_1_170' title='bbox 2856 1068 3051 1117; x_wconf 89' lang='lat' dir='ltr'><strong>terram</strong></span> <span class='ocrx_word' id='word_1_171' title='bbox 3084 1065 3372 1133; x_wconf 82' lang='lat' dir='ltr'><strong>tangimus.</strong></span> <span class='ocrx_word' id='word_1_172' title='bbox 3403 1064 3463 1119; x_wconf 91' lang='lat' dir='ltr'><strong>1n</strong></span> <span class='ocrx_word' id='word_1_173' title='bbox 3512 1065 3613 1121; x_wconf 87' lang='lat' dir='ltr'><strong>hac</strong></span> 
     </span>
    </p>
   </div>
   <div class='ocr_carea' id='block_1_25' title="bbox 2021 1143 3607 1221">
    <p class='ocr_par' dir='ltr' id='par_1_25' title="bbox 2021 1143 3607 1221">
     <span class='ocr_line' id='line_1_25' title="bbox 2021 1143 3607 1221; baseline 0.008 -24"><span class='ocrx_word' id='word_1_174' title='bbox 2021 1143 2183 1213; x_wconf 81' lang='lat' dir='ltr'><strong>igitur</strong></span> <span class='ocrx_word' id='word_1_175' title='bbox 2212 1146 2446 1203; x_wconf 88' lang='lat' dir='ltr'><strong>inferiori</strong></span> <span class='ocrx_word' id='word_1_176' title='bbox 2474 1158 2627 1218; x_wconf 91' lang='lat' dir='ltr'><strong>parte</strong></span> <span class='ocrx_word' id='word_1_177' title='bbox 2663 1152 2906 1221; x_wconf 91' lang='lat' dir='ltr'><strong>corporis</strong></span> <span class='ocrx_word' id='word_1_178' title='bbox 2934 1155 3128 1210; x_wconf 67' lang='lat' dir='ltr'><strong>animm</strong></span> <span class='ocrx_word' id='word_1_179' title='bbox 3157 1153 3377 1211; x_wconf 77' lang='lat' dir='ltr'><strong>aﬂ‘ectus</strong></span> <span class='ocrx_word' id='word_1_180' title='bbox 3420 1164 3607 1212; x_wconf 87' lang='lat' dir='ltr'><strong>osten-</strong></span> 
     </span>
    </p>
   </div>
   <div class='ocr_carea' id='block_1_26' title="bbox 2021 1236 3036 1312">
    <p class='ocr_par' dir='ltr' id='par_1_26' title="bbox 2021 1236 3036 1312">
     <span class='ocr_line' id='line_1_26' title="bbox 2021 1236 3036 1312; baseline 0.01 -21"><span class='ocrx_word' id='word_1_181' title='bbox 2021 1236 2162 1292; x_wconf 89' lang='lat' dir='ltr'><strong>ditur</strong></span> <span class='ocrx_word' id='word_1_182' title='bbox 2192 1254 2297 1309; x_wconf 90' lang='lat' dir='ltr'><strong>quo</strong></span> <span class='ocrx_word' id='word_1_183' title='bbox 2326 1248 2535 1295; x_wconf 89' lang='lat' dir='ltr'><strong>terrena</strong></span> <span class='ocrx_word' id='word_1_184' title='bbox 2563 1244 3036 1312; x_wconf 83' lang='lat' dir='ltr'><strong>concupiscuntur.</strong></span> 
     </span>
    </p>
   </div>
   <div class='ocr_carea' id='block_1_27' title="bbox 2092 1347 3609 1427">
    <p class='ocr_par' dir='ltr' id='par_1_27' title="bbox 2092 1347 3609 1427">
     <span class='ocr_line' id='line_1_27' title="bbox 2092 1347 3609 1427; baseline 0.009 -26"><span class='ocrx_word' id='word_1_185' title='bbox 2092 1347 2180 1403; x_wconf 80' lang='grc' dir='ltr'><strong>Η.</strong></span> <span class='ocrx_word' id='word_1_186' title='bbox 2224 1349 2290 1403; x_wconf 83' lang='grc' dir='ltr'><strong>Ει</strong></span> <span class='ocrx_word' id='word_1_187' title='bbox 2317 1350 2464 1418; x_wconf 84' lang='lat' dir='ltr'><strong>quia,</strong></span> <span class='ocrx_word' id='word_1_188' title='bbox 2494 1360 2554 1406; x_wconf 92' lang='lat' dir='ltr'><strong>ut</strong></span> <span class='ocrx_word' id='word_1_189' title='bbox 2591 1353 2908 1421; x_wconf 90' lang='lat' dir='ltr'><strong>quibusdam</strong></span> <span class='ocrx_word' id='word_1_190' title='bbox 2934 1356 3107 1412; x_wconf 90' lang='lat' dir='ltr'><strong>visum</strong></span> <span class='ocrx_word' id='word_1_191' title='bbox 3143 1367 3247 1424; x_wconf 85' lang='lat' dir='ltr'><strong>est,</strong></span> <span class='ocrx_word' id='word_1_192' title='bbox 3276 1373 3377 1427; x_wconf 87' lang='lat' dir='ltr'><strong>pro</strong></span> <span class='ocrx_word' id='word_1_193' title='bbox 3416 1372 3609 1415; x_wconf 86' lang='lat' dir='ltr'><strong>conse-</strong></span> 
     </span>
    </p>
   </div>
   <div class='ocr_carea' id='block_1_28' title="bbox 2019 1438 3611 1510">
    <p class='ocr_par' dir='ltr' id='par_1_28' title="bbox 2019 1438 3611 1510">
     <span class='ocr_line' id='line_1_28' title="bbox 2019 1438 3611 1510; baseline 0.006 -17"><span class='ocrx_word' id='word_1_194' title='bbox 2019 1445 2144 1493; x_wconf 89' lang='lat' dir='ltr'><strong>cuta</strong></span> <span class='ocrx_word' id='word_1_195' title='bbox 2164 1438 2250 1493; x_wconf 89' lang='lat' dir='ltr'><strong>vel</strong></span> <span class='ocrx_word' id='word_1_196' title='bbox 2278 1441 2659 1510; x_wconf 81' lang='lat' dir='ltr'><strong>consequenda</strong></span> <span class='ocrx_word' id='word_1_197' title='bbox 2679 1443 2902 1499; x_wconf 87' lang='lat' dir='ltr'><strong>victoria</strong></span> <span class='ocrx_word' id='word_1_198' title='bbox 2924 1445 3153 1500; x_wconf 66' lang='lat' dir='ltr'><strong>victimae</strong></span> <span class='ocrx_word' id='word_1_199' title='bbox 3174 1445 3357 1502; x_wconf 80' lang='lat' dir='ltr'><strong>oﬂ‘erri</strong></span> <span class='ocrx_word' id='word_1_200' title='bbox 3381 1461 3611 1503; x_wconf 54' lang='lat' dir='ltr'><strong>censue.-</strong></span> 
     </span>
    </p>
   </div>
   <div class='ocr_carea' id='block_1_29' title="bbox 2018 1532 3608 1602">
    <p class='ocr_par' dir='ltr' id='par_1_29' title="bbox 2018 1532 3608 1602">
     <span class='ocr_line' id='line_1_29' title="bbox 2018 1532 3608 1602; baseline 0.008 -22"><span class='ocrx_word' id='word_1_201' title='bbox 2018 1535 2210 1581; x_wconf 90' lang='lat' dir='ltr'><strong>veraut</strong></span> <span class='ocrx_word' id='word_1_202' title='bbox 2235 1538 2289 1581; x_wconf 91' lang='lat' dir='ltr'><strong>et</strong></span> <span class='ocrx_word' id='word_1_203' title='bbox 2309 1544 2529 1583; x_wconf 92' lang='lat' dir='ltr'><strong>munera</strong></span> <span class='ocrx_word' id='word_1_204' title='bbox 2557 1532 2743 1587; x_wconf 88' lang='lat' dir='ltr'><strong>amicis</strong></span> <span class='ocrx_word' id='word_1_205' title='bbox 2764 1533 2900 1596; x_wconf 88' lang='lat' dir='ltr'><strong>dari,</strong></span> <span class='ocrx_word' id='word_1_206' title='bbox 2924 1534 3050 1602; x_wconf 88' lang='lat' dir='ltr'><strong>quid</strong></span> <span class='ocrx_word' id='word_1_207' title='bbox 3070 1536 3123 1589; x_wconf 92' lang='lat' dir='ltr'><strong>in</strong></span> <span class='ocrx_word' id='word_1_208' title='bbox 3144 1535 3375 1591; x_wconf 85' lang='lat' dir='ltr'><strong>victimis</strong></span> <span class='ocrx_word' id='word_1_209' title='bbox 3403 1545 3459 1592; x_wconf 91' lang='lat' dir='ltr'><strong>et</strong></span> <span class='ocrx_word' id='word_1_210' title='bbox 3486 1552 3608 1592; x_wconf 88' lang='lat' dir='ltr'><strong>mu-</strong></span> 
     </span>
    </p>
   </div>
   <div class='ocr_carea' id='block_1_30' title="bbox 2019 1621 3603 1697">
    <p class='ocr_par' dir='ltr' id='par_1_30' title="bbox 2019 1621 3603 1697">
     <span class='ocr_line' id='line_1_30' title="bbox 2019 1621 3603 1697; baseline 0.005 -22"><span class='ocrx_word' id='word_1_211' title='bbox 2019 1622 2239 1676; x_wconf 91' lang='lat' dir='ltr'><strong>neribus</strong></span> <span class='ocrx_word' id='word_1_212' title='bbox 2269 1621 2369 1676; x_wconf 90' lang='lat' dir='ltr'><strong>nisi</strong></span> <span class='ocrx_word' id='word_1_213' title='bbox 2396 1622 2787 1692; x_wconf 78' lang='lat' dir='ltr'><strong>proﬁcientium</strong></span> <span class='ocrx_word' id='word_1_214' title='bbox 2810 1625 2985 1680; x_wconf 89' lang='lat' dir='ltr'><strong>adhuc</strong></span> <span class='ocrx_word' id='word_1_215' title='bbox 3012 1634 3137 1681; x_wconf 84' lang='lat' dir='ltr'><strong>vota</strong></span> <span class='ocrx_word' id='word_1_216' title='bbox 3164 1635 3219 1681; x_wconf 91' lang='lat' dir='ltr'><strong>et</strong></span> <span class='ocrx_word' id='word_1_217' title='bbox 3240 1627 3603 1697; x_wconf 84' lang='lat' dir='ltr'><strong>perfectorum</strong></span> 
     </span>
    </p>
   </div>
   <div class='ocr_carea' id='block_1_31' title="bbox 2024 1714 3610 1788">
    <p class='ocr_par' dir='ltr' id='par_1_31' title="bbox 2024 1714 3610 1788">
     <span class='ocr_line' id='line_1_31' title="bbox 2024 1714 3610 1788; baseline 0.001 -18"><span class='ocrx_word' id='word_1_218' title='bbox 2024 1714 2341 1771; x_wconf 82' lang='lat' dir='ltr'><strong>devotiones</strong></span> <span class='ocrx_word' id='word_1_219' title='bbox 2379 1716 2432 1768; x_wconf 93' lang='lat' dir='ltr'><strong>in</strong></span> <span class='ocrx_word' id='word_1_220' title='bbox 2475 1716 2859 1785; x_wconf 88' lang='lat' dir='ltr'><strong>omnipotentis</strong></span> <span class='ocrx_word' id='word_1_221' title='bbox 2908 1717 3001 1772; x_wconf 86' lang='lat' dir='ltr'><strong>Dei</strong></span> <span class='ocrx_word' id='word_1_222' title='bbox 3033 1717 3277 1773; x_wconf 89' lang='lat' dir='ltr'><strong>laudibus</strong></span> <span class='ocrx_word' id='word_1_223' title='bbox 3323 1719 3610 1788; x_wconf 86' lang='lat' dir='ltr'><strong>designan-</strong></span> 
     </span>
    </p>
   </div>
   <div class='ocr_carea' id='block_1_32' title="bbox 2020 1806 3611 1875">
    <p class='ocr_par' dir='ltr' id='par_1_32' title="bbox 2020 1806 3611 1875">
     <span class='ocr_line' id='line_1_32' title="bbox 2020 1806 3611 1875; baseline 0.003 -16"><span class='ocrx_word' id='word_1_224' title='bbox 2020 1807 2148 1861; x_wconf 89' lang='lat' dir='ltr'><strong>tur?</strong></span> <span class='ocrx_word' id='word_1_225' title='bbox 2177 1806 2277 1872; x_wconf 88' lang='lat' dir='ltr'><strong>Qui</strong></span> <span class='ocrx_word' id='word_1_226' title='bbox 2309 1806 2448 1861; x_wconf 90' lang='lat' dir='ltr'><strong>enim</strong></span> <span class='ocrx_word' id='word_1_227' title='bbox 2484 1821 2578 1875; x_wconf 91' lang='lat' dir='ltr'><strong>per</strong></span> <span class='ocrx_word' id='word_1_228' title='bbox 2624 1808 2962 1861; x_wconf 85' lang='lat' dir='ltr'><strong>occultorum</strong></span> <span class='ocrx_word' id='word_1_229' title='bbox 2992 1808 3227 1863; x_wconf 87' lang='lat' dir='ltr'><strong>hostium</strong></span> <span class='ocrx_word' id='word_1_230' title='bbox 3276 1817 3611 1866; x_wconf 85' lang='lat' dir='ltr'><strong>tentamcnta</strong></span> 
     </span>
    </p>
   </div>
   <div class='ocr_carea' id='block_1_33' title="bbox 322 1892 3611 1991">
    <p class='ocr_par' dir='ltr' id='par_1_33' title="bbox 322 1892 3611 1991">
     <span class='ocr_line' id='line_1_33' title="bbox 322 1892 3611 1991; baseline -0.001 -19"><span class='ocrx_word' id='word_1_231' title='bbox 322 1918 522 1975; x_wconf 89' lang='lat' dir='ltr'><strong>itinere</strong></span> <span class='ocrx_word' id='word_1_232' title='bbox 567 1936 693 1975; x_wconf 91' lang='lat' dir='ltr'><strong>suos</strong></span> <span class='ocrx_word' id='word_1_233' title='bbox 726 1930 953 1976; x_wconf 90' lang='lat' dir='ltr'><strong>conatus</strong></span> <span class='ocrx_word' id='word_1_234' title='bbox 998 1921 1062 1975; x_wconf 91' lang='lat' dir='ltr'><strong>ad</strong></span> <span class='ocrx_word' id='word_1_235' title='bbox 1104 1937 1391 1991; x_wconf 89' lang='lat' dir='ltr'><strong>supernam</strong></span> <span class='ocrx_word' id='word_1_236' title='bbox 1440 1921 1666 1991; x_wconf 91' lang='lat' dir='ltr'><strong>patriam</strong></span> <span class='ocrx_word' id='word_1_237' title='bbox 1713 1919 1910 1989; x_wconf 77' lang='lat' dir='ltr'><strong>dirigit,</strong></span> <span class='ocrx_word' id='word_1_238' title='bbox 1945 1892 1991 1951; x_wconf 72' lang='grc' dir='ltr'><strong>Β</strong></span> <span class='ocrx_word' id='word_1_239' title='bbox 2017 1897 2349 1968; x_wconf 70' lang='lat' dir='ltr'><strong>proﬁcimus.</strong></span> <span class='ocrx_word' id='word_1_240' title='bbox 2381 1912 2502 1991; x_wconf 64' lang='lat' dir='ltr'><strong>cufn</strong></span> <span class='ocrx_word' id='word_1_241' title='bbox 2532 1898 2599 1952; x_wconf 70' lang='lat' dir='ltr'><strong>ad</strong></span> <span class='ocrx_word' id='word_1_242' title='bbox 2631 1914 2815 1991; x_wconf 58' lang='lat' dir='ltr'><strong>eorum</strong></span> <span class='ocrx_word' id='word_1_243' title='bbox 2846 1899 3156 1955; x_wconf 69' lang='lat' dir='ltr'><strong>conmcmm</strong></span> <span class='ocrx_word' id='word_1_244' title='bbox 3184 1903 3437 1956; x_wconf 73' lang='grc' dir='ltr'><strong>νίτιιιῑθῐη</strong></span> <span class='ocrx_word' id='word_1_245' title='bbox 3468 1919 3611 1972; x_wconf 67' lang='grc' dir='ltr'><strong>βπε-</strong></span> 
     </span>
    </p>
   </div>
   <div class='ocr_carea' id='block_1_34' title="bbox 322 2012 1917 2086">
    <p class='ocr_par' dir='ltr' id='par_1_34' title="bbox 322 2012 1917 2086">
     <span class='ocr_line' id='line_1_34' title="bbox 322 2012 1917 2086; baseline -0.001 -18"><span class='ocrx_word' id='word_1_246' title='bbox 322 2014 455 2069; x_wconf 90' lang='lat' dir='ltr'><strong>dum</strong></span> <span class='ocrx_word' id='word_1_247' title='bbox 488 2015 552 2069; x_wconf 91' lang='lat' dir='ltr'><strong>ad</strong></span> <span class='ocrx_word' id='word_1_248' title='bbox 582 2015 785 2083; x_wconf 85' lang='lat' dir='ltr'><strong>majora</strong></span> <span class='ocrx_word' id='word_1_249' title='bbox 818 2015 1162 2071; x_wconf 86' lang='lat' dir='ltr'><strong>convalescit.</strong></span> <span class='ocrx_word' id='word_1_250' title='bbox 1198 2013 1347 2069; x_wconf 90' lang='lat' dir='ltr'><strong>Unde</strong></span> <span class='ocrx_word' id='word_1_251' title='bbox 1370 2022 1423 2069; x_wconf 91' lang='lat' dir='ltr'><strong>et</strong></span> <span class='ocrx_word' id='word_1_252' title='bbox 1454 2030 1550 2086; x_wconf 86' lang='lat' dir='ltr'><strong>per</strong></span> <span class='ocrx_word' id='word_1_253' title='bbox 1578 2012 1917 2068; x_wconf 86' lang='lat' dir='ltr'><strong>Psalmistam</strong></span> 
     </span>
    </p>
   </div>
   <div class='ocr_carea' id='block_1_35' title="bbox 319 2103 1919 2171">
    <p class='ocr_par' dir='ltr' id='par_1_35' title="bbox 319 2103 1919 2171">
     <span class='ocr_line' id='line_1_35' title="bbox 319 2103 1919 2171; baseline -0.003 -10"><span class='ocrx_word' id='word_1_254' title='bbox 319 2105 560 2161; x_wconf 86' lang='lat' dir='ltr'><strong>dicitur:</strong></span> <span class='ocrx_word' id='word_1_255' title='bbox 608 2105 951 2160; x_wconf 79' lang='lat' dir='ltr'><strong>Ambulabunt</strong></span> <span class='ocrx_word' id='word_1_256' title='bbox 979 2107 1041 2159; x_wconf 85' lang='lat' dir='ltr'><strong>de</strong></span> <span class='ocrx_word' id='word_1_257' title='bbox 1069 2108 1252 2161; x_wconf 80' lang='lat' dir='ltr'><strong>virtute</strong></span> <span class='ocrx_word' id='word_1_258' title='bbox 1297 2108 1351 2159; x_wconf 86' lang='lat' dir='ltr'><strong>in</strong></span> <span class='ocrx_word' id='word_1_259' title='bbox 1380 2107 1635 2171; x_wconf 87' lang='lat' dir='ltr'><strong>virtutem,</strong></span> <span class='ocrx_word' id='word_1_260' title='bbox 1668 2103 1919 2158; x_wconf 78' lang='lat' dir='ltr'><strong>videbitur</strong></span> 
     </span>
    </p>
   </div>
   <div class='ocr_carea' id='block_1_36' title="bbox 327 2196 1919 2271">
    <p class='ocr_par' dir='ltr' id='par_1_36' title="bbox 327 2196 1919 2271">
     <span class='ocr_line' id='line_1_36' title="bbox 327 2196 1919 2271; baseline 0.003 -20"><span class='ocrx_word' id='word_1_261' title='bbox 327 2196 478 2253; x_wconf 79' lang='lat' dir='ltr'><strong>Deus</strong></span> <span class='ocrx_word' id='word_1_262' title='bbox 500 2201 706 2254; x_wconf 85' lang='lat' dir='ltr'><strong>deorum</strong></span> <span class='ocrx_word' id='word_1_263' title='bbox 727 2201 777 2254; x_wconf 84' lang='lat' dir='ltr'><strong>in</strong></span> <span class='ocrx_word' id='word_1_264' title='bbox 799 2199 929 2255; x_wconf 86' lang='lat' dir='ltr'><strong>Sion</strong></span> <span class='ocrx_word' id='word_1_265' title='bbox 948 2199 1119 2271; x_wconf 82' lang='lat' dir='ltr'><strong>(Psat.</strong></span> <span class='ocrx_word' id='word_1_266' title='bbox 1145 2215 1329 2266; x_wconf 81' lang='lat' dir='ltr'><strong>Lxxm,</strong></span> <span class='ocrx_word' id='word_1_267' title='bbox 1349 2198 1425 2269; x_wconf 90' lang='lat'><strong>8).</strong></span> <span class='ocrx_word' id='word_1_268' title='bbox 1445 2198 1919 2269; x_wconf 87' lang='lat' dir='ltr'><strong>Profectusitaque</strong></span> 
     </span>
    </p>
   </div>
   <div class='ocr_carea' id='block_1_37' title="bbox 322 2290 1919 2362">
    <p class='ocr_par' dir='ltr' id='par_1_37' title="bbox 322 2290 1919 2362">
     <span class='ocr_line' id='line_1_37' title="bbox 322 2290 1919 2362; baseline -0.003 -12"><span class='ocrx_word' id='word_1_269' title='bbox 322 2293 755 2352; x_wconf 85' lang='lat' dir='ltr'><strong>conversationis</strong></span> <span class='ocrx_word' id='word_1_270' title='bbox 784 2303 868 2347; x_wconf 92' lang='lat' dir='ltr'><strong>est</strong></span> <span class='ocrx_word' id='word_1_271' title='bbox 911 2307 1155 2348; x_wconf 89' lang='lat' dir='ltr'><strong>crescere</strong></span> <span class='ocrx_word' id='word_1_272' title='bbox 1186 2292 1391 2347; x_wconf 91' lang='lat' dir='ltr'><strong>meritis</strong></span> <span class='ocrx_word' id='word_1_273' title='bbox 1416 2335 1432 2361; x_wconf 92' lang='lat'><strong>,</strong></span> <span class='ocrx_word' id='word_1_274' title='bbox 1473 2292 1687 2362; x_wconf 86' lang='lat' dir='ltr'><strong>placere</strong></span> <span class='ocrx_word' id='word_1_275' title='bbox 1722 2290 1833 2346; x_wconf 92' lang='lat' dir='ltr'><strong>Deo</strong></span> <span class='ocrx_word' id='word_1_276' title='bbox 1864 2300 1919 2346; x_wconf 93' lang='lat' dir='ltr'><strong>et</strong></span> 
     </span>
    </p>
   </div>
   <div class='ocr_carea' id='block_1_38' title="bbox 317 2384 1918 2456">
    <p class='ocr_par' dir='ltr' id='par_1_38' title="bbox 317 2384 1918 2456">
     <span class='ocr_line' id='line_1_38' title="bbox 317 2384 1918 2456; baseline -0.003 -12"><span class='ocrx_word' id='word_1_277' title='bbox 317 2387 638 2444; x_wconf 83' lang='lat' dir='ltr'><strong>hominibus</strong></span> <span class='ocrx_word' id='word_1_278' title='bbox 693 2396 1080 2443; x_wconf 61' lang='lat' dir='ltr'><strong>consummatae</strong></span> <span class='ocrx_word' id='word_1_279' title='bbox 1134 2385 1501 2456; x_wconf 82' lang='lat' dir='ltr'><strong>perfectionis.</strong></span> <span class='ocrx_word' id='word_1_280' title='bbox 1559 2384 1626 2440; x_wconf 85' lang='lat' dir='ltr'><strong>Et</strong></span> <span class='ocrx_word' id='word_1_281' title='bbox 1671 2386 1794 2456; x_wconf 86' lang='lat' dir='ltr'><strong>quia</strong></span> <span class='ocrx_word' id='word_1_282' title='bbox 1851 2384 1918 2439; x_wconf 91' lang='lat' dir='ltr'><strong>ad</strong></span> 
     </span>
    </p>
   </div>
   <div class='ocr_carea' id='block_1_39' title="bbox 318 2478 1915 2551">
    <p class='ocr_par' dir='ltr' id='par_1_39' title="bbox 318 2478 1915 2551">
     <span class='ocr_line' id='line_1_39' title="bbox 318 2478 1915 2551; baseline -0.005 -13"><span class='ocrx_word' id='word_1_283' title='bbox 318 2496 491 2551; x_wconf 88' lang='lat' dir='ltr'><strong>opera</strong></span> <span class='ocrx_word' id='word_1_284' title='bbox 519 2480 860 2535; x_wconf 87' lang='lat' dir='ltr'><strong>conversatio</strong></span> <span class='ocrx_word' id='word_1_285' title='bbox 887 2480 1140 2550; x_wconf 90' lang='lat' dir='ltr'><strong>pertinet,</strong></span> <span class='ocrx_word' id='word_1_286' title='bbox 1174 2479 1532 2549; x_wconf 89' lang='lat' dir='ltr'><strong>meritumque</strong></span> <span class='ocrx_word' id='word_1_287' title='bbox 1570 2478 1817 2548; x_wconf 87' lang='lat' dir='ltr'><strong>provenit</strong></span> <span class='ocrx_word' id='word_1_288' title='bbox 1848 2491 1915 2531; x_wconf 80' lang='lat' dir='ltr'><strong>ex</strong></span> 
     </span>
    </p>
   </div>
   <div class='ocr_carea' id='block_1_40' title="bbox 322 2568 1916 2641">
    <p class='ocr_par' dir='ltr' id='par_1_40' title="bbox 322 2568 1916 2641">
     <span class='ocr_line' id='line_1_40' title="bbox 322 2568 1916 2641; baseline -0.005 -11"><span class='ocrx_word' id='word_1_289' title='bbox 322 2574 612 2640; x_wconf 89' lang='lat' dir='ltr'><strong>cbaritate,</strong></span> <span class='ocrx_word' id='word_1_290' title='bbox 654 2573 730 2628; x_wconf 90' lang='lat' dir='ltr'><strong>illi</strong></span> <span class='ocrx_word' id='word_1_291' title='bbox 758 2572 1030 2627; x_wconf 89' lang='lat' dir='ltr'><strong>auditores</strong></span> <span class='ocrx_word' id='word_1_292' title='bbox 1060 2568 1369 2641; x_wconf 85' lang='lat' dir='ltr'><strong>proﬁciunt,</strong></span> <span class='ocrx_word' id='word_1_293' title='bbox 1401 2578 1456 2625; x_wconf 89' lang='lat' dir='ltr'><strong>et</strong></span> <span class='ocrx_word' id='word_1_294' title='bbox 1500 2584 1606 2624; x_wconf 93' lang='lat' dir='ltr'><strong>non</strong></span> <span class='ocrx_word' id='word_1_295' title='bbox 1645 2576 1916 2637; x_wconf 89' lang='lat' dir='ltr'><strong>crescunt,</strong></span> 
     </span>
    </p>
   </div>
   <div class='ocr_carea' id='block_1_41' title="bbox 322 2658 1919 2734">
    <p class='ocr_par' dir='ltr' id='par_1_41' title="bbox 322 2658 1919 2734">
     <span class='ocr_line' id='line_1_41' title="bbox 322 2658 1919 2734; baseline -0.003 -17"><span class='ocrx_word' id='word_1_296' title='bbox 322 2663 419 2734; x_wconf 88' lang='lat' dir='ltr'><strong>qui</strong></span> <span class='ocrx_word' id='word_1_297' title='bbox 448 2663 589 2717; x_wconf 88' lang='lat' dir='ltr'><strong>bona</strong></span> <span class='ocrx_word' id='word_1_298' title='bbox 611 2677 776 2733; x_wconf 89' lang='lat' dir='ltr'><strong>opera</strong></span> <span class='ocrx_word' id='word_1_299' title='bbox 798 2676 897 2731; x_wconf 91' lang='lat' dir='ltr'><strong>pro</strong></span> <span class='ocrx_word' id='word_1_300' title='bbox 925 2660 1106 2716; x_wconf 87' lang='lat' dir='ltr'><strong>studio</strong></span> <span class='ocrx_word' id='word_1_301' title='bbox 1127 2660 1381 2716; x_wconf 85' lang='lat' dir='ltr'><strong>vanitatis</strong></span> <span class='ocrx_word' id='word_1_302' title='bbox 1404 2658 1681 2725; x_wconf 82' lang='lat' dir='ltr'><strong>exhibent,</strong></span> <span class='ocrx_word' id='word_1_303' title='bbox 1711 2668 1763 2714; x_wconf 91' lang='lat' dir='ltr'><strong>et</strong></span> <span class='ocrx_word' id='word_1_304' title='bbox 1792 2659 1919 2713; x_wconf 89' lang='lat' dir='ltr'><strong>cha-</strong></span> 
     </span>
    </p>
   </div>
   <div class='ocr_carea' id='block_1_42' title="bbox 318 2750 1913 2821">
    <p class='ocr_par' dir='ltr' id='par_1_42' title="bbox 318 2750 1913 2821">
     <span class='ocr_line' id='line_1_42' title="bbox 318 2750 1913 2821; baseline -0.003 -13"><span class='ocrx_word' id='word_1_305' title='bbox 318 2754 539 2809; x_wconf 84' lang='lat' dir='ltr'><strong>ritatem</strong></span> <span class='ocrx_word' id='word_1_306' title='bbox 567 2767 674 2807; x_wconf 93' lang='lat' dir='ltr'><strong>non</strong></span> <span class='ocrx_word' id='word_1_307' title='bbox 713 2751 935 2807; x_wconf 90' lang='lat' dir='ltr'><strong>habent.</strong></span> <span class='ocrx_word' id='word_1_308' title='bbox 984 2750 1301 2808; x_wconf 85' lang='lat' dir='ltr'><strong>Proﬁcimus</strong></span> <span class='ocrx_word' id='word_1_309' title='bbox 1327 2765 1479 2821; x_wconf 88' lang='lat' dir='ltr'><strong>ergo,</strong></span> <span class='ocrx_word' id='word_1_310' title='bbox 1521 2760 1576 2806; x_wconf 90' lang='lat' dir='ltr'><strong>et</strong></span> <span class='ocrx_word' id='word_1_311' title='bbox 1602 2752 1913 2819; x_wconf 76' lang='lat' dir='ltr'><strong>crescimus,</strong></span> 
     </span>
    </p>
   </div>
   <div class='ocr_carea' id='block_1_43' title="bbox 322 2842 1916 2913">
    <p class='ocr_par' dir='ltr' id='par_1_43' title="bbox 322 2842 1916 2913">
     <span class='ocr_line' id='line_1_43' title="bbox 322 2842 1916 2913; baseline -0.002 -14"><span class='ocrx_word' id='word_1_312' title='bbox 322 2843 374 2899; x_wconf 88' lang='lat' dir='ltr'><strong>si</strong></span> <span class='ocrx_word' id='word_1_313' title='bbox 404 2858 527 2899; x_wconf 91' lang='lat' dir='ltr'><strong>cum</strong></span> <span class='ocrx_word' id='word_1_314' title='bbox 573 2842 873 2898; x_wconf 87' lang='lat' dir='ltr'><strong>sublimiori</strong></span> <span class='ocrx_word' id='word_1_315' title='bbox 910 2844 1325 2899; x_wconf 85' lang='lat' dir='ltr'><strong>conversatione</strong></span> <span class='ocrx_word' id='word_1_316' title='bbox 1370 2858 1470 2913; x_wconf 89' lang='lat' dir='ltr'><strong>per</strong></span> <span class='ocrx_word' id='word_1_317' title='bbox 1498 2857 1660 2912; x_wconf 90' lang='lat' dir='ltr'><strong>opera</strong></span> <span class='ocrx_word' id='word_1_318' title='bbox 1691 2842 1916 2898; x_wconf 92' lang='lat' dir='ltr'><strong>meliora</strong></span> 
     </span>
    </p>
   </div>
   <div class='ocr_carea' id='block_1_44' title="bbox 318 2932 1916 3005">
    <p class='ocr_par' dir='ltr' id='par_1_44' title="bbox 318 2932 1916 3005">
     <span class='ocr_line' id='line_1_44' title="bbox 318 2932 1916 3005; baseline -0.001 -16"><span class='ocrx_word' id='word_1_319' title='bbox 318 2935 678 3003; x_wconf 90' lang='lat' dir='ltr'><strong>sustollimur,</strong></span> <span class='ocrx_word' id='word_1_320' title='bbox 706 2951 773 2989; x_wconf 81' lang='lat' dir='ltr'><strong>ex</strong></span> <span class='ocrx_word' id='word_1_321' title='bbox 795 2934 983 2991; x_wconf 89' lang='lat' dir='ltr'><strong>eadem</strong></span> <span class='ocrx_word' id='word_1_322' title='bbox 1013 2934 1343 2990; x_wconf 89' lang='lat' dir='ltr'><strong>sublimitate</strong></span> <span class='ocrx_word' id='word_1_323' title='bbox 1386 2933 1565 3005; x_wconf 89' lang='lat' dir='ltr'><strong>operis</strong></span> <span class='ocrx_word' id='word_1_324' title='bbox 1593 2932 1660 2987; x_wconf 90' lang='lat' dir='ltr'><strong>ad</strong></span> <span class='ocrx_word' id='word_1_325' title='bbox 1689 2934 1805 2988; x_wconf 80' lang='lat' dir='ltr'><strong>sola</strong></span> <span class='ocrx_word' id='word_1_326' title='bbox 1832 2933 1916 2987; x_wconf 88' lang='lat' dir='ltr'><strong>in-</strong></span> 
     </span>
    </p>
   </div>
   <div class='ocr_carea' id='block_1_45' title="bbox 318 3016 1915 3098">
    <p class='ocr_par' dir='ltr' id='par_1_45' title="bbox 318 3016 1915 3098">
     <span class='ocr_line' id='line_1_45' title="bbox 318 3016 1915 3098; baseline -0.002 -15"><span class='ocrx_word' id='word_1_327' title='bbox 318 3029 594 3085; x_wconf 88' lang='lat' dir='ltr'><strong>tendimus</strong></span> <span class='ocrx_word' id='word_1_328' title='bbox 622 3026 813 3098; x_wconf 87' lang='lat' dir='ltr'><strong>gaudia</strong></span> <span class='ocrx_word' id='word_1_329' title='bbox 842 3027 1181 3083; x_wconf 62' lang='lat' dir='ltr'><strong>aeternitatis.</strong></span> <span class='ocrx_word' id='word_1_330' title='bbox 1213 3025 1433 3081; x_wconf 87' lang='lat' dir='ltr'><strong>Placere</strong></span> <span class='ocrx_word' id='word_1_331' title='bbox 1454 3016 1637 3082; x_wconf 87' lang='lat' dir='ltr'><strong>autem</strong></span> <span class='ocrx_word' id='word_1_332' title='bbox 1662 3034 1771 3079; x_wconf 91' lang='lat' dir='ltr'><strong>tam</strong></span> <span class='ocrx_word' id='word_1_333' title='bbox 1804 3026 1915 3080; x_wconf 91' lang='lat' dir='ltr'><strong>Deo</strong></span> 
     </span>
    </p>
   </div>
   <div class='ocr_carea' id='block_1_46' title="bbox 321 3121 1915 3192">
    <p class='ocr_par' dir='ltr' id='par_1_46' title="bbox 321 3121 1915 3192">
     <span class='ocr_line' id='line_1_46' title="bbox 321 3121 1915 3192; baseline -0.001 -17"><span class='ocrx_word' id='word_1_334' title='bbox 321 3135 487 3191; x_wconf 88' lang='lat' dir='ltr'><strong>quam</strong></span> <span class='ocrx_word' id='word_1_335' title='bbox 515 3121 819 3177; x_wconf 91' lang='lat' dir='ltr'><strong>hominibus</strong></span> <span class='ocrx_word' id='word_1_336' title='bbox 842 3136 1045 3191; x_wconf 70' lang='lat' dir='ltr'><strong>magna:</strong></span> <span class='ocrx_word' id='word_1_337' title='bbox 1070 3121 1282 3176; x_wconf 90' lang='lat' dir='ltr'><strong>virtutis</strong></span> <span class='ocrx_word' id='word_1_338' title='bbox 1310 3129 1411 3185; x_wconf 87' lang='lat' dir='ltr'><strong>est,</strong></span> <span class='ocrx_word' id='word_1_339' title='bbox 1446 3123 1567 3191; x_wconf 82' lang='lat' dir='ltr'><strong>quia</strong></span> <span class='ocrx_word' id='word_1_340' title='bbox 1601 3122 1915 3192; x_wconf 86' lang='lat' dir='ltr'><strong>plerumque</strong></span> 
     </span>
    </p>
   </div>
   <div class='ocr_carea' id='block_1_47' title="bbox 322 3210 1908 3282">
    <p class='ocr_par' dir='ltr' id='par_1_47' title="bbox 322 3210 1908 3282">
     <span class='ocr_line' id='line_1_47' title="bbox 322 3210 1908 3282; baseline -0.002 -16"><span class='ocrx_word' id='word_1_341' title='bbox 322 3212 397 3267; x_wconf 90' lang='lat' dir='ltr'><strong>de</strong></span> <span class='ocrx_word' id='word_1_342' title='bbox 428 3213 570 3267; x_wconf 92' lang='lat' dir='ltr'><strong>bono</strong></span> <span class='ocrx_word' id='word_1_343' title='bbox 600 3228 765 3282; x_wconf 90' lang='lat' dir='ltr'><strong>opere</strong></span> <span class='ocrx_word' id='word_1_344' title='bbox 794 3220 981 3267; x_wconf 89' lang='lat' dir='ltr'><strong>nostro</strong></span> <span class='ocrx_word' id='word_1_345' title='bbox 1021 3212 1296 3282; x_wconf 89' lang='lat' dir='ltr'><strong>proximos</strong></span> <span class='ocrx_word' id='word_1_346' title='bbox 1326 3220 1540 3267; x_wconf 70' lang='lat' dir='ltr'><strong>nostros</strong></span> <span class='ocrx_word' id='word_1_347' title='bbox 1567 3210 1908 3272; x_wconf 73' lang='lat' dir='ltr'><strong>oll‘endimus,</strong></span> 
     </span>
    </p>
   </div>
   <div class='ocr_carea' id='block_1_48' title="bbox 316 3304 1913 3377">
    <p class='ocr_par' dir='ltr' id='par_1_48' title="bbox 316 3304 1913 3377">
     <span class='ocr_line' id='line_1_48' title="bbox 316 3304 1913 3377; baseline 0 -16"><span class='ocrx_word' id='word_1_348' title='bbox 316 3304 367 3361; x_wconf 87' lang='lat' dir='ltr'><strong>si</strong></span> <span class='ocrx_word' id='word_1_349' title='bbox 397 3306 585 3360; x_wconf 89' lang='lat' dir='ltr'><strong>eadem</strong></span> <span class='ocrx_word' id='word_1_350' title='bbox 614 3306 757 3362; x_wconf 90' lang='lat' dir='ltr'><strong>bona</strong></span> <span class='ocrx_word' id='word_1_351' title='bbox 787 3322 949 3377; x_wconf 90' lang='lat' dir='ltr'><strong>opera</strong></span> <span class='ocrx_word' id='word_1_352' title='bbox 978 3322 1085 3362; x_wconf 91' lang='lat' dir='ltr'><strong>non</strong></span> <span class='ocrx_word' id='word_1_353' title='bbox 1120 3321 1241 3361; x_wconf 92' lang='lat' dir='ltr'><strong>cum</strong></span> <span class='ocrx_word' id='word_1_354' title='bbox 1273 3320 1465 3374; x_wconf 86' lang='lat' dir='ltr'><strong>magna</strong></span> <span class='ocrx_word' id='word_1_355' title='bbox 1507 3306 1716 3361; x_wconf 88' lang='lat' dir='ltr'><strong>cautela</strong></span> <span class='ocrx_word' id='word_1_356' title='bbox 1748 3306 1913 3361; x_wconf 85' lang='lat' dir='ltr'><strong>lacin-</strong></span> 
     </span>
    </p>
   </div>
   <div class='ocr_carea' id='block_1_49' title="bbox 317 3396 1915 3468">
    <p class='ocr_par' dir='ltr' id='par_1_49' title="bbox 317 3396 1915 3468">
     <span class='ocr_line' id='line_1_49' title="bbox 317 3396 1915 3468; baseline 0 -19"><span class='ocrx_word' id='word_1_357' title='bbox 317 3410 462 3451; x_wconf 88' lang='lat' dir='ltr'><strong>mus.</strong></span> <span class='ocrx_word' id='word_1_358' title='bbox 512 3397 644 3452; x_wconf 90' lang='lat' dir='ltr'><strong>Tam</strong></span> <span class='ocrx_word' id='word_1_359' title='bbox 683 3396 796 3453; x_wconf 92' lang='lat' dir='ltr'><strong>Deo</strong></span> <span class='ocrx_word' id='word_1_360' title='bbox 826 3397 993 3467; x_wconf 84' lang='lat' dir='ltr'><strong>igitur</strong></span> <span class='ocrx_word' id='word_1_361' title='bbox 1022 3413 1182 3466; x_wconf 90' lang='lat' dir='ltr'><strong>quam</strong></span> <span class='ocrx_word' id='word_1_362' title='bbox 1231 3396 1541 3452; x_wconf 90' lang='lat' dir='ltr'><strong>hominibus</strong></span> <span class='ocrx_word' id='word_1_363' title='bbox 1582 3397 1779 3468; x_wconf 88' lang='lat' dir='ltr'><strong>placet,</strong></span> <span class='ocrx_word' id='word_1_364' title='bbox 1822 3396 1915 3466; x_wconf 90' lang='lat' dir='ltr'><strong>qui</strong></span> 
     </span>
    </p>
   </div>
   <div class='ocr_carea' id='block_1_50' title="bbox 318 3484 1914 3559">
    <p class='ocr_par' dir='ltr' id='par_1_50' title="bbox 318 3484 1914 3559">
     <span class='ocr_line' id='line_1_50' title="bbox 318 3484 1914 3559; baseline -0.003 -16"><span class='ocrx_word' id='word_1_365' title='bbox 318 3488 379 3543; x_wconf 89' lang='lat' dir='ltr'><strong>in</strong></span> <span class='ocrx_word' id='word_1_366' title='bbox 408 3489 553 3543; x_wconf 90' lang='lat' dir='ltr'><strong>bono</strong></span> <span class='ocrx_word' id='word_1_367' title='bbox 593 3503 759 3559; x_wconf 91' lang='lat' dir='ltr'><strong>opere</strong></span> <span class='ocrx_word' id='word_1_368' title='bbox 786 3487 932 3557; x_wconf 92' lang='lat' dir='ltr'><strong>quod</strong></span> <span class='ocrx_word' id='word_1_369' title='bbox 972 3487 1356 3557; x_wconf 89' lang='lat' dir='ltr'><strong>omnipotentis</strong></span> <span class='ocrx_word' id='word_1_370' title='bbox 1384 3484 1481 3541; x_wconf 91' lang='lat' dir='ltr'><strong>Dei</strong></span> <span class='ocrx_word' id='word_1_371' title='bbox 1510 3485 1782 3554; x_wconf 88' lang='lat' dir='ltr'><strong>obsequiis</strong></span> <span class='ocrx_word' id='word_1_372' title='bbox 1810 3484 1914 3538; x_wconf 88' lang='lat' dir='ltr'><strong>im-</strong></span> 
     </span>
    </p>
   </div>
   <div class='ocr_carea' id='block_1_51' title="bbox 315 3579 1917 3653">
    <p class='ocr_par' dir='ltr' id='par_1_51' title="bbox 315 3579 1917 3653">
     <span class='ocr_line' id='line_1_51' title="bbox 315 3579 1917 3653; baseline 0 -17"><span class='ocrx_word' id='word_1_373' title='bbox 315 3580 515 3653; x_wconf 88' lang='lat' dir='ltr'><strong>pendit</strong></span> <span class='ocrx_word' id='word_1_374' title='bbox 541 3588 730 3635; x_wconf 88' lang='lat' dir='ltr'><strong>cautus</strong></span> <span class='ocrx_word' id='word_1_375' title='bbox 756 3588 873 3646; x_wconf 90' lang='lat' dir='ltr'><strong>est;</strong></span> <span class='ocrx_word' id='word_1_376' title='bbox 905 3579 996 3649; x_wconf 93' lang='lat' dir='ltr'><strong>qui</strong></span> <span class='ocrx_word' id='word_1_377' title='bbox 1028 3579 1107 3636; x_wconf 92' lang='lat' dir='ltr'><strong>sic</strong></span> <span class='ocrx_word' id='word_1_378' title='bbox 1152 3580 1265 3636; x_wconf 92' lang='lat' dir='ltr'><strong>Deo</strong></span> <span class='ocrx_word' id='word_1_379' title='bbox 1310 3581 1527 3651; x_wconf 86' lang='lat' dir='ltr'><strong>placere</strong></span> <span class='ocrx_word' id='word_1_380' title='bbox 1556 3589 1729 3649; x_wconf 88' lang='lat' dir='ltr'><strong>curat,</strong></span> <span class='ocrx_word' id='word_1_381' title='bbox 1762 3589 1820 3636; x_wconf 95' lang='lat' dir='ltr'><strong>ut</strong></span> <span class='ocrx_word' id='word_1_382' title='bbox 1850 3581 1917 3637; x_wconf 90' lang='lat' dir='ltr'><strong>de</strong></span> 
     </span>
    </p>
   </div>
   <div class='ocr_carea' id='block_1_52' title="bbox 322 3671 1442 3741">
    <p class='ocr_par' dir='ltr' id='par_1_52' title="bbox 322 3671 1442 3741">
     <span class='ocr_line' id='line_1_52' title="bbox 322 3671 1442 3741; baseline -0.001 -14"><span class='ocrx_word' id='word_1_383' title='bbox 322 3672 425 3727; x_wconf 90' lang='lat' dir='ltr'><strong>Dei</strong></span> <span class='ocrx_word' id='word_1_384' title='bbox 453 3672 752 3727; x_wconf 91' lang='lat' dir='ltr'><strong>ministerio</strong></span> <span class='ocrx_word' id='word_1_385' title='bbox 781 3672 1014 3741; x_wconf 89' lang='lat' dir='ltr'><strong>aliquem</strong></span> <span class='ocrx_word' id='word_1_386' title='bbox 1044 3688 1153 3727; x_wconf 92' lang='lat' dir='ltr'><strong>nou</strong></span> <span class='ocrx_word' id='word_1_387' title='bbox 1184 3671 1442 3728; x_wconf 76' lang='lat' dir='ltr'><strong>offendat.</strong></span> 
     </span>
    </p>
   </div>
   <div class='ocr_carea' id='block_1_53' title="bbox 396 3787 1914 3861">
    <p class='ocr_par' dir='ltr' id='par_1_53' title="bbox 396 3787 1914 3861">
     <span class='ocr_line' id='line_1_53' title="bbox 396 3787 1914 3861; baseline 0.003 -19"><span class='ocrx_word' id='word_1_388' title='bbox 396 3789 450 3843; x_wconf 88' lang='lat'><strong>9.</strong></span> <span class='ocrx_word' id='word_1_389' title='bbox 492 3788 560 3843; x_wconf 84' lang='lat' dir='ltr'><strong>Et</strong></span> <span class='ocrx_word' id='word_1_390' title='bbox 584 3790 708 3860; x_wconf 88' lang='lat' dir='ltr'><strong>quia</strong></span> <span class='ocrx_word' id='word_1_391' title='bbox 730 3787 800 3845; x_wconf 93' lang='lat' dir='ltr'><strong>de</strong></span> <span class='ocrx_word' id='word_1_392' title='bbox 828 3787 1081 3847; x_wconf 87' lang='lat' dir='ltr'><strong>Samuele</strong></span> <span class='ocrx_word' id='word_1_393' title='bbox 1125 3789 1298 3845; x_wconf 91' lang='lat' dir='ltr'><strong>adhuc</strong></span> <span class='ocrx_word' id='word_1_394' title='bbox 1330 3805 1501 3861; x_wconf 91' lang='lat' dir='ltr'><strong>puero</strong></span> <span class='ocrx_word' id='word_1_395' title='bbox 1531 3799 1586 3845; x_wconf 94' lang='lat' dir='ltr'><strong>et</strong></span> <span class='ocrx_word' id='word_1_396' title='bbox 1614 3791 1713 3845; x_wconf 89' lang='lat' dir='ltr'><strong>sub</strong></span> <span class='ocrx_word' id='word_1_397' title='bbox 1742 3791 1914 3847; x_wconf 89' lang='lat' dir='ltr'><strong>aliena</strong></span> 
     </span>
    </p>
   </div>
   <div class='ocr_carea' id='block_1_54' title="bbox 316 3882 1913 3952">
    <p class='ocr_par' dir='ltr' id='par_1_54' title="bbox 316 3882 1913 3952">
     <span class='ocr_line' id='line_1_54' title="bbox 316 3882 1913 3952; baseline 0.001 -15"><span class='ocrx_word' id='word_1_398' title='bbox 316 3882 679 3937; x_wconf 88' lang='lat' dir='ltr'><strong>instructione</strong></span> <span class='ocrx_word' id='word_1_399' title='bbox 728 3882 905 3952; x_wconf 91' lang='lat' dir='ltr'><strong>posito</strong></span> <span class='ocrx_word' id='word_1_400' title='bbox 954 3883 1172 3951; x_wconf 90' lang='lat' dir='ltr'><strong>dicitur,</strong></span> <span class='ocrx_word' id='word_1_401' title='bbox 1222 3884 1583 3938; x_wconf 90' lang='lat' dir='ltr'><strong>communiter</strong></span> <span class='ocrx_word' id='word_1_402' title='bbox 1621 3885 1913 3940; x_wconf 86' lang='lat' dir='ltr'><strong>viventium</strong></span> 
     </span>
    </p>
   </div>
   <div class='ocr_carea' id='block_1_55' title="bbox 319 3974 1916 4045">
    <p class='ocr_par' dir='ltr' id='par_1_55' title="bbox 319 3974 1916 4045">
     <span class='ocr_line' id='line_1_55' title="bbox 319 3974 1916 4045; baseline 0.003 -17"><span class='ocrx_word' id='word_1_403' title='bbox 319 3989 424 4045; x_wconf 88' lang='lat' dir='ltr'><strong>per</strong></span> <span class='ocrx_word' id='word_1_404' title='bbox 450 3974 555 4030; x_wconf 91' lang='lat' dir='ltr'><strong>hoc</strong></span> <span class='ocrx_word' id='word_1_405' title='bbox 582 3974 689 4028; x_wconf 76' lang='lat' dir='ltr'><strong>vita</strong></span> <span class='ocrx_word' id='word_1_406' title='bbox 737 3975 999 4030; x_wconf 91' lang='lat' dir='ltr'><strong>eruditur.</strong></span> <span class='ocrx_word' id='word_1_407' title='bbox 1048 3974 1179 4029; x_wconf 86' lang='lat' dir='ltr'><strong>Nam</strong></span> <span class='ocrx_word' id='word_1_408' title='bbox 1220 3975 1439 4044; x_wconf 90' lang='lat' dir='ltr'><strong>quidam</strong></span> <span class='ocrx_word' id='word_1_409' title='bbox 1484 3975 1538 4029; x_wconf 93' lang='lat' dir='ltr'><strong>in</strong></span> <span class='ocrx_word' id='word_1_410' title='bbox 1589 3977 1756 4031; x_wconf 90' lang='lat' dir='ltr'><strong>sacris</strong></span> <span class='ocrx_word' id='word_1_411' title='bbox 1784 3976 1916 4032; x_wconf 92' lang='lat' dir='ltr'><strong>locis</strong></span> 
     </span>
    </p>
   </div>
   <div class='ocr_carea' id='block_1_56' title="bbox 320 4065 1915 4123">
    <p class='ocr_par' dir='ltr' id='par_1_56' title="bbox 320 4065 1915 4123">
     <span class='ocr_line' id='line_1_56' title="bbox 320 4065 1915 4123; baseline 0.003 -4"><span class='ocrx_word' id='word_1_412' title='bbox 320 4066 689 4120; x_wconf 88' lang='lat' dir='ltr'><strong>communiter</strong></span> <span class='ocrx_word' id='word_1_413' title='bbox 716 4065 960 4121; x_wconf 89' lang='lat' dir='ltr'><strong>viventes</strong></span> <span class='ocrx_word' id='word_1_414' title='bbox 990 4066 1201 4122; x_wconf 81' lang='lat' dir='ltr'><strong>fervore</strong></span> <span class='ocrx_word' id='word_1_415' title='bbox 1226 4066 1429 4122; x_wconf 92' lang='lat' dir='ltr'><strong>novitio</strong></span> <span class='ocrx_word' id='word_1_416' title='bbox 1460 4068 1559 4122; x_wconf 91' lang='lat' dir='ltr'><strong>sub</strong></span> <span class='ocrx_word' id='word_1_417' title='bbox 1588 4068 1772 4123; x_wconf 90' lang='lat' dir='ltr'><strong>colore</strong></span> <span class='ocrx_word' id='word_1_418' title='bbox 1802 4085 1915 4123; x_wconf 85' lang='lat' dir='ltr'><strong>ma-</strong></span> 
     </span>
    </p>
   </div>
   <div class='ocr_carea' id='block_1_57' title="bbox 317 4156 1915 4228">
    <p class='ocr_par' dir='ltr' id='par_1_57' title="bbox 317 4156 1915 4228">
     <span class='ocr_line' id='line_1_57' title="bbox 317 4156 1915 4228; baseline 0.003 -19"><span class='ocrx_word' id='word_1_419' title='bbox 317 4168 445 4224; x_wconf 73' lang='lat' dir='ltr'><strong>gum</strong></span> <span class='ocrx_word' id='word_1_420' title='bbox 474 4156 803 4226; x_wconf 89' lang='lat' dir='ltr'><strong>operationis</strong></span> <span class='ocrx_word' id='word_1_421' title='bbox 831 4157 932 4211; x_wconf 90' lang='lat' dir='ltr'><strong>sibi</strong></span> <span class='ocrx_word' id='word_1_422' title='bbox 974 4172 1169 4213; x_wconf 87' lang='lat' dir='ltr'><strong>vacare</strong></span> <span class='ocrx_word' id='word_1_423' title='bbox 1196 4166 1475 4228; x_wconf 88' lang='lat' dir='ltr'><strong>appetunt,</strong></span> <span class='ocrx_word' id='word_1_424' title='bbox 1506 4159 1597 4228; x_wconf 90' lang='lat' dir='ltr'><strong>qui</strong></span> <span class='ocrx_word' id='word_1_425' title='bbox 1627 4160 1915 4214; x_wconf 89' lang='lat' dir='ltr'><strong>contuber-</strong></span> 
     </span>
    </p>
   </div>
   <div class='ocr_carea' id='block_1_58' title="bbox 321 4248 1917 4318">
    <p class='ocr_par' dir='ltr' id='par_1_58' title="bbox 321 4248 1917 4318">
     <span class='ocr_line' id='line_1_58' title="bbox 321 4248 1917 4318; baseline 0 -14"><span class='ocrx_word' id='word_1_426' title='bbox 321 4249 537 4304; x_wconf 87' lang='lat' dir='ltr'><strong>nalibus</strong></span> <span class='ocrx_word' id='word_1_427' title='bbox 566 4248 819 4303; x_wconf 84' lang='lat' dir='ltr'><strong>fratribus</strong></span> <span class='ocrx_word' id='word_1_428' title='bbox 868 4264 976 4318; x_wconf 90' lang='lat' dir='ltr'><strong>quo</strong></span> <span class='ocrx_word' id='word_1_429' title='bbox 1022 4249 1197 4303; x_wconf 91' lang='lat' dir='ltr'><strong>minus</strong></span> <span class='ocrx_word' id='word_1_430' title='bbox 1226 4259 1351 4302; x_wconf 87' lang='lat' dir='ltr'><strong>sunt</strong></span> <span class='ocrx_word' id='word_1_431' title='bbox 1382 4249 1559 4311; x_wconf 88' lang='lat' dir='ltr'><strong>utiles,</strong></span> <span class='ocrx_word' id='word_1_432' title='bbox 1592 4250 1698 4304; x_wconf 88' lang='lat' dir='ltr'><strong>hoc</strong></span> <span class='ocrx_word' id='word_1_433' title='bbox 1740 4251 1917 4304; x_wconf 89' lang='lat' dir='ltr'><strong>minus</strong></span> 
     </span>
    </p>
   </div>
   <div class='ocr_carea' id='block_1_59' title="bbox 318 4336 1916 4409">
    <p class='ocr_par' dir='ltr' id='par_1_59' title="bbox 318 4336 1916 4409">
     <span class='ocr_line' id='line_1_59' title="bbox 318 4336 1916 4409; baseline 0 -18"><span class='ocrx_word' id='word_1_434' title='bbox 318 4337 561 4409; x_wconf 86' lang='lat' dir='ltr'><strong>placent.</strong></span> <span class='ocrx_word' id='word_1_435' title='bbox 602 4336 817 4393; x_wconf 87' lang='lat' dir='ltr'><strong>Electus</strong></span> <span class='ocrx_word' id='word_1_436' title='bbox 846 4338 1027 4407; x_wconf 90' lang='lat' dir='ltr'><strong>itaque</strong></span> <span class='ocrx_word' id='word_1_437' title='bbox 1065 4353 1162 4408; x_wconf 86' lang='lat' dir='ltr'><strong>per</strong></span> <span class='ocrx_word' id='word_1_438' title='bbox 1204 4336 1419 4393; x_wconf 90' lang='lat' dir='ltr'><strong>Samuel</strong></span> <span class='ocrx_word' id='word_1_439' title='bbox 1451 4338 1810 4393; x_wconf 91' lang='lat' dir='ltr'><strong>communiter</strong></span> <span class='ocrx_word' id='word_1_440' title='bbox 1840 4338 1916 4393; x_wconf 86' lang='lat' dir='ltr'><strong>vi-</strong></span> 
     </span>
    </p>
   </div>
   <div class='ocr_carea' id='block_1_60' title="bbox 318 4428 1915 4499">
    <p class='ocr_par' dir='ltr' id='par_1_60' title="bbox 318 4428 1915 4499">
     <span class='ocr_line' id='line_1_60' title="bbox 318 4428 1915 4499; baseline 0.001 -16"><span class='ocrx_word' id='word_1_441' title='bbox 318 4431 573 4485; x_wconf 84' lang='lat' dir='ltr'><strong>ventibus</strong></span> <span class='ocrx_word' id='word_1_442' title='bbox 625 4428 795 4485; x_wconf 82' lang='lat' dir='ltr'><strong>forma</strong></span> <span class='ocrx_word' id='word_1_443' title='bbox 840 4429 1178 4499; x_wconf 91' lang='lat' dir='ltr'><strong>proponitur,</strong></span> <span class='ocrx_word' id='word_1_444' title='bbox 1230 4429 1315 4484; x_wconf 89' lang='lat' dir='ltr'><strong>cui</strong></span> <span class='ocrx_word' id='word_1_445' title='bbox 1360 4428 1757 4499; x_wconf 88' lang='lat' dir='ltr'><strong>imprimuntur.</strong></span> <span class='ocrx_word' id='word_1_446' title='bbox 1803 4428 1915 4484; x_wconf 91' lang='lat' dir='ltr'><strong>Deo</strong></span> 
     </span>
    </p>
   </div>
   <div class='ocr_carea' id='block_1_61' title="bbox 318 4519 1916 4603">
    <p class='ocr_par' dir='ltr' id='par_1_61' title="bbox 318 4519 1916 4603">
     <span class='ocr_line' id='line_1_61' title="bbox 318 4519 1916 4603; baseline -0.002 -25"><span class='ocrx_word' id='word_1_447' title='bbox 318 4523 509 4591; x_wconf 85' lang='lat' dir='ltr'><strong>itaque</strong></span> <span class='ocrx_word' id='word_1_448' title='bbox 540 4531 594 4578; x_wconf 90' lang='lat' dir='ltr'><strong>et</strong></span> <span class='ocrx_word' id='word_1_449' title='bbox 621 4522 931 4577; x_wconf 87' lang='lat' dir='ltr'><strong>hominibus</strong></span> <span class='ocrx_word' id='word_1_450' title='bbox 960 4521 1186 4590; x_wconf 91' lang='lat' dir='ltr'><strong>quisque</strong></span> <span class='ocrx_word' id='word_1_451' title='bbox 1217 4536 1404 4576; x_wconf 91' lang='lat' dir='ltr'><strong>eorum</strong></span> <span class='ocrx_word' id='word_1_452' title='bbox 1435 4521 1630 4591; x_wconf 89' lang='lat' dir='ltr'><strong>placet,</strong></span> <span class='ocrx_word' id='word_1_453' title='bbox 1664 4519 1916 4603; x_wconf 41' lang='lat' dir='ltr'><strong>cunrfra-</strong></span> 
     </span>
    </p>
   </div>
   <div class='ocr_carea' id='block_1_62' title="bbox 319 4614 1913 4684">
    <p class='ocr_par' dir='ltr' id='par_1_62' title="bbox 319 4614 1913 4684">
     <span class='ocr_line' id='line_1_62' title="bbox 319 4614 1913 4684; baseline -0.001 -15"><span class='ocrx_word' id='word_1_454' title='bbox 319 4616 501 4671; x_wconf 83' lang='lat' dir='ltr'><strong>tribus</strong></span> <span class='ocrx_word' id='word_1_455' title='bbox 527 4615 670 4670; x_wconf 91' lang='lat' dir='ltr'><strong>utilis</strong></span> <span class='ocrx_word' id='word_1_456' title='bbox 695 4623 798 4681; x_wconf 89' lang='lat' dir='ltr'><strong>est,</strong></span> <span class='ocrx_word' id='word_1_457' title='bbox 840 4614 951 4670; x_wconf 91' lang='lat' dir='ltr'><strong>Deo</strong></span> <span class='ocrx_word' id='word_1_458' title='bbox 981 4615 1225 4670; x_wconf 90' lang='lat' dir='ltr'><strong>devotus.</strong></span> <span class='ocrx_word' id='word_1_459' title='bbox 1265 4614 1354 4669; x_wconf 87' lang='lat' dir='ltr'><strong>Sic</strong></span> <span class='ocrx_word' id='word_1_460' title='bbox 1383 4629 1511 4682; x_wconf 90' lang='lat' dir='ltr'><strong>ergo</strong></span> <span class='ocrx_word' id='word_1_461' title='bbox 1542 4623 1703 4684; x_wconf 86' lang='lat' dir='ltr'><strong>agant</strong></span> <span class='ocrx_word' id='word_1_462' title='bbox 1730 4630 1913 4669; x_wconf 89' lang='lat' dir='ltr'><strong>curam</strong></span> 
     </span>
    </p>
   </div>
   <div class='ocr_carea' id='block_1_63' title="bbox 320 4708 1917 4778">
    <p class='ocr_par' dir='ltr' id='par_1_63' title="bbox 320 4708 1917 4778">
     <span class='ocr_line' id='line_1_63' title="bbox 320 4708 1917 4778; baseline 0 -15"><span class='ocrx_word' id='word_1_463' title='bbox 320 4708 434 4774; x_wconf 86' lang='lat' dir='ltr'><strong>sui,</strong></span> <span class='ocrx_word' id='word_1_464' title='bbox 466 4715 523 4762; x_wconf 92' lang='lat' dir='ltr'><strong>ut</strong></span> <span class='ocrx_word' id='word_1_465' title='bbox 548 4723 610 4761; x_wconf 93' lang='lat' dir='ltr'><strong>ea</strong></span> <span class='ocrx_word' id='word_1_466' title='bbox 638 4722 759 4776; x_wconf 62' lang='lat' dir='ltr'><strong>quae</strong></span> <span class='ocrx_word' id='word_1_467' title='bbox 797 4716 921 4762; x_wconf 93' lang='lat' dir='ltr'><strong>sunt</strong></span> <span class='ocrx_word' id='word_1_468' title='bbox 950 4708 1179 4778; x_wconf 76' lang='lat' dir='ltr'><strong>proximi</strong></span> <span class='ocrx_word' id='word_1_469' title='bbox 1208 4724 1315 4763; x_wconf 91' lang='lat' dir='ltr'><strong>non</strong></span> <span class='ocrx_word' id='word_1_470' title='bbox 1346 4708 1621 4776; x_wconf 87' lang='lat' dir='ltr'><strong>emittant,</strong></span> <span class='ocrx_word' id='word_1_471' title='bbox 1651 4716 1917 4777; x_wconf 88' lang='lat' dir='ltr'><strong>quatenus</strong></span> 
     </span>
    </p>
   </div>
   <div class='ocr_carea' id='block_1_64' title="bbox 319 4796 1915 4866">
    <p class='ocr_par' dir='ltr' id='par_1_64' title="bbox 319 4796 1915 4866">
     <span class='ocr_line' id='line_1_64' title="bbox 319 4796 1915 4866; baseline 0.001 -16"><span class='ocrx_word' id='word_1_472' title='bbox 319 4810 395 4851; x_wconf 82' lang='lat' dir='ltr'><strong>ex</strong></span> <span class='ocrx_word' id='word_1_473' title='bbox 422 4796 749 4864; x_wconf 87' lang='lat' dir='ltr'><strong>benignitate</strong></span> <span class='ocrx_word' id='word_1_474' title='bbox 786 4796 869 4850; x_wconf 91' lang='lat' dir='ltr'><strong>his</strong></span> <span class='ocrx_word' id='word_1_475' title='bbox 917 4797 1127 4866; x_wconf 90' lang='lat' dir='ltr'><strong>placeat</strong></span> <span class='ocrx_word' id='word_1_476' title='bbox 1176 4797 1268 4866; x_wconf 90' lang='lat' dir='ltr'><strong>qui</strong></span> <span class='ocrx_word' id='word_1_477' title='bbox 1307 4811 1490 4851; x_wconf 90' lang='lat' dir='ltr'><strong>secum</strong></span> <span class='ocrx_word' id='word_1_478' title='bbox 1532 4798 1587 4850; x_wconf 92' lang='lat' dir='ltr'><strong>in</strong></span> <span class='ocrx_word' id='word_1_479' title='bbox 1625 4797 1732 4852; x_wconf 94' lang='lat' dir='ltr'><strong>imo</strong></span> <span class='ocrx_word' id='word_1_480' title='bbox 1771 4806 1915 4863; x_wconf 89' lang='lat' dir='ltr'><strong>sunt,</strong></span> 
     </span>
    </p>
   </div>
   <div class='ocr_carea' id='block_1_65' title="bbox 320 4885 1918 4957">
    <p class='ocr_par' dir='ltr' id='par_1_65' title="bbox 320 4885 1918 4957">
     <span class='ocr_line' id='line_1_65' title="bbox 320 4885 1918 4957; baseline 0.001 -18"><span class='ocrx_word' id='word_1_481' title='bbox 320 4885 574 4957; x_wconf 87' lang='lat' dir='ltr'><strong>supernis</strong></span> <span class='ocrx_word' id='word_1_482' title='bbox 604 4900 732 4939; x_wconf 90' lang='lat' dir='ltr'><strong>vero</strong></span> <span class='ocrx_word' id='word_1_483' title='bbox 778 4885 947 4940; x_wconf 92' lang='lat' dir='ltr'><strong>oculis</strong></span> <span class='ocrx_word' id='word_1_484' title='bbox 986 4900 1051 4939; x_wconf 83' lang='lat' dir='ltr'><strong>ex</strong></span> <span class='ocrx_word' id='word_1_485' title='bbox 1098 4885 1391 4941; x_wconf 89' lang='lat' dir='ltr'><strong>dev0tione</strong></span> <span class='ocrx_word' id='word_1_486' title='bbox 1435 4885 1757 4942; x_wconf 83' lang='lat' dir='ltr'><strong>fortitudinis</strong></span> <span class='ocrx_word' id='word_1_487' title='bbox 1807 4902 1918 4941; x_wconf 90' lang='lat' dir='ltr'><strong>suae</strong></span> 
     </span>
    </p>
   </div>
   <div class='ocr_carea' id='block_1_66' title="bbox 324 4976 1916 5040">
    <p class='ocr_par' dir='ltr' id='par_1_66' title="bbox 324 4976 1916 5040">
     <span class='ocr_line' id='line_1_66' title="bbox 324 4976 1916 5040; baseline 0.001 -10"><span class='ocrx_word' id='word_1_488' title='bbox 324 4976 496 5030; x_wconf 85' lang='lat' dir='ltr'><strong>robur</strong></span> <span class='ocrx_word' id='word_1_489' title='bbox 524 4983 685 5031; x_wconf 89' lang='lat' dir='ltr'><strong>caute</strong></span> <span class='ocrx_word' id='word_1_490' title='bbox 728 4976 998 5040; x_wconf 80' lang='lat' dir='ltr'><strong>exhibeat,</strong></span> <span class='ocrx_word' id='word_1_491' title='bbox 1032 4984 1091 5031; x_wconf 92' lang='lat' dir='ltr'><strong>ut</strong></span> <span class='ocrx_word' id='word_1_492' title='bbox 1121 4977 1456 5032; x_wconf 78' lang='lat' dir='ltr'><strong>inﬁrmorum</strong></span> <span class='ocrx_word' id='word_1_493' title='bbox 1482 4978 1645 5033; x_wconf 89' lang='lat' dir='ltr'><strong>corda</strong></span> <span class='ocrx_word' id='word_1_494' title='bbox 1694 4995 1800 5033; x_wconf 94' lang='lat' dir='ltr'><strong>non</strong></span> <span class='ocrx_word' id='word_1_495' title='bbox 1832 4986 1916 5031; x_wconf 88' lang='lat' dir='ltr'><strong>at-</strong></span> 
     </span>
    </p>
   </div>
   <div class='ocr_carea' id='block_1_67' title="bbox 324 5067 1916 5139">
    <p class='ocr_par' dir='ltr' id='par_1_67' title="bbox 324 5067 1916 5139">
     <span class='ocr_line' id='line_1_67' title="bbox 324 5067 1916 5139; baseline 0.001 -17"><span class='ocrx_word' id='word_1_496' title='bbox 324 5074 487 5129; x_wconf 87' lang='lat' dir='ltr'><strong>terat,</strong></span> <span class='ocrx_word' id='word_1_497' title='bbox 518 5067 642 5122; x_wconf 92' lang='lat' dir='ltr'><strong>dum</strong></span> <span class='ocrx_word' id='word_1_498' title='bbox 688 5067 1016 5123; x_wconf 76' lang='lat' dir='ltr'><strong>fortitudinis</strong></span> <span class='ocrx_word' id='word_1_499' title='bbox 1045 5083 1155 5123; x_wconf 59' lang='lat' dir='ltr'><strong>suae</strong></span> <span class='ocrx_word' id='word_1_500' title='bbox 1199 5069 1405 5139; x_wconf 90' lang='lat' dir='ltr'><strong>impetu</strong></span> <span class='ocrx_word' id='word_1_501' title='bbox 1444 5068 1509 5123; x_wconf 91' lang='lat' dir='ltr'><strong>ad</strong></span> <span class='ocrx_word' id='word_1_502' title='bbox 1549 5082 1780 5139; x_wconf 83' lang='lat' dir='ltr'><strong>superna</strong></span> <span class='ocrx_word' id='word_1_503' title='bbox 1835 5069 1916 5125; x_wconf 86' lang='lat' dir='ltr'><strong>fe-</strong></span> 
     </span>
    </p>
   </div>
   <div class='ocr_carea' id='block_1_68' title="bbox 327 5159 517 5215">
    <p class='ocr_par' dir='ltr' id='par_1_68' title="bbox 327 5159 517 5215">
     <span class='ocr_line' id='line_1_68' title="bbox 327 5159 517 5215; baseline 0.011 -2"><span class='ocrx_word' id='word_1_504' title='bbox 327 5159 517 5215; x_wconf 87' lang='lat' dir='ltr'><strong>stinat.</strong></span> 
     </span>
    </p>
   </div>
   <div class='ocr_carea' id='block_1_69' title="bbox 400 5260 1916 5333">
    <p class='ocr_par' dir='ltr' id='par_1_69' title="bbox 400 5260 1916 5333">
     <span class='ocr_line' id='line_1_69' title="bbox 400 5260 1916 5333; baseline 0.005 -22"><span class='ocrx_word' id='word_1_505' title='bbox 400 5260 490 5315; x_wconf 70' lang='grc'><strong>10.</strong></span> <span class='ocrx_word' id='word_1_506' title='bbox 520 5260 613 5315; x_wconf 74' lang='lat' dir='ltr'><strong>Vir</strong></span> <span class='ocrx_word' id='word_1_507' title='bbox 642 5271 819 5315; x_wconf 89' lang='lat' dir='ltr'><strong>autem</strong></span> <span class='ocrx_word' id='word_1_508' title='bbox 852 5260 945 5316; x_wconf 86' lang='lat' dir='ltr'><strong>Dei</strong></span> <span class='ocrx_word' id='word_1_509' title='bbox 969 5263 1033 5317; x_wconf 89' lang='lat' dir='ltr'><strong>ad</strong></span> <span class='ocrx_word' id='word_1_510' title='bbox 1064 5261 1184 5318; x_wconf 85' lang='lat' dir='ltr'><strong>Heli</strong></span> <span class='ocrx_word' id='word_1_511' title='bbox 1208 5262 1419 5319; x_wconf 90' lang='lat' dir='ltr'><strong>venisse</strong></span> <span class='ocrx_word' id='word_1_512' title='bbox 1450 5261 1795 5331; x_wconf 89' lang='lat' dir='ltr'><strong>describitur,</strong></span> <span class='ocrx_word' id='word_1_513' title='bbox 1823 5260 1916 5333; x_wconf 86' lang='lat' dir='ltr'><strong>qui</strong></span> 
     </span>
    </p>
   </div>
   <div class='ocr_carea' id='block_1_70' title="bbox 322 5349 1914 5424">
    <p class='ocr_par' dir='ltr' id='par_1_70' title="bbox 322 5349 1914 5424">
     <span class='ocr_line' id='line_1_70' title="bbox 322 5349 1914 5424; baseline 0.002 -19"><span class='ocrx_word' id='word_1_514' title='bbox 322 5349 573 5422; x_wconf 84' lang='lat' dir='ltr'><strong>profecto</strong></span> <span class='ocrx_word' id='word_1_515' title='bbox 619 5353 811 5407; x_wconf 73' lang='lat' dir='ltr'><strong>divina)</strong></span> <span class='ocrx_word' id='word_1_516' title='bbox 858 5356 1155 5409; x_wconf 81' lang='lat' dir='ltr'><strong>sententiae</strong></span> <span class='ocrx_word' id='word_1_517' title='bbox 1192 5355 1533 5410; x_wconf 90' lang='lat' dir='ltr'><strong>severitatem</strong></span> <span class='ocrx_word' id='word_1_518' title='bbox 1585 5354 1914 5424; x_wconf 88' lang='lat' dir='ltr'><strong>prolaturus,</strong></span> 
     </span>
    </p>
   </div>
   <div class='ocr_carea' id='block_1_71' title="bbox 326 5444 1918 5517">
    <p class='ocr_par' dir='ltr' id='par_1_71' title="bbox 326 5444 1918 5517">
     <span class='ocr_line' id='line_1_71' title="bbox 326 5444 1918 5517; baseline 0.001 -20"><span class='ocrx_word' id='word_1_519' title='bbox 326 5452 530 5513; x_wconf 87' lang='lat' dir='ltr'><strong>quanta</strong></span> <span class='ocrx_word' id='word_1_520' title='bbox 559 5445 608 5498; x_wconf 91' lang='lat' dir='ltr'><strong>ei</strong></span> <span class='ocrx_word' id='word_1_521' title='bbox 638 5444 1106 5500; x_wconf 80' lang='lat' dir='ltr'><strong>dona‘contulcrat</strong></span> <span class='ocrx_word' id='word_1_522' title='bbox 1135 5446 1420 5517; x_wconf 86' lang='lat' dir='ltr'><strong>diligenter</strong></span> <span class='ocrx_word' id='word_1_523' title='bbox 1447 5446 1802 5502; x_wconf 90' lang='lat' dir='ltr'><strong>enumeravit.</strong></span> <span class='ocrx_word' id='word_1_524' title='bbox 1851 5444 1918 5500; x_wconf 90' lang='lat' dir='ltr'><strong>Et</strong></span> 
     </span>
    </p>
   </div>
   <div class='ocr_carea' id='block_1_72' title="bbox 325 5536 1927 5610">
    <p class='ocr_par' dir='ltr' id='par_1_72' title="bbox 325 5536 1927 5610">
     <span class='ocr_line' id='line_1_72' title="bbox 325 5536 1927 5610; baseline 0.001 -20"><span class='ocrx_word' id='word_1_525' title='bbox 325 5537 454 5608; x_wconf 83' lang='lat' dir='ltr'><strong>quia</strong></span> <span class='ocrx_word' id='word_1_526' title='bbox 486 5536 696 5591; x_wconf 85' lang='lat' dir='ltr'><strong>tandem</strong></span> <span class='ocrx_word' id='word_1_527' title='bbox 726 5538 969 5593; x_wconf 65' lang='lat' dir='ltr'><strong>vindictae</strong></span> <span class='ocrx_word' id='word_1_528' title='bbox 995 5555 1155 5609; x_wconf 90' lang='lat' dir='ltr'><strong>quam</strong></span> <span class='ocrx_word' id='word_1_529' title='bbox 1178 5548 1475 5594; x_wconf 90' lang='lat' dir='ltr'><strong>mereretur</strong></span> <span class='ocrx_word' id='word_1_530' title='bbox 1494 5553 1706 5610; x_wconf 61' lang='lat' dir='ltr'><strong>poenam</strong></span> <span class='ocrx_word' id='word_1_531' title='bbox 1724 5538 1927 5593; x_wconf 89' lang='lat' dir='ltr'><strong>denun-</strong></span> 
     </span>
    </p>
   </div>
   <div class='ocr_carea' id='block_1_73' title="bbox 326 5626 1923 5698">
    <p class='ocr_par' dir='ltr' id='par_1_73' title="bbox 326 5626 1923 5698">
     <span class='ocr_line' id='line_1_73' title="bbox 326 5626 1923 5698; baseline 0.001 -18"><span class='ocrx_word' id='word_1_532' title='bbox 326 5628 448 5690; x_wconf 86' lang='lat' dir='ltr'><strong>tiat,</strong></span> <span class='ocrx_word' id='word_1_533' title='bbox 476 5626 602 5696; x_wconf 88' lang='lat' dir='ltr'><strong>quid</strong></span> <span class='ocrx_word' id='word_1_534' title='bbox 628 5628 720 5681; x_wconf 91' lang='lat' dir='ltr'><strong>dat</strong></span> <span class='ocrx_word' id='word_1_535' title='bbox 741 5627 983 5695; x_wconf 85' lang='lat' dir='ltr'><strong>intelligi,</strong></span> <span class='ocrx_word' id='word_1_536' title='bbox 1016 5628 1119 5682; x_wconf 89' lang='lat' dir='ltr'><strong>nisi</strong></span> <span class='ocrx_word' id='word_1_537' title='bbox 1146 5628 1271 5696; x_wconf 91' lang='lat' dir='ltr'><strong>quia</strong></span> <span class='ocrx_word' id='word_1_538' title='bbox 1296 5636 1572 5698; x_wconf 84' lang='lat' dir='ltr'><strong>pastorum</strong></span> <span class='ocrx_word' id='word_1_539' title='bbox 1596 5628 1769 5697; x_wconf 70' lang='lat' dir='ltr'><strong>culpa:</strong></span> <span class='ocrx_word' id='word_1_540' title='bbox 1796 5627 1923 5681; x_wconf 88' lang='lat' dir='ltr'><strong>sub-</strong></span> 
     </span>
    </p>
   </div>
   <div class='ocr_carea' id='block_1_74' title="bbox 331 5718 1921 5791">
    <p class='ocr_par' dir='ltr' id='par_1_74' title="bbox 331 5718 1921 5791">
     <span class='ocr_line' id='line_1_74' title="bbox 331 5718 1921 5791; baseline 0.001 -20"><span class='ocrx_word' id='word_1_541' title='bbox 331 5718 478 5772; x_wconf 90' lang='lat' dir='ltr'><strong>tilius</strong></span> <span class='ocrx_word' id='word_1_542' title='bbox 503 5718 857 5786; x_wconf 83' lang='lat' dir='ltr'><strong>judicantur?</strong></span> <span class='ocrx_word' id='word_1_543' title='bbox 894 5729 949 5775; x_wconf 92' lang='lat' dir='ltr'><strong>et</strong></span> <span class='ocrx_word' id='word_1_544' title='bbox 978 5736 1085 5775; x_wconf 93' lang='lat' dir='ltr'><strong>non</strong></span> <span class='ocrx_word' id='word_1_545' title='bbox 1126 5720 1302 5775; x_wconf 90' lang='lat' dir='ltr'><strong>solum</strong></span> <span class='ocrx_word' id='word_1_546' title='bbox 1347 5730 1566 5791; x_wconf 86' lang='lat' dir='ltr'><strong>peccata</strong></span> <span class='ocrx_word' id='word_1_547' title='bbox 1598 5720 1675 5775; x_wconf 90' lang='lat' dir='ltr'><strong>eis</strong></span> <span class='ocrx_word' id='word_1_548' title='bbox 1706 5734 1921 5789; x_wconf 78' lang='lat' dir='ltr'><strong>pmnam</strong></span> 
     </span>
    </p>
   </div>
   <div class='ocr_carea' id='block_1_75' title="bbox 330 5811 1918 5882">
    <p class='ocr_par' dir='ltr' id='par_1_75' title="bbox 330 5811 1918 5882">
     <span class='ocr_line' id='line_1_75' title="bbox 330 5811 1918 5882; baseline 0.002 -17"><span class='ocrx_word' id='word_1_549' title='bbox 330 5811 553 5866; x_wconf 90' lang='lat' dir='ltr'><strong>ultionis</strong></span> <span class='ocrx_word' id='word_1_550' title='bbox 584 5823 900 5882; x_wconf 86' lang='lat' dir='ltr'><strong>aggravant,</strong></span> <span class='ocrx_word' id='word_1_551' title='bbox 929 5813 1023 5869; x_wconf 90' lang='lat' dir='ltr'><strong>sed</strong></span> <span class='ocrx_word' id='word_1_552' title='bbox 1046 5814 1204 5868; x_wconf 90' lang='lat' dir='ltr'><strong>etiam</strong></span> <span class='ocrx_word' id='word_1_553' title='bbox 1233 5829 1459 5869; x_wconf 89' lang='lat' dir='ltr'><strong>munera</strong></span> <span class='ocrx_word' id='word_1_554' title='bbox 1486 5830 1760 5870; x_wconf 88' lang='lat' dir='ltr'><strong>concessa.</strong></span> <span class='ocrx_word' id='word_1_555' title='bbox 1786 5813 1918 5868; x_wconf 83' lang='lat' dir='ltr'><strong>Item</strong></span> 
     </span>
    </p>
   </div>
   <div class='ocr_carea' id='block_1_76' title="bbox 336 5904 1919 5977">
    <p class='ocr_par' dir='ltr' id='par_1_76' title="bbox 336 5904 1919 5977">
     <span class='ocr_line' id='line_1_76' title="bbox 336 5904 1919 5977; baseline 0.001 -19"><span class='ocrx_word' id='word_1_556' title='bbox 336 5904 462 5975; x_wconf 88' lang='lat' dir='ltr'><strong>quia</strong></span> <span class='ocrx_word' id='word_1_557' title='bbox 489 5904 763 5975; x_wconf 89' lang='lat' dir='ltr'><strong>sigillatim</strong></span> <span class='ocrx_word' id='word_1_558' title='bbox 794 5908 982 5963; x_wconf 88' lang='lat' dir='ltr'><strong>eadem</strong></span> <span class='ocrx_word' id='word_1_559' title='bbox 1010 5906 1151 5964; x_wconf 89' lang='lat' dir='ltr'><strong>dona</strong></span> <span class='ocrx_word' id='word_1_560' title='bbox 1195 5905 1439 5977; x_wconf 90' lang='lat' dir='ltr'><strong>replicat,</strong></span> <span class='ocrx_word' id='word_1_561' title='bbox 1474 5906 1670 5977; x_wconf 86' lang='lat' dir='ltr'><strong>aliquid</strong></span> <span class='ocrx_word' id='word_1_562' title='bbox 1700 5905 1919 5976; x_wconf 82' lang='lat' dir='ltr'><strong>gravius</strong></span> 
     </span>
    </p>
   </div>
   <div class='ocr_carea' id='block_1_77' title="bbox 2022 1988 3609 2062">
    <p class='ocr_par' dir='ltr' id='par_1_77' title="bbox 2022 1988 3609 2062">
     <span class='ocr_line' id='line_1_77' title="bbox 2022 1988 3609 2062; baseline 0.004 -21"><span class='ocrx_word' id='word_1_563' title='bbox 2022 2002 2295 2057; x_wconf 88' lang='lat' dir='ltr'><strong>paramus,</strong></span> <span class='ocrx_word' id='word_1_564' title='bbox 2339 1988 2584 2058; x_wconf 80' lang='lat' dir='ltr'><strong>profecto</strong></span> <span class='ocrx_word' id='word_1_565' title='bbox 2612 1990 2850 2045; x_wconf 88' lang='lat' dir='ltr'><strong>victimas</strong></span> <span class='ocrx_word' id='word_1_566' title='bbox 2880 1990 2932 2044; x_wconf 89' lang='lat' dir='ltr'><strong>in</strong></span> <span class='ocrx_word' id='word_1_567' title='bbox 2956 1992 3337 2062; x_wconf 90' lang='lat' dir='ltr'><strong>omnipotentis</strong></span> <span class='ocrx_word' id='word_1_568' title='bbox 3368 1993 3461 2048; x_wconf 91' lang='lat' dir='ltr'><strong>Dei</strong></span> <span class='ocrx_word' id='word_1_569' title='bbox 3492 1994 3609 2047; x_wconf 87' lang='lat' dir='ltr'><strong>lau-</strong></span> 
     </span>
    </p>
   </div>
   <div class='ocr_carea' id='block_1_78' title="bbox 2021 2083 3611 2155">
    <p class='ocr_par' dir='ltr' id='par_1_78' title="bbox 2021 2083 3611 2155">
     <span class='ocr_line' id='line_1_78' title="bbox 2021 2083 3611 2155; baseline 0.001 -15"><span class='ocrx_word' id='word_1_570' title='bbox 2021 2084 2177 2140; x_wconf 87' lang='lat' dir='ltr'><strong>dibus</strong></span> <span class='ocrx_word' id='word_1_571' title='bbox 2205 2094 2471 2140; x_wconf 89' lang='lat' dir='ltr'><strong>tenemus.</strong></span> <span class='ocrx_word' id='word_1_572' title='bbox 2504 2084 2613 2138; x_wconf 88' lang='lat' dir='ltr'><strong>Sed</strong></span> <span class='ocrx_word' id='word_1_573' title='bbox 2652 2084 2879 2139; x_wconf 90' lang='lat' dir='ltr'><strong>devictis</strong></span> <span class='ocrx_word' id='word_1_574' title='bbox 2904 2083 3012 2152; x_wconf 88' lang='lat' dir='ltr'><strong>jam</strong></span> <span class='ocrx_word' id='word_1_575' title='bbox 3037 2084 3102 2139; x_wconf 91' lang='lat' dir='ltr'><strong>iis</strong></span> <span class='ocrx_word' id='word_1_576' title='bbox 3128 2100 3246 2154; x_wconf 74' lang='lat' dir='ltr'><strong>qua:</strong></span> <span class='ocrx_word' id='word_1_577' title='bbox 3292 2087 3611 2155; x_wconf 88' lang='lat' dir='ltr'><strong>ingeruntur</strong></span> 
     </span>
    </p>
   </div>
   <div class='ocr_carea' id='block_1_79' title="bbox 2021 2174 3608 2247">
    <p class='ocr_par' dir='ltr' id='par_1_79' title="bbox 2021 2174 3608 2247">
     <span class='ocr_line' id='line_1_79' title="bbox 2021 2174 3608 2247; baseline -0.001 -14"><span class='ocrx_word' id='word_1_578' title='bbox 2021 2177 2178 2233; x_wconf 90' lang='lat' dir='ltr'><strong>nobis</strong></span> <span class='ocrx_word' id='word_1_579' title='bbox 2208 2176 2425 2247; x_wconf 66' lang='lat' dir='ltr'><strong>proeliis,</strong></span> <span class='ocrx_word' id='word_1_580' title='bbox 2453 2191 2573 2231; x_wconf 90' lang='lat' dir='ltr'><strong>cum</strong></span> <span class='ocrx_word' id='word_1_581' title='bbox 2597 2175 2665 2231; x_wconf 93' lang='lat' dir='ltr'><strong>de</strong></span> <span class='ocrx_word' id='word_1_582' title='bbox 2684 2176 2909 2230; x_wconf 90' lang='lat' dir='ltr'><strong>victoria</strong></span> <span class='ocrx_word' id='word_1_583' title='bbox 2937 2185 3229 2231; x_wconf 89' lang='lat' dir='ltr'><strong>consecuta</strong></span> <span class='ocrx_word' id='word_1_584' title='bbox 3252 2174 3608 2246; x_wconf 89' lang='lat' dir='ltr'><strong>omnipotenti</strong></span> 
     </span>
    </p>
   </div>
   <div class='ocr_carea' id='block_1_80' title="bbox 2021 2266 3606 2336">
    <p class='ocr_par' dir='ltr' id='par_1_80' title="bbox 2021 2266 3606 2336">
     <span class='ocr_line' id='line_1_80' title="bbox 2021 2266 3606 2336; baseline 0 -15"><span class='ocrx_word' id='word_1_585' title='bbox 2021 2267 2132 2323; x_wconf 90' lang='lat' dir='ltr'><strong>Deo</strong></span> <span class='ocrx_word' id='word_1_586' title='bbox 2179 2269 2381 2336; x_wconf 86' lang='lat' dir='ltr'><strong>gratias</strong></span> <span class='ocrx_word' id='word_1_587' title='bbox 2430 2268 2657 2336; x_wconf 87' lang='lat' dir='ltr'><strong>agimus,</strong></span> <span class='ocrx_word' id='word_1_588' title='bbox 2711 2268 2821 2336; x_wconf 76' lang='lat'><strong>86</strong></span> <span class='ocrx_word' id='word_1_589' title='bbox 2857 2266 3028 2321; x_wconf 92' lang='lat' dir='ltr'><strong>eidem</strong></span> <span class='ocrx_word' id='word_1_590' title='bbox 3076 2268 3305 2321; x_wconf 90' lang='lat' dir='ltr'><strong>Domino</strong></span> <span class='ocrx_word' id='word_1_591' title='bbox 3354 2267 3606 2322; x_wconf 91' lang='lat' dir='ltr'><strong>nimirum</strong></span> 
     </span>
    </p>
   </div>
   <div class='ocr_carea' id='block_1_81' title="bbox 2018 2355 3611 2423">
    <p class='ocr_par' dir='ltr' id='par_1_81' title="bbox 2018 2355 3611 2423">
     <span class='ocr_line' id='line_1_81' title="bbox 2018 2355 3611 2423; baseline -0.002 -10"><span class='ocrx_word' id='word_1_592' title='bbox 2018 2358 2264 2414; x_wconf 89' lang='lat' dir='ltr'><strong>victimas</strong></span> <span class='ocrx_word' id='word_1_593' title='bbox 2315 2358 2671 2414; x_wconf 90' lang='lat' dir='ltr'><strong>immolamus.</strong></span> <span class='ocrx_word' id='word_1_594' title='bbox 2706 2356 2806 2423; x_wconf 92' lang='lat' dir='ltr'><strong>Qui</strong></span> <span class='ocrx_word' id='word_1_595' title='bbox 2845 2365 3023 2411; x_wconf 91' lang='lat' dir='ltr'><strong>autem</strong></span> <span class='ocrx_word' id='word_1_596' title='bbox 3062 2356 3119 2411; x_wconf 86' lang='lat' dir='ltr'><strong>ei</strong></span> <span class='ocrx_word' id='word_1_597' title='bbox 3158 2355 3432 2411; x_wconf 84' lang='lat' dir='ltr'><strong>familiaris</strong></span> <span class='ocrx_word' id='word_1_598' title='bbox 3459 2371 3611 2410; x_wconf 89' lang='lat' dir='ltr'><strong>amo—</strong></span> 
     </span>
    </p>
   </div>
   <div class='ocr_carea' id='block_1_82' title="bbox 2019 2434 3610 2518">
    <p class='ocr_par' dir='ltr' id='par_1_82' title="bbox 2019 2434 3610 2518">
     <span class='ocr_line' id='line_1_82' title="bbox 2019 2434 3610 2518; baseline -0.006 -10"><span class='ocrx_word' id='word_1_599' title='bbox 2019 2454 2094 2508; x_wconf 88' lang='lat' dir='ltr'><strong>ris</strong></span> <span class='ocrx_word' id='word_1_600' title='bbox 2124 2453 2372 2508; x_wconf 77' lang='lat' dir='ltr'><strong>allectum</strong></span> <span class='ocrx_word' id='word_1_601' title='bbox 2418 2452 2674 2518; x_wconf 72' lang='lat' dir='ltr'><strong>offerunt,</strong></span> <span class='ocrx_word' id='word_1_602' title='bbox 2707 2450 2855 2518; x_wconf 89' lang='lat' dir='ltr'><strong>quasi</strong></span> <span class='ocrx_word' id='word_1_603' title='bbox 2906 2450 3081 2504; x_wconf 88' lang='lat' dir='ltr'><strong>amico</strong></span> <span class='ocrx_word' id='word_1_604' title='bbox 3131 2434 3375 2504; x_wconf 86' lang='lat' dir='ltr'><strong>munera</strong></span> <span class='ocrx_word' id='word_1_605' title='bbox 3402 2448 3610 2518; x_wconf 88' lang='lat' dir='ltr'><strong>impen-</strong></span> 
     </span>
    </p>
   </div>
   <div class='ocr_carea' id='block_1_83' title="bbox 2019 2537 3610 2611">
    <p class='ocr_par' dir='ltr' id='par_1_83' title="bbox 2019 2537 3610 2611">
     <span class='ocr_line' id='line_1_83' title="bbox 2019 2537 3610 2611; baseline -0.006 -11"><span class='ocrx_word' id='word_1_606' title='bbox 2019 2545 2171 2600; x_wconf 90' lang='lat' dir='ltr'><strong>dunt.</strong></span> <span class='ocrx_word' id='word_1_607' title='bbox 2205 2544 2424 2599; x_wconf 83' lang='lat' dir='ltr'><strong>Munera</strong></span> <span class='ocrx_word' id='word_1_608' title='bbox 2458 2543 2618 2611; x_wconf 85' lang='lat' dir='ltr'><strong>igitur</strong></span> <span class='ocrx_word' id='word_1_609' title='bbox 2647 2550 2773 2597; x_wconf 88' lang='lat' dir='ltr'><strong>sunt</strong></span> <span class='ocrx_word' id='word_1_610' title='bbox 2802 2539 3120 2595; x_wconf 84' lang='lat' dir='ltr'><strong>atlectiones</strong></span> <span class='ocrx_word' id='word_1_611' title='bbox 3149 2539 3446 2603; x_wconf 85' lang='lat' dir='ltr'><strong>charitatis,</strong></span> <span class='ocrx_word' id='word_1_612' title='bbox 3488 2537 3610 2606; x_wconf 88' lang='lat' dir='ltr'><strong>qui-</strong></span> 
     </span>
    </p>
   </div>
   <div class='ocr_carea' id='block_1_84' title="bbox 2018 2632 3609 2694">
    <p class='ocr_par' dir='ltr' id='par_1_84' title="bbox 2018 2632 3609 2694">
     <span class='ocr_line' id='line_1_84' title="bbox 2018 2632 3609 2694; baseline -0.005 0"><span class='ocrx_word' id='word_1_613' title='bbox 2018 2640 2119 2694; x_wconf 91' lang='lat' dir='ltr'><strong>bus</strong></span> <span class='ocrx_word' id='word_1_614' title='bbox 2166 2637 2328 2693; x_wconf 89' lang='lat' dir='ltr'><strong>corda</strong></span> <span class='ocrx_word' id='word_1_615' title='bbox 2376 2637 2671 2691; x_wconf 88' lang='lat' dir='ltr'><strong>electorum</strong></span> <span class='ocrx_word' id='word_1_616' title='bbox 2720 2636 2774 2689; x_wconf 94' lang='lat' dir='ltr'><strong>in</strong></span> <span class='ocrx_word' id='word_1_617' title='bbox 2823 2635 3147 2690; x_wconf 90' lang='lat' dir='ltr'><strong>desiderium</strong></span> <span class='ocrx_word' id='word_1_618' title='bbox 3194 2634 3275 2688; x_wconf 91' lang='lat' dir='ltr'><strong>sui</strong></span> <span class='ocrx_word' id='word_1_619' title='bbox 3314 2632 3609 2688; x_wconf 87' lang='lat' dir='ltr'><strong>conditoris</strong></span> 
     </span>
    </p>
   </div>
   <div class='ocr_carea' id='block_1_85' title="bbox 2019 2725 3605 2797">
    <p class='ocr_par' dir='ltr' id='par_1_85' title="bbox 2019 2725 3605 2797">
     <span class='ocr_line' id='line_1_85' title="bbox 2019 2725 3605 2797; baseline -0.004 -12"><span class='ocrx_word' id='word_1_620' title='bbox 2019 2730 2386 2785; x_wconf 76' lang='lat' dir='ltr'><strong>inardescunt.</strong></span> <span class='ocrx_word' id='word_1_621' title='bbox 2439 2726 2505 2782; x_wconf 83' lang='lat' dir='ltr'><strong>Et</strong></span> <span class='ocrx_word' id='word_1_622' title='bbox 2540 2728 2665 2797; x_wconf 90' lang='lat' dir='ltr'><strong>quia</strong></span> <span class='ocrx_word' id='word_1_623' title='bbox 2707 2743 2828 2783; x_wconf 88' lang='lat' dir='ltr'><strong>cum</strong></span> <span class='ocrx_word' id='word_1_624' title='bbox 2860 2736 3041 2781; x_wconf 84' lang='lat' dir='ltr'><strong>rector</strong></span> <span class='ocrx_word' id='word_1_625' title='bbox 3081 2735 3296 2781; x_wconf 90' lang='lat' dir='ltr'><strong>terrena</strong></span> <span class='ocrx_word' id='word_1_626' title='bbox 3344 2725 3605 2793; x_wconf 90' lang='lat' dir='ltr'><strong>sequitur,</strong></span> 
     </span>
    </p>
   </div>
   <div class='ocr_carea' id='block_1_86' title="bbox 2018 2816 3608 2893">
    <p class='ocr_par' dir='ltr' id='par_1_86' title="bbox 2018 2816 3608 2893">
     <span class='ocr_line' id='line_1_86' title="bbox 2018 2816 3608 2893; baseline -0.004 -17"><span class='ocrx_word' id='word_1_627' title='bbox 2018 2821 2289 2893; x_wconf 89' lang='lat' dir='ltr'><strong>plerisque</strong></span> <span class='ocrx_word' id='word_1_628' title='bbox 2338 2821 2391 2874; x_wconf 88' lang='lat' dir='ltr'><strong>in</strong></span> <span class='ocrx_word' id='word_1_629' title='bbox 2445 2818 2710 2889; x_wconf 81' lang='lat' dir='ltr'><strong>Spirituali</strong></span> <span class='ocrx_word' id='word_1_630' title='bbox 2764 2816 3018 2873; x_wconf 85' lang='lat' dir='ltr'><strong>conﬂictu</strong></span> <span class='ocrx_word' id='word_1_631' title='bbox 3070 2818 3278 2886; x_wconf 89' lang='lat' dir='ltr'><strong>positis,</strong></span> <span class='ocrx_word' id='word_1_632' title='bbox 3334 2817 3608 2887; x_wconf 89' lang='lat' dir='ltr'><strong>plerisque</strong></span> 
     </span>
    </p>
   </div>
   <div class='ocr_carea' id='block_1_87' title="bbox 2018 2907 3609 2983">
    <p class='ocr_par' dir='ltr' id='par_1_87' title="bbox 2018 2907 3609 2983">
     <span class='ocr_line' id='line_1_87' title="bbox 2018 2907 3609 2983; baseline -0.006 -13"><span class='ocrx_word' id='word_1_633' title='bbox 2018 2915 2184 2970; x_wconf 87' lang='lat' dir='ltr'><strong>etiam</strong></span> <span class='ocrx_word' id='word_1_634' title='bbox 2208 2914 2322 2983; x_wconf 87' lang='lat' dir='ltr'><strong>jam</strong></span> <span class='ocrx_word' id='word_1_635' title='bbox 2350 2914 2603 2966; x_wconf 84' lang='lat' dir='ltr'><strong>anhelare</strong></span> <span class='ocrx_word' id='word_1_636' title='bbox 2633 2910 3016 2979; x_wconf 90' lang='lat' dir='ltr'><strong>incipientibus</strong></span> <span class='ocrx_word' id='word_1_637' title='bbox 3044 2918 3225 2972; x_wconf 88' lang='lat' dir='ltr'><strong>nocet,</strong></span> <span class='ocrx_word' id='word_1_638' title='bbox 3269 2909 3417 2964; x_wconf 90' lang='lat' dir='ltr'><strong>calce</strong></span> <span class='ocrx_word' id='word_1_639' title='bbox 3447 2907 3609 2962; x_wconf 90' lang='lat' dir='ltr'><strong>nimi-</strong></span> 
     </span>
    </p>
   </div>
   <div class='ocr_carea' id='block_1_88' title="bbox 2017 2996 3607 3072">
    <p class='ocr_par' dir='ltr' id='par_1_88' title="bbox 2017 2996 3607 3072">
     <span class='ocr_line' id='line_1_88' title="bbox 2017 2996 3607 3072; baseline -0.004 -14"><span class='ocrx_word' id='word_1_640' title='bbox 2017 3020 2135 3059; x_wconf 89' lang='lat' dir='ltr'><strong>rum</strong></span> <span class='ocrx_word' id='word_1_641' title='bbox 2166 3002 2262 3058; x_wconf 91' lang='lat' dir='ltr'><strong>Dei</strong></span> <span class='ocrx_word' id='word_1_642' title='bbox 2315 3002 2558 3056; x_wconf 88' lang='lat' dir='ltr'><strong>victimas</strong></span> <span class='ocrx_word' id='word_1_643' title='bbox 2586 3010 2641 3055; x_wconf 91' lang='lat' dir='ltr'><strong>et</strong></span> <span class='ocrx_word' id='word_1_644' title='bbox 2671 3015 2894 3055; x_wconf 80' lang='lat' dir='ltr'><strong>munera</strong></span> <span class='ocrx_word' id='word_1_645' title='bbox 2936 3000 3138 3069; x_wconf 90' lang='lat' dir='ltr'><strong>abjicit,</strong></span> <span class='ocrx_word' id='word_1_646' title='bbox 3192 2997 3315 3072; x_wconf 87' lang='lat' dir='ltr'><strong>quia</strong></span> <span class='ocrx_word' id='word_1_647' title='bbox 3359 2996 3607 3064; x_wconf 85' lang='lat' dir='ltr'><strong>exemplo</strong></span> 
     </span>
    </p>
   </div>
   <div class='ocr_carea' id='block_1_89' title="bbox 2016 3089 3603 3168">
    <p class='ocr_par' dir='ltr' id='par_1_89' title="bbox 2016 3089 3603 3168">
     <span class='ocr_line' id='line_1_89' title="bbox 2016 3089 3603 3168; baseline -0.007 -14"><span class='ocrx_word' id='word_1_648' title='bbox 2016 3114 2126 3154; x_wconf 68' lang='lat' dir='ltr'><strong>sum</strong></span> <span class='ocrx_word' id='word_1_649' title='bbox 2155 3098 2433 3168; x_wconf 86' lang='lat' dir='ltr'><strong>pravitatis</strong></span> <span class='ocrx_word' id='word_1_650' title='bbox 2462 3094 2774 3151; x_wconf 91' lang='lat' dir='ltr'><strong>eorumdem</strong></span> <span class='ocrx_word' id='word_1_651' title='bbox 2807 3102 3156 3162; x_wconf 91' lang='lat' dir='ltr'><strong>utrorumque</strong></span> <span class='ocrx_word' id='word_1_652' title='bbox 3170 3091 3342 3146; x_wconf 87' lang='lat' dir='ltr'><strong>studia</strong></span> <span class='ocrx_word' id='word_1_653' title='bbox 3365 3089 3603 3158; x_wconf 79' lang='lat' dir='ltr'><strong>expellit.</strong></span> 
     </span>
    </p>
   </div>
   <div class='ocr_carea' id='block_1_90' title="bbox 2019 3183 3610 3260">
    <p class='ocr_par' dir='ltr' id='par_1_90' title="bbox 2019 3183 3610 3260">
     <span class='ocr_line' id='line_1_90' title="bbox 2019 3183 3610 3260; baseline -0.008 -13"><span class='ocrx_word' id='word_1_654' title='bbox 2019 3191 2355 3259; x_wconf 73' lang='lat' dir='ltr'><strong>Abjiciuntur</strong></span> <span class='ocrx_word' id='word_1_655' title='bbox 2398 3190 2579 3260; x_wconf 87' lang='lat' dir='ltr'><strong>itaque</strong></span> <span class='ocrx_word' id='word_1_656' title='bbox 2626 3188 2890 3249; x_wconf 64' lang='lat' dir='ltr'><strong>victimae,</strong></span> <span class='ocrx_word' id='word_1_657' title='bbox 2939 3187 3063 3257; x_wconf 89' lang='lat' dir='ltr'><strong>quia</strong></span> <span class='ocrx_word' id='word_1_658' title='bbox 3112 3201 3254 3255; x_wconf 75' lang='lat' dir='ltr'><strong>smpe</strong></span> <span class='ocrx_word' id='word_1_659' title='bbox 3302 3199 3331 3238; x_wconf 89' lang='lat' dir='ltr'><strong>a</strong></span> <span class='ocrx_word' id='word_1_660' title='bbox 3384 3183 3610 3238; x_wconf 89' lang='lat' dir='ltr'><strong>rudibus</strong></span> 
     </span>
    </p>
   </div>
   <div class='ocr_carea' id='block_1_91' title="bbox 1939 3273 3604 3350">
    <p class='ocr_par' dir='ltr' id='par_1_91' title="bbox 1939 3273 3604 3350">
     <span class='ocr_line' id='line_1_91' title="bbox 1939 3273 3604 3350; baseline -0.007 -13"><span class='ocrx_word' id='word_1_661' title='bbox 1939 3273 1986 3336; x_wconf 92' lang='lat' dir='ltr'>C</span> <span class='ocrx_word' id='word_1_662' title='bbox 2016 3282 2213 3338; x_wconf 86' lang='lat' dir='ltr'><strong>Christi</strong></span> <span class='ocrx_word' id='word_1_663' title='bbox 2261 3280 2518 3335; x_wconf 90' lang='lat' dir='ltr'><strong>militibus</strong></span> <span class='ocrx_word' id='word_1_664' title='bbox 2546 3294 2739 3350; x_wconf 68' lang='lat' dir='ltr'><strong>pugnae</strong></span> <span class='ocrx_word' id='word_1_665' title='bbox 2766 3279 3059 3349; x_wconf 84' lang='lat' dir='ltr'><strong>spiritualis</strong></span> <span class='ocrx_word' id='word_1_666' title='bbox 3086 3278 3237 3331; x_wconf 89' lang='lat' dir='ltr'><strong>labor</strong></span> <span class='ocrx_word' id='word_1_667' title='bbox 3266 3274 3604 3342; x_wconf 88' lang='lat' dir='ltr'><strong>relinquitur,</strong></span> 
     </span>
    </p>
   </div>
   <div class='ocr_carea' id='block_1_92' title="bbox 2018 3367 3607 3441">
    <p class='ocr_par' dir='ltr' id='par_1_92' title="bbox 2018 3367 3607 3441">
     <span class='ocr_line' id='line_1_92' title="bbox 2018 3367 3607 3441; baseline -0.009 -13"><span class='ocrx_word' id='word_1_668' title='bbox 2018 3388 2139 3428; x_wconf 91' lang='lat' dir='ltr'><strong>cum</strong></span> <span class='ocrx_word' id='word_1_669' title='bbox 2172 3371 2439 3441; x_wconf 86' lang='lat' dir='ltr'><strong>principes</strong></span> <span class='ocrx_word' id='word_1_670' title='bbox 2464 3369 2779 3425; x_wconf 82' lang='lat' dir='ltr'><strong>Christianae</strong></span> <span class='ocrx_word' id='word_1_671' title='bbox 2804 3368 3164 3439; x_wconf 82' lang='lat' dir='ltr'><strong>expeditionis</strong></span> <span class='ocrx_word' id='word_1_672' title='bbox 3193 3367 3244 3420; x_wconf 94' lang='lat' dir='ltr'><strong>in</strong></span> <span class='ocrx_word' id='word_1_673' title='bbox 3271 3374 3607 3418; x_wconf 84' lang='lat' dir='ltr'><strong>terrenorqu</strong></span> 
     </span>
    </p>
   </div>
   <div class='ocr_carea' id='block_1_93' title="bbox 2017 3457 3605 3529">
    <p class='ocr_par' dir='ltr' id='par_1_93' title="bbox 2017 3457 3605 3529">
     <span class='ocr_line' id='line_1_93' title="bbox 2017 3457 3605 3529; baseline -0.004 -12"><span class='ocrx_word' id='word_1_674' title='bbox 2017 3463 2509 3517; x_wconf 84' lang='lat' dir='ltr'><strong>blandimentorum</strong></span> <span class='ocrx_word' id='word_1_675' title='bbox 2531 3460 2717 3529; x_wconf 90' lang='lat' dir='ltr'><strong>requie</strong></span> <span class='ocrx_word' id='word_1_676' title='bbox 2747 3459 2898 3528; x_wconf 89' lang='lat' dir='ltr'><strong>sequi</strong></span> <span class='ocrx_word' id='word_1_677' title='bbox 2922 3457 3166 3526; x_wconf 90' lang='lat' dir='ltr'><strong>corporis</strong></span> <span class='ocrx_word' id='word_1_678' title='bbox 3195 3457 3305 3511; x_wconf 91' lang='lat' dir='ltr'><strong>otia</strong></span> <span class='ocrx_word' id='word_1_679' title='bbox 3335 3458 3605 3512; x_wconf 87' lang='lat' dir='ltr'><strong>videntur.</strong></span> 
     </span>
    </p>
   </div>
   <div class='ocr_carea' id='block_1_94' title="bbox 2018 3544 3608 3620">
    <p class='ocr_par' dir='ltr' id='par_1_94' title="bbox 2018 3544 3608 3620">
     <span class='ocr_line' id='line_1_94' title="bbox 2018 3544 3608 3620; baseline -0.005 -14"><span class='ocrx_word' id='word_1_680' title='bbox 2018 3552 2182 3607; x_wconf 84' lang='lat' dir='ltr'><strong>Calce</strong></span> <span class='ocrx_word' id='word_1_681' title='bbox 2207 3551 2533 3620; x_wconf 90' lang='lat' dir='ltr'><strong>abjiciuntur</strong></span> <span class='ocrx_word' id='word_1_682' title='bbox 2564 3547 2805 3611; x_wconf 81' lang='lat' dir='ltr'><strong>munera,</strong></span> <span class='ocrx_word' id='word_1_683' title='bbox 2839 3546 2962 3616; x_wconf 90' lang='lat' dir='ltr'><strong>quia</strong></span> <span class='ocrx_word' id='word_1_684' title='bbox 2990 3544 3302 3601; x_wconf 81' lang='lat' dir='ltr'><strong>atlectiones</strong></span> <span class='ocrx_word' id='word_1_685' title='bbox 3329 3546 3608 3601; x_wconf 87' lang='lat' dir='ltr'><strong>charitatis</strong></span> 
     </span>
    </p>
   </div>
   <div class='ocr_carea' id='block_1_95' title="bbox 2020 3640 3599 3715">
    <p class='ocr_par' dir='ltr' id='par_1_95' title="bbox 2020 3640 3599 3715">
     <span class='ocr_line' id='line_1_95' title="bbox 2020 3640 3599 3715; baseline -0.003 -15"><span class='ocrx_word' id='word_1_686' title='bbox 2020 3661 2049 3700; x_wconf 91' lang='lat' dir='ltr'><strong>a</strong></span> <span class='ocrx_word' id='word_1_687' title='bbox 2079 3645 2429 3715; x_wconf 74' lang='lat' dir='ltr'><strong>plurimorum</strong></span> <span class='ocrx_word' id='word_1_688' title='bbox 2455 3643 2566 3712; x_wconf 89' lang='lat' dir='ltr'><strong>jam</strong></span> <span class='ocrx_word' id='word_1_689' title='bbox 2596 3658 2828 3707; x_wconf 83' lang='lat' dir='ltr'><strong>superna</strong></span> <span class='ocrx_word' id='word_1_690' title='bbox 2855 3640 3187 3710; x_wconf 87' lang='lat' dir='ltr'><strong>diligentium</strong></span> <span class='ocrx_word' id='word_1_691' title='bbox 3209 3648 3391 3695; x_wconf 90' lang='lat' dir='ltr'><strong>mente</strong></span> <span class='ocrx_word' id='word_1_692' title='bbox 3439 3640 3599 3708; x_wconf 87' lang='lat' dir='ltr'><strong>frige-</strong></span> 
     </span>
    </p>
   </div>
   <div class='ocr_carea' id='block_1_96' title="bbox 2019 3732 3601 3806">
    <p class='ocr_par' dir='ltr' id='par_1_96' title="bbox 2019 3732 3601 3806">
     <span class='ocr_line' id='line_1_96' title="bbox 2019 3732 3601 3806; baseline -0.005 -13"><span class='ocrx_word' id='word_1_693' title='bbox 2019 3745 2194 3804; x_wconf 88' lang='lat' dir='ltr'><strong>scunt,</strong></span> <span class='ocrx_word' id='word_1_694' title='bbox 2215 3738 2342 3791; x_wconf 90' lang='lat' dir='ltr'><strong>dum</strong></span> <span class='ocrx_word' id='word_1_695' title='bbox 2362 3736 2613 3806; x_wconf 70' lang='lat' dir='ltr'><strong>prmlatos</strong></span> <span class='ocrx_word' id='word_1_696' title='bbox 2629 3750 2755 3790; x_wconf 89' lang='lat' dir='ltr'><strong>suos</strong></span> <span class='ocrx_word' id='word_1_697' title='bbox 2777 3732 3044 3803; x_wconf 86' lang='lat' dir='ltr'><strong>aspiciunt</strong></span> <span class='ocrx_word' id='word_1_698' title='bbox 3066 3747 3349 3803; x_wconf 86' lang='lat' dir='ltr'><strong>supernam</strong></span> <span class='ocrx_word' id='word_1_699' title='bbox 3374 3732 3601 3802; x_wconf 86' lang='lat' dir='ltr'><strong>patriam</strong></span> 
     </span>
    </p>
   </div>
   <div class='ocr_carea' id='block_1_97' title="bbox 2018 3825 3609 3902">
    <p class='ocr_par' dir='ltr' id='par_1_97' title="bbox 2018 3825 3609 3902">
     <span class='ocr_line' id='line_1_97' title="bbox 2018 3825 3609 3902; baseline -0.005 -15"><span class='ocrx_word' id='word_1_700' title='bbox 2018 3845 2118 3902; x_wconf 88' lang='lat' dir='ltr'><strong>per</strong></span> <span class='ocrx_word' id='word_1_701' title='bbox 2166 3829 2312 3885; x_wconf 90' lang='lat' dir='ltr'><strong>nulla</strong></span> <span class='ocrx_word' id='word_1_702' title='bbox 2369 3829 2568 3883; x_wconf 86' lang='lat' dir='ltr'><strong>amoris</strong></span> <span class='ocrx_word' id='word_1_703' title='bbox 2596 3827 2861 3883; x_wconf 89' lang='lat' dir='ltr'><strong>desideria</strong></span> <span class='ocrx_word' id='word_1_704' title='bbox 2910 3840 3170 3897; x_wconf 65' lang='lat' dir='ltr'><strong>quaerere,</strong></span> <span class='ocrx_word' id='word_1_705' title='bbox 3223 3825 3318 3880; x_wconf 85' lang='lat' dir='ltr'><strong>sed</strong></span> <span class='ocrx_word' id='word_1_706' title='bbox 3364 3827 3609 3895; x_wconf 86' lang='lat' dir='ltr'><strong>corporis</strong></span> 
     </span>
    </p>
   </div>
   <div class='ocr_carea' id='block_1_98' title="bbox 2018 3916 3605 3989">
    <p class='ocr_par' dir='ltr' id='par_1_98' title="bbox 2018 3916 3605 3989">
     <span class='ocr_line' id='line_1_98' title="bbox 2018 3916 3605 3989; baseline -0.003 -14"><span class='ocrx_word' id='word_1_707' title='bbox 2018 3921 2217 3989; x_wconf 84' lang='lat' dir='ltr'><strong>frigore</strong></span> <span class='ocrx_word' id='word_1_708' title='bbox 2261 3920 2583 3975; x_wconf 91' lang='lat' dir='ltr'><strong>constrictos</strong></span> <span class='ocrx_word' id='word_1_709' title='bbox 2648 3918 2845 3972; x_wconf 87' lang='lat' dir='ltr'><strong>intimis</strong></span> <span class='ocrx_word' id='word_1_710' title='bbox 2910 3917 3358 3971; x_wconf 86' lang='lat' dir='ltr'><strong>delectationibus</strong></span> <span class='ocrx_word' id='word_1_711' title='bbox 3402 3916 3605 3985; x_wconf 86' lang='lat' dir='ltr'><strong>jacere.</strong></span> 
     </span>
    </p>
   </div>
   <div class='ocr_carea' id='block_1_99' title="bbox 2020 4008 3609 4083">
    <p class='ocr_par' dir='ltr' id='par_1_99' title="bbox 2020 4008 3609 4083">
     <span class='ocr_line' id='line_1_99' title="bbox 2020 4008 3609 4083; baseline -0.004 -14"><span class='ocrx_word' id='word_1_712' title='bbox 2020 4014 2265 4081; x_wconf 90' lang='lat' dir='ltr'><strong>Quorum</strong></span> <span class='ocrx_word' id='word_1_713' title='bbox 2312 4013 2558 4083; x_wconf 89' lang='lat' dir='ltr'><strong>profecto</strong></span> <span class='ocrx_word' id='word_1_714' title='bbox 2590 4011 2828 4066; x_wconf 91' lang='lat' dir='ltr'><strong>nonnulli</strong></span> <span class='ocrx_word' id='word_1_715' title='bbox 2861 4018 3004 4074; x_wconf 92' lang='lat' dir='ltr'><strong>sunt,</strong></span> <span class='ocrx_word' id='word_1_716' title='bbox 3036 4010 3125 4078; x_wconf 92' lang='lat' dir='ltr'><strong>qui</strong></span> <span class='ocrx_word' id='word_1_717' title='bbox 3166 4009 3312 4078; x_wconf 91' lang='lat' dir='ltr'><strong>ipsos</strong></span> <span class='ocrx_word' id='word_1_718' title='bbox 3341 4008 3609 4077; x_wconf 84' lang='lat' dir='ltr'><strong>spiritales</strong></span> 
     </span>
    </p>
   </div>
   <div class='ocr_carea' id='block_1_100' title="bbox 2019 4099 3602 4169">
    <p class='ocr_par' dir='ltr' id='par_1_100' title="bbox 2019 4099 3602 4169">
     <span class='ocr_line' id='line_1_100' title="bbox 2019 4099 3602 4169; baseline -0.006 -9"><span class='ocrx_word' id='word_1_719' title='bbox 2019 4107 2257 4160; x_wconf 85' lang='lat' dir='ltr'><strong>honores</strong></span> <span class='ocrx_word' id='word_1_720' title='bbox 2278 4105 2569 4161; x_wconf 86' lang='lat' dir='ltr'><strong>carnaliter</strong></span> <span class='ocrx_word' id='word_1_721' title='bbox 2591 4103 2869 4165; x_wconf 84' lang='lat' dir='ltr'><strong>exhibent,</strong></span> <span class='ocrx_word' id='word_1_722' title='bbox 2895 4109 2949 4154; x_wconf 90' lang='lat' dir='ltr'><strong>et</strong></span> <span class='ocrx_word' id='word_1_723' title='bbox 2966 4100 3109 4169; x_wconf 91' lang='lat' dir='ltr'><strong>quod</strong></span> <span class='ocrx_word' id='word_1_724' title='bbox 3130 4099 3335 4152; x_wconf 87' lang='lat' dir='ltr'><strong>meritis</strong></span> <span class='ocrx_word' id='word_1_725' title='bbox 3356 4099 3602 4166; x_wconf 84' lang='lat' dir='ltr'><strong>debetur,</strong></span> 
     </span>
    </p>
   </div>
   <div class='ocr_carea' id='block_1_101' title="bbox 2017 4188 3607 4267">
    <p class='ocr_par' dir='ltr' id='par_1_101' title="bbox 2017 4188 3607 4267">
     <span class='ocr_line' id='line_1_101' title="bbox 2017 4188 3607 4267; baseline -0.007 -16"><span class='ocrx_word' id='word_1_726' title='bbox 2017 4195 2407 4267; x_wconf 80' lang='lat' dir='ltr'><strong>propinquitati</strong></span> <span class='ocrx_word' id='word_1_727' title='bbox 2433 4194 2696 4247; x_wconf 88' lang='lat' dir='ltr'><strong>tribuunt.</strong></span> <span class='ocrx_word' id='word_1_728' title='bbox 2751 4190 2851 4255; x_wconf 90' lang='lat' dir='ltr'><strong>Qui</strong></span> <span class='ocrx_word' id='word_1_729' title='bbox 2882 4188 3123 4258; x_wconf 87' lang='lat' dir='ltr'><strong>profecto</strong></span> <span class='ocrx_word' id='word_1_730' title='bbox 3176 4188 3607 4257; x_wconf 63' lang='lat' dir='ltr'><strong>praesumptionis</strong></span> 
     </span>
    </p>
   </div>
   <div class='ocr_carea' id='block_1_102' title="bbox 2018 4280 3610 4354">
    <p class='ocr_par' dir='ltr' id='par_1_102' title="bbox 2018 4280 3610 4354">
     <span class='ocr_line' id='line_1_102' title="bbox 2018 4280 3610 4354; baseline -0.006 -11"><span class='ocrx_word' id='word_1_731' title='bbox 2018 4304 2129 4343; x_wconf 67' lang='lat' dir='ltr'><strong>suae</strong></span> <span class='ocrx_word' id='word_1_732' title='bbox 2156 4296 2363 4342; x_wconf 89' lang='lat' dir='ltr'><strong>reatum</strong></span> <span class='ocrx_word' id='word_1_733' title='bbox 2394 4290 2835 4354; x_wconf 83' lang='lat' dir='ltr'><strong>expavescerent,</strong></span> <span class='ocrx_word' id='word_1_734' title='bbox 2868 4282 2911 4335; x_wconf 91' lang='lat' dir='ltr'><strong>si</strong></span> <span class='ocrx_word' id='word_1_735' title='bbox 2943 4283 3065 4346; x_wconf 89' lang='lat' dir='ltr'><strong>hoc,</strong></span> <span class='ocrx_word' id='word_1_736' title='bbox 3097 4280 3241 4349; x_wconf 90' lang='lat' dir='ltr'><strong>quod</strong></span> <span class='ocrx_word' id='word_1_737' title='bbox 3270 4280 3334 4335; x_wconf 90' lang='lat' dir='ltr'><strong>de</strong></span> <span class='ocrx_word' id='word_1_738' title='bbox 3374 4280 3491 4335; x_wconf 85' lang='lat' dir='ltr'><strong>Heli</strong></span> <span class='ocrx_word' id='word_1_739' title='bbox 3522 4295 3610 4335; x_wconf 87' lang='lat' dir='ltr'><strong>sa-</strong></span> 
     </span>
    </p>
   </div>
   <div class='ocr_carea' id='block_1_103' title="bbox 2019 4372 3386 4442">
    <p class='ocr_par' dir='ltr' id='par_1_103' title="bbox 2019 4372 3386 4442">
     <span class='ocr_line' id='line_1_103' title="bbox 2019 4372 3386 4442; baseline -0.005 -10"><span class='ocrx_word' id='word_1_740' title='bbox 2019 4376 2242 4432; x_wconf 90' lang='lat' dir='ltr'><strong>cerdote</strong></span> <span class='ocrx_word' id='word_1_741' title='bbox 2272 4375 2529 4429; x_wconf 90' lang='lat' dir='ltr'><strong>Dominus</strong></span> <span class='ocrx_word' id='word_1_742' title='bbox 2555 4372 2817 4442; x_wconf 75' lang='lat' dir='ltr'><strong>queritur,</strong></span> <span class='ocrx_word' id='word_1_743' title='bbox 2849 4379 3053 4426; x_wconf 88' lang='lat' dir='ltr'><strong>attente</strong></span> <span class='ocrx_word' id='word_1_744' title='bbox 3084 4379 3386 4440; x_wconf 86' lang='lat' dir='ltr'><strong>pensarent.</strong></span> 
     </span>
    </p>
   </div>
   <div class='ocr_carea' id='block_1_104' title="bbox 2093 4504 3604 4580">
    <p class='ocr_par' dir='ltr' id='par_1_104' title="bbox 2093 4504 3604 4580">
     <span class='ocr_line' id='line_1_104' title="bbox 2093 4504 3604 4580; baseline -0.004 -16"><span class='ocrx_word' id='word_1_745' title='bbox 2093 4509 2267 4580; x_wconf 84' lang='lat' dir='ltr'><strong>(Vcrs.</strong></span> <span class='ocrx_word' id='word_1_746' title='bbox 2300 4506 2416 4578; x_wconf 77' lang='lat'><strong>9.9.)</strong></span> <span class='ocrx_word' id='word_1_747' title='bbox 2457 4504 2767 4571; x_wconf 81' lang='lat' dir='ltr'><strong>Honornsti,</strong></span> <span class='ocrx_word' id='word_1_748' title='bbox 2812 4504 2980 4575; x_wconf 87' lang='lat' dir='ltr'><strong>inquit</strong></span> <span class='ocrx_word' id='word_1_749' title='bbox 3006 4548 3021 4572; x_wconf 93' lang='lat'><strong>,</strong></span> <span class='ocrx_word' id='word_1_750' title='bbox 3069 4505 3206 4575; x_wconf 80' lang='lat' dir='ltr'><strong>ﬁlios</strong></span> <span class='ocrx_word' id='word_1_751' title='bbox 3249 4515 3380 4568; x_wconf 83' lang='lat' dir='ltr'><strong>tuos,</strong></span> <span class='ocrx_word' id='word_1_752' title='bbox 3439 4506 3604 4577; x_wconf 84' lang='lat' dir='ltr'><strong>magis</strong></span> 
     </span>
    </p>
   </div>
   <div class='ocr_carea' id='block_1_105' title="bbox 2019 4594 3607 4671">
    <p class='ocr_par' dir='ltr' id='par_1_105' title="bbox 2019 4594 3607 4671">
     <span class='ocr_line' id='line_1_105' title="bbox 2019 4594 3607 4671; baseline -0.001 -19"><span class='ocrx_word' id='word_1_753' title='bbox 2019 4616 2172 4671; x_wconf 87' lang='lat' dir='ltr'><strong>quam</strong></span> <span class='ocrx_word' id='word_1_754' title='bbox 2203 4615 2303 4665; x_wconf 86' lang='lat' dir='ltr'><strong>me,</strong></span> <span class='ocrx_word' id='word_1_755' title='bbox 2336 4606 2391 4650; x_wconf 86' lang='lat' dir='ltr'><strong>ut</strong></span> <span class='ocrx_word' id='word_1_756' title='bbox 2419 4595 2749 4651; x_wconf 83' lang='lat' dir='ltr'><strong>comederetis</strong></span> <span class='ocrx_word' id='word_1_757' title='bbox 2772 4597 3027 4667; x_wconf 82' lang='lat' dir='ltr'><strong>primitias</strong></span> <span class='ocrx_word' id='word_1_758' title='bbox 3054 4594 3221 4651; x_wconf 82' lang='lat' dir='ltr'><strong>omnis</strong></span> <span class='ocrx_word' id='word_1_759' title='bbox 3247 4598 3492 4667; x_wconf 82' lang='lat' dir='ltr'><strong>sacriﬁcii</strong></span> <span class='ocrx_word' id='word_1_760' title='bbox 3512 4614 3607 4665; x_wconf 85' lang='lat' dir='ltr'><strong>po-</strong></span> 
     </span>
    </p>
   </div>
   <div class='ocr_carea' id='block_1_106' title="bbox 1943 4662 2483 4764">
    <p class='ocr_par' dir='ltr' id='par_1_106' title="bbox 1943 4662 2483 4764">
     <span class='ocr_line' id='line_1_106' title="bbox 1943 4662 2483 4764; baseline -0.004 -19"><span class='ocrx_word' id='word_1_761' title='bbox 1943 4662 1997 4723; x_wconf 74' lang='lat' dir='ltr'><strong><em>D</em></strong></span> <span class='ocrx_word' id='word_1_762' title='bbox 2022 4662 2133 4764; x_wconf 70' lang='lat' dir='ltr'><strong>puli</strong></span> <span class='ocrx_word' id='word_1_763' title='bbox 2162 4692 2259 4745; x_wconf 85' lang='lat' dir='ltr'><strong>mei</strong></span> <span class='ocrx_word' id='word_1_764' title='bbox 2292 4662 2483 4743; x_wconf 64' lang='lat' dir='ltr'><strong>lsrael.</strong></span> 
     </span>
    </p>
   </div>
   <div class='ocr_carea' id='block_1_107' title="bbox 2095 4798 3607 4870">
    <p class='ocr_par' dir='ltr' id='par_1_107' title="bbox 2095 4798 3607 4870">
     <span class='ocr_line' id='line_1_107' title="bbox 2095 4798 3607 4870; baseline -0.002 -13"><span class='ocrx_word' id='word_1_765' title='bbox 2095 4803 2181 4857; x_wconf 71' lang='lat'><strong>12.</strong></span> <span class='ocrx_word' id='word_1_766' title='bbox 2213 4803 2378 4857; x_wconf 89' lang='lat' dir='ltr'><strong>Filios</strong></span> <span class='ocrx_word' id='word_1_767' title='bbox 2406 4801 2605 4870; x_wconf 88' lang='lat' dir='ltr'><strong>quippe</strong></span> <span class='ocrx_word' id='word_1_768' title='bbox 2642 4808 2697 4855; x_wconf 91' lang='lat' dir='ltr'><strong>et</strong></span> <span class='ocrx_word' id='word_1_769' title='bbox 2726 4800 3058 4870; x_wconf 86' lang='lat' dir='ltr'><strong>prepinquos</strong></span> <span class='ocrx_word' id='word_1_770' title='bbox 3100 4800 3270 4869; x_wconf 78' lang='lat' dir='ltr'><strong>magis</strong></span> <span class='ocrx_word' id='word_1_771' title='bbox 3310 4814 3470 4869; x_wconf 90' lang='lat' dir='ltr'><strong>quam</strong></span> <span class='ocrx_word' id='word_1_772' title='bbox 3503 4798 3607 4854; x_wconf 91' lang='lat' dir='ltr'><strong>Do-</strong></span> 
     </span>
    </p>
   </div>
   <div class='ocr_carea' id='block_1_108' title="bbox 2021 4890 3605 4962">
    <p class='ocr_par' dir='ltr' id='par_1_108' title="bbox 2021 4890 3605 4962">
     <span class='ocr_line' id='line_1_108' title="bbox 2021 4890 3605 4962; baseline -0.003 -13"><span class='ocrx_word' id='word_1_773' title='bbox 2021 4895 2225 4949; x_wconf 88' lang='lat' dir='ltr'><strong>minum</strong></span> <span class='ocrx_word' id='word_1_774' title='bbox 2255 4895 2505 4959; x_wconf 86' lang='lat' dir='ltr'><strong>honorat,</strong></span> <span class='ocrx_word' id='word_1_775' title='bbox 2531 4893 2622 4962; x_wconf 92' lang='lat' dir='ltr'><strong>qui</strong></span> <span class='ocrx_word' id='word_1_776' title='bbox 2663 4893 2729 4946; x_wconf 88' lang='lat' dir='ltr'><strong>ad</strong></span> <span class='ocrx_word' id='word_1_777' title='bbox 2759 4908 2941 4947; x_wconf 85' lang='lat' dir='ltr'><strong>sacros</strong></span> <span class='ocrx_word' id='word_1_778' title='bbox 2971 4891 3192 4947; x_wconf 91' lang='lat' dir='ltr'><strong>ordines</strong></span> <span class='ocrx_word' id='word_1_779' title='bbox 3221 4906 3479 4961; x_wconf 90' lang='lat' dir='ltr'><strong>personas</strong></span> <span class='ocrx_word' id='word_1_780' title='bbox 3506 4890 3605 4945; x_wconf 91' lang='lat' dir='ltr'><strong>eli-</strong></span> 
     </span>
    </p>
   </div>
   <div class='ocr_carea' id='block_1_109' title="bbox 2021 4981 3608 5059">
    <p class='ocr_par' dir='ltr' id='par_1_109' title="bbox 2021 4981 3608 5059">
     <span class='ocr_line' id='line_1_109' title="bbox 2021 4981 3608 5059; baseline -0.003 -17"><span class='ocrx_word' id='word_1_781' title='bbox 2021 4988 2098 5059; x_wconf 59' lang='lat' dir='ltr'><strong>g’t</strong></span> <span class='ocrx_word' id='word_1_782' title='bbox 2127 5003 2235 5042; x_wconf 92' lang='lat' dir='ltr'><strong>non</strong></span> <span class='ocrx_word' id='word_1_783' title='bbox 2265 5002 2331 5040; x_wconf 83' lang='lat' dir='ltr'><strong>ex</strong></span> <span class='ocrx_word' id='word_1_784' title='bbox 2360 4984 2785 5040; x_wconf 87' lang='lat' dir='ltr'><strong>conversationis</strong></span> <span class='ocrx_word' id='word_1_785' title='bbox 2816 4982 3118 5051; x_wconf 85' lang='lat' dir='ltr'><strong>honestate,</strong></span> <span class='ocrx_word' id='word_1_786' title='bbox 3148 4981 3242 5037; x_wconf 89' lang='lat' dir='ltr'><strong>sed</strong></span> <span class='ocrx_word' id='word_1_787' title='bbox 3268 4996 3453 5037; x_wconf 90' lang='lat' dir='ltr'><strong>amore</strong></span> <span class='ocrx_word' id='word_1_788' title='bbox 3482 4998 3608 5052; x_wconf 81' lang='lat' dir='ltr'><strong>pro-</strong></span> 
     </span>
    </p>
   </div>
   <div class='ocr_carea' id='block_1_110' title="bbox 2022 5072 3607 5150">
    <p class='ocr_par' dir='ltr' id='par_1_110' title="bbox 2022 5072 3607 5150">
     <span class='ocr_line' id='line_1_110' title="bbox 2022 5072 3607 5150; baseline -0.005 -17"><span class='ocrx_word' id='word_1_789' title='bbox 2022 5077 2357 5150; x_wconf 90' lang='lat' dir='ltr'><strong>piuquitatis.</strong></span> <span class='ocrx_word' id='word_1_790' title='bbox 2382 5074 2586 5130; x_wconf 87' lang='lat' dir='ltr'><strong>Idcirco</strong></span> <span class='ocrx_word' id='word_1_791' title='bbox 2614 5073 2708 5127; x_wconf 85' lang='lat' dir='ltr'><strong>ﬁlii</strong></span> <span class='ocrx_word' id='word_1_792' title='bbox 2731 5074 2982 5128; x_wconf 88' lang='lat' dir='ltr'><strong>honorati</strong></span> <span class='ocrx_word' id='word_1_793' title='bbox 3008 5072 3331 5137; x_wconf 83' lang='lat' dir='ltr'><strong>referuntur,</strong></span> <span class='ocrx_word' id='word_1_794' title='bbox 3363 5080 3421 5127; x_wconf 92' lang='lat' dir='ltr'><strong>ut</strong></span> <span class='ocrx_word' id='word_1_795' title='bbox 3447 5072 3607 5127; x_wconf 88' lang='lat' dir='ltr'><strong>sacri-</strong></span> 
     </span>
    </p>
   </div>
   <div class='ocr_carea' id='block_1_111' title="bbox 2023 5163 3609 5240">
    <p class='ocr_par' dir='ltr' id='par_1_111' title="bbox 2023 5163 3609 5240">
     <span class='ocr_line' id='line_1_111' title="bbox 2023 5163 3609 5240; baseline -0.005 -15"><span class='ocrx_word' id='word_1_796' title='bbox 2023 5170 2128 5227; x_wconf 84' lang='lat' dir='ltr'><strong>ﬁcii</strong></span> <span class='ocrx_word' id='word_1_797' title='bbox 2157 5169 2415 5240; x_wconf 85' lang='lat' dir='ltr'><strong>primitias</strong></span> <span class='ocrx_word' id='word_1_798' title='bbox 2441 5166 2681 5233; x_wconf 89' lang='lat' dir='ltr'><strong>ederent,</strong></span> <span class='ocrx_word' id='word_1_799' title='bbox 2707 5166 2831 5236; x_wconf 89' lang='lat' dir='ltr'><strong>quia</strong></span> <span class='ocrx_word' id='word_1_800' title='bbox 2856 5163 3099 5219; x_wconf 89' lang='lat' dir='ltr'><strong>carnales</strong></span> <span class='ocrx_word' id='word_1_801' title='bbox 3130 5164 3335 5234; x_wconf 64' lang='lat' dir='ltr'><strong>praelati</strong></span> <span class='ocrx_word' id='word_1_802' title='bbox 3354 5164 3609 5234; x_wconf 88' lang='lat' dir='ltr'><strong>spiritua-</strong></span> 
     </span>
    </p>
   </div>
   <div class='ocr_carea' id='block_1_112' title="bbox 2021 5253 3608 5325">
    <p class='ocr_par' dir='ltr' id='par_1_112' title="bbox 2021 5253 3608 5325">
     <span class='ocr_line' id='line_1_112' title="bbox 2021 5253 3608 5325; baseline -0.006 -7"><span class='ocrx_word' id='word_1_803' title='bbox 2021 5264 2085 5318; x_wconf 91' lang='lat' dir='ltr'><strong>lis</strong></span> <span class='ocrx_word' id='word_1_804' title='bbox 2111 5261 2332 5317; x_wconf 87' lang='lat' dir='ltr'><strong>honoris</strong></span> <span class='ocrx_word' id='word_1_805' title='bbox 2385 5257 2615 5314; x_wconf 89' lang='lat' dir='ltr'><strong>culmina</strong></span> <span class='ocrx_word' id='word_1_806' title='bbox 2661 5255 2962 5312; x_wconf 88' lang='lat' dir='ltr'><strong>carnalibus</strong></span> <span class='ocrx_word' id='word_1_807' title='bbox 3002 5253 3317 5325; x_wconf 90' lang='lat' dir='ltr'><strong>propinquis</strong></span> <span class='ocrx_word' id='word_1_808' title='bbox 3340 5253 3461 5309; x_wconf 92' lang='lat' dir='ltr'><strong>ideo</strong></span> <span class='ocrx_word' id='word_1_809' title='bbox 3512 5254 3608 5308; x_wconf 86' lang='lat' dir='ltr'><strong>tri-</strong></span> 
     </span>
    </p>
   </div>
   <div class='ocr_carea' id='block_1_113' title="bbox 2022 5345 3610 5416">
    <p class='ocr_par' dir='ltr' id='par_1_113' title="bbox 2022 5345 3610 5416">
     <span class='ocr_line' id='line_1_113' title="bbox 2022 5345 3610 5416; baseline -0.006 -8"><span class='ocrx_word' id='word_1_810' title='bbox 2022 5354 2210 5416; x_wconf 91' lang='lat' dir='ltr'><strong>buunt,</strong></span> <span class='ocrx_word' id='word_1_811' title='bbox 2243 5359 2303 5405; x_wconf 90' lang='lat' dir='ltr'><strong>ut</strong></span> <span class='ocrx_word' id='word_1_812' title='bbox 2332 5348 2710 5405; x_wconf 81' lang='lat' dir='ltr'><strong>ecclesiasticis</strong></span> <span class='ocrx_word' id='word_1_813' title='bbox 2732 5346 3076 5400; x_wconf 83' lang='lat' dir='ltr'><strong>facultatibus</strong></span> <span class='ocrx_word' id='word_1_814' title='bbox 3091 5345 3347 5411; x_wconf 90' lang='lat' dir='ltr'><strong>ditentur,</strong></span> <span class='ocrx_word' id='word_1_815' title='bbox 3379 5354 3433 5400; x_wconf 92' lang='lat' dir='ltr'><strong>et</strong></span> <span class='ocrx_word' id='word_1_816' title='bbox 3455 5345 3509 5399; x_wconf 91' lang='lat' dir='ltr'><strong>in</strong></span> <span class='ocrx_word' id='word_1_817' title='bbox 3539 5345 3610 5399; x_wconf 93' lang='lat' dir='ltr'><strong>al-</strong></span> 
     </span>
    </p>
   </div>
   <div class='ocr_carea' id='block_1_114' title="bbox 2023 5434 3603 5497">
    <p class='ocr_par' dir='ltr' id='par_1_114' title="bbox 2023 5434 3603 5497">
     <span class='ocr_line' id='line_1_114' title="bbox 2023 5434 3603 5497; baseline -0.002 0"><span class='ocrx_word' id='word_1_818' title='bbox 2023 5442 2251 5497; x_wconf 89' lang='lat' dir='ltr'><strong>titudine</strong></span> <span class='ocrx_word' id='word_1_819' title='bbox 2299 5440 2501 5495; x_wconf 87' lang='lat' dir='ltr'><strong>ordinis</strong></span> <span class='ocrx_word' id='word_1_820' title='bbox 2545 5437 2887 5493; x_wconf 89' lang='lat' dir='ltr'><strong>cumulentur</strong></span> <span class='ocrx_word' id='word_1_821' title='bbox 2947 5434 3271 5489; x_wconf 87' lang='lat' dir='ltr'><strong>abundantia</strong></span> <span class='ocrx_word' id='word_1_822' title='bbox 3321 5435 3603 5494; x_wconf 88' lang='lat' dir='ltr'><strong>ubertatis.</strong></span> 
     </span>
    </p>
   </div>
   <div class='ocr_carea' id='block_1_115' title="bbox 2030 5526 3604 5601">
    <p class='ocr_par' dir='ltr' id='par_1_115' title="bbox 2030 5526 3604 5601">
     <span class='ocr_line' id='line_1_115' title="bbox 2030 5526 3604 5601; baseline -0.006 -11"><span class='ocrx_word' id='word_1_823' title='bbox 2030 5536 2139 5591; x_wconf 85' lang='lat' dir='ltr'><strong>Nec</strong></span> <span class='ocrx_word' id='word_1_824' title='bbox 2167 5541 2357 5589; x_wconf 88' lang='lat' dir='ltr'><strong>curant</strong></span> <span class='ocrx_word' id='word_1_825' title='bbox 2386 5532 2571 5601; x_wconf 86' lang='lat' dir='ltr'><strong>quales</strong></span> <span class='ocrx_word' id='word_1_826' title='bbox 2591 5537 2715 5584; x_wconf 88' lang='lat' dir='ltr'><strong>sunt</strong></span> <span class='ocrx_word' id='word_1_827' title='bbox 2735 5528 2825 5596; x_wconf 91' lang='lat' dir='ltr'><strong>qui</strong></span> <span class='ocrx_word' id='word_1_828' title='bbox 2853 5526 2918 5581; x_wconf 91' lang='lat' dir='ltr'><strong>ad</strong></span> <span class='ocrx_word' id='word_1_829' title='bbox 2948 5527 3223 5598; x_wconf 89' lang='lat' dir='ltr'><strong>spirituale</strong></span> <span class='ocrx_word' id='word_1_830' title='bbox 3248 5527 3604 5583; x_wconf 87' lang='lat' dir='ltr'><strong>ministeriqu</strong></span> 
     </span>
    </p>
   </div>
   <div class='ocr_carea' id='block_1_116' title="bbox 2029 5617 3607 5689">
    <p class='ocr_par' dir='ltr' id='par_1_116' title="bbox 2029 5617 3607 5689">
     <span class='ocr_line' id='line_1_116' title="bbox 2029 5617 3607 5689; baseline -0.004 -10"><span class='ocrx_word' id='word_1_831' title='bbox 2029 5625 2272 5689; x_wconf 92' lang='lat' dir='ltr'><strong>veniunt,</strong></span> <span class='ocrx_word' id='word_1_832' title='bbox 2322 5622 2413 5677; x_wconf 88' lang='lat' dir='ltr'><strong>sed</strong></span> <span class='ocrx_word' id='word_1_833' title='bbox 2446 5628 2651 5675; x_wconf 89' lang='lat' dir='ltr'><strong>tantum</strong></span> <span class='ocrx_word' id='word_1_834' title='bbox 2681 5626 2740 5672; x_wconf 90' lang='lat' dir='ltr'><strong>ut</strong></span> <span class='ocrx_word' id='word_1_835' title='bbox 2782 5617 3063 5687; x_wconf 90' lang='lat' dir='ltr'><strong>temporali</strong></span> <span class='ocrx_word' id='word_1_836' title='bbox 3108 5617 3369 5688; x_wconf 89' lang='lat' dir='ltr'><strong>dignitate</strong></span> <span class='ocrx_word' id='word_1_837' title='bbox 3413 5617 3607 5688; x_wconf 68' lang='lat' dir='ltr'><strong>prazfe-</strong></span> 
     </span>
    </p>
   </div>
   <div class='ocr_carea' id='block_1_117' title="bbox 2026 5710 3611 5786">
    <p class='ocr_par' dir='ltr' id='par_1_117' title="bbox 2026 5710 3611 5786">
     <span class='ocr_line' id='line_1_117' title="bbox 2026 5710 3611 5786; baseline -0.006 -15"><span class='ocrx_word' id='word_1_838' title='bbox 2026 5724 2149 5772; x_wconf 91' lang='lat' dir='ltr'><strong>rant</strong></span> <span class='ocrx_word' id='word_1_839' title='bbox 2172 5731 2308 5786; x_wconf 87' lang='lat' dir='ltr'><strong>quos</strong></span> <span class='ocrx_word' id='word_1_840' title='bbox 2337 5713 2536 5768; x_wconf 88' lang='lat' dir='ltr'><strong>carnali</strong></span> <span class='ocrx_word' id='word_1_841' title='bbox 2560 5710 2844 5766; x_wconf 79' lang='lat' dir='ltr'><strong>affectione</strong></span> <span class='ocrx_word' id='word_1_842' title='bbox 2874 5711 3326 5781; x_wconf 90' lang='lat' dir='ltr'><strong>complectuntur.</strong></span> <span class='ocrx_word' id='word_1_843' title='bbox 3354 5710 3611 5776; x_wconf 76' lang='lat' dir='ltr'><strong>Queritur</strong></span> 
     </span>
    </p>
   </div>
   <div class='ocr_carea' id='block_1_118' title="bbox 2024 5792 3609 5879">
    <p class='ocr_par' dir='ltr' id='par_1_118' title="bbox 2024 5792 3609 5879">
     <span class='ocr_line' id='line_1_118' title="bbox 2024 5792 3609 5879; baseline -0.011 -13"><span class='ocrx_word' id='word_1_844' title='bbox 2024 5825 2153 5879; x_wconf 87' lang='lat' dir='ltr'><strong>ergo</strong></span> <span class='ocrx_word' id='word_1_845' title='bbox 2192 5809 2486 5863; x_wconf 85' lang='lat' dir='ltr'><strong>honorasse</strong></span> <span class='ocrx_word' id='word_1_846' title='bbox 2516 5804 2672 5869; x_wconf 83' lang='lat' dir='ltr'><strong>tilius,</strong></span> <span class='ocrx_word' id='word_1_847' title='bbox 2719 5803 2811 5858; x_wconf 91' lang='lat' dir='ltr'><strong>sed</strong></span> <span class='ocrx_word' id='word_1_848' title='bbox 2857 5804 3131 5869; x_wconf 87' lang='lat' dir='ltr'><strong>scelestos,</strong></span> <span class='ocrx_word' id='word_1_849' title='bbox 3176 5803 3269 5871; x_wconf 90' lang='lat' dir='ltr'><strong>qui</strong></span> <span class='ocrx_word' id='word_1_850' title='bbox 3309 5812 3364 5856; x_wconf 91' lang='lat' dir='ltr'><strong>et</strong></span> <span class='ocrx_word' id='word_1_851' title='bbox 3406 5792 3609 5853; x_wconf 88' lang='lat' dir='ltr'><strong>carnali</strong></span> 
     </span>
    </p>
   </div>
   <div class='ocr_carea' id='block_1_119' title="bbox 2020 5887 3607 5974">
    <p class='ocr_par' dir='ltr' id='par_1_119' title="bbox 2020 5887 3607 5974">
     <span class='ocr_line' id='line_1_119' title="bbox 2020 5887 3607 5974; baseline -0.011 -17"><span class='ocrx_word' id='word_1_852' title='bbox 2020 5901 2423 5974; x_wconf 82' lang='lat' dir='ltr'><strong>prepinquitate</strong></span> <span class='ocrx_word' id='word_1_853' title='bbox 2472 5898 2703 5971; x_wconf 77' lang='lat' dir='ltr'><strong>proximi</strong></span> <span class='ocrx_word' id='word_1_854' title='bbox 2750 5896 2983 5953; x_wconf 87' lang='lat' dir='ltr'><strong>habendi</strong></span> <span class='ocrx_word' id='word_1_855' title='bbox 3016 5910 3123 5952; x_wconf 90' lang='lat' dir='ltr'><strong>non</strong></span> <span class='ocrx_word' id='word_1_856' title='bbox 3152 5902 3297 5960; x_wconf 88' lang='lat' dir='ltr'><strong>sunt,</strong></span> <span class='ocrx_word' id='word_1_857' title='bbox 3345 5890 3393 5947; x_wconf 87' lang='lat' dir='ltr'><strong>si</strong></span> <span class='ocrx_word' id='word_1_858' title='bbox 3420 5887 3607 5945; x_wconf 86' lang='lat' dir='ltr'><strong>eccle-</strong></span> 
     </span>
    </p>
   </div>
  </div>
