  <div class='ocr_page' id='page_1' title='image "/cluster/home/n/w/nwhite01/storage/ocr_20150623/79/hvd.32044015469414/063.png"; bbox 0 0 4044 6336; ppageno 0'>
   <div class='ocr_carea' id='block_1_1' title="bbox 72 6210 428 6312">
    <p class='ocr_par' dir='ltr' id='par_1_1' title="bbox 76 6214 423 6307">
     <span class='ocr_line' id='line_1_1' title="bbox 76 6214 423 6307; baseline 0 0"><span class='ocrx_word' id='word_1_1' title='bbox 76 6214 423 6307; x_wconf 68' lang='grc' dir='ltr'><strong>Δ</strong></span> 
     </span>
    </p>
   </div>
   <div class='ocr_carea' id='block_1_2' title="bbox 488 410 600 472">
    <p class='ocr_par' dir='ltr' id='par_1_2' title="bbox 488 410 600 472">
     <span class='ocr_line' id='line_1_2' title="bbox 488 410 600 472; baseline -0.018 0"><span class='ocrx_word' id='word_1_2' title='bbox 488 410 600 472; x_wconf 73' lang='lat' dir='ltr'><strong>Illi</strong></span> 
     </span>
    </p>
   </div>
   <div class='ocr_carea' id='block_1_3' title="bbox 1711 410 3784 473">
    <p class='ocr_par' dir='ltr' id='par_1_3' title="bbox 1711 410 3784 473">
     <span class='ocr_line' id='line_1_3' title="bbox 1711 410 3784 473; baseline -0.001 -1"><span class='ocrx_word' id='word_1_3' title='bbox 1711 412 1957 473; x_wconf 76' lang='lat' dir='ltr'><strong>SANCTI</strong></span> <span class='ocrx_word' id='word_1_4' title='bbox 1998 411 2328 473; x_wconf 76' lang='lat' dir='ltr'><strong>GREGORII</strong></span> <span class='ocrx_word' id='word_1_5' title='bbox 2372 410 2585 472; x_wconf 72' lang='lat' dir='ltr'><strong>MAGNI</strong></span> <span class='ocrx_word' id='word_1_6' title='bbox 3687 412 3784 471; x_wconf 79' lang='lat' dir='ltr'><strong>H6</strong></span> 
     </span>
    </p>
   </div>
   <div class='ocr_carea' id='block_1_4' title="bbox 492 526 3784 602">
    <p class='ocr_par' dir='ltr' id='par_1_4' title="bbox 492 526 3784 602">
     <span class='ocr_line' id='line_1_4' title="bbox 492 526 3784 602; baseline 0 -15"><span class='ocrx_word' id='word_1_7' title='bbox 492 529 727 587; x_wconf 62' lang='lat' dir='ltr'><strong>sintita</strong></span> <span class='ocrx_word' id='word_1_8' title='bbox 752 528 1012 588; x_wconf 63' lang='lat' dir='ltr'><strong>doctrina</strong></span> <span class='ocrx_word' id='word_1_9' title='bbox 1065 530 1482 587; x_wconf 84' lang='lat' dir='ltr'><strong>conversatione</strong></span> <span class='ocrx_word' id='word_1_10' title='bbox 1520 542 1860 602; x_wconf 76' lang='lat' dir='ltr'><strong>nequaquam</strong></span> <span class='ocrx_word' id='word_1_11' title='bbox 1904 530 2089 601; x_wconf 76' lang='lat' dir='ltr'><strong>&#39;tnlge-</strong></span> <span class='ocrx_word' id='word_1_12' title='bbox 2119 535 2171 598; x_wconf 76' lang='grc' dir='ltr'>Α</span> <span class='ocrx_word' id='word_1_13' title='bbox 2197 537 2321 585; x_wconf 84' lang='lat' dir='ltr'><strong>sunt</strong></span> <span class='ocrx_word' id='word_1_14' title='bbox 2349 530 2402 585; x_wconf 89' lang='lat' dir='ltr'><strong>in</strong></span> <span class='ocrx_word' id='word_1_15' title='bbox 2432 529 2603 585; x_wconf 84' lang='lat' dir='ltr'><strong>oculis</strong></span> <span class='ocrx_word' id='word_1_16' title='bbox 2631 527 2928 596; x_wconf 79' lang='lat' dir='ltr'><strong>hominum,</strong></span> <span class='ocrx_word' id='word_1_17' title='bbox 2962 526 3125 601; x_wconf 88' lang='lat' dir='ltr'><strong>digno</strong></span> <span class='ocrx_word' id='word_1_18' title='bbox 3153 527 3330 586; x_wconf 88' lang='lat' dir='ltr'><strong>studio</strong></span> <span class='ocrx_word' id='word_1_19' title='bbox 3359 527 3412 585; x_wconf 85' lang='lat' dir='ltr'><strong>in</strong></span> <span class='ocrx_word' id='word_1_20' title='bbox 3447 527 3695 585; x_wconf 85' lang='lat' dir='ltr'><strong>interiori</strong></span> <span class='ocrx_word' id='word_1_21' title='bbox 3720 530 3784 587; x_wconf 79' lang='lat' dir='ltr'><strong>ab</strong></span> 
     </span>
    </p>
   </div>
   <div class='ocr_carea' id='block_1_5' title="bbox 491 620 2081 693">
    <p class='ocr_par' dir='ltr' id='par_1_5' title="bbox 491 620 2081 693">
     <span class='ocr_line' id='line_1_5' title="bbox 491 620 2081 693; baseline -0.001 -15"><span class='ocrx_word' id='word_1_22' title='bbox 491 630 671 679; x_wconf 81' lang='lat' dir='ltr'><strong>scunt.</strong></span> <span class='ocrx_word' id='word_1_23' title='bbox 701 621 813 693; x_wconf 22' lang='lat' dir='ltr'><strong>Sed,</strong></span> <span class='ocrx_word' id='word_1_24' title='bbox 833 620 927 691; x_wconf 86' lang='lat' dir='ltr'><strong>qui</strong></span> <span class='ocrx_word' id='word_1_25' title='bbox 950 621 1212 691; x_wconf 85' lang='lat' dir='ltr'><strong>reprobos</strong></span> <span class='ocrx_word' id='word_1_26' title='bbox 1250 621 1555 691; x_wconf 88' lang='lat' dir='ltr'><strong>provehunt</strong></span> <span class='ocrx_word' id='word_1_27' title='bbox 1582 622 1755 692; x_wconf 87' lang='lat' dir='ltr'><strong>ipsum</strong></span> <span class='ocrx_word' id='word_1_28' title='bbox 1784 622 2081 692; x_wconf 84' lang='lat' dir='ltr'><strong>promotio-</strong></span> 
     </span>
    </p>
   </div>
   <div class='ocr_carea' id='block_1_6' title="bbox 493 713 2080 785">
    <p class='ocr_par' dir='ltr' id='par_1_6' title="bbox 493 713 2080 785">
     <span class='ocr_line' id='line_1_6' title="bbox 493 713 2080 785; baseline 0.001 -16"><span class='ocrx_word' id='word_1_29' title='bbox 493 717 578 770; x_wconf 87' lang='lat' dir='ltr'><strong>nis</strong></span> <span class='ocrx_word' id='word_1_30' title='bbox 604 715 849 771; x_wconf 74' lang='lat' dir='ltr'><strong>ordinent</strong></span> <span class='ocrx_word' id='word_1_31' title='bbox 893 714 1224 771; x_wconf 83' lang='lat' dir='ltr'><strong>confundere</strong></span> <span class='ocrx_word' id='word_1_32' title='bbox 1292 713 1662 785; x_wconf 74' lang='lat' dir='ltr'><strong>designantur,</strong></span> <span class='ocrx_word' id='word_1_33' title='bbox 1710 730 1829 771; x_wconf 91' lang='lat' dir='ltr'><strong>cum</strong></span> <span class='ocrx_word' id='word_1_34' title='bbox 1877 713 2080 771; x_wconf 88' lang='lat' dir='ltr'><strong>idcirco</strong></span> 
     </span>
    </p>
   </div>
   <div class='ocr_carea' id='block_1_7' title="bbox 406 787 2075 879">
    <p class='ocr_par' dir='ltr' id='par_1_7' title="bbox 406 787 2075 879">
     <span class='ocr_line' id='line_1_7' title="bbox 406 787 2075 879; baseline -0.002 -16"><span class='ocrx_word' id='word_1_35' title='bbox 406 787 436 821; x_wconf 43' lang='grc' dir='ltr'>θ</span> <span class='ocrx_word' id='word_1_36' title='bbox 491 809 789 866; x_wconf 81' lang='lat' dir='ltr'><strong>honoratos</strong></span> <span class='ocrx_word' id='word_1_37' title='bbox 816 809 958 865; x_wconf 74' lang='lat' dir='ltr'><strong>[Ilios</strong></span> <span class='ocrx_word' id='word_1_38' title='bbox 980 808 1164 874; x_wconf 76' lang='lat' dir='ltr'><strong>refert,</strong></span> <span class='ocrx_word' id='word_1_39' title='bbox 1189 814 1249 863; x_wconf 86' lang='lat' dir='ltr'><strong>ut</strong></span> <span class='ocrx_word' id='word_1_40' title='bbox 1273 806 1516 865; x_wconf 80' lang='lat' dir='ltr'><strong>sacriﬁcii</strong></span> <span class='ocrx_word' id='word_1_41' title='bbox 1543 808 1809 879; x_wconf 78' lang='lat' dir='ltr'><strong>primitias</strong></span> <span class='ocrx_word' id='word_1_42' title='bbox 1835 806 2075 862; x_wconf 88' lang='lat' dir='ltr'><strong>ederent.</strong></span> 
     </span>
    </p>
   </div>
   <div class='ocr_carea' id='block_1_8' title="bbox 490 899 2074 971">
    <p class='ocr_par' dir='ltr' id='par_1_8' title="bbox 490 899 2074 971">
     <span class='ocr_line' id='line_1_8' title="bbox 490 899 2074 971; baseline -0.003 -13"><span class='ocrx_word' id='word_1_43' title='bbox 490 901 611 957; x_wconf 75' lang='lat' dir='ltr'><strong>Non</strong></span> <span class='ocrx_word' id='word_1_44' title='bbox 637 902 783 957; x_wconf 86' lang='lat' dir='ltr'><strong>enim</strong></span> <span class='ocrx_word' id='word_1_45' title='bbox 808 900 1067 971; x_wconf 75' lang='lat' dir='ltr'><strong>prredicat</strong></span> <span class='ocrx_word' id='word_1_46' title='bbox 1111 902 1366 957; x_wconf 86' lang='lat' dir='ltr'><strong>sacerdos</strong></span> <span class='ocrx_word' id='word_1_47' title='bbox 1398 910 1456 956; x_wconf 93' lang='lat' dir='ltr'><strong>ut</strong></span> <span class='ocrx_word' id='word_1_48' title='bbox 1483 902 1754 967; x_wconf 86' lang='lat' dir='ltr'><strong>comedat,</strong></span> <span class='ocrx_word' id='word_1_49' title='bbox 1798 899 1891 956; x_wconf 91' lang='lat' dir='ltr'><strong>sed</strong></span> <span class='ocrx_word' id='word_1_50' title='bbox 1929 901 2074 962; x_wconf 89' lang='lat' dir='ltr'><strong>ideo,</strong></span> 
     </span>
    </p>
   </div>
   <div class='ocr_carea' id='block_1_9' title="bbox 488 993 2077 1063">
    <p class='ocr_par' dir='ltr' id='par_1_9' title="bbox 488 993 2077 1063">
     <span class='ocr_line' id='line_1_9' title="bbox 488 993 2077 1063; baseline -0.001 -15"><span class='ocrx_word' id='word_1_51' title='bbox 488 1002 548 1048; x_wconf 79' lang='lat' dir='ltr'><strong>nt</strong></span> <span class='ocrx_word' id='word_1_52' title='bbox 575 994 848 1063; x_wconf 77' lang='lat' dir='ltr'><strong>praedicet,</strong></span> <span class='ocrx_word' id='word_1_53' title='bbox 874 994 1203 1049; x_wconf 77' lang='lat' dir='ltr'><strong>manducare</strong></span> <span class='ocrx_word' id='word_1_54' title='bbox 1228 993 1411 1049; x_wconf 88' lang='lat' dir='ltr'><strong>debet.</strong></span> <span class='ocrx_word' id='word_1_55' title='bbox 1441 994 1595 1061; x_wconf 85' lang='lat' dir='ltr'><strong>Quod</strong></span> <span class='ocrx_word' id='word_1_56' title='bbox 1626 1003 1681 1049; x_wconf 92' lang='lat' dir='ltr'><strong>et</strong></span> <span class='ocrx_word' id='word_1_57' title='bbox 1705 994 1904 1048; x_wconf 83' lang='lat' dir='ltr'><strong>Paulus</strong></span> <span class='ocrx_word' id='word_1_58' title='bbox 1951 993 2077 1047; x_wconf 88' lang='lat' dir='ltr'><strong>insi-</strong></span> 
     </span>
    </p>
   </div>
   <div class='ocr_carea' id='block_1_10' title="bbox 487 1084 2076 1159">
    <p class='ocr_par' dir='ltr' id='par_1_10' title="bbox 487 1084 2076 1159">
     <span class='ocr_line' id='line_1_10' title="bbox 487 1084 2076 1159; baseline 0.001 -20"><span class='ocrx_word' id='word_1_59' title='bbox 487 1095 636 1148; x_wconf 89' lang='lat' dir='ltr'><strong>nuat,</strong></span> <span class='ocrx_word' id='word_1_60' title='bbox 667 1087 895 1142; x_wconf 81' lang='lat' dir='ltr'><strong>dicens:</strong></span> <span class='ocrx_word' id='word_1_61' title='bbox 928 1085 1028 1150; x_wconf 82' lang='lat' dir='ltr'><strong>Qui</strong></span> <span class='ocrx_word' id='word_1_62' title='bbox 1058 1086 1396 1159; x_wconf 75' lang='lat' dir='ltr'><strong>Evangelium</strong></span> <span class='ocrx_word' id='word_1_63' title='bbox 1418 1089 1716 1155; x_wconf 82' lang='lat' dir='ltr'><strong>annuntiat,</strong></span> <span class='ocrx_word' id='word_1_64' title='bbox 1748 1087 1811 1141; x_wconf 84' lang='lat' dir='ltr'><strong>de</strong></span> <span class='ocrx_word' id='word_1_65' title='bbox 1832 1084 2076 1158; x_wconf 78' lang='lat' dir='ltr'><strong>Evange-</strong></span> 
     </span>
    </p>
   </div>
   <div class='ocr_carea' id='block_1_11' title="bbox 484 1176 2075 1248">
    <p class='ocr_par' dir='ltr' id='par_1_11' title="bbox 484 1176 2075 1248">
     <span class='ocr_line' id='line_1_11' title="bbox 484 1176 2075 1248; baseline -0.001 -16"><span class='ocrx_word' id='word_1_66' title='bbox 484 1178 557 1233; x_wconf 83' lang='lat' dir='ltr'><strong>lia</strong></span> <span class='ocrx_word' id='word_1_67' title='bbox 583 1177 721 1233; x_wconf 73' lang='lat' dir='ltr'><strong>vivat</strong></span> <span class='ocrx_word' id='word_1_68' title='bbox 746 1176 803 1248; x_wconf 84' lang='lat' dir='ltr'><strong>(I</strong></span> <span class='ocrx_word' id='word_1_69' title='bbox 825 1178 947 1234; x_wconf 89' lang='lat' dir='ltr'><strong>Cor.</strong></span> <span class='ocrx_word' id='word_1_70' title='bbox 981 1194 1054 1245; x_wconf 78' lang='lat' dir='ltr'><strong>rx,</strong></span> <span class='ocrx_word' id='word_1_71' title='bbox 1086 1178 1195 1246; x_wconf 61' lang='lat' dir='ltr'><strong>li).</strong></span> <span class='ocrx_word' id='word_1_72' title='bbox 1231 1178 1366 1235; x_wconf 83' lang='lat' dir='ltr'><strong>Hinc</strong></span> <span class='ocrx_word' id='word_1_73' title='bbox 1397 1177 1587 1235; x_wconf 79' lang='lat' dir='ltr'><strong>iterum</strong></span> <span class='ocrx_word' id='word_1_74' title='bbox 1628 1179 1800 1234; x_wconf 81' lang='lat' dir='ltr'><strong>dicit:</strong></span> <span class='ocrx_word' id='word_1_75' title='bbox 1831 1176 1953 1233; x_wconf 74' lang='lat' dir='ltr'><strong>Bari</strong></span> <span class='ocrx_word' id='word_1_76' title='bbox 1980 1178 2075 1231; x_wconf 84' lang='lat' dir='ltr'><strong>tri-</strong></span> 
     </span>
    </p>
   </div>
   <div class='ocr_carea' id='block_1_12' title="bbox 484 1268 2072 1343">
    <p class='ocr_par' dir='ltr' id='par_1_12' title="bbox 484 1268 2072 1343">
     <span class='ocr_line' id='line_1_12' title="bbox 484 1268 2072 1343; baseline 0.001 -21"><span class='ocrx_word' id='word_1_77' title='bbox 484 1272 684 1325; x_wconf 86' lang='lat' dir='ltr'><strong>turanti</strong></span> <span class='ocrx_word' id='word_1_78' title='bbox 711 1287 813 1324; x_wconf 89' lang='lat' dir='ltr'><strong>non</strong></span> <span class='ocrx_word' id='word_1_79' title='bbox 842 1272 1119 1326; x_wconf 79' lang='lat' dir='ltr'><strong>claudatur</strong></span> <span class='ocrx_word' id='word_1_80' title='bbox 1144 1288 1202 1327; x_wconf 91' lang='lat' dir='ltr'><strong>os</strong></span> <span class='ocrx_word' id='word_1_81' title='bbox 1234 1268 1291 1343; x_wconf 93' lang='lat' dir='ltr'><strong>(I</strong></span> <span class='ocrx_word' id='word_1_82' title='bbox 1314 1270 1432 1326; x_wconf 87' lang='lat' dir='ltr'><strong>Cor.</strong></span> <span class='ocrx_word' id='word_1_83' title='bbox 1468 1288 1541 1337; x_wconf 83' lang='lat' dir='ltr'><strong>rx,</strong></span> <span class='ocrx_word' id='word_1_84' title='bbox 1567 1272 1629 1338; x_wconf 76' lang='grc' dir='ltr'>υς</span> <span class='ocrx_word' id='word_1_85' title='bbox 1658 1269 1682 1324; x_wconf 91' lang='lat' dir='ltr'><strong>I</strong></span> <span class='ocrx_word' id='word_1_86' title='bbox 1718 1268 1849 1325; x_wconf 88' lang='lat' dir='ltr'><strong>Tim.</strong></span> <span class='ocrx_word' id='word_1_87' title='bbox 1883 1286 1934 1333; x_wconf 89' lang='lat' dir='ltr'><strong>v,</strong></span> <span class='ocrx_word' id='word_1_88' title='bbox 1972 1268 2072 1335; x_wconf 80' lang='lat'><strong>18;</strong></span> 
     </span>
    </p>
   </div>
   <div class='ocr_carea' id='block_1_13' title="bbox 482 1362 2074 1435">
    <p class='ocr_par' dir='ltr' id='par_1_13' title="bbox 482 1362 2074 1435">
     <span class='ocr_line' id='line_1_13' title="bbox 482 1362 2074 1435; baseline 0 -18"><span class='ocrx_word' id='word_1_89' title='bbox 482 1363 639 1417; x_wconf 70' lang='lat' dir='ltr'><strong>Deut.</strong></span> <span class='ocrx_word' id='word_1_90' title='bbox 671 1380 799 1430; x_wconf 75' lang='lat' dir='ltr'><strong>xxv,</strong></span> <span class='ocrx_word' id='word_1_91' title='bbox 830 1364 909 1434; x_wconf 66' lang='grc'><strong>4).</strong></span> <span class='ocrx_word' id='word_1_92' title='bbox 942 1374 1000 1420; x_wconf 92' lang='lat' dir='ltr'><strong>ut</strong></span> <span class='ocrx_word' id='word_1_93' title='bbox 1026 1362 1278 1421; x_wconf 76' lang='lat' dir='ltr'><strong>videlicet</strong></span> <span class='ocrx_word' id='word_1_94' title='bbox 1306 1366 1629 1435; x_wconf 58' lang='lat' dir='ltr'><strong>praedicator</strong></span> <span class='ocrx_word' id='word_1_95' title='bbox 1658 1372 1857 1419; x_wconf 65' lang='lat' dir='ltr'><strong>sanctae</strong></span> <span class='ocrx_word' id='word_1_96' title='bbox 1889 1364 2074 1417; x_wconf 83' lang='lat' dir='ltr'><strong>Eccle-</strong></span> 
     </span>
    </p>
   </div>
   <div class='ocr_carea' id='block_1_14' title="bbox 479 1457 2076 1529">
    <p class='ocr_par' dir='ltr' id='par_1_14' title="bbox 479 1457 2076 1529">
     <span class='ocr_line' id='line_1_14' title="bbox 479 1457 2076 1529; baseline 0.001 -19"><span class='ocrx_word' id='word_1_97' title='bbox 479 1458 573 1511; x_wconf 70' lang='lat' dir='ltr'><strong>sia:</strong></span> <span class='ocrx_word' id='word_1_98' title='bbox 605 1458 726 1512; x_wconf 89' lang='lat' dir='ltr'><strong>ideo</strong></span> <span class='ocrx_word' id='word_1_99' title='bbox 751 1460 1138 1514; x_wconf 84' lang='lat' dir='ltr'><strong>comestionem</strong></span> <span class='ocrx_word' id='word_1_100' title='bbox 1171 1459 1543 1514; x_wconf 88' lang='lat' dir='ltr'><strong>subministret</strong></span> <span class='ocrx_word' id='word_1_101' title='bbox 1570 1459 1809 1529; x_wconf 82' lang='lat' dir='ltr'><strong>corpori,</strong></span> <span class='ocrx_word' id='word_1_102' title='bbox 1844 1466 1902 1512; x_wconf 90' lang='lat' dir='ltr'><strong>ut</strong></span> <span class='ocrx_word' id='word_1_103' title='bbox 1932 1457 2076 1511; x_wconf 81' lang='lat' dir='ltr'><strong>ferre</strong></span> 
     </span>
    </p>
   </div>
   <div class='ocr_carea' id='block_1_15' title="bbox 479 1550 2073 1621">
    <p class='ocr_par' dir='ltr' id='par_1_15' title="bbox 479 1550 2073 1621">
     <span class='ocr_line' id='line_1_15' title="bbox 479 1550 2073 1621; baseline 0.001 -18"><span class='ocrx_word' id='word_1_104' title='bbox 479 1551 658 1605; x_wconf 84' lang='lat' dir='ltr'><strong>valeat</strong></span> <span class='ocrx_word' id='word_1_105' title='bbox 685 1551 929 1607; x_wconf 89' lang='lat' dir='ltr'><strong>laborem</strong></span> <span class='ocrx_word' id='word_1_106' title='bbox 951 1550 1368 1621; x_wconf 64' lang='lat' dir='ltr'><strong>praedicationis.</strong></span> <span class='ocrx_word' id='word_1_107' title='bbox 1394 1550 1623 1606; x_wconf 80' lang='lat' dir='ltr'><strong>Rectum</strong></span> <span class='ocrx_word' id='word_1_108' title='bbox 1643 1552 1824 1619; x_wconf 88' lang='lat' dir='ltr'><strong>itaque</strong></span> <span class='ocrx_word' id='word_1_109' title='bbox 1853 1564 2073 1620; x_wconf 89' lang='lat' dir='ltr'><strong>promo-</strong></span> 
     </span>
    </p>
   </div>
   <div class='ocr_carea' id='block_1_16' title="bbox 480 1642 2076 1713">
    <p class='ocr_par' dir='ltr' id='par_1_16' title="bbox 480 1642 2076 1713">
     <span class='ocr_line' id='line_1_16' title="bbox 480 1642 2076 1713; baseline 0 -17"><span class='ocrx_word' id='word_1_110' title='bbox 480 1642 643 1696; x_wconf 89' lang='lat' dir='ltr'><strong>tionis</strong></span> <span class='ocrx_word' id='word_1_111' title='bbox 661 1642 903 1698; x_wconf 84' lang='lat' dir='ltr'><strong>ordinem</strong></span> <span class='ocrx_word' id='word_1_112' title='bbox 924 1652 1237 1712; x_wconf 80' lang='lat' dir='ltr'><strong>pervertere</strong></span> <span class='ocrx_word' id='word_1_113' title='bbox 1260 1644 1699 1712; x_wconf 85' lang='lat' dir='ltr'><strong>comprobantur,</strong></span> <span class='ocrx_word' id='word_1_114' title='bbox 1726 1642 1817 1713; x_wconf 91' lang='lat' dir='ltr'><strong>qui</strong></span> <span class='ocrx_word' id='word_1_115' title='bbox 1849 1642 2076 1712; x_wconf 60' lang='lat' dir='ltr'><strong>propino</strong></span> 
     </span>
    </p>
   </div>
   <div class='ocr_carea' id='block_1_17' title="bbox 476 1730 2076 1799">
    <p class='ocr_par' dir='ltr' id='par_1_17' title="bbox 476 1730 2076 1799">
     <span class='ocr_line' id='line_1_17' title="bbox 476 1730 2076 1799; baseline 0.001 -14"><span class='ocrx_word' id='word_1_116' title='bbox 476 1743 616 1798; x_wconf 82' lang='lat' dir='ltr'><strong>quos</strong></span> <span class='ocrx_word' id='word_1_117' title='bbox 644 1732 967 1799; x_wconf 80' lang='lat' dir='ltr'><strong>provehunt,</strong></span> <span class='ocrx_word' id='word_1_118' title='bbox 997 1747 1106 1787; x_wconf 88' lang='lat' dir='ltr'><strong>non</strong></span> <span class='ocrx_word' id='word_1_119' title='bbox 1152 1732 1220 1785; x_wconf 91' lang='lat' dir='ltr'><strong>ad</strong></span> <span class='ocrx_word' id='word_1_120' title='bbox 1264 1732 1617 1787; x_wconf 91' lang='lat' dir='ltr'><strong>intentionem</strong></span> <span class='ocrx_word' id='word_1_121' title='bbox 1650 1732 1953 1796; x_wconf 85' lang='lat' dir='ltr'><strong>ministerii,</strong></span> <span class='ocrx_word' id='word_1_122' title='bbox 1979 1730 2076 1787; x_wconf 83' lang='lat' dir='ltr'><strong>sed</strong></span> 
     </span>
    </p>
   </div>
   <div class='ocr_carea' id='block_1_18' title="bbox 476 1820 2071 1891">
    <p class='ocr_par' dir='ltr' id='par_1_18' title="bbox 476 1820 2071 1891">
     <span class='ocr_line' id='line_1_18' title="bbox 476 1820 2071 1891; baseline -0.001 -17"><span class='ocrx_word' id='word_1_123' title='bbox 476 1820 543 1874; x_wconf 83' lang='lat' dir='ltr'><strong>ad</strong></span> <span class='ocrx_word' id='word_1_124' title='bbox 562 1821 896 1891; x_wconf 81' lang='lat' dir='ltr'><strong>propositum</strong></span> <span class='ocrx_word' id='word_1_125' title='bbox 918 1821 1213 1889; x_wconf 73' lang='lat' dir='ltr'><strong>dignitatis.</strong></span> <span class='ocrx_word' id='word_1_126' title='bbox 1241 1820 1397 1887; x_wconf 89' lang='lat' dir='ltr'><strong>Quod</strong></span> <span class='ocrx_word' id='word_1_127' title='bbox 1418 1821 1665 1891; x_wconf 78' lang='lat' dir='ltr'><strong>proiecto</strong></span> <span class='ocrx_word' id='word_1_128' title='bbox 1685 1834 1792 1875; x_wconf 87' lang='lat' dir='ltr'><strong>non</strong></span> <span class='ocrx_word' id='word_1_129' title='bbox 1814 1820 2071 1884; x_wconf 79' lang='lat' dir='ltr'><strong>facerent,</strong></span> 
     </span>
    </p>
   </div>
   <div class='ocr_carea' id='block_1_19' title="bbox 474 1913 2156 1983">
    <p class='ocr_par' dir='ltr' id='par_1_19' title="bbox 474 1913 2156 1983">
     <span class='ocr_line' id='line_1_19' title="bbox 474 1913 2156 1983; baseline -0.001 -15"><span class='ocrx_word' id='word_1_130' title='bbox 474 1914 520 1968; x_wconf 87' lang='lat' dir='ltr'><strong>si</strong></span> <span class='ocrx_word' id='word_1_131' title='bbox 546 1927 608 1969; x_wconf 80' lang='lat' dir='ltr'><strong>se</strong></span> <span class='ocrx_word' id='word_1_132' title='bbox 635 1922 691 1968; x_wconf 92' lang='lat' dir='ltr'><strong>et</strong></span> <span class='ocrx_word' id='word_1_133' title='bbox 719 1928 815 1969; x_wconf 81' lang='lat' dir='ltr'><strong>eos</strong></span> <span class='ocrx_word' id='word_1_134' title='bbox 863 1914 917 1967; x_wconf 91' lang='lat' dir='ltr'><strong>in</strong></span> <span class='ocrx_word' id='word_1_135' title='bbox 948 1913 1177 1983; x_wconf 82' lang='lat' dir='ltr'><strong>spiritali</strong></span> <span class='ocrx_word' id='word_1_136' title='bbox 1214 1914 1448 1968; x_wconf 87' lang='lat' dir='ltr'><strong>culmine</strong></span> <span class='ocrx_word' id='word_1_137' title='bbox 1480 1913 1767 1969; x_wconf 88' lang='lat' dir='ltr'><strong>carnaliter</strong></span> <span class='ocrx_word' id='word_1_138' title='bbox 1786 1929 1894 1969; x_wconf 92' lang='lat' dir='ltr'><strong>non</strong></span> <span class='ocrx_word' id='word_1_139' title='bbox 1925 1926 2075 1968; x_wconf 87' lang='lat' dir='ltr'><strong>ama-</strong></span> <span class='ocrx_word' id='word_1_140' title='bbox 2104 1914 2156 1977; x_wconf 74' lang='grc' dir='ltr'><strong>Β</strong></span> 
     </span>
    </p>
   </div>
   <div class='ocr_carea' id='block_1_20' title="bbox 474 2003 2073 2075">
    <p class='ocr_par' dir='ltr' id='par_1_20' title="bbox 474 2003 2073 2075">
     <span class='ocr_line' id='line_1_20' title="bbox 474 2003 2073 2075; baseline -0.001 -14"><span class='ocrx_word' id='word_1_141' title='bbox 474 2014 614 2061; x_wconf 82' lang='lat' dir='ltr'><strong>rent.</strong></span> <span class='ocrx_word' id='word_1_142' title='bbox 646 2003 751 2061; x_wconf 86' lang='lat' dir='ltr'><strong>Sed</strong></span> <span class='ocrx_word' id='word_1_143' title='bbox 783 2004 825 2059; x_wconf 93' lang='lat' dir='ltr'><strong>si</strong></span> <span class='ocrx_word' id='word_1_144' title='bbox 856 2004 977 2060; x_wconf 81' lang='lat' dir='ltr'><strong>Heli</strong></span> <span class='ocrx_word' id='word_1_145' title='bbox 998 2004 1366 2074; x_wconf 82' lang='lat' dir='ltr'><strong>repulsionem</strong></span> <span class='ocrx_word' id='word_1_146' title='bbox 1395 2004 1719 2074; x_wconf 88' lang='lat' dir='ltr'><strong>intelligunt,</strong></span> <span class='ocrx_word' id='word_1_147' title='bbox 1748 2005 1829 2061; x_wconf 88' lang='lat' dir='ltr'><strong>sui</strong></span> <span class='ocrx_word' id='word_1_148' title='bbox 1856 2017 2073 2075; x_wconf 81' lang='lat' dir='ltr'><strong>quoque</strong></span> 
     </span>
    </p>
   </div>
   <div class='ocr_carea' id='block_1_21' title="bbox 476 2094 2073 2163">
    <p class='ocr_par' dir='ltr' id='par_1_21' title="bbox 476 2094 2073 2163">
     <span class='ocr_line' id='line_1_21' title="bbox 476 2094 2073 2163; baseline -0.001 -13"><span class='ocrx_word' id='word_1_149' title='bbox 476 2104 661 2150; x_wconf 78' lang='lat' dir='ltr'><strong>reatus</strong></span> <span class='ocrx_word' id='word_1_150' title='bbox 697 2094 896 2163; x_wconf 80' lang='lat' dir='ltr'><strong>judicia</strong></span> <span class='ocrx_word' id='word_1_151' title='bbox 942 2094 1347 2163; x_wconf 84' lang='lat' dir='ltr'><strong>pertimescant.</strong></span> <span class='ocrx_word' id='word_1_152' title='bbox 1407 2095 1539 2150; x_wconf 80' lang='lat' dir='ltr'><strong>Nam</strong></span> <span class='ocrx_word' id='word_1_153' title='bbox 1570 2095 1751 2150; x_wconf 80' lang='lat' dir='ltr'><strong>divina</strong></span> <span class='ocrx_word' id='word_1_154' title='bbox 1778 2109 1914 2151; x_wconf 90' lang='lat' dir='ltr'><strong>voce</strong></span> <span class='ocrx_word' id='word_1_155' title='bbox 1943 2094 2073 2150; x_wconf 80' lang='lat' dir='ltr'><strong>diei-</strong></span> 
     </span>
    </p>
   </div>
   <div class='ocr_carea' id='block_1_22' title="bbox 477 2166 2073 2258">
    <p class='ocr_par' dir='ltr' id='par_1_22' title="bbox 477 2166 2073 2258">
     <span class='ocr_line' id='line_1_22' title="bbox 477 2166 2073 2258; baseline 0.003 -20"><span class='ocrx_word' id='word_1_156' title='bbox 477 2193 607 2238; x_wconf 87' lang='lat' dir='ltr'><strong>tur:</strong></span> <span class='ocrx_word' id='word_1_157' title='bbox 639 2183 935 2240; x_wconf 77' lang='lat' dir='ltr'><strong>Monorasti</strong></span> <span class='ocrx_word' id='word_1_158' title='bbox 960 2166 1102 2254; x_wconf 72' lang='lat' dir='ltr'><strong>ﬁlios</strong></span> <span class='ocrx_word' id='word_1_159' title='bbox 1134 2195 1246 2240; x_wconf 85' lang='lat' dir='ltr'><strong>tuos</strong></span> <span class='ocrx_word' id='word_1_160' title='bbox 1275 2187 1441 2258; x_wconf 79' lang='lat' dir='ltr'><strong>magis</strong></span> <span class='ocrx_word' id='word_1_161' title='bbox 1482 2202 1636 2257; x_wconf 85' lang='lat' dir='ltr'><strong>quam</strong></span> <span class='ocrx_word' id='word_1_162' title='bbox 1675 2201 1774 2251; x_wconf 81' lang='lat' dir='ltr'><strong>me,</strong></span> <span class='ocrx_word' id='word_1_163' title='bbox 1806 2194 1864 2240; x_wconf 88' lang='lat' dir='ltr'><strong>ut</strong></span> <span class='ocrx_word' id='word_1_164' title='bbox 1905 2202 2073 2242; x_wconf 79' lang='lat' dir='ltr'><strong>conte-</strong></span> 
     </span>
    </p>
   </div>
   <div class='ocr_carea' id='block_1_23' title="bbox 476 2275 1697 2349">
    <p class='ocr_par' dir='ltr' id='par_1_23' title="bbox 476 2275 1697 2349">
     <span class='ocr_line' id='line_1_23' title="bbox 476 2275 1697 2349; baseline 0.004 -19"><span class='ocrx_word' id='word_1_165' title='bbox 476 2275 665 2331; x_wconf 70' lang='lat' dir='ltr'><strong>deretis</strong></span> <span class='ocrx_word' id='word_1_166' title='bbox 686 2292 860 2332; x_wconf 83' lang='lat' dir='ltr'><strong>ontnes</strong></span> <span class='ocrx_word' id='word_1_167' title='bbox 891 2278 1155 2348; x_wconf 75' lang='lat' dir='ltr'><strong>primitias</strong></span> <span class='ocrx_word' id='word_1_168' title='bbox 1182 2280 1359 2349; x_wconf 82' lang='lat' dir='ltr'><strong>populi</strong></span> <span class='ocrx_word' id='word_1_169' title='bbox 1385 2280 1485 2335; x_wconf 86' lang='lat' dir='ltr'><strong>mei</strong></span> <span class='ocrx_word' id='word_1_170' title='bbox 1509 2278 1697 2335; x_wconf 86' lang='lat' dir='ltr'><strong>Israel.</strong></span> 
     </span>
    </p>
   </div>
   <div class='ocr_carea' id='block_1_24' title="bbox 547 2389 2072 2465">
    <p class='ocr_par' dir='ltr' id='par_1_24' title="bbox 547 2389 2072 2465">
     <span class='ocr_line' id='line_1_24' title="bbox 547 2389 2072 2465; baseline 0 -19"><span class='ocrx_word' id='word_1_171' title='bbox 547 2389 724 2462; x_wconf 72' lang='grc' dir='ltr'><strong>(νει-ε.</strong></span> <span class='ocrx_word' id='word_1_172' title='bbox 765 2389 879 2465; x_wconf 79' lang='lat'><strong>30.)</strong></span> <span class='ocrx_word' id='word_1_173' title='bbox 916 2391 1202 2463; x_wconf 78' lang='lat' dir='ltr'><strong>PrOpterea</strong></span> <span class='ocrx_word' id='word_1_174' title='bbox 1249 2395 1322 2448; x_wconf 86' lang='lat' dir='ltr'><strong>ait</strong></span> <span class='ocrx_word' id='word_1_175' title='bbox 1369 2393 1619 2450; x_wconf 75' lang='lat' dir='ltr'><strong>Dominus</strong></span> <span class='ocrx_word' id='word_1_176' title='bbox 1674 2392 1813 2449; x_wconf 89' lang='lat' dir='ltr'><strong>Deus</strong></span> <span class='ocrx_word' id='word_1_177' title='bbox 1865 2392 2072 2449; x_wconf 80' lang='lat' dir='ltr'><strong>Israel:</strong></span> 
     </span>
    </p>
   </div>
   <div class='ocr_carea' id='block_1_25' title="bbox 472 2478 2075 2555">
    <p class='ocr_par' dir='ltr' id='par_1_25' title="bbox 472 2478 2075 2555">
     <span class='ocr_line' id='line_1_25' title="bbox 472 2478 2075 2555; baseline 0.002 -21"><span class='ocrx_word' id='word_1_178' title='bbox 472 2478 930 2554; x_wconf 80' lang='lat' dir='ltr'><strong>Loqueaslocutus</strong></span> <span class='ocrx_word' id='word_1_179' title='bbox 973 2501 1121 2549; x_wconf 89' lang='lat' dir='ltr'><strong>sum,</strong></span> <span class='ocrx_word' id='word_1_180' title='bbox 1157 2492 1213 2538; x_wconf 87' lang='lat' dir='ltr'><strong>ut</strong></span> <span class='ocrx_word' id='word_1_181' title='bbox 1253 2485 1435 2541; x_wconf 85' lang='lat' dir='ltr'><strong>domus</strong></span> <span class='ocrx_word' id='word_1_182' title='bbox 1469 2495 1555 2540; x_wconf 88' lang='lat' dir='ltr'><strong>tua</strong></span> <span class='ocrx_word' id='word_1_183' title='bbox 1600 2496 1651 2540; x_wconf 88' lang='lat' dir='ltr'><strong>et</strong></span> <span class='ocrx_word' id='word_1_184' title='bbox 1690 2485 1870 2541; x_wconf 87' lang='lat' dir='ltr'><strong>domus</strong></span> <span class='ocrx_word' id='word_1_185' title='bbox 1908 2484 2075 2555; x_wconf 87' lang='lat' dir='ltr'><strong>patris</strong></span> 
     </span>
    </p>
   </div>
   <div class='ocr_carea' id='block_1_26' title="bbox 477 2573 2074 2652">
    <p class='ocr_par' dir='ltr' id='par_1_26' title="bbox 477 2573 2074 2652">
     <span class='ocr_line' id='line_1_26' title="bbox 477 2573 2074 2652; baseline 0.004 -27"><span class='ocrx_word' id='word_1_186' title='bbox 477 2573 549 2626; x_wconf 85' lang='lat' dir='ltr'><strong>tui</strong></span> <span class='ocrx_word' id='word_1_187' title='bbox 596 2574 919 2630; x_wconf 72' lang='lat' dir='ltr'><strong>ministraret</strong></span> <span class='ocrx_word' id='word_1_188' title='bbox 960 2576 1014 2630; x_wconf 87' lang='lat' dir='ltr'><strong>in</strong></span> <span class='ocrx_word' id='word_1_189' title='bbox 1048 2584 1323 2645; x_wconf 83' lang='lat' dir='ltr'><strong>conspectu</strong></span> <span class='ocrx_word' id='word_1_190' title='bbox 1354 2594 1465 2633; x_wconf 87' lang='lat' dir='ltr'><strong>meo</strong></span> <span class='ocrx_word' id='word_1_191' title='bbox 1508 2595 1663 2652; x_wconf 89' lang='lat' dir='ltr'><strong>usque</strong></span> <span class='ocrx_word' id='word_1_192' title='bbox 1698 2580 1753 2633; x_wconf 89' lang='lat' dir='ltr'><strong>in</strong></span> <span class='ocrx_word' id='word_1_193' title='bbox 1801 2579 2074 2649; x_wconf 84' lang='lat' dir='ltr'><strong>sempiter-</strong></span> 
     </span>
    </p>
   </div>
   <div class='ocr_carea' id='block_1_27' title="bbox 474 2665 1494 2724">
    <p class='ocr_par' dir='ltr' id='par_1_27' title="bbox 474 2665 1494 2724">
     <span class='ocr_line' id='line_1_27' title="bbox 474 2665 1494 2724; baseline 0.007 -7"><span class='ocrx_word' id='word_1_194' title='bbox 474 2680 617 2719; x_wconf 88' lang='lat' dir='ltr'><strong>num.</strong></span> <span class='ocrx_word' id='word_1_195' title='bbox 672 2665 830 2721; x_wconf 84' lang='lat' dir='ltr'><strong>Nunc</strong></span> <span class='ocrx_word' id='word_1_196' title='bbox 857 2676 1030 2723; x_wconf 86' lang='lat' dir='ltr'><strong>autem</strong></span> <span class='ocrx_word' id='word_1_197' title='bbox 1056 2667 1190 2723; x_wconf 89' lang='lat' dir='ltr'><strong>absit</strong></span> <span class='ocrx_word' id='word_1_198' title='bbox 1221 2670 1313 2724; x_wconf 85' lang='lat' dir='ltr'><strong>hoc</strong></span> <span class='ocrx_word' id='word_1_199' title='bbox 1337 2686 1369 2723; x_wconf 91' lang='lat' dir='ltr'><strong>a</strong></span> <span class='ocrx_word' id='word_1_200' title='bbox 1397 2687 1494 2724; x_wconf 90' lang='lat' dir='ltr'><strong>me.</strong></span> 
     </span>
    </p>
   </div>
   <div class='ocr_carea' id='block_1_28' title="bbox 548 2754 2075 2831">
    <p class='ocr_par' dir='ltr' id='par_1_28' title="bbox 548 2754 2075 2831">
     <span class='ocr_line' id='line_1_28' title="bbox 548 2754 2075 2831; baseline 0.005 -22"><span class='ocrx_word' id='word_1_201' title='bbox 548 2754 635 2811; x_wconf 65' lang='lat'><strong>13.</strong></span> <span class='ocrx_word' id='word_1_202' title='bbox 676 2754 812 2814; x_wconf 82' lang='lat' dir='ltr'><strong>Ecce</strong></span> <span class='ocrx_word' id='word_1_203' title='bbox 860 2754 978 2813; x_wconf 76' lang='lat' dir='ltr'><strong>Heli</strong></span> <span class='ocrx_word' id='word_1_204' title='bbox 1002 2759 1319 2817; x_wconf 86' lang='lat' dir='ltr'><strong>celsitudine</strong></span> <span class='ocrx_word' id='word_1_205' title='bbox 1347 2759 1621 2831; x_wconf 75' lang='lat' dir='ltr'><strong>dignitatis</strong></span> <span class='ocrx_word' id='word_1_206' title='bbox 1641 2763 1907 2818; x_wconf 83' lang='lat' dir='ltr'><strong>sententia</strong></span> <span class='ocrx_word' id='word_1_207' title='bbox 1937 2762 2075 2818; x_wconf 83' lang='lat' dir='ltr'><strong>divi-</strong></span> 
     </span>
    </p>
   </div>
   <div class='ocr_carea' id='block_1_29' title="bbox 474 2847 2076 2922">
    <p class='ocr_par' dir='ltr' id='par_1_29' title="bbox 474 2847 2076 2922">
     <span class='ocr_line' id='line_1_29' title="bbox 474 2847 2076 2922; baseline 0.006 -21"><span class='ocrx_word' id='word_1_208' title='bbox 474 2862 544 2902; x_wconf 88' lang='lat' dir='ltr'><strong>na</strong></span> <span class='ocrx_word' id='word_1_209' title='bbox 574 2847 881 2919; x_wconf 90' lang='lat' dir='ltr'><strong>deponitur,</strong></span> <span class='ocrx_word' id='word_1_210' title='bbox 904 2850 995 2919; x_wconf 88' lang='lat' dir='ltr'><strong>qui</strong></span> <span class='ocrx_word' id='word_1_211' title='bbox 1036 2865 1134 2921; x_wconf 85' lang='lat' dir='ltr'><strong>pro</strong></span> <span class='ocrx_word' id='word_1_212' title='bbox 1150 2852 1507 2922; x_wconf 89' lang='lat' dir='ltr'><strong>primitiarum</strong></span> <span class='ocrx_word' id='word_1_213' title='bbox 1533 2868 1624 2909; x_wconf 92' lang='lat' dir='ltr'><strong>esu</strong></span> <span class='ocrx_word' id='word_1_214' title='bbox 1653 2855 1913 2911; x_wconf 83' lang='lat' dir='ltr'><strong>scelestos</strong></span> <span class='ocrx_word' id='word_1_215' title='bbox 1938 2854 2076 2910; x_wconf 87' lang='lat' dir='ltr'><strong>lilios</strong></span> 
     </span>
    </p>
   </div>
   <div class='ocr_carea' id='block_1_30' title="bbox 472 2937 2075 3015">
    <p class='ocr_par' dir='ltr' id='par_1_30' title="bbox 472 2937 2075 3015">
     <span class='ocr_line' id='line_1_30' title="bbox 472 2937 2075 3015; baseline 0.004 -21"><span class='ocrx_word' id='word_1_216' title='bbox 472 2937 774 2997; x_wconf 88' lang='lat' dir='ltr'><strong>honorasse</strong></span> <span class='ocrx_word' id='word_1_217' title='bbox 815 2943 1175 3013; x_wconf 83' lang='lat' dir='ltr'><strong>convincitur,</strong></span> <span class='ocrx_word' id='word_1_218' title='bbox 1202 2952 1261 2999; x_wconf 88' lang='lat' dir='ltr'><strong>ut</strong></span> <span class='ocrx_word' id='word_1_219' title='bbox 1286 2945 1534 3015; x_wconf 79' lang='lat' dir='ltr'><strong>profecto</strong></span> <span class='ocrx_word' id='word_1_220' title='bbox 1583 2957 1783 3001; x_wconf 70' lang='lat' dir='ltr'><strong>sancta:</strong></span> <span class='ocrx_word' id='word_1_221' title='bbox 1820 2944 2075 3001; x_wconf 69' lang='lat' dir='ltr'><strong>Ecclesia:</strong></span> 
     </span>
    </p>
   </div>
   <div class='ocr_carea' id='block_1_31' title="bbox 475 3035 2076 3107">
    <p class='ocr_par' dir='ltr' id='par_1_31' title="bbox 475 3035 2076 3107">
     <span class='ocr_line' id='line_1_31' title="bbox 475 3035 2076 3107; baseline 0.002 -18"><span class='ocrx_word' id='word_1_222' title='bbox 475 3035 857 3103; x_wconf 70' lang='lat' dir='ltr'><strong>prtedicatores</strong></span> <span class='ocrx_word' id='word_1_223' title='bbox 886 3038 993 3107; x_wconf 77' lang='lat'><strong>87</strong></span> <span class='ocrx_word' id='word_1_224' title='bbox 1045 3036 1342 3105; x_wconf 83' lang='lat' dir='ltr'><strong>intelligant</strong></span> <span class='ocrx_word' id='word_1_225' title='bbox 1372 3038 1497 3107; x_wconf 88' lang='lat' dir='ltr'><strong>quia</strong></span> <span class='ocrx_word' id='word_1_226' title='bbox 1546 3040 1592 3094; x_wconf 89' lang='lat' dir='ltr'><strong>si</strong></span> <span class='ocrx_word' id='word_1_227' title='bbox 1636 3040 1837 3095; x_wconf 88' lang='lat' dir='ltr'><strong>carnali</strong></span> <span class='ocrx_word' id='word_1_228' title='bbox 1890 3053 2076 3095; x_wconf 89' lang='lat' dir='ltr'><strong>amore</strong></span> 
     </span>
    </p>
   </div>
   <div class='ocr_carea' id='block_1_32' title="bbox 474 3127 2075 3200">
    <p class='ocr_par' dir='ltr' id='par_1_32' title="bbox 474 3127 2075 3200">
     <span class='ocr_line' id='line_1_32' title="bbox 474 3127 2075 3200; baseline 0.002 -16"><span class='ocrx_word' id='word_1_229' title='bbox 474 3128 721 3198; x_wconf 87' lang='lat' dir='ltr'><strong>reprobis</strong></span> <span class='ocrx_word' id='word_1_230' title='bbox 741 3127 1002 3200; x_wconf 81' lang='lat' dir='ltr'><strong>spiritalia</strong></span> <span class='ocrx_word' id='word_1_231' title='bbox 1023 3129 1323 3185; x_wconf 89' lang='lat' dir='ltr'><strong>ministeria</strong></span> <span class='ocrx_word' id='word_1_232' title='bbox 1353 3132 1589 3187; x_wconf 88' lang='lat' dir='ltr'><strong>scienter</strong></span> <span class='ocrx_word' id='word_1_233' title='bbox 1618 3133 1979 3198; x_wconf 90' lang='lat' dir='ltr'><strong>committunt,</strong></span> <span class='ocrx_word' id='word_1_234' title='bbox 2007 3131 2075 3187; x_wconf 89' lang='lat' dir='ltr'><strong>ab</strong></span> 
     </span>
    </p>
   </div>
   <div class='ocr_carea' id='block_1_33' title="bbox 476 3216 2075 3287">
    <p class='ocr_par' dir='ltr' id='par_1_33' title="bbox 476 3216 2075 3287">
     <span class='ocr_line' id='line_1_33' title="bbox 476 3216 2075 3287; baseline 0.002 -15"><span class='ocrx_word' id='word_1_235' title='bbox 476 3216 569 3272; x_wconf 92' lang='lat' dir='ltr'><strong>illo</strong></span> <span class='ocrx_word' id='word_1_236' title='bbox 602 3217 652 3271; x_wconf 94' lang='lat' dir='ltr'><strong>in</strong></span> <span class='ocrx_word' id='word_1_237' title='bbox 683 3232 790 3287; x_wconf 88' lang='lat' dir='ltr'><strong>quo</strong></span> <span class='ocrx_word' id='word_1_238' title='bbox 820 3216 949 3274; x_wconf 80' lang='lat' dir='ltr'><strong>foris</strong></span> <span class='ocrx_word' id='word_1_239' title='bbox 979 3227 1127 3274; x_wconf 91' lang='lat' dir='ltr'><strong>stare</strong></span> <span class='ocrx_word' id='word_1_240' title='bbox 1155 3220 1406 3275; x_wconf 88' lang='lat' dir='ltr'><strong>videntur</strong></span> <span class='ocrx_word' id='word_1_241' title='bbox 1434 3220 1669 3277; x_wconf 87' lang='lat' dir='ltr'><strong>culmine</strong></span> <span class='ocrx_word' id='word_1_242' title='bbox 1700 3220 1895 3275; x_wconf 87' lang='lat' dir='ltr'><strong>interni</strong></span> <span class='ocrx_word' id='word_1_243' title='bbox 1927 3221 2075 3275; x_wconf 86' lang='lat' dir='ltr'><strong>arbi-</strong></span> 
     </span>
    </p>
   </div>
   <div class='ocr_carea' id='block_1_34' title="bbox 477 3308 861 3379">
    <p class='ocr_par' dir='ltr' id='par_1_34' title="bbox 477 3308 861 3379">
     <span class='ocr_line' id='line_1_34' title="bbox 477 3308 861 3379; baseline 0.008 -17"><span class='ocrx_word' id='word_1_244' title='bbox 477 3308 545 3362; x_wconf 91' lang='lat' dir='ltr'><strong>tri</strong></span> <span class='ocrx_word' id='word_1_245' title='bbox 607 3308 861 3379; x_wconf 82' lang='lat' dir='ltr'><strong>:equitate</strong></span> 
     </span>
    </p>
   </div>
   <div class='ocr_carea' id='block_1_35' title="bbox 469 3399 689 3470">
    <p class='ocr_par' dir='ltr' id='par_1_35' title="bbox 469 3399 689 3470">
     <span class='ocr_line' id='line_1_35' title="bbox 469 3399 689 3470; baseline -0.005 -15"><span class='ocrx_word' id='word_1_246' title='bbox 469 3399 689 3470; x_wconf 80' lang='lat' dir='ltr'><strong>junxit:</strong></span> 
     </span>
    </p>
   </div>
   <div class='ocr_carea' id='block_1_36' title="bbox 549 3526 2074 3601">
    <p class='ocr_par' dir='ltr' id='par_1_36' title="bbox 549 3526 2074 3601">
     <span class='ocr_line' id='line_1_36' title="bbox 549 3526 2074 3601; baseline 0.003 -22"><span class='ocrx_word' id='word_1_247' title='bbox 549 3526 728 3597; x_wconf 85' lang='lat' dir='ltr'><strong>(Vers.</strong></span> <span class='ocrx_word' id='word_1_248' title='bbox 769 3527 886 3598; x_wconf 82' lang='lat'><strong>&#39;50.)</strong></span> <span class='ocrx_word' id='word_1_249' title='bbox 926 3527 1035 3583; x_wconf 84' lang='lat' dir='ltr'><strong>Sed</strong></span> <span class='ocrx_word' id='word_1_250' title='bbox 1061 3531 1348 3601; x_wconf 80' lang='lat' dir='ltr'><strong>quicunque</strong></span> <span class='ocrx_word' id='word_1_251' title='bbox 1378 3529 1748 3601; x_wconf 83' lang='lat' dir='ltr'><strong>gloriﬁcaverit</strong></span> <span class='ocrx_word' id='word_1_252' title='bbox 1778 3545 1875 3591; x_wconf 88' lang='lat' dir='ltr'><strong>me,</strong></span> <span class='ocrx_word' id='word_1_253' title='bbox 1907 3529 2074 3600; x_wconf 83' lang='lat' dir='ltr'><strong>glori-</strong></span> 
     </span>
    </p>
   </div>
   <div class='ocr_carea' id='block_1_37' title="bbox 475 3620 804 3688">
    <p class='ocr_par' dir='ltr' id='par_1_37' title="bbox 475 3620 804 3688">
     <span class='ocr_line' id='line_1_37' title="bbox 475 3620 804 3688; baseline 0.006 -16"><span class='ocrx_word' id='word_1_254' title='bbox 475 3620 645 3688; x_wconf 83' lang='lat' dir='ltr'><strong>ficabo</strong></span> <span class='ocrx_word' id='word_1_255' title='bbox 667 3636 804 3674; x_wconf 88' lang='lat' dir='ltr'><strong>eunt.</strong></span> 
     </span>
    </p>
   </div>
   <div class='ocr_carea' id='block_1_38' title="bbox 552 3729 2073 3790">
    <p class='ocr_par' dir='ltr' id='par_1_38' title="bbox 552 3729 2073 3790">
     <span class='ocr_line' id='line_1_38' title="bbox 552 3729 2073 3790; baseline 0.005 -9"><span class='ocrx_word' id='word_1_256' title='bbox 552 3730 637 3785; x_wconf 77' lang='lat' dir='ltr'><strong>M.</strong></span> <span class='ocrx_word' id='word_1_257' title='bbox 679 3729 851 3785; x_wconf 86' lang='lat' dir='ltr'><strong>Etiam</strong></span> <span class='ocrx_word' id='word_1_258' title='bbox 882 3732 1264 3787; x_wconf 88' lang='lat' dir='ltr'><strong>inhonoratum</strong></span> <span class='ocrx_word' id='word_1_259' title='bbox 1296 3733 1459 3788; x_wconf 87' lang='lat' dir='ltr'><strong>luisse</strong></span> <span class='ocrx_word' id='word_1_260' title='bbox 1508 3750 1696 3789; x_wconf 88' lang='lat' dir='ltr'><strong>eorum</strong></span> <span class='ocrx_word' id='word_1_261' title='bbox 1726 3734 1950 3790; x_wconf 82' lang='lat' dir='ltr'><strong>audacia</strong></span> <span class='ocrx_word' id='word_1_262' title='bbox 1992 3736 2073 3789; x_wconf 89' lang='lat' dir='ltr'><strong>Ia-</strong></span> 
     </span>
    </p>
   </div>
   <div class='ocr_carea' id='block_1_39' title="bbox 478 3822 2073 3894">
    <p class='ocr_par' dir='ltr' id='par_1_39' title="bbox 478 3822 2073 3894">
     <span class='ocr_line' id='line_1_39' title="bbox 478 3822 2073 3894; baseline 0.002 -18"><span class='ocrx_word' id='word_1_263' title='bbox 478 3831 657 3877; x_wconf 87' lang='lat' dir='ltr'><strong>tenter</strong></span> <span class='ocrx_word' id='word_1_264' title='bbox 683 3823 874 3876; x_wconf 80' lang='lat' dir='ltr'><strong>innuit.</strong></span> <span class='ocrx_word' id='word_1_265' title='bbox 906 3822 1109 3889; x_wconf 86' lang='lat' dir='ltr'><strong>Quibus</strong></span> <span class='ocrx_word' id='word_1_266' title='bbox 1135 3824 1379 3893; x_wconf 82' lang='lat' dir='ltr'><strong>profecto</strong></span> <span class='ocrx_word' id='word_1_267' title='bbox 1409 3833 1463 3879; x_wconf 91' lang='lat' dir='ltr'><strong>et</strong></span> <span class='ocrx_word' id='word_1_268' title='bbox 1492 3825 1688 3880; x_wconf 87' lang='lat' dir='ltr'><strong>Paulus</strong></span> <span class='ocrx_word' id='word_1_269' title='bbox 1712 3826 1937 3894; x_wconf 89' lang='lat' dir='ltr'><strong>idipsum</strong></span> <span class='ocrx_word' id='word_1_270' title='bbox 1968 3826 2073 3879; x_wconf 87' lang='lat' dir='ltr'><strong>im-</strong></span> 
     </span>
    </p>
   </div>
   <div class='ocr_carea' id='block_1_40' title="bbox 474 3913 2076 3987">
    <p class='ocr_par' dir='ltr' id='par_1_40' title="bbox 474 3913 2076 3987">
     <span class='ocr_line' id='line_1_40' title="bbox 474 3913 2076 3987; baseline 0.004 -20"><span class='ocrx_word' id='word_1_271' title='bbox 474 3928 775 3983; x_wconf 78' lang='lat' dir='ltr'><strong>properans</strong></span> <span class='ocrx_word' id='word_1_272' title='bbox 803 3914 877 3968; x_wconf 87' lang='lat' dir='ltr'><strong>ait</strong></span> <span class='ocrx_word' id='word_1_273' title='bbox 901 3932 914 3967; x_wconf 91' lang='lat'><strong>:</strong></span> <span class='ocrx_word' id='word_1_274' title='bbox 948 3913 1155 3969; x_wconf 85' lang='lat' dir='ltr'><strong>Nomen</strong></span> <span class='ocrx_word' id='word_1_275' title='bbox 1176 3915 1275 3969; x_wconf 89' lang='lat' dir='ltr'><strong>Dei</strong></span> <span class='ocrx_word' id='word_1_276' title='bbox 1298 3934 1388 3987; x_wconf 88' lang='lat' dir='ltr'><strong>per</strong></span> <span class='ocrx_word' id='word_1_277' title='bbox 1416 3933 1503 3972; x_wconf 78' lang='lat' dir='ltr'><strong>uos</strong></span> <span class='ocrx_word' id='word_1_278' title='bbox 1531 3916 1916 3987; x_wconf 78' lang='lat' dir='ltr'><strong>blasphematur</strong></span> <span class='ocrx_word' id='word_1_279' title='bbox 1938 3920 2076 3973; x_wconf 82' lang='lat' dir='ltr'><strong>inter</strong></span> 
     </span>
    </p>
   </div>
   <div class='ocr_carea' id='block_1_41' title="bbox 476 4004 2075 4080">
    <p class='ocr_par' dir='ltr' id='par_1_41' title="bbox 476 4004 2075 4080">
     <span class='ocr_line' id='line_1_41' title="bbox 476 4004 2075 4080; baseline 0.005 -22"><span class='ocrx_word' id='word_1_280' title='bbox 476 4015 652 4077; x_wconf 86' lang='lat' dir='ltr'><strong>gentes</strong></span> <span class='ocrx_word' id='word_1_281' title='bbox 676 4004 855 4076; x_wconf 85' lang='lat' dir='ltr'><strong>(Rom.</strong></span> <span class='ocrx_word' id='word_1_282' title='bbox 886 4024 941 4071; x_wconf 85' lang='grc' dir='ltr'><strong>ιι,</strong></span> <span class='ocrx_word' id='word_1_283' title='bbox 975 4006 1089 4071; x_wconf 62' lang='grc' dir='ltr'><strong>εει).</strong></span> <span class='ocrx_word' id='word_1_284' title='bbox 1124 4008 1259 4075; x_wconf 87' lang='lat' dir='ltr'><strong>Quia</strong></span> <span class='ocrx_word' id='word_1_285' title='bbox 1280 4010 1425 4064; x_wconf 91' lang='lat' dir='ltr'><strong>enim</strong></span> <span class='ocrx_word' id='word_1_286' title='bbox 1453 4011 1705 4065; x_wconf 90' lang='lat' dir='ltr'><strong>decorem</strong></span> <span class='ocrx_word' id='word_1_287' title='bbox 1734 4020 1972 4080; x_wconf 64' lang='lat' dir='ltr'><strong>acceptae</strong></span> <span class='ocrx_word' id='word_1_288' title='bbox 1992 4012 2075 4066; x_wconf 87' lang='lat' dir='ltr'><strong>di-</strong></span> 
     </span>
    </p>
   </div>
   <div class='ocr_carea' id='block_1_42' title="bbox 472 4095 2073 4172">
    <p class='ocr_par' dir='ltr' id='par_1_42' title="bbox 472 4095 2073 4172">
     <span class='ocr_line' id='line_1_42' title="bbox 472 4095 2073 4172; baseline 0.009 -25"><span class='ocrx_word' id='word_1_289' title='bbox 472 4095 692 4163; x_wconf 86' lang='lat' dir='ltr'><strong>gnitatis</strong></span> <span class='ocrx_word' id='word_1_290' title='bbox 731 4111 829 4166; x_wconf 89' lang='lat' dir='ltr'><strong>per</strong></span> <span class='ocrx_word' id='word_1_291' title='bbox 855 4097 1065 4153; x_wconf 72' lang='lat' dir='ltr'><strong>misera:</strong></span> <span class='ocrx_word' id='word_1_292' title='bbox 1094 4098 1248 4154; x_wconf 68' lang='lat' dir='ltr'><strong>famae</strong></span> <span class='ocrx_word' id='word_1_293' title='bbox 1277 4100 1466 4155; x_wconf 84' lang='lat' dir='ltr'><strong>sordes</strong></span> <span class='ocrx_word' id='word_1_294' title='bbox 1506 4102 1799 4167; x_wconf 89' lang='lat' dir='ltr'><strong>maculant,</strong></span> <span class='ocrx_word' id='word_1_295' title='bbox 1830 4103 2073 4172; x_wconf 80' lang='lat' dir='ltr'><strong>profecto</strong></span> 
     </span>
    </p>
   </div>
   <div class='ocr_carea' id='block_1_43' title="bbox 470 4185 2074 4262">
    <p class='ocr_par' dir='ltr' id='par_1_43' title="bbox 470 4185 2074 4262">
     <span class='ocr_line' id='line_1_43' title="bbox 470 4185 2074 4262; baseline 0.007 -20"><span class='ocrx_word' id='word_1_296' title='bbox 470 4185 759 4243; x_wconf 89' lang='lat' dir='ltr'><strong>Dominum</strong></span> <span class='ocrx_word' id='word_1_297' title='bbox 811 4190 1155 4247; x_wconf 87' lang='lat' dir='ltr'><strong>inhonorant.</strong></span> <span class='ocrx_word' id='word_1_298' title='bbox 1206 4192 1374 4262; x_wconf 83' lang='lat' dir='ltr'><strong>Digne</strong></span> <span class='ocrx_word' id='word_1_299' title='bbox 1402 4194 1548 4249; x_wconf 92' lang='lat' dir='ltr'><strong>enim</strong></span> <span class='ocrx_word' id='word_1_300' title='bbox 1596 4195 1663 4249; x_wconf 89' lang='lat' dir='ltr'><strong>ab</strong></span> <span class='ocrx_word' id='word_1_301' title='bbox 1690 4195 1913 4250; x_wconf 89' lang='lat' dir='ltr'><strong>honoris</strong></span> <span class='ocrx_word' id='word_1_302' title='bbox 1943 4213 2074 4253; x_wconf 88' lang='lat' dir='ltr'><strong>arce</strong></span> 
     </span>
    </p>
   </div>
   <div class='ocr_carea' id='block_1_44' title="bbox 470 4281 2068 4355">
    <p class='ocr_par' dir='ltr' id='par_1_44' title="bbox 470 4281 2068 4355">
     <span class='ocr_line' id='line_1_44' title="bbox 470 4281 2068 4355; baseline 0.005 -20"><span class='ocrx_word' id='word_1_303' title='bbox 470 4281 773 4349; x_wconf 82' lang='lat' dir='ltr'><strong>repellitur,</strong></span> <span class='ocrx_word' id='word_1_304' title='bbox 829 4284 920 4351; x_wconf 86' lang='lat' dir='ltr'><strong>qui</strong></span> <span class='ocrx_word' id='word_1_305' title='bbox 976 4284 1027 4337; x_wconf 90' lang='lat' dir='ltr'><strong>ei</strong></span> <span class='ocrx_word' id='word_1_306' title='bbox 1064 4283 1193 4339; x_wconf 80' lang='lat' dir='ltr'><strong>facit</strong></span> <span class='ocrx_word' id='word_1_307' title='bbox 1236 4284 1488 4353; x_wconf 75' lang='lat' dir='ltr'><strong>iniuriam</strong></span> <span class='ocrx_word' id='word_1_308' title='bbox 1543 4300 1711 4355; x_wconf 89' lang='lat' dir='ltr'><strong>aquo</strong></span> <span class='ocrx_word' id='word_1_309' title='bbox 1766 4286 2068 4344; x_wconf 84' lang='lat' dir='ltr'><strong>honoratus</strong></span> 
     </span>
    </p>
   </div>
   <div class='ocr_carea' id='block_1_45' title="bbox 469 4369 2071 4449">
    <p class='ocr_par' dir='ltr' id='par_1_45' title="bbox 469 4369 2071 4449">
     <span class='ocr_line' id='line_1_45' title="bbox 469 4369 2071 4449; baseline 0.006 -25"><span class='ocrx_word' id='word_1_310' title='bbox 469 4369 635 4426; x_wconf 79' lang='lat' dir='ltr'><strong>fuisse</strong></span> <span class='ocrx_word' id='word_1_311' title='bbox 660 4373 1063 4439; x_wconf 86' lang='lat' dir='ltr'><strong>comprobatur.</strong></span> <span class='ocrx_word' id='word_1_312' title='bbox 1090 4371 1212 4438; x_wconf 84' lang='lat' dir='ltr'><strong>Quo</strong></span> <span class='ocrx_word' id='word_1_313' title='bbox 1235 4385 1424 4431; x_wconf 87' lang='lat' dir='ltr'><strong>contra</strong></span> <span class='ocrx_word' id='word_1_314' title='bbox 1447 4378 1686 4445; x_wconf 80' lang='lat' dir='ltr'><strong>generali</strong></span> <span class='ocrx_word' id='word_1_315' title='bbox 1712 4380 2071 4449; x_wconf 70' lang='lat' dir='ltr'><strong>promissione</strong></span> 
     </span>
    </p>
   </div>
   <div class='ocr_carea' id='block_1_46' title="bbox 470 4459 2069 4541">
    <p class='ocr_par' dir='ltr' id='par_1_46' title="bbox 470 4459 2069 4541">
     <span class='ocr_line' id='line_1_46' title="bbox 470 4459 2069 4541; baseline 0.008 -28"><span class='ocrx_word' id='word_1_316' title='bbox 470 4459 719 4525; x_wconf 75' lang='lat' dir='ltr'><strong>aﬂ&#39;trmat,</strong></span> <span class='ocrx_word' id='word_1_317' title='bbox 756 4460 972 4517; x_wconf 84' lang='lat' dir='ltr'><strong>dicens:</strong></span> <span class='ocrx_word' id='word_1_318' title='bbox 1008 4461 1117 4518; x_wconf 86' lang='lat' dir='ltr'><strong>Sed</strong></span> <span class='ocrx_word' id='word_1_319' title='bbox 1138 4466 1221 4534; x_wconf 89' lang='lat' dir='ltr'><strong>qui</strong></span> <span class='ocrx_word' id='word_1_320' title='bbox 1248 4482 1329 4519; x_wconf 89' lang='lat' dir='ltr'><strong>me</strong></span> <span class='ocrx_word' id='word_1_321' title='bbox 1353 4467 1738 4538; x_wconf 80' lang='lat' dir='ltr'><strong>gloriﬁcaverit,</strong></span> <span class='ocrx_word' id='word_1_322' title='bbox 1761 4470 2069 4541; x_wconf 82' lang='lat' dir='ltr'><strong>gloriﬁcabo</strong></span> 
     </span>
    </p>
   </div>
   <div class='ocr_carea' id='block_1_47' title="bbox 469 4550 2068 4631">
    <p class='ocr_par' dir='ltr' id='par_1_47' title="bbox 469 4550 2068 4631">
     <span class='ocr_line' id='line_1_47' title="bbox 469 4550 2068 4631; baseline 0.007 -25"><span class='ocrx_word' id='word_1_323' title='bbox 469 4567 608 4606; x_wconf 88' lang='lat' dir='ltr'><strong>eum.</strong></span> <span class='ocrx_word' id='word_1_324' title='bbox 639 4550 807 4606; x_wconf 88' lang='lat' dir='ltr'><strong>Deutn</strong></span> <span class='ocrx_word' id='word_1_325' title='bbox 836 4553 1034 4625; x_wconf 88' lang='lat' dir='ltr'><strong>quippe</strong></span> <span class='ocrx_word' id='word_1_326' title='bbox 1063 4564 1249 4624; x_wconf 86' lang='lat' dir='ltr'><strong>pastor</strong></span> <span class='ocrx_word' id='word_1_327' title='bbox 1278 4557 1545 4625; x_wconf 82' lang='lat' dir='ltr'><strong>gloriﬁcat</strong></span> <span class='ocrx_word' id='word_1_328' title='bbox 1574 4562 1664 4631; x_wconf 88' lang='lat' dir='ltr'><strong>qui</strong></span> <span class='ocrx_word' id='word_1_329' title='bbox 1692 4562 1940 4631; x_wconf 81' lang='lat' dir='ltr'><strong>exemplo</strong></span> <span class='ocrx_word' id='word_1_330' title='bbox 1968 4563 2068 4617; x_wconf 90' lang='lat' dir='ltr'><strong>bo-</strong></span> 
     </span>
    </p>
   </div>
   <div class='ocr_carea' id='block_1_48' title="bbox 2186 621 3785 693">
    <p class='ocr_par' dir='ltr' id='par_1_48' title="bbox 2186 621 3785 693">
     <span class='ocr_line' id='line_1_48' title="bbox 2186 621 3785 693; baseline -0.001 -15"><span class='ocrx_word' id='word_1_331' title='bbox 2186 623 2409 679; x_wconf 72' lang='lat' dir='ltr'><strong>intcrna:</strong></span> <span class='ocrx_word' id='word_1_332' title='bbox 2440 623 2735 692; x_wconf 75' lang='lat' dir='ltr'><strong>maiestatis</strong></span> <span class='ocrx_word' id='word_1_333' title='bbox 2790 622 3037 692; x_wconf 78' lang='lat' dir='ltr'><strong>largitate</strong></span> <span class='ocrx_word' id='word_1_334' title='bbox 3079 629 3476 693; x_wconf 85' lang='lat' dir='ltr'><strong>promerentur.</strong></span> <span class='ocrx_word' id='word_1_335' title='bbox 3508 621 3632 691; x_wconf 87' lang='lat' dir='ltr'><strong>Quo</strong></span> <span class='ocrx_word' id='word_1_336' title='bbox 3659 638 3785 679; x_wconf 86' lang='lat' dir='ltr'><strong>con-</strong></span> 
     </span>
    </p>
   </div>
   <div class='ocr_carea' id='block_1_49' title="bbox 2188 715 3780 785">
    <p class='ocr_par' dir='ltr' id='par_1_49' title="bbox 2188 715 3780 785">
     <span class='ocr_line' id='line_1_49' title="bbox 2188 715 3780 785; baseline -0.001 -15"><span class='ocrx_word' id='word_1_337' title='bbox 2188 726 2267 770; x_wconf 89' lang='lat' dir='ltr'><strong>tra</strong></span> <span class='ocrx_word' id='word_1_338' title='bbox 2310 716 2750 771; x_wconf 88' lang='lat' dir='ltr'><strong>inhonorantium</strong></span> <span class='ocrx_word' id='word_1_339' title='bbox 2795 731 2854 771; x_wconf 92' lang='lat' dir='ltr'><strong>se</strong></span> <span class='ocrx_word' id='word_1_340' title='bbox 2883 716 3109 785; x_wconf 80' lang='lat' dir='ltr'><strong>gloriam</strong></span> <span class='ocrx_word' id='word_1_341' title='bbox 3137 732 3165 770; x_wconf 90' lang='lat' dir='ltr'><strong>a</strong></span> <span class='ocrx_word' id='word_1_342' title='bbox 3196 731 3255 771; x_wconf 92' lang='lat' dir='ltr'><strong>se</strong></span> <span class='ocrx_word' id='word_1_343' title='bbox 3284 732 3391 771; x_wconf 92' lang='lat' dir='ltr'><strong>non</strong></span> <span class='ocrx_word' id='word_1_344' title='bbox 3420 730 3539 771; x_wconf 86' lang='lat' dir='ltr'><strong>esse</strong></span> <span class='ocrx_word' id='word_1_345' title='bbox 3569 715 3650 770; x_wconf 86' lang='lat' dir='ltr'><strong>eis</strong></span> <span class='ocrx_word' id='word_1_346' title='bbox 3682 715 3780 769; x_wconf 86' lang='lat' dir='ltr'><strong>im-</strong></span> 
     </span>
    </p>
   </div>
   <div class='ocr_carea' id='block_1_50' title="bbox 2184 806 3785 879">
    <p class='ocr_par' dir='ltr' id='par_1_50' title="bbox 2184 806 3785 879">
     <span class='ocr_line' id='line_1_50' title="bbox 2184 806 3785 879; baseline 0 -18"><span class='ocrx_word' id='word_1_347' title='bbox 2184 823 2406 876; x_wconf 89' lang='lat' dir='ltr'><strong>pensam</strong></span> <span class='ocrx_word' id='word_1_348' title='bbox 2428 808 2687 877; x_wconf 90' lang='lat' dir='ltr'><strong>queritur,</strong></span> <span class='ocrx_word' id='word_1_349' title='bbox 2720 807 2907 865; x_wconf 90' lang='lat' dir='ltr'><strong>dicens</strong></span> <span class='ocrx_word' id='word_1_350' title='bbox 2934 825 2946 861; x_wconf 89' lang='lat'><strong>:</strong></span> <span class='ocrx_word' id='word_1_351' title='bbox 2974 806 3088 879; x_wconf 79' lang='lat' dir='ltr'><strong>Ipsi</strong></span> <span class='ocrx_word' id='word_1_352' title='bbox 3117 818 3477 879; x_wconf 73' lang='lat' dir='ltr'><strong>regnaverunt,</strong></span> <span class='ocrx_word' id='word_1_353' title='bbox 3508 816 3557 862; x_wconf 91' lang='lat' dir='ltr'><strong>et</strong></span> <span class='ocrx_word' id='word_1_354' title='bbox 3586 823 3694 863; x_wconf 85' lang='lat' dir='ltr'><strong>non</strong></span> <span class='ocrx_word' id='word_1_355' title='bbox 3724 826 3785 861; x_wconf 75' lang='lat' dir='ltr'><strong>ex</strong></span> 
     </span>
    </p>
   </div>
   <div class='ocr_carea' id='block_1_51' title="bbox 2184 897 3781 973">
    <p class='ocr_par' dir='ltr' id='par_1_51' title="bbox 2184 897 3781 973">
     <span class='ocr_line' id='line_1_51' title="bbox 2184 897 3781 973; baseline 0.001 -22"><span class='ocrx_word' id='word_1_356' title='bbox 2184 915 2304 963; x_wconf 85' lang='lat' dir='ltr'><strong>me;</strong></span> <span class='ocrx_word' id='word_1_357' title='bbox 2335 901 2593 971; x_wconf 85' lang='lat' dir='ltr'><strong>principes</strong></span> <span class='ocrx_word' id='word_1_358' title='bbox 2619 901 2942 967; x_wconf 77' lang='lat' dir='ltr'><strong>exstiterunt,</strong></span> <span class='ocrx_word' id='word_1_359' title='bbox 3000 910 3049 957; x_wconf 85' lang='lat' dir='ltr'><strong>et</strong></span> <span class='ocrx_word' id='word_1_360' title='bbox 3077 918 3169 973; x_wconf 84' lang='lat' dir='ltr'><strong>ego</strong></span> <span class='ocrx_word' id='word_1_361' title='bbox 3200 901 3434 973; x_wconf 86' lang='lat' dir='ltr'><strong>ignoravi</strong></span> <span class='ocrx_word' id='word_1_362' title='bbox 3480 897 3639 965; x_wconf 85' lang='lat' dir='ltr'><strong>(Osee</strong></span> <span class='ocrx_word' id='word_1_363' title='bbox 3671 914 3781 964; x_wconf 87' lang='lat' dir='ltr'><strong>vm,</strong></span> 
     </span>
    </p>
   </div>
   <div class='ocr_carea' id='block_1_52' title="bbox 2182 990 3783 1063">
    <p class='ocr_par' dir='ltr' id='par_1_52' title="bbox 2182 990 3783 1063">
     <span class='ocr_line' id='line_1_52' title="bbox 2182 990 3783 1063; baseline 0.001 -19"><span class='ocrx_word' id='word_1_364' title='bbox 2182 991 2261 1059; x_wconf 73' lang='grc'><strong>4).</strong></span> <span class='ocrx_word' id='word_1_365' title='bbox 2296 990 2372 1045; x_wconf 77' lang='lat' dir='ltr'><strong>Ex</strong></span> <span class='ocrx_word' id='word_1_366' title='bbox 2403 1008 2461 1047; x_wconf 90' lang='lat' dir='ltr'><strong>se</strong></span> <span class='ocrx_word' id='word_1_367' title='bbox 2492 1008 2742 1063; x_wconf 79' lang='lat' dir='ltr'><strong>namque,</strong></span> <span class='ocrx_word' id='word_1_368' title='bbox 2793 1000 2849 1048; x_wconf 86' lang='lat' dir='ltr'><strong>et</strong></span> <span class='ocrx_word' id='word_1_369' title='bbox 2892 1010 2999 1048; x_wconf 90' lang='lat' dir='ltr'><strong>non</strong></span> <span class='ocrx_word' id='word_1_370' title='bbox 3031 1010 3095 1049; x_wconf 79' lang='lat' dir='ltr'><strong>ex</strong></span> <span class='ocrx_word' id='word_1_371' title='bbox 3127 993 3392 1049; x_wconf 81' lang='lat' dir='ltr'><strong>electione</strong></span> <span class='ocrx_word' id='word_1_372' title='bbox 3439 1008 3667 1047; x_wconf 69' lang='lat' dir='ltr'><strong>summa:</strong></span> <span class='ocrx_word' id='word_1_373' title='bbox 3695 1008 3783 1045; x_wconf 82' lang='lat' dir='ltr'><strong>or-</strong></span> 
     </span>
    </p>
   </div>
   <div class='ocr_carea' id='block_1_53' title="bbox 2182 1083 3784 1157">
    <p class='ocr_par' dir='ltr' id='par_1_53' title="bbox 2182 1083 3784 1157">
     <span class='ocr_line' id='line_1_53' title="bbox 2182 1083 3784 1157; baseline -0.001 -19"><span class='ocrx_word' id='word_1_374' title='bbox 2182 1084 2492 1150; x_wconf 83' lang='lat' dir='ltr'><strong>dinationis,</strong></span> <span class='ocrx_word' id='word_1_375' title='bbox 2523 1094 2765 1153; x_wconf 84' lang='lat' dir='ltr'><strong>regnant,</strong></span> <span class='ocrx_word' id='word_1_376' title='bbox 2790 1086 2914 1153; x_wconf 88' lang='lat' dir='ltr'><strong>quia</strong></span> <span class='ocrx_word' id='word_1_377' title='bbox 2941 1084 3007 1139; x_wconf 91' lang='lat' dir='ltr'><strong>ad</strong></span> <span class='ocrx_word' id='word_1_378' title='bbox 3038 1085 3261 1157; x_wconf 83' lang='lat' dir='ltr'><strong>gloriam</strong></span> <span class='ocrx_word' id='word_1_379' title='bbox 3292 1083 3645 1139; x_wconf 86' lang='lat' dir='ltr'><strong>ecclesiastici</strong></span> <span class='ocrx_word' id='word_1_380' title='bbox 3673 1084 3784 1137; x_wconf 89' lang='lat' dir='ltr'><strong>cnl-</strong></span> 
     </span>
    </p>
   </div>
   <div class='ocr_carea' id='block_1_54' title="bbox 2182 1176 3780 1247">
    <p class='ocr_par' dir='ltr' id='par_1_54' title="bbox 2182 1176 3780 1247">
     <span class='ocr_line' id='line_1_54' title="bbox 2182 1176 3780 1247; baseline -0.002 -16"><span class='ocrx_word' id='word_1_381' title='bbox 2182 1176 2343 1233; x_wconf 89' lang='lat' dir='ltr'><strong>minis</strong></span> <span class='ocrx_word' id='word_1_382' title='bbox 2390 1193 2495 1233; x_wconf 93' lang='lat' dir='ltr'><strong>non</strong></span> <span class='ocrx_word' id='word_1_383' title='bbox 2543 1186 2805 1233; x_wconf 88' lang='lat' dir='ltr'><strong>vocantur</strong></span> <span class='ocrx_word' id='word_1_384' title='bbox 2830 1177 3102 1243; x_wconf 85' lang='lat' dir='ltr'><strong>divinitus,</strong></span> <span class='ocrx_word' id='word_1_385' title='bbox 3149 1176 3244 1233; x_wconf 88' lang='lat' dir='ltr'><strong>sed</strong></span> <span class='ocrx_word' id='word_1_386' title='bbox 3295 1191 3392 1247; x_wconf 90' lang='lat' dir='ltr'><strong>per</strong></span> <span class='ocrx_word' id='word_1_387' title='bbox 3432 1176 3780 1246; x_wconf 74' lang='lat' dir='ltr'><strong>cupiditatem</strong></span> 
     </span>
    </p>
   </div>
   <div class='ocr_carea' id='block_1_55' title="bbox 2183 1268 3783 1339">
    <p class='ocr_par' dir='ltr' id='par_1_55' title="bbox 2183 1268 3783 1339">
     <span class='ocr_line' id='line_1_55' title="bbox 2183 1268 3783 1339; baseline -0.001 -17"><span class='ocrx_word' id='word_1_388' title='bbox 2183 1270 2572 1337; x_wconf 88' lang='lat' dir='ltr'><strong>perducuntur.</strong></span> <span class='ocrx_word' id='word_1_389' title='bbox 2605 1269 2752 1337; x_wconf 88' lang='lat' dir='ltr'><strong>Quos</strong></span> <span class='ocrx_word' id='word_1_390' title='bbox 2802 1271 3047 1339; x_wconf 81' lang='lat' dir='ltr'><strong>proiecto</strong></span> <span class='ocrx_word' id='word_1_391' title='bbox 3078 1269 3339 1325; x_wconf 87' lang='lat' dir='ltr'><strong>Dominus</strong></span> <span class='ocrx_word' id='word_1_392' title='bbox 3388 1268 3625 1339; x_wconf 84' lang='lat' dir='ltr'><strong>ignorat,</strong></span> <span class='ocrx_word' id='word_1_393' title='bbox 3663 1269 3783 1336; x_wconf 86' lang='lat' dir='ltr'><strong>quia</strong></span> 
     </span>
    </p>
   </div>
   <div class='ocr_carea' id='block_1_56' title="bbox 2184 1361 3785 1433">
    <p class='ocr_par' dir='ltr' id='par_1_56' title="bbox 2184 1361 3785 1433">
     <span class='ocr_line' id='line_1_56' title="bbox 2184 1361 3785 1433; baseline 0 -18"><span class='ocrx_word' id='word_1_394' title='bbox 2184 1376 2278 1415; x_wconf 91' lang='lat' dir='ltr'><strong>eos</strong></span> <span class='ocrx_word' id='word_1_395' title='bbox 2309 1378 2405 1432; x_wconf 90' lang='lat' dir='ltr'><strong>per</strong></span> <span class='ocrx_word' id='word_1_396' title='bbox 2456 1363 2677 1418; x_wconf 68' lang='lat' dir='ltr'><strong>internae</strong></span> <span class='ocrx_word' id='word_1_397' title='bbox 2721 1364 2987 1432; x_wconf 65' lang='lat' dir='ltr'><strong>aequitatis</strong></span> <span class='ocrx_word' id='word_1_398' title='bbox 3012 1363 3271 1433; x_wconf 89' lang='lat' dir='ltr'><strong>judicium</strong></span> <span class='ocrx_word' id='word_1_399' title='bbox 3324 1364 3602 1433; x_wconf 90' lang='lat' dir='ltr'><strong>reprobat.</strong></span> <span class='ocrx_word' id='word_1_400' title='bbox 3657 1361 3785 1415; x_wconf 48' lang='lat' dir='ltr'><strong>Tale</strong></span> 
     </span>
    </p>
   </div>
   <div class='ocr_carea' id='block_1_57' title="bbox 2134 1453 3783 1523">
    <p class='ocr_par' dir='ltr' id='par_1_57' title="bbox 2134 1453 3783 1523">
     <span class='ocr_line' id='line_1_57' title="bbox 2134 1453 3783 1523; baseline -0.001 -16"><span class='ocrx_word' id='word_1_401' title='bbox 2134 1492 2137 1495; x_wconf 91' lang='grc'><strong>-</strong></span> <span class='ocrx_word' id='word_1_402' title='bbox 2182 1462 2269 1507; x_wconf 67' lang='lat' dir='ltr'><strong>est</strong></span> <span class='ocrx_word' id='word_1_403' title='bbox 2295 1467 2425 1523; x_wconf 81' lang='lat' dir='ltr'><strong>ergo</strong></span> <span class='ocrx_word' id='word_1_404' title='bbox 2471 1468 2535 1509; x_wconf 80' lang='lat' dir='ltr'><strong>ac</strong></span> <span class='ocrx_word' id='word_1_405' title='bbox 2560 1455 2606 1507; x_wconf 83' lang='lat' dir='ltr'><strong>si</strong></span> <span class='ocrx_word' id='word_1_406' title='bbox 2650 1453 2825 1509; x_wconf 79' lang='lat' dir='ltr'><strong>dicat:</strong></span> <span class='ocrx_word' id='word_1_407' title='bbox 2858 1453 2919 1509; x_wconf 81' lang='lat' dir='ltr'><strong>Et</strong></span> <span class='ocrx_word' id='word_1_408' title='bbox 2948 1456 2995 1509; x_wconf 85' lang='lat' dir='ltr'><strong>si</strong></span> <span class='ocrx_word' id='word_1_409' title='bbox 3022 1469 3176 1509; x_wconf 86' lang='lat' dir='ltr'><strong>meus</strong></span> <span class='ocrx_word' id='word_1_410' title='bbox 3214 1469 3335 1510; x_wconf 82' lang='lat' dir='ltr'><strong>esse</strong></span> <span class='ocrx_word' id='word_1_411' title='bbox 3364 1454 3579 1510; x_wconf 85' lang='lat' dir='ltr'><strong>videtur</strong></span> <span class='ocrx_word' id='word_1_412' title='bbox 3610 1455 3783 1508; x_wconf 81' lang='lat' dir='ltr'><strong>honor</strong></span> 
     </span>
    </p>
   </div>
   <div class='ocr_carea' id='block_1_58' title="bbox 2183 1544 3780 1615">
    <p class='ocr_par' dir='ltr' id='par_1_58' title="bbox 2183 1544 3780 1615">
     <span class='ocr_line' id='line_1_58' title="bbox 2183 1544 3780 1615; baseline -0.001 -14"><span class='ocrx_word' id='word_1_413' title='bbox 2183 1561 2345 1615; x_wconf 84' lang='lat' dir='ltr'><strong>quem</strong></span> <span class='ocrx_word' id='word_1_414' title='bbox 2391 1548 2613 1612; x_wconf 87' lang='lat' dir='ltr'><strong>habent,</strong></span> <span class='ocrx_word' id='word_1_415' title='bbox 2664 1563 2770 1601; x_wconf 93' lang='lat' dir='ltr'><strong>non</strong></span> <span class='ocrx_word' id='word_1_416' title='bbox 2802 1548 2950 1601; x_wconf 88' lang='lat' dir='ltr'><strong>illum</strong></span> <span class='ocrx_word' id='word_1_417' title='bbox 3000 1555 3321 1603; x_wconf 84' lang='lat' dir='ltr'><strong>nteruerunt</strong></span> <span class='ocrx_word' id='word_1_418' title='bbox 3366 1547 3654 1615; x_wconf 78' lang='lat' dir='ltr'><strong>obsequio.</strong></span> <span class='ocrx_word' id='word_1_419' title='bbox 3687 1544 3780 1599; x_wconf 81' lang='lat' dir='ltr'><strong>sed</strong></span> 
     </span>
    </p>
   </div>
   <div class='ocr_carea' id='block_1_59' title="bbox 2180 1637 3782 1710">
    <p class='ocr_par' dir='ltr' id='par_1_59' title="bbox 2180 1637 3782 1710">
     <span class='ocr_line' id='line_1_59' title="bbox 2180 1637 3782 1710; baseline -0.001 -18"><span class='ocrx_word' id='word_1_420' title='bbox 2180 1653 2281 1708; x_wconf 88' lang='lat' dir='ltr'><strong>per</strong></span> <span class='ocrx_word' id='word_1_421' title='bbox 2325 1640 2671 1709; x_wconf 84' lang='lat' dir='ltr'><strong>cupiditatem</strong></span> <span class='ocrx_word' id='word_1_422' title='bbox 2717 1648 3035 1710; x_wconf 83' lang='lat' dir='ltr'><strong>rapuerunt.</strong></span> <span class='ocrx_word' id='word_1_423' title='bbox 3076 1637 3230 1695; x_wconf 82' lang='lat' dir='ltr'><strong>Unde</strong></span> <span class='ocrx_word' id='word_1_424' title='bbox 3281 1649 3339 1696; x_wconf 88' lang='lat' dir='ltr'><strong>et</strong></span> <span class='ocrx_word' id='word_1_425' title='bbox 3384 1638 3782 1709; x_wconf 81' lang='lat' dir='ltr'><strong>subsequenter</strong></span> 
     </span>
    </p>
   </div>
   <div class='ocr_carea' id='block_1_60' title="bbox 2182 1731 2443 1802">
    <p class='ocr_par' dir='ltr' id='par_1_60' title="bbox 2182 1731 2443 1802">
     <span class='ocr_line' id='line_1_60' title="bbox 2182 1731 2443 1802; baseline -0.004 -15"><span class='ocrx_word' id='word_1_426' title='bbox 2182 1731 2443 1802; x_wconf 83' lang='lat' dir='ltr'><strong>adjungit.</strong></span> 
     </span>
    </p>
   </div>
   <div class='ocr_carea' id='block_1_61' title="bbox 2257 1864 3783 1940">
    <p class='ocr_par' dir='ltr' id='par_1_61' title="bbox 2257 1864 3783 1940">
     <span class='ocr_line' id='line_1_61' title="bbox 2257 1864 3783 1940; baseline 0.002 -21"><span class='ocrx_word' id='word_1_427' title='bbox 2257 1864 2433 1938; x_wconf 87' lang='lat' dir='ltr'><strong>(Vers.</strong></span> <span class='ocrx_word' id='word_1_428' title='bbox 2474 1864 2587 1939; x_wconf 79' lang='lat'><strong>&#39;50.)</strong></span> <span class='ocrx_word' id='word_1_429' title='bbox 2630 1864 2731 1932; x_wconf 85' lang='lat' dir='ltr'><strong>Qui</strong></span> <span class='ocrx_word' id='word_1_430' title='bbox 2768 1875 2940 1923; x_wconf 88' lang='lat' dir='ltr'><strong>autem</strong></span> <span class='ocrx_word' id='word_1_431' title='bbox 2970 1875 3305 1924; x_wconf 88' lang='lat' dir='ltr'><strong>contemnunt</strong></span> <span class='ocrx_word' id='word_1_432' title='bbox 3335 1884 3415 1923; x_wconf 91' lang='lat' dir='ltr'><strong>me</strong></span> <span class='ocrx_word' id='word_1_433' title='bbox 3450 1876 3605 1923; x_wconf 87' lang='lat' dir='ltr'><strong>erunt</strong></span> <span class='ocrx_word' id='word_1_434' title='bbox 3632 1868 3783 1940; x_wconf 81' lang='lat' dir='ltr'><strong>igno-</strong></span> 
     </span>
    </p>
   </div>
   <div class='ocr_carea' id='block_1_62' title="bbox 2184 1958 2331 2014">
    <p class='ocr_par' dir='ltr' id='par_1_62' title="bbox 2184 1958 2331 2014">
     <span class='ocr_line' id='line_1_62' title="bbox 2184 1958 2331 2014; baseline 0.007 -2"><span class='ocrx_word' id='word_1_435' title='bbox 2184 1958 2331 2014; x_wconf 82' lang='lat' dir='ltr'><strong>biles.</strong></span> 
     </span>
    </p>
   </div>
   <div class='ocr_carea' id='block_1_63' title="bbox 2257 2065 3781 2143">
    <p class='ocr_par' dir='ltr' id='par_1_63' title="bbox 2257 2065 3781 2143">
     <span class='ocr_line' id='line_1_63' title="bbox 2257 2065 3781 2143; baseline 0.001 -19"><span class='ocrx_word' id='word_1_436' title='bbox 2257 2065 2345 2124; x_wconf 78' lang='grc'><strong>15.</strong></span> <span class='ocrx_word' id='word_1_437' title='bbox 2384 2068 2550 2138; x_wconf 86' lang='lat' dir='ltr'><strong>Quasi</strong></span> <span class='ocrx_word' id='word_1_438' title='bbox 2589 2078 2778 2142; x_wconf 86' lang='lat' dir='ltr'><strong>aperte</strong></span> <span class='ocrx_word' id='word_1_439' title='bbox 2821 2069 3096 2143; x_wconf 83' lang='lat' dir='ltr'><strong>loquatur,</strong></span> <span class='ocrx_word' id='word_1_440' title='bbox 3124 2070 3349 2128; x_wconf 88' lang='lat' dir='ltr'><strong>dicens:</strong></span> <span class='ocrx_word' id='word_1_441' title='bbox 3382 2067 3495 2126; x_wconf 86' lang='lat' dir='ltr'><strong>Etsi</strong></span> <span class='ocrx_word' id='word_1_442' title='bbox 3535 2069 3781 2126; x_wconf 83' lang='lat' dir='ltr'><strong>nobilita-</strong></span> 
     </span>
    </p>
   </div>
   <div class='ocr_carea' id='block_1_64' title="bbox 2183 2160 3772 2235">
    <p class='ocr_par' dir='ltr' id='par_1_64' title="bbox 2183 2160 3772 2235">
     <span class='ocr_line' id='line_1_64' title="bbox 2183 2160 3772 2235; baseline -0.001 -17"><span class='ocrx_word' id='word_1_443' title='bbox 2183 2172 2293 2219; x_wconf 90' lang='lat' dir='ltr'><strong>tem</strong></span> <span class='ocrx_word' id='word_1_444' title='bbox 2320 2161 2597 2234; x_wconf 86' lang='lat' dir='ltr'><strong>dignitatis</strong></span> <span class='ocrx_word' id='word_1_445' title='bbox 2627 2164 2915 2235; x_wconf 70' lang='lat' dir='ltr'><strong>praslerunt</strong></span> <span class='ocrx_word' id='word_1_446' title='bbox 2940 2170 3204 2233; x_wconf 68' lang='lat' dir='ltr'><strong>praetextu</strong></span> <span class='ocrx_word' id='word_1_447' title='bbox 3232 2161 3525 2234; x_wconf 85' lang='lat' dir='ltr'><strong>religionis,</strong></span> <span class='ocrx_word' id='word_1_448' title='bbox 3562 2160 3772 2230; x_wconf 85' lang='lat' dir='ltr'><strong>ignobi-</strong></span> 
     </span>
    </p>
   </div>
   <div class='ocr_carea' id='block_1_65' title="bbox 2181 2255 3784 2328">
    <p class='ocr_par' dir='ltr' id='par_1_65' title="bbox 2181 2255 3784 2328">
     <span class='ocr_line' id='line_1_65' title="bbox 2181 2255 3784 2328; baseline -0.001 -16"><span class='ocrx_word' id='word_1_449' title='bbox 2181 2256 2263 2313; x_wconf 89' lang='lat' dir='ltr'><strong>les</strong></span> <span class='ocrx_word' id='word_1_450' title='bbox 2294 2266 2472 2314; x_wconf 84' lang='lat' dir='ltr'><strong>tamen</strong></span> <span class='ocrx_word' id='word_1_451' title='bbox 2514 2266 2657 2322; x_wconf 89' lang='lat' dir='ltr'><strong>sunt,</strong></span> <span class='ocrx_word' id='word_1_452' title='bbox 2696 2257 2825 2327; x_wconf 86' lang='lat' dir='ltr'><strong>quia</strong></span> <span class='ocrx_word' id='word_1_453' title='bbox 2869 2257 3203 2315; x_wconf 65' lang='lat' dir='ltr'><strong>excellentiae</strong></span> <span class='ocrx_word' id='word_1_454' title='bbox 3244 2257 3360 2328; x_wconf 84' lang='lat' dir='ltr'><strong>ejus</strong></span> <span class='ocrx_word' id='word_1_455' title='bbox 3388 2270 3548 2327; x_wconf 83' lang='lat' dir='ltr'><strong>quam</strong></span> <span class='ocrx_word' id='word_1_456' title='bbox 3580 2255 3784 2313; x_wconf 86' lang='lat' dir='ltr'><strong>habent</strong></span> 
     </span>
    </p>
   </div>
   <div class='ocr_carea' id='block_1_66' title="bbox 2180 2346 3784 2419">
    <p class='ocr_par' dir='ltr' id='par_1_66' title="bbox 2180 2346 3784 2419">
     <span class='ocr_line' id='line_1_66' title="bbox 2180 2346 3784 2419; baseline 0.001 -16"><span class='ocrx_word' id='word_1_457' title='bbox 2180 2348 2366 2419; x_wconf 72' lang='lat' dir='ltr'><strong>gloria:</strong></span> <span class='ocrx_word' id='word_1_458' title='bbox 2414 2364 2523 2404; x_wconf 92' lang='lat' dir='ltr'><strong>non</strong></span> <span class='ocrx_word' id='word_1_459' title='bbox 2554 2347 2892 2405; x_wconf 90' lang='lat' dir='ltr'><strong>concordant</strong></span> <span class='ocrx_word' id='word_1_460' title='bbox 2935 2362 3034 2419; x_wconf 91' lang='lat' dir='ltr'><strong>per</strong></span> <span class='ocrx_word' id='word_1_461' title='bbox 3082 2347 3465 2405; x_wconf 89' lang='lat' dir='ltr'><strong>sublimitatem</strong></span> <span class='ocrx_word' id='word_1_462' title='bbox 3495 2347 3644 2405; x_wconf 65' lang='lat' dir='ltr'><strong>vitae.</strong></span> <span class='ocrx_word' id='word_1_463' title='bbox 3678 2346 3784 2404; x_wconf 89' lang='lat' dir='ltr'><strong>Sed</strong></span> 
     </span>
    </p>
   </div>
   <div class='ocr_carea' id='block_1_67' title="bbox 2182 2439 3779 2515">
    <p class='ocr_par' dir='ltr' id='par_1_67' title="bbox 2182 2439 3779 2515">
     <span class='ocr_line' id='line_1_67' title="bbox 2182 2439 3779 2515; baseline 0.001 -20"><span class='ocrx_word' id='word_1_464' title='bbox 2182 2440 2309 2511; x_wconf 87' lang='lat' dir='ltr'><strong>quia</strong></span> <span class='ocrx_word' id='word_1_465' title='bbox 2337 2440 2441 2497; x_wconf 90' lang='lat' dir='ltr'><strong>hoc</strong></span> <span class='ocrx_word' id='word_1_466' title='bbox 2471 2447 2645 2497; x_wconf 87' lang='lat' dir='ltr'><strong>totum</strong></span> <span class='ocrx_word' id='word_1_467' title='bbox 2686 2440 3037 2511; x_wconf 83' lang='lat' dir='ltr'><strong>expressione</strong></span> <span class='ocrx_word' id='word_1_468' title='bbox 3066 2439 3228 2498; x_wconf 77' lang='lat' dir='ltr'><strong>futuri</strong></span> <span class='ocrx_word' id='word_1_469' title='bbox 3259 2442 3518 2513; x_wconf 87' lang='lat' dir='ltr'><strong>temporis</strong></span> <span class='ocrx_word' id='word_1_470' title='bbox 3548 2441 3779 2515; x_wconf 88' lang='lat' dir='ltr'><strong>promit-</strong></span> 
     </span>
    </p>
   </div>
   <div class='ocr_carea' id='block_1_68' title="bbox 2180 2531 3784 2602">
    <p class='ocr_par' dir='ltr' id='par_1_68' title="bbox 2180 2531 3784 2602">
     <span class='ocr_line' id='line_1_68' title="bbox 2180 2531 3784 2602; baseline 0.001 -15"><span class='ocrx_word' id='word_1_471' title='bbox 2180 2532 2333 2599; x_wconf 88' lang='lat' dir='ltr'><strong>titur,</strong></span> <span class='ocrx_word' id='word_1_472' title='bbox 2389 2541 2568 2602; x_wconf 88' lang='lat' dir='ltr'><strong>potest</strong></span> <span class='ocrx_word' id='word_1_473' title='bbox 2619 2546 2727 2588; x_wconf 92' lang='lat' dir='ltr'><strong>non</strong></span> <span class='ocrx_word' id='word_1_474' title='bbox 2768 2531 3214 2589; x_wconf 89' lang='lat' dir='ltr'><strong>inconvenienter</strong></span> <span class='ocrx_word' id='word_1_475' title='bbox 3242 2531 3311 2587; x_wconf 89' lang='lat' dir='ltr'><strong>ad</strong></span> <span class='ocrx_word' id='word_1_476' title='bbox 3342 2542 3581 2589; x_wconf 75' lang='lat' dir='ltr'><strong>venturae</strong></span> <span class='ocrx_word' id='word_1_477' title='bbox 3624 2533 3784 2588; x_wconf 79' lang='lat' dir='ltr'><strong>retri-</strong></span> 
     </span>
    </p>
   </div>
   <div class='ocr_carea' id='block_1_69' title="bbox 2180 2622 3785 2697">
    <p class='ocr_par' dir='ltr' id='par_1_69' title="bbox 2180 2622 3785 2697">
     <span class='ocr_line' id='line_1_69' title="bbox 2180 2622 3785 2697; baseline 0.001 -19"><span class='ocrx_word' id='word_1_478' title='bbox 2180 2624 2422 2679; x_wconf 90' lang='lat' dir='ltr'><strong>butionis</strong></span> <span class='ocrx_word' id='word_1_479' title='bbox 2468 2625 2719 2680; x_wconf 89' lang='lat' dir='ltr'><strong>meritum</strong></span> <span class='ocrx_word' id='word_1_480' title='bbox 2762 2623 2972 2680; x_wconf 80' lang='lat' dir='ltr'><strong>referri.</strong></span> <span class='ocrx_word' id='word_1_481' title='bbox 3006 2623 3083 2680; x_wconf 87' lang='lat' dir='ltr'><strong>De</strong></span> <span class='ocrx_word' id='word_1_482' title='bbox 3114 2640 3216 2697; x_wconf 88' lang='lat' dir='ltr'><strong>qua</strong></span> <span class='ocrx_word' id='word_1_483' title='bbox 3262 2623 3513 2680; x_wconf 89' lang='lat' dir='ltr'><strong>nimirum</strong></span> <span class='ocrx_word' id='word_1_484' title='bbox 3544 2622 3785 2679; x_wconf 83' lang='lat' dir='ltr'><strong>Joannes</strong></span> 
     </span>
    </p>
   </div>
   <div class='ocr_carea' id='block_1_70' title="bbox 2183 2715 3781 2790">
    <p class='ocr_par' dir='ltr' id='par_1_70' title="bbox 2183 2715 3781 2790">
     <span class='ocr_line' id='line_1_70' title="bbox 2183 2715 3781 2790; baseline 0.001 -19"><span class='ocrx_word' id='word_1_485' title='bbox 2183 2715 2313 2772; x_wconf 87' lang='lat' dir='ltr'><strong>dicit</strong></span> <span class='ocrx_word' id='word_1_486' title='bbox 2340 2736 2352 2770; x_wconf 92' lang='lat'>:</span> <span class='ocrx_word' id='word_1_487' title='bbox 2380 2716 2506 2772; x_wconf 90' lang='lat' dir='ltr'><strong>Cum</strong></span> <span class='ocrx_word' id='word_1_488' title='bbox 2537 2719 2860 2789; x_wconf 85' lang='lat' dir='ltr'><strong>apparuerit,</strong></span> <span class='ocrx_word' id='word_1_489' title='bbox 2891 2718 3085 2775; x_wconf 80' lang='lat' dir='ltr'><strong>similes</strong></span> <span class='ocrx_word' id='word_1_490' title='bbox 3114 2720 3161 2773; x_wconf 88' lang='lat' dir='ltr'><strong>ei</strong></span> <span class='ocrx_word' id='word_1_491' title='bbox 3205 2719 3396 2774; x_wconf 84' lang='lat' dir='ltr'><strong>erimus</strong></span> <span class='ocrx_word' id='word_1_492' title='bbox 3440 2716 3495 2790; x_wconf 91' lang='grc' dir='ltr'><strong>(Ι</strong></span> <span class='ocrx_word' id='word_1_493' title='bbox 3518 2719 3680 2775; x_wconf 83' lang='lat' dir='ltr'><strong>Joan.</strong></span> <span class='ocrx_word' id='word_1_494' title='bbox 3707 2734 3781 2780; x_wconf 84' lang='grc' dir='ltr'><strong>ιη,</strong></span> 
     </span>
    </p>
   </div>
   <div class='ocr_carea' id='block_1_71' title="bbox 2182 2810 3781 2882">
    <p class='ocr_par' dir='ltr' id='par_1_71' title="bbox 2182 2810 3781 2882">
     <span class='ocr_line' id='line_1_71' title="bbox 2182 2810 3781 2882; baseline 0.001 -17"><span class='ocrx_word' id='word_1_495' title='bbox 2182 2811 2259 2882; x_wconf 77' lang='lat'><strong>2).</strong></span> <span class='ocrx_word' id='word_1_496' title='bbox 2296 2810 2431 2867; x_wconf 83' lang='lat' dir='ltr'><strong>Hinc</strong></span> <span class='ocrx_word' id='word_1_497' title='bbox 2460 2811 2791 2881; x_wconf 84' lang='lat' dir='ltr'><strong>evangelista</strong></span> <span class='ocrx_word' id='word_1_498' title='bbox 2834 2813 3045 2870; x_wconf 80' lang='lat' dir='ltr'><strong>Marcus</strong></span> <span class='ocrx_word' id='word_1_499' title='bbox 3084 2829 3335 2871; x_wconf 83' lang='lat' dir='ltr'><strong>asserens</strong></span> <span class='ocrx_word' id='word_1_500' title='bbox 3380 2814 3493 2870; x_wconf 80' lang='lat' dir='ltr'><strong>ait:</strong></span> <span class='ocrx_word' id='word_1_501' title='bbox 3531 2813 3678 2868; x_wconf 87' lang='lat' dir='ltr'><strong>Tunc</strong></span> <span class='ocrx_word' id='word_1_502' title='bbox 3708 2816 3781 2868; x_wconf 80' lang='lat' dir='ltr'><strong>ui-</strong></span> 
     </span>
    </p>
   </div>
   <div class='ocr_carea' id='block_1_72' title="bbox 2183 2902 3782 2978">
    <p class='ocr_par' dir='ltr' id='par_1_72' title="bbox 2183 2902 3782 2978">
     <span class='ocr_line' id='line_1_72' title="bbox 2183 2902 3782 2978; baseline 0.004 -21"><span class='ocrx_word' id='word_1_503' title='bbox 2183 2904 2371 2958; x_wconf 86' lang='lat' dir='ltr'><strong>debunt</strong></span> <span class='ocrx_word' id='word_1_504' title='bbox 2398 2902 2444 2956; x_wconf 83' lang='lat' dir='ltr'><em>F</em></span> <span class='ocrx_word' id='word_1_505' title='bbox 2448 2904 2595 2960; x_wconf 85' lang='lat' dir='ltr'><strong>ilium</strong></span> <span class='ocrx_word' id='word_1_506' title='bbox 2624 2906 2848 2960; x_wconf 80' lang='lat' dir='ltr'><strong>hominis</strong></span> <span class='ocrx_word' id='word_1_507' title='bbox 2873 2922 2989 2960; x_wconf 83' lang='lat' dir='ltr'><strong>cunt</strong></span> <span class='ocrx_word' id='word_1_508' title='bbox 3030 2914 3286 2977; x_wconf 86' lang='lat' dir='ltr'><strong>potestate</strong></span> <span class='ocrx_word' id='word_1_509' title='bbox 3316 2906 3502 2973; x_wconf 87' lang='lat' dir='ltr'><strong>multa,</strong></span> <span class='ocrx_word' id='word_1_510' title='bbox 3533 2916 3584 2960; x_wconf 91' lang='lat' dir='ltr'><strong>et</strong></span> <span class='ocrx_word' id='word_1_511' title='bbox 3609 2907 3782 2978; x_wconf 75' lang='lat' dir='ltr'><strong>gloria</strong></span> 
     </span>
    </p>
   </div>
   <div class='ocr_carea' id='block_1_73' title="bbox 2184 2994 3783 3069">
    <p class='ocr_par' dir='ltr' id='par_1_73' title="bbox 2184 2994 3783 3069">
     <span class='ocr_line' id='line_1_73' title="bbox 2184 2994 3783 3069; baseline 0.003 -20"><span class='ocrx_word' id='word_1_512' title='bbox 2184 2994 2378 3067; x_wconf 80' lang='lat' dir='ltr'><strong>(Marc.</strong></span> <span class='ocrx_word' id='word_1_513' title='bbox 2412 3014 2526 3062; x_wconf 79' lang='lat' dir='ltr'><strong>xm,</strong></span> <span class='ocrx_word' id='word_1_514' title='bbox 2556 2996 2670 3067; x_wconf 68' lang='lat'><strong>26).</strong></span> <span class='ocrx_word' id='word_1_515' title='bbox 2702 2998 2836 3054; x_wconf 88' lang='lat' dir='ltr'><strong>Cum</strong></span> <span class='ocrx_word' id='word_1_516' title='bbox 2884 3007 3064 3055; x_wconf 86' lang='lat' dir='ltr'><strong>autem</strong></span> <span class='ocrx_word' id='word_1_517' title='bbox 3093 2998 3485 3069; x_wconf 80' lang='lat' dir='ltr'><strong>gloriﬁcantem</strong></span> <span class='ocrx_word' id='word_1_518' title='bbox 3525 3015 3585 3054; x_wconf 90' lang='lat' dir='ltr'><strong>se</strong></span> <span class='ocrx_word' id='word_1_519' title='bbox 3614 2999 3783 3069; x_wconf 84' lang='lat' dir='ltr'><strong>glori-</strong></span> 
     </span>
    </p>
   </div>
   <div class='ocr_carea' id='block_1_74' title="bbox 2184 3085 3785 3160">
    <p class='ocr_par' dir='ltr' id='par_1_74' title="bbox 2184 3085 3785 3160">
     <span class='ocr_line' id='line_1_74' title="bbox 2184 3085 3785 3160; baseline 0.004 -20"><span class='ocrx_word' id='word_1_520' title='bbox 2184 3085 2463 3143; x_wconf 81' lang='lat' dir='ltr'><strong>ﬁcaturom</strong></span> <span class='ocrx_word' id='word_1_521' title='bbox 2503 3089 2714 3157; x_wconf 85' lang='lat' dir='ltr'><strong>asserit,</strong></span> <span class='ocrx_word' id='word_1_522' title='bbox 2770 3089 3010 3160; x_wconf 81' lang='lat' dir='ltr'><strong>profecto</strong></span> <span class='ocrx_word' id='word_1_523' title='bbox 3041 3090 3090 3147; x_wconf 89' lang='lat' dir='ltr'><strong>ei</strong></span> <span class='ocrx_word' id='word_1_524' title='bbox 3134 3104 3244 3145; x_wconf 68' lang='lat' dir='ltr'><strong>sua:</strong></span> <span class='ocrx_word' id='word_1_525' title='bbox 3273 3090 3639 3146; x_wconf 86' lang='lat' dir='ltr'><strong>similitudinis</strong></span> <span class='ocrx_word' id='word_1_526' title='bbox 3668 3090 3785 3159; x_wconf 63' lang='grc' dir='ltr'><strong>διο-</strong></span> 
     </span>
    </p>
   </div>
   <div class='ocr_carea' id='block_1_75' title="bbox 2183 3180 3784 3254">
    <p class='ocr_par' dir='ltr' id='par_1_75' title="bbox 2183 3180 3784 3254">
     <span class='ocr_line' id='line_1_75' title="bbox 2183 3180 3784 3254; baseline 0.002 -20"><span class='ocrx_word' id='word_1_527' title='bbox 2183 3180 2319 3235; x_wconf 88' lang='lat' dir='ltr'><strong>riam</strong></span> <span class='ocrx_word' id='word_1_528' title='bbox 2348 3181 2695 3251; x_wconf 85' lang='lat' dir='ltr'><strong>repromittit.</strong></span> <span class='ocrx_word' id='word_1_529' title='bbox 2732 3180 3139 3239; x_wconf 86' lang='lat' dir='ltr'><strong>Glorilicantem</strong></span> <span class='ocrx_word' id='word_1_530' title='bbox 3184 3182 3385 3254; x_wconf 88' lang='lat' dir='ltr'><strong>quippe</strong></span> <span class='ocrx_word' id='word_1_531' title='bbox 3419 3197 3478 3238; x_wconf 86' lang='lat' dir='ltr'><strong>se</strong></span> <span class='ocrx_word' id='word_1_532' title='bbox 3518 3182 3784 3238; x_wconf 86' lang='lat' dir='ltr'><strong>Dominus</strong></span> 
     </span>
    </p>
   </div>
   <div class='ocr_carea' id='block_1_76' title="bbox 907 3270 3783 3384">
    <p class='ocr_par' dir='ltr' id='par_1_76' title="bbox 907 3270 3783 3384">
     <span class='ocr_line' id='line_1_76' title="bbox 907 3270 3783 3384; baseline 0.002 -64"><span class='ocrx_word' id='word_1_533' title='bbox 2109 3290 2157 3355; x_wconf 65' lang='grc' dir='ltr'>ε</span> <span class='ocrx_word' id='word_1_534' title='bbox 2190 3270 2481 3373; x_wconf 65' lang='lat' dir='ltr'><strong>gloriﬁcat,</strong></span> <span class='ocrx_word' id='word_1_535' title='bbox 2526 3272 2652 3340; x_wconf 88' lang='lat' dir='ltr'><strong>quia</strong></span> <span class='ocrx_word' id='word_1_536' title='bbox 2700 3287 2795 3328; x_wconf 90' lang='lat' dir='ltr'><strong>eos</strong></span> <span class='ocrx_word' id='word_1_537' title='bbox 2823 3281 3026 3384; x_wconf 55' lang='lat' dir='ltr'><strong>teter-na</strong></span> <span class='ocrx_word' id='word_1_538' title='bbox 3069 3272 3401 3330; x_wconf 85' lang='lat' dir='ltr'><strong>sublimitate</strong></span> <span class='ocrx_word' id='word_1_539' title='bbox 3444 3282 3783 3384; x_wconf 74' lang='lat' dir='ltr'><strong>remunerat,</strong></span> 
     </span>
    </p>
   </div>
   <div class='ocr_carea' id='block_1_77' title="bbox 2187 3362 3787 3435">
    <p class='ocr_par' dir='ltr' id='par_1_77' title="bbox 2187 3362 3787 3435">
     <span class='ocr_line' id='line_1_77' title="bbox 2187 3362 3787 3435; baseline 0.003 -19"><span class='ocrx_word' id='word_1_540' title='bbox 2187 3362 2279 3432; x_wconf 91' lang='lat' dir='ltr'><strong>qui</strong></span> <span class='ocrx_word' id='word_1_541' title='bbox 2307 3378 2449 3418; x_wconf 92' lang='lat' dir='ltr'><strong>nunc</strong></span> <span class='ocrx_word' id='word_1_542' title='bbox 2470 3363 2609 3419; x_wconf 88' lang='lat' dir='ltr'><strong>intra</strong></span> <span class='ocrx_word' id='word_1_543' title='bbox 2638 3372 2878 3420; x_wconf 87' lang='lat' dir='ltr'><strong>sanctam</strong></span> <span class='ocrx_word' id='word_1_544' title='bbox 2910 3363 3197 3421; x_wconf 85' lang='lat' dir='ltr'><strong>Ecclesiam</strong></span> <span class='ocrx_word' id='word_1_545' title='bbox 3220 3380 3317 3435; x_wconf 89' lang='lat' dir='ltr'><strong>per</strong></span> <span class='ocrx_word' id='word_1_546' title='bbox 3340 3363 3587 3435; x_wconf 71' lang='lat' dir='ltr'><strong>exempla</strong></span> <span class='ocrx_word' id='word_1_547' title='bbox 3608 3364 3787 3420; x_wconf 86' lang='lat' dir='ltr'><strong>bono-</strong></span> 
     </span>
    </p>
   </div>
   <div class='ocr_carea' id='block_1_78' title="bbox 2187 3456 3785 3528">
    <p class='ocr_par' dir='ltr' id='par_1_78' title="bbox 2187 3456 3785 3528">
     <span class='ocr_line' id='line_1_78' title="bbox 2187 3456 3785 3528; baseline 0.001 -17"><span class='ocrx_word' id='word_1_548' title='bbox 2187 3472 2308 3512; x_wconf 86' lang='lat' dir='ltr'><strong>rum</strong></span> <span class='ocrx_word' id='word_1_549' title='bbox 2338 3471 2563 3528; x_wconf 88' lang='lat' dir='ltr'><strong>operum</strong></span> <span class='ocrx_word' id='word_1_550' title='bbox 2592 3456 2645 3511; x_wconf 91' lang='lat' dir='ltr'><strong>in</strong></span> <span class='ocrx_word' id='word_1_551' title='bbox 2672 3457 2968 3514; x_wconf 89' lang='lat' dir='ltr'><strong>electorum</strong></span> <span class='ocrx_word' id='word_1_552' title='bbox 2993 3460 3165 3516; x_wconf 89' lang='lat' dir='ltr'><strong>oculis</strong></span> <span class='ocrx_word' id='word_1_553' title='bbox 3187 3467 3493 3517; x_wconf 88' lang='lat' dir='ltr'><strong>coruscant.</strong></span> <span class='ocrx_word' id='word_1_554' title='bbox 3525 3459 3785 3516; x_wconf 86' lang='lat' dir='ltr'><strong>Contem-</strong></span> 
     </span>
    </p>
   </div>
   <div class='ocr_carea' id='block_1_79' title="bbox 2183 3550 3781 3621">
    <p class='ocr_par' dir='ltr' id='par_1_79' title="bbox 2183 3550 3781 3621">
     <span class='ocr_line' id='line_1_79' title="bbox 2183 3550 3781 3621; baseline 0.002 -21"><span class='ocrx_word' id='word_1_555' title='bbox 2183 3554 2370 3617; x_wconf 88' lang='lat' dir='ltr'><strong>ptores</strong></span> <span class='ocrx_word' id='word_1_556' title='bbox 2397 3556 2576 3605; x_wconf 88' lang='lat' dir='ltr'><strong>autem</strong></span> <span class='ocrx_word' id='word_1_557' title='bbox 2598 3558 2754 3605; x_wconf 86' lang='lat' dir='ltr'><strong>erunt</strong></span> <span class='ocrx_word' id='word_1_558' title='bbox 2777 3550 3061 3618; x_wconf 86' lang='lat' dir='ltr'><strong>ignobiles,</strong></span> <span class='ocrx_word' id='word_1_559' title='bbox 3088 3550 3211 3621; x_wconf 85' lang='lat' dir='ltr'><strong>quia</strong></span> <span class='ocrx_word' id='word_1_560' title='bbox 3249 3551 3302 3607; x_wconf 93' lang='lat' dir='ltr'><strong>in</strong></span> <span class='ocrx_word' id='word_1_561' title='bbox 3332 3551 3633 3607; x_wconf 87' lang='lat' dir='ltr'><strong>electorum</strong></span> <span class='ocrx_word' id='word_1_562' title='bbox 3665 3550 3781 3619; x_wconf 88' lang='lat' dir='ltr'><strong>glo-</strong></span> 
     </span>
    </p>
   </div>
   <div class='ocr_carea' id='block_1_80' title="bbox 2184 3639 3783 3713">
    <p class='ocr_par' dir='ltr' id='par_1_80' title="bbox 2184 3639 3783 3713">
     <span class='ocr_line' id='line_1_80' title="bbox 2184 3639 3783 3713; baseline 0.002 -21"><span class='ocrx_word' id='word_1_563' title='bbox 2184 3639 2262 3693; x_wconf 89' lang='lat' dir='ltr'><strong>ria</strong></span> <span class='ocrx_word' id='word_1_564' title='bbox 2295 3640 2459 3711; x_wconf 89' lang='lat' dir='ltr'><strong>recipi</strong></span> <span class='ocrx_word' id='word_1_565' title='bbox 2508 3657 2613 3695; x_wconf 89' lang='lat' dir='ltr'><strong>non</strong></span> <span class='ocrx_word' id='word_1_566' title='bbox 2656 3648 2952 3697; x_wconf 86' lang='lat' dir='ltr'><strong>merentur.</strong></span> <span class='ocrx_word' id='word_1_567' title='bbox 2996 3640 3127 3697; x_wconf 86' lang='lat' dir='ltr'><strong>Nam</strong></span> <span class='ocrx_word' id='word_1_568' title='bbox 3157 3644 3283 3712; x_wconf 89' lang='lat' dir='ltr'><strong>quia</strong></span> <span class='ocrx_word' id='word_1_569' title='bbox 3310 3642 3472 3698; x_wconf 87' lang='lat' dir='ltr'><strong>modo</strong></span> <span class='ocrx_word' id='word_1_570' title='bbox 3522 3657 3621 3713; x_wconf 89' lang='lat' dir='ltr'><strong>per</strong></span> <span class='ocrx_word' id='word_1_571' title='bbox 3649 3658 3783 3697; x_wconf 88' lang='lat' dir='ltr'><strong>con-</strong></span> 
     </span>
    </p>
   </div>
   <div class='ocr_carea' id='block_1_81' title="bbox 2184 3732 3783 3803">
    <p class='ocr_par' dir='ltr' id='par_1_81' title="bbox 2184 3732 3783 3803">
     <span class='ocr_line' id='line_1_81' title="bbox 2184 3732 3783 3803; baseline 0.001 -19"><span class='ocrx_word' id='word_1_572' title='bbox 2184 3732 2545 3786; x_wconf 86' lang='lat' dir='ltr'><strong>versationem</strong></span> <span class='ocrx_word' id='word_1_573' title='bbox 2567 3732 2849 3800; x_wconf 88' lang='lat' dir='ltr'><strong>reprobam</strong></span> <span class='ocrx_word' id='word_1_574' title='bbox 2868 3732 3004 3802; x_wconf 90' lang='lat' dir='ltr'><strong>lapsi</strong></span> <span class='ocrx_word' id='word_1_575' title='bbox 3020 3733 3193 3803; x_wconf 88' lang='lat' dir='ltr'><strong>angeli</strong></span> <span class='ocrx_word' id='word_1_576' title='bbox 3214 3734 3498 3803; x_wconf 84' lang='lat' dir='ltr'><strong>imaginem</strong></span> <span class='ocrx_word' id='word_1_577' title='bbox 3525 3732 3783 3797; x_wconf 84' lang='lat' dir='ltr'><strong>vestiunt,</strong></span> 
     </span>
    </p>
   </div>
   <div class='ocr_carea' id='block_1_82' title="bbox 2186 3824 3787 3896">
    <p class='ocr_par' dir='ltr' id='par_1_82' title="bbox 2186 3824 3787 3896">
     <span class='ocr_line' id='line_1_82' title="bbox 2186 3824 3787 3896; baseline 0 -17"><span class='ocrx_word' id='word_1_578' title='bbox 2186 3824 2452 3892; x_wconf 86' lang='lat' dir='ltr'><strong>ignobiles</strong></span> <span class='ocrx_word' id='word_1_579' title='bbox 2482 3841 2603 3879; x_wconf 90' lang='lat' dir='ltr'><strong>cum</strong></span> <span class='ocrx_word' id='word_1_580' title='bbox 2633 3840 2699 3879; x_wconf 87' lang='lat' dir='ltr'><strong>eo</strong></span> <span class='ocrx_word' id='word_1_581' title='bbox 2742 3833 2868 3880; x_wconf 89' lang='lat' dir='ltr'><strong>tunc</strong></span> <span class='ocrx_word' id='word_1_582' title='bbox 2900 3834 3078 3893; x_wconf 86' lang='lat' dir='ltr'><strong>erunt,</strong></span> <span class='ocrx_word' id='word_1_583' title='bbox 3128 3825 3345 3896; x_wconf 79' lang='lat' dir='ltr'><strong>quando</strong></span> <span class='ocrx_word' id='word_1_584' title='bbox 3376 3827 3425 3880; x_wconf 90' lang='lat' dir='ltr'><strong>ci</strong></span> <span class='ocrx_word' id='word_1_585' title='bbox 3472 3826 3525 3881; x_wconf 90' lang='lat' dir='ltr'><strong>in</strong></span> <span class='ocrx_word' id='word_1_586' title='bbox 3572 3827 3787 3880; x_wconf 87' lang='lat' dir='ltr'><strong>interna</strong></span> 
     </span>
    </p>
   </div>
   <div class='ocr_carea' id='block_1_83' title="bbox 2186 3916 3786 3988">
    <p class='ocr_par' dir='ltr' id='par_1_83' title="bbox 2186 3916 3786 3988">
     <span class='ocr_line' id='line_1_83' title="bbox 2186 3916 3786 3988; baseline -0.001 -16"><span class='ocrx_word' id='word_1_587' title='bbox 2186 3933 2345 3987; x_wconf 78' lang='lat' dir='ltr'><strong>poma</strong></span> <span class='ocrx_word' id='word_1_588' title='bbox 2377 3919 2669 3973; x_wconf 88' lang='lat' dir='ltr'><strong>sociantur.</strong></span> <span class='ocrx_word' id='word_1_589' title='bbox 2704 3916 2907 3973; x_wconf 87' lang='lat' dir='ltr'><strong>llorum</strong></span> <span class='ocrx_word' id='word_1_590' title='bbox 2938 3933 3170 3988; x_wconf 86' lang='lat' dir='ltr'><strong>namque</strong></span> <span class='ocrx_word' id='word_1_591' title='bbox 3218 3917 3667 3987; x_wconf 82' lang='lat' dir='ltr'><strong>gloriﬁcalionem</strong></span> <span class='ocrx_word' id='word_1_592' title='bbox 3700 3924 3786 3971; x_wconf 83' lang='lat' dir='ltr'><strong>at-</strong></span> 
     </span>
    </p>
   </div>
   <div class='ocr_carea' id='block_1_84' title="bbox 2182 4009 3783 4081">
    <p class='ocr_par' dir='ltr' id='par_1_84' title="bbox 2182 4009 3783 4081">
     <span class='ocr_line' id='line_1_84' title="bbox 2182 4009 3783 4081; baseline -0.001 -18"><span class='ocrx_word' id='word_1_593' title='bbox 2182 4022 2289 4078; x_wconf 87' lang='lat' dir='ltr'><strong>que</strong></span> <span class='ocrx_word' id='word_1_594' title='bbox 2320 4010 2530 4063; x_wconf 86' lang='lat' dir='ltr'><strong>illorum</strong></span> <span class='ocrx_word' id='word_1_595' title='bbox 2564 4010 2952 4078; x_wconf 79' lang='lat' dir='ltr'><strong>ignobilitatem</strong></span> <span class='ocrx_word' id='word_1_596' title='bbox 2985 4009 3257 4081; x_wconf 83' lang='lat' dir='ltr'><strong>Propheta</strong></span> <span class='ocrx_word' id='word_1_597' title='bbox 3290 4012 3520 4074; x_wconf 88' lang='lat' dir='ltr'><strong>intuens,</strong></span> <span class='ocrx_word' id='word_1_598' title='bbox 3540 4012 3653 4081; x_wconf 78' lang='lat'><strong>88</strong></span> <span class='ocrx_word' id='word_1_599' title='bbox 3670 4010 3783 4063; x_wconf 90' lang='lat' dir='ltr'><strong>ait:</strong></span> 
     </span>
    </p>
   </div>
   <div class='ocr_carea' id='block_1_85' title="bbox 2184 4103 3788 4181">
    <p class='ocr_par' dir='ltr' id='par_1_85' title="bbox 2184 4103 3788 4181">
     <span class='ocr_line' id='line_1_85' title="bbox 2184 4103 3788 4181; baseline 0.001 -23"><span class='ocrx_word' id='word_1_600' title='bbox 2184 4103 2536 4160; x_wconf 72' lang='lat' dir='ltr'><strong>Exsultabuat</strong></span> <span class='ocrx_word' id='word_1_601' title='bbox 2584 4107 2753 4160; x_wconf 82' lang='lat' dir='ltr'><strong>sancti</strong></span> <span class='ocrx_word' id='word_1_602' title='bbox 2800 4109 2851 4161; x_wconf 87' lang='lat' dir='ltr'><strong>in</strong></span> <span class='ocrx_word' id='word_1_603' title='bbox 2880 4107 3066 4179; x_wconf 87' lang='lat' dir='ltr'><strong>gloria,</strong></span> <span class='ocrx_word' id='word_1_604' title='bbox 3100 4108 3412 4181; x_wconf 70' lang='lat' dir='ltr'><strong>[relabuntur</strong></span> <span class='ocrx_word' id='word_1_605' title='bbox 3450 4108 3502 4161; x_wconf 89' lang='lat' dir='ltr'><strong>in</strong></span> <span class='ocrx_word' id='word_1_606' title='bbox 3533 4106 3788 4161; x_wconf 85' lang='lat' dir='ltr'><strong>cubilibus</strong></span> 
     </span>
    </p>
   </div>
   <div class='ocr_carea' id='block_1_86' title="bbox 2183 4197 3789 4272">
    <p class='ocr_par' dir='ltr' id='par_1_86' title="bbox 2183 4197 3789 4272">
     <span class='ocr_line' id='line_1_86' title="bbox 2183 4197 3789 4272; baseline 0.001 -21"><span class='ocrx_word' id='word_1_607' title='bbox 2183 4200 2312 4252; x_wconf 83' lang='lat' dir='ltr'><strong>suis.</strong></span> <span class='ocrx_word' id='word_1_608' title='bbox 2358 4197 2753 4254; x_wconf 72' lang='lat' dir='ltr'><strong>Exsultationes</strong></span> <span class='ocrx_word' id='word_1_609' title='bbox 2786 4198 2885 4254; x_wconf 84' lang='lat' dir='ltr'><strong>Dei</strong></span> <span class='ocrx_word' id='word_1_610' title='bbox 2930 4202 2979 4253; x_wconf 87' lang='lat' dir='ltr'><strong>in</strong></span> <span class='ocrx_word' id='word_1_611' title='bbox 3014 4200 3246 4272; x_wconf 76' lang='lat' dir='ltr'><strong>faucibus</strong></span> <span class='ocrx_word' id='word_1_612' title='bbox 3282 4219 3477 4266; x_wconf 84' lang='lat' dir='ltr'><strong>eorum,</strong></span> <span class='ocrx_word' id='word_1_613' title='bbox 3528 4208 3575 4253; x_wconf 84' lang='lat' dir='ltr'><strong>et</strong></span> <span class='ocrx_word' id='word_1_614' title='bbox 3623 4201 3789 4272; x_wconf 74' lang='lat' dir='ltr'><strong>gladii</strong></span> 
     </span>
    </p>
   </div>
   <div class='ocr_carea' id='block_1_87' title="bbox 2182 4292 3789 4366">
    <p class='ocr_par' dir='ltr' id='par_1_87' title="bbox 2182 4292 3789 4366">
     <span class='ocr_line' id='line_1_87' title="bbox 2182 4292 3789 4366; baseline 0.001 -21"><span class='ocrx_word' id='word_1_615' title='bbox 2182 4292 2435 4362; x_wconf 82' lang='lat' dir='ltr'><strong>ancipites</strong></span> <span class='ocrx_word' id='word_1_616' title='bbox 2478 4294 2529 4347; x_wconf 83' lang='lat' dir='ltr'><strong>in</strong></span> <span class='ocrx_word' id='word_1_617' title='bbox 2561 4294 2798 4348; x_wconf 76' lang='lat' dir='ltr'><strong>nzanibus</strong></span> <span class='ocrx_word' id='word_1_618' title='bbox 2832 4312 3026 4349; x_wconf 85' lang='lat' dir='ltr'><strong>eorum.</strong></span> <span class='ocrx_word' id='word_1_619' title='bbox 3060 4295 3139 4346; x_wconf 81' lang='lat' dir='ltr'><strong>Ad</strong></span> <span class='ocrx_word' id='word_1_620' title='bbox 3169 4294 3463 4366; x_wconf 77' lang='lat' dir='ltr'><strong>faciendam</strong></span> <span class='ocrx_word' id='word_1_621' title='bbox 3502 4295 3789 4347; x_wconf 72' lang='lat' dir='ltr'><strong>vindictam</strong></span> 
     </span>
    </p>
   </div>
   <div class='ocr_carea' id='block_1_88' title="bbox 2179 4384 3789 4458">
    <p class='ocr_par' dir='ltr' id='par_1_88' title="bbox 2179 4384 3789 4458">
     <span class='ocr_line' id='line_1_88' title="bbox 2179 4384 3789 4458; baseline 0.002 -21"><span class='ocrx_word' id='word_1_622' title='bbox 2179 4386 2233 4437; x_wconf 85' lang='lat' dir='ltr'><strong>in</strong></span> <span class='ocrx_word' id='word_1_623' title='bbox 2264 4384 2584 4451; x_wconf 84' lang='lat' dir='ltr'><strong>nationibus,</strong></span> <span class='ocrx_word' id='word_1_624' title='bbox 2627 4386 3004 4456; x_wconf 75' lang='lat' dir='ltr'><strong>inrrepationes</strong></span> <span class='ocrx_word' id='word_1_625' title='bbox 3034 4387 3088 4439; x_wconf 85' lang='lat' dir='ltr'><strong>in</strong></span> <span class='ocrx_word' id='word_1_626' title='bbox 3119 4386 3339 4458; x_wconf 71' lang='lat' dir='ltr'><strong>papillis.</strong></span> <span class='ocrx_word' id='word_1_627' title='bbox 3376 4386 3455 4439; x_wconf 77' lang='lat' dir='ltr'><strong>At!</strong></span> <span class='ocrx_word' id='word_1_628' title='bbox 3490 4385 3789 4457; x_wconf 79' lang='lat' dir='ltr'><strong>alligandos</strong></span> 
     </span>
    </p>
   </div>
   <div class='ocr_carea' id='block_1_89' title="bbox 2183 4475 3788 4547">
    <p class='ocr_par' dir='ltr' id='par_1_89' title="bbox 2183 4475 3788 4547">
     <span class='ocr_line' id='line_1_89' title="bbox 2183 4475 3788 4547; baseline 0.003 -21"><span class='ocrx_word' id='word_1_629' title='bbox 2183 4492 2329 4547; x_wconf 87' lang='lat' dir='ltr'><strong>reges</strong></span> <span class='ocrx_word' id='word_1_630' title='bbox 2362 4494 2535 4530; x_wconf 68' lang='lat' dir='ltr'><strong>torum</strong></span> <span class='ocrx_word' id='word_1_631' title='bbox 2566 4478 2615 4529; x_wconf 86' lang='lat' dir='ltr'><strong>in</strong></span> <span class='ocrx_word' id='word_1_632' title='bbox 2644 4475 2991 4545; x_wconf 84' lang='lat' dir='ltr'><strong>compedibus,</strong></span> <span class='ocrx_word' id='word_1_633' title='bbox 3023 4486 3071 4530; x_wconf 88' lang='lat' dir='ltr'><strong>et</strong></span> <span class='ocrx_word' id='word_1_634' title='bbox 3102 4478 3297 4533; x_wconf 84' lang='lat' dir='ltr'><strong>nobiles</strong></span> <span class='ocrx_word' id='word_1_635' title='bbox 3322 4495 3498 4531; x_wconf 90' lang='lat' dir='ltr'><strong>eorum</strong></span> <span class='ocrx_word' id='word_1_636' title='bbox 3528 4478 3579 4531; x_wconf 89' lang='lat' dir='ltr'><strong>in</strong></span> <span class='ocrx_word' id='word_1_637' title='bbox 3612 4478 3788 4531; x_wconf 79' lang='lat' dir='ltr'><strong>mani-</strong></span> 
     </span>
    </p>
   </div>
   <div class='ocr_carea' id='block_1_90' title="bbox 2179 4568 3783 4641">
    <p class='ocr_par' dir='ltr' id='par_1_90' title="bbox 2179 4568 3783 4641">
     <span class='ocr_line' id='line_1_90' title="bbox 2179 4568 3783 4641; baseline 0.001 -20"><span class='ocrx_word' id='word_1_638' title='bbox 2179 4568 2254 4622; x_wconf 86' lang='lat' dir='ltr'><strong>cis</strong></span> <span class='ocrx_word' id='word_1_639' title='bbox 2280 4571 2480 4641; x_wconf 61' lang='lat' dir='ltr'><strong>prreis.</strong></span> <span class='ocrx_word' id='word_1_640' title='bbox 2502 4568 2903 4624; x_wconf 85' lang='lat' dir='ltr'><strong>Glorilicantem</strong></span> <span class='ocrx_word' id='word_1_641' title='bbox 2921 4586 2978 4626; x_wconf 88' lang='lat' dir='ltr'><strong>se</strong></span> <span class='ocrx_word' id='word_1_642' title='bbox 2994 4572 3191 4641; x_wconf 86' lang='lat' dir='ltr'><strong>quippe</strong></span> <span class='ocrx_word' id='word_1_643' title='bbox 3215 4570 3472 4626; x_wconf 88' lang='lat' dir='ltr'><strong>Dominus</strong></span> <span class='ocrx_word' id='word_1_644' title='bbox 3496 4571 3783 4641; x_wconf 89' lang='lat' dir='ltr'><strong>glorilical,</strong></span> 
     </span>
    </p>
   </div>
   <div class='ocr_carea' id='block_1_91' title="bbox 468 4645 2071 4743">
    <p class='ocr_par' dir='ltr' id='par_1_91' title="bbox 468 4645 2065 4718">
     <span class='ocr_line' id='line_1_91' title="bbox 468 4645 2065 4718; baseline 0.006 -21"><span class='ocrx_word' id='word_1_645' title='bbox 468 4658 661 4699; x_wconf 87' lang='lat' dir='ltr'><strong>norum</strong></span> <span class='ocrx_word' id='word_1_646' title='bbox 710 4660 934 4715; x_wconf 87' lang='lat' dir='ltr'><strong>operum</strong></span> <span class='ocrx_word' id='word_1_647' title='bbox 982 4645 1049 4701; x_wconf 91' lang='lat' dir='ltr'><strong>ad</strong></span> <span class='ocrx_word' id='word_1_648' title='bbox 1093 4646 1447 4704; x_wconf 88' lang='lat' dir='ltr'><strong>imitationem</strong></span> <span class='ocrx_word' id='word_1_649' title='bbox 1488 4649 1720 4707; x_wconf 85' lang='lat' dir='ltr'><strong>ﬁdelium</strong></span> <span class='ocrx_word' id='word_1_650' title='bbox 1763 4661 2065 4718; x_wconf 85' lang='lat' dir='ltr'><strong>corruscat,</strong></span> 
     </span>
    </p>
   </div>
   <div class='ocr_carea' id='block_1_92' title="bbox 2183 4645 3781 4743">
    <p class='ocr_par' dir='ltr' id='par_1_92' title="bbox 2183 4661 3781 4734">
     <span class='ocr_line' id='line_1_92' title="bbox 2183 4661 3781 4734; baseline 0.002 -20"><span class='ocrx_word' id='word_1_651' title='bbox 2183 4661 2553 4731; x_wconf 87' lang='lat' dir='ltr'><strong>quiahumiles</strong></span> <span class='ocrx_word' id='word_1_652' title='bbox 2584 4661 2739 4716; x_wconf 84' lang='lat' dir='ltr'><strong>electi</strong></span> <span class='ocrx_word' id='word_1_653' title='bbox 2766 4680 2886 4718; x_wconf 87' lang='lat' dir='ltr'><strong>cum</strong></span> <span class='ocrx_word' id='word_1_654' title='bbox 2918 4680 2983 4718; x_wconf 90' lang='lat' dir='ltr'><strong>eo</strong></span> <span class='ocrx_word' id='word_1_655' title='bbox 3005 4664 3056 4719; x_wconf 89' lang='lat' dir='ltr'><strong>in</strong></span> <span class='ocrx_word' id='word_1_656' title='bbox 3085 4675 3284 4719; x_wconf 60' lang='lat' dir='ltr'><strong>aeterna</strong></span> <span class='ocrx_word' id='word_1_657' title='bbox 3300 4665 3469 4734; x_wconf 85' lang='lat' dir='ltr'><strong>gloria</strong></span> <span class='ocrx_word' id='word_1_658' title='bbox 3486 4664 3781 4719; x_wconf 79' lang='lat' dir='ltr'><strong>exsultant.</strong></span> 
     </span>
    </p>
   </div>
   <div class='ocr_carea' id='block_1_93' title="bbox 468 4738 2067 4814">
    <p class='ocr_par' dir='ltr' id='par_1_93' title="bbox 468 4738 2067 4814">
     <span class='ocr_line' id='line_1_93' title="bbox 468 4738 2067 4814; baseline 0.006 -24"><span class='ocrx_word' id='word_1_659' title='bbox 468 4739 559 4807; x_wconf 87' lang='lat' dir='ltr'><strong>qui</strong></span> <span class='ocrx_word' id='word_1_660' title='bbox 604 4738 671 4793; x_wconf 89' lang='lat' dir='ltr'><strong>de</strong></span> <span class='ocrx_word' id='word_1_661' title='bbox 701 4738 1029 4795; x_wconf 87' lang='lat' dir='ltr'><strong>sublimitate</strong></span> <span class='ocrx_word' id='word_1_662' title='bbox 1074 4742 1350 4810; x_wconf 86' lang='lat' dir='ltr'><strong>regiminis</strong></span> <span class='ocrx_word' id='word_1_663' title='bbox 1377 4744 1579 4814; x_wconf 91' lang='lat' dir='ltr'><strong>ingenti</strong></span> <span class='ocrx_word' id='word_1_664' title='bbox 1631 4746 1834 4802; x_wconf 89' lang='lat' dir='ltr'><strong>lumine</strong></span> <span class='ocrx_word' id='word_1_665' title='bbox 1886 4747 2067 4801; x_wconf 85' lang='lat' dir='ltr'><strong>radiat</strong></span> 
     </span>
    </p>
   </div>
   <div class='ocr_carea' id='block_1_94' title="bbox 466 4833 2061 4907">
    <p class='ocr_par' dir='ltr' id='par_1_94' title="bbox 466 4833 2061 4907">
     <span class='ocr_line' id='line_1_94' title="bbox 466 4833 2061 4907; baseline 0.007 -26"><span class='ocrx_word' id='word_1_666' title='bbox 466 4844 675 4898; x_wconf 76' lang='lat' dir='ltr'><strong>magna:</strong></span> <span class='ocrx_word' id='word_1_667' title='bbox 721 4833 1162 4897; x_wconf 88' lang='lat' dir='ltr'><strong>conversationis,</strong></span> <span class='ocrx_word' id='word_1_668' title='bbox 1214 4834 1306 4905; x_wconf 91' lang='lat' dir='ltr'><strong>qui</strong></span> <span class='ocrx_word' id='word_1_669' title='bbox 1352 4836 1415 4891; x_wconf 84' lang='lat' dir='ltr'><strong>ad</strong></span> <span class='ocrx_word' id='word_1_670' title='bbox 1464 4839 1738 4907; x_wconf 88' lang='lat' dir='ltr'><strong>speculum</strong></span> <span class='ocrx_word' id='word_1_671' title='bbox 1782 4854 2061 4894; x_wconf 85' lang='lat' dir='ltr'><strong>sacrorum</strong></span> 
     </span>
    </p>
   </div>
   <div class='ocr_carea' id='block_1_95' title="bbox 467 4922 2061 5001">
    <p class='ocr_par' dir='ltr' id='par_1_95' title="bbox 467 4922 2061 5001">
     <span class='ocr_line' id='line_1_95' title="bbox 467 4922 2061 5001; baseline 0.007 -26"><span class='ocrx_word' id='word_1_672' title='bbox 467 4922 715 4977; x_wconf 90' lang='lat' dir='ltr'><strong>ordinum</strong></span> <span class='ocrx_word' id='word_1_673' title='bbox 748 4924 1101 4994; x_wconf 88' lang='lat' dir='ltr'><strong>reproborum</strong></span> <span class='ocrx_word' id='word_1_674' title='bbox 1132 4927 1499 4985; x_wconf 90' lang='lat' dir='ltr'><strong>ministrorum</strong></span> <span class='ocrx_word' id='word_1_675' title='bbox 1532 4946 1791 5001; x_wconf 88' lang='lat' dir='ltr'><strong>personas</strong></span> <span class='ocrx_word' id='word_1_676' title='bbox 1821 4946 1927 4987; x_wconf 93' lang='lat' dir='ltr'><strong>non</strong></span> <span class='ocrx_word' id='word_1_677' title='bbox 1965 4948 2061 4986; x_wconf 83' lang='lat' dir='ltr'><strong>ac-</strong></span> 
     </span>
    </p>
   </div>
   <div class='ocr_carea' id='block_1_96' title="bbox 466 5012 2065 5095">
    <p class='ocr_par' dir='ltr' id='par_1_96' title="bbox 466 5012 2065 5095">
     <span class='ocr_line' id='line_1_96' title="bbox 466 5012 2065 5095; baseline 0.008 -27"><span class='ocrx_word' id='word_1_678' title='bbox 466 5012 613 5083; x_wconf 86' lang='lat' dir='ltr'><strong>cipit,</strong></span> <span class='ocrx_word' id='word_1_679' title='bbox 649 5014 742 5069; x_wconf 88' lang='lat' dir='ltr'><strong>sed</strong></span> <span class='ocrx_word' id='word_1_680' title='bbox 786 5029 879 5071; x_wconf 91' lang='lat' dir='ltr'><strong>eos</strong></span> <span class='ocrx_word' id='word_1_681' title='bbox 908 5017 974 5071; x_wconf 88' lang='lat' dir='ltr'><strong>ad</strong></span> <span class='ocrx_word' id='word_1_682' title='bbox 1003 5017 1229 5074; x_wconf 85' lang='lat' dir='ltr'><strong>formam</strong></span> <span class='ocrx_word' id='word_1_683' title='bbox 1270 5021 1498 5092; x_wconf 82' lang='lat' dir='ltr'><strong>subjecti</strong></span> <span class='ocrx_word' id='word_1_684' title='bbox 1526 5024 1704 5094; x_wconf 87' lang='lat' dir='ltr'><strong>gregis</strong></span> <span class='ocrx_word' id='word_1_685' title='bbox 1747 5024 1894 5095; x_wconf 84' lang='lat' dir='ltr'><strong>eligit</strong></span> <span class='ocrx_word' id='word_1_686' title='bbox 1922 5039 2065 5094; x_wconf 89' lang='lat' dir='ltr'><strong>quos</strong></span> 
     </span>
    </p>
   </div>
   <div class='ocr_carea' id='block_1_97' title="bbox 466 5105 2064 5183">
    <p class='ocr_par' dir='ltr' id='par_1_97' title="bbox 466 5105 2064 5183">
     <span class='ocr_line' id='line_1_97' title="bbox 466 5105 2064 5183; baseline 0.01 -25"><span class='ocrx_word' id='word_1_687' title='bbox 466 5105 641 5161; x_wconf 89' lang='lat' dir='ltr'><strong>omnis</strong></span> <span class='ocrx_word' id='word_1_688' title='bbox 672 5106 761 5175; x_wconf 89' lang='lat' dir='ltr'><strong>qui</strong></span> <span class='ocrx_word' id='word_1_689' title='bbox 813 5105 1169 5165; x_wconf 89' lang='lat' dir='ltr'><strong>imitationem</strong></span> <span class='ocrx_word' id='word_1_690' title='bbox 1216 5113 1456 5183; x_wconf 89' lang='lat' dir='ltr'><strong>respicit,</strong></span> <span class='ocrx_word' id='word_1_691' title='bbox 1488 5115 1611 5183; x_wconf 87' lang='lat' dir='ltr'><strong>quia</strong></span> <span class='ocrx_word' id='word_1_692' title='bbox 1662 5132 1846 5171; x_wconf 84' lang='lat' dir='ltr'><strong>verum</strong></span> <span class='ocrx_word' id='word_1_693' title='bbox 1878 5118 1930 5170; x_wconf 90' lang='lat' dir='ltr'><strong>in</strong></span> <span class='ocrx_word' id='word_1_694' title='bbox 1982 5118 2064 5174; x_wconf 89' lang='lat' dir='ltr'><strong>eis</strong></span> 
     </span>
    </p>
   </div>
   <div class='ocr_carea' id='block_1_98' title="bbox 464 5196 2061 5281">
    <p class='ocr_par' dir='ltr' id='par_1_98' title="bbox 464 5196 2061 5281">
     <span class='ocr_line' id='line_1_98' title="bbox 464 5196 2061 5281; baseline 0.01 -31"><span class='ocrx_word' id='word_1_695' title='bbox 464 5196 644 5254; x_wconf 90' lang='lat' dir='ltr'><strong>lumen</strong></span> <span class='ocrx_word' id='word_1_696' title='bbox 685 5200 950 5271; x_wconf 86' lang='lat' dir='ltr'><strong>sequitur,</strong></span> <span class='ocrx_word' id='word_1_697' title='bbox 994 5219 1102 5259; x_wconf 92' lang='lat' dir='ltr'><strong>non</strong></span> <span class='ocrx_word' id='word_1_698' title='bbox 1145 5203 1386 5261; x_wconf 79' lang='lat' dir='ltr'><strong>offendit.</strong></span> <span class='ocrx_word' id='word_1_699' title='bbox 1421 5204 1625 5274; x_wconf 90' lang='lat' dir='ltr'><strong>Quibus</strong></span> <span class='ocrx_word' id='word_1_700' title='bbox 1670 5209 1917 5263; x_wconf 91' lang='lat' dir='ltr'><strong>nimirum</strong></span> <span class='ocrx_word' id='word_1_701' title='bbox 1966 5226 2061 5281; x_wconf 85' lang='lat' dir='ltr'><strong>per</strong></span> 
     </span>
    </p>
   </div>
   <div class='ocr_carea' id='block_1_99' title="bbox 468 5294 2065 5368">
    <p class='ocr_par' dir='ltr' id='par_1_99' title="bbox 468 5294 2065 5368">
     <span class='ocr_line' id='line_1_99' title="bbox 468 5294 2065 5368; baseline 0.008 -21"><span class='ocrx_word' id='word_1_702' title='bbox 468 5296 815 5365; x_wconf 88' lang='lat' dir='ltr'><strong>semetipsum</strong></span> <span class='ocrx_word' id='word_1_703' title='bbox 848 5294 1060 5353; x_wconf 83' lang='lat' dir='ltr'><strong>Veritas</strong></span> <span class='ocrx_word' id='word_1_704' title='bbox 1087 5297 1344 5368; x_wconf 90' lang='lat' dir='ltr'><strong>loquitur,</strong></span> <span class='ocrx_word' id='word_1_705' title='bbox 1378 5300 1597 5356; x_wconf 89' lang='lat' dir='ltr'><strong>dicens:</strong></span> <span class='ocrx_word' id='word_1_706' title='bbox 1647 5300 1738 5357; x_wconf 88' lang='lat' dir='ltr'><strong>Sic</strong></span> <span class='ocrx_word' id='word_1_707' title='bbox 1777 5302 1943 5357; x_wconf 86' lang='lat' dir='ltr'><strong>luceat</strong></span> <span class='ocrx_word' id='word_1_708' title='bbox 1974 5307 2065 5359; x_wconf 66' lang='lat' dir='ltr'><strong>las;</strong></span> 
     </span>
    </p>
   </div>
   <div class='ocr_carea' id='block_1_100' title="bbox 466 5388 2062 5465">
    <p class='ocr_par' dir='ltr' id='par_1_100' title="bbox 466 5388 2062 5465">
     <span class='ocr_line' id='line_1_100' title="bbox 466 5388 2062 5465; baseline 0.009 -29"><span class='ocrx_word' id='word_1_709' title='bbox 466 5394 632 5438; x_wconf 81' lang='lat' dir='ltr'><strong>vestra</strong></span> <span class='ocrx_word' id='word_1_710' title='bbox 663 5403 837 5441; x_wconf 90' lang='lat' dir='ltr'><strong>coram</strong></span> <span class='ocrx_word' id='word_1_711' title='bbox 866 5388 1181 5459; x_wconf 85' lang='lat' dir='ltr'><strong>hominibus,</strong></span> <span class='ocrx_word' id='word_1_712' title='bbox 1208 5402 1262 5446; x_wconf 89' lang='lat' dir='ltr'><strong>ut</strong></span> <span class='ocrx_word' id='word_1_713' title='bbox 1289 5393 1497 5447; x_wconf 86' lang='lat' dir='ltr'><strong>uideant</strong></span> <span class='ocrx_word' id='word_1_714' title='bbox 1522 5401 1691 5447; x_wconf 87' lang='lat' dir='ltr'><strong>vestra</strong></span> <span class='ocrx_word' id='word_1_715' title='bbox 1720 5394 1855 5449; x_wconf 88' lang='lat' dir='ltr'><strong>bona</strong></span> <span class='ocrx_word' id='word_1_716' title='bbox 1882 5412 2062 5465; x_wconf 87' lang='lat' dir='ltr'><strong>opera,</strong></span> 
     </span>
    </p>
   </div>
   <div class='ocr_carea' id='block_1_101' title="bbox 465 5476 2065 5561">
    <p class='ocr_par' dir='ltr' id='par_1_101' title="bbox 465 5476 2065 5561">
     <span class='ocr_line' id='line_1_101' title="bbox 465 5476 2065 5561; baseline 0.011 -33"><span class='ocrx_word' id='word_1_717' title='bbox 465 5486 514 5530; x_wconf 90' lang='lat' dir='ltr'><strong>et</strong></span> <span class='ocrx_word' id='word_1_718' title='bbox 538 5477 834 5549; x_wconf 81' lang='lat' dir='ltr'><strong>gloriﬁcent</strong></span> <span class='ocrx_word' id='word_1_719' title='bbox 865 5476 1078 5538; x_wconf 84' lang='lat' dir='ltr'><strong>Patrem</strong></span> <span class='ocrx_word' id='word_1_720' title='bbox 1108 5496 1350 5553; x_wconf 87' lang='lat' dir='ltr'><strong>vestrum,</strong></span> <span class='ocrx_word' id='word_1_721' title='bbox 1382 5489 1465 5558; x_wconf 88' lang='lat' dir='ltr'><strong>qui</strong></span> <span class='ocrx_word' id='word_1_722' title='bbox 1490 5486 1543 5540; x_wconf 88' lang='lat' dir='ltr'><strong>in</strong></span> <span class='ocrx_word' id='word_1_723' title='bbox 1574 5488 1714 5542; x_wconf 76' lang='lat' dir='ltr'><strong>cazlis</strong></span> <span class='ocrx_word' id='word_1_724' title='bbox 1738 5501 1811 5543; x_wconf 89' lang='lat' dir='ltr'><strong>est</strong></span> <span class='ocrx_word' id='word_1_725' title='bbox 1844 5490 2065 5561; x_wconf 84' lang='lat' dir='ltr'><strong>(Matth.</strong></span> 
     </span>
    </p>
   </div>
   <div class='ocr_carea' id='block_1_102' title="bbox 464 5564 2062 5653">
    <p class='ocr_par' dir='ltr' id='par_1_102' title="bbox 464 5564 2062 5653">
     <span class='ocr_line' id='line_1_102' title="bbox 464 5564 2062 5653; baseline 0.014 -35"><span class='ocrx_word' id='word_1_726' title='bbox 464 5581 517 5629; x_wconf 78' lang='grc' dir='ltr'><strong>ν,</strong></span> <span class='ocrx_word' id='word_1_727' title='bbox 555 5566 667 5639; x_wconf 82' lang='grc'><strong>16).</strong></span> <span class='ocrx_word' id='word_1_728' title='bbox 717 5564 1093 5628; x_wconf 85' lang='lat' dir='ltr'><strong>Glorilicantes</strong></span> <span class='ocrx_word' id='word_1_729' title='bbox 1139 5576 1352 5644; x_wconf 89' lang='lat' dir='ltr'><strong>quidem</strong></span> <span class='ocrx_word' id='word_1_730' title='bbox 1399 5592 1457 5631; x_wconf 92' lang='lat' dir='ltr'><strong>sc</strong></span> <span class='ocrx_word' id='word_1_731' title='bbox 1489 5577 1747 5635; x_wconf 89' lang='lat' dir='ltr'><strong>Dominus</strong></span> <span class='ocrx_word' id='word_1_732' title='bbox 1774 5582 2062 5653; x_wconf 80' lang='lat' dir='ltr'><strong>gloriﬁcat,</strong></span> 
     </span>
    </p>
   </div>
   <div class='ocr_carea' id='block_1_103' title="bbox 466 5658 2065 5737">
    <p class='ocr_par' dir='ltr' id='par_1_103' title="bbox 466 5658 2065 5737">
     <span class='ocr_line' id='line_1_103' title="bbox 466 5658 2065 5737; baseline 0.013 -25"><span class='ocrx_word' id='word_1_733' title='bbox 466 5658 592 5729; x_wconf 91' lang='lat' dir='ltr'><strong>quia</strong></span> <span class='ocrx_word' id='word_1_734' title='bbox 623 5661 768 5731; x_wconf 87' lang='lat' dir='ltr'><strong>quod</strong></span> <span class='ocrx_word' id='word_1_735' title='bbox 797 5662 954 5720; x_wconf 91' lang='lat' dir='ltr'><strong>electi</strong></span> <span class='ocrx_word' id='word_1_736' title='bbox 1003 5674 1249 5737; x_wconf 88' lang='lat' dir='ltr'><strong>pastores</strong></span> <span class='ocrx_word' id='word_1_737' title='bbox 1289 5678 1488 5725; x_wconf 79' lang='lat' dir='ltr'><strong>sancta:</strong></span> <span class='ocrx_word' id='word_1_738' title='bbox 1534 5670 1785 5729; x_wconf 67' lang='lat' dir='ltr'><strong>Ecclesitc</strong></span> <span class='ocrx_word' id='word_1_739' title='bbox 1826 5679 2065 5734; x_wconf 82' lang='lat' dir='ltr'><strong>exterius</strong></span> 
     </span>
    </p>
   </div>
   <div class='ocr_carea' id='block_1_104' title="bbox 465 5751 2065 5838">
    <p class='ocr_par' dir='ltr' id='par_1_104' title="bbox 465 5751 2065 5838">
     <span class='ocr_line' id='line_1_104' title="bbox 465 5751 2065 5838; baseline 0.013 -35"><span class='ocrx_word' id='word_1_740' title='bbox 465 5756 685 5818; x_wconf 87' lang='lat' dir='ltr'><strong>portant</strong></span> <span class='ocrx_word' id='word_1_741' title='bbox 733 5751 800 5808; x_wconf 89' lang='lat' dir='ltr'><strong>de</strong></span> <span class='ocrx_word' id='word_1_742' title='bbox 847 5753 1017 5825; x_wconf 85' lang='lat' dir='ltr'><strong>gloria</strong></span> <span class='ocrx_word' id='word_1_743' title='bbox 1048 5757 1314 5827; x_wconf 91' lang='lat' dir='ltr'><strong>culminis,</strong></span> <span class='ocrx_word' id='word_1_744' title='bbox 1367 5760 1471 5818; x_wconf 90' lang='lat' dir='ltr'><strong>hoc</strong></span> <span class='ocrx_word' id='word_1_745' title='bbox 1519 5762 1664 5819; x_wconf 89' lang='lat' dir='ltr'><strong>intus</strong></span> <span class='ocrx_word' id='word_1_746' title='bbox 1695 5767 1967 5838; x_wconf 89' lang='lat' dir='ltr'><strong>accipiunt</strong></span> <span class='ocrx_word' id='word_1_747' title='bbox 1996 5786 2065 5824; x_wconf 75' lang='lat' dir='ltr'><strong>ex</strong></span> 
     </span>
    </p>
   </div>
   <div class='ocr_carea' id='block_1_105' title="bbox 467 5842 2067 5933">
    <p class='ocr_par' dir='ltr' id='par_1_105' title="bbox 467 5842 2067 5933">
     <span class='ocr_line' id='line_1_105' title="bbox 467 5842 2067 5933; baseline 0.014 -38"><span class='ocrx_word' id='word_1_748' title='bbox 467 5842 637 5913; x_wconf 87' lang='lat' dir='ltr'><strong>gratia</strong></span> <span class='ocrx_word' id='word_1_749' title='bbox 688 5844 882 5902; x_wconf 72' lang='lat' dir='ltr'><strong>divina:</strong></span> <span class='ocrx_word' id='word_1_750' title='bbox 926 5848 1203 5918; x_wconf 79' lang='lat' dir='ltr'><strong>bonitatis,</strong></span> <span class='ocrx_word' id='word_1_751' title='bbox 1258 5862 1312 5909; x_wconf 91' lang='lat' dir='ltr'><strong>et</strong></span> <span class='ocrx_word' id='word_1_752' title='bbox 1359 5854 1623 5915; x_wconf 88' lang='lat' dir='ltr'><strong>honorem</strong></span> <span class='ocrx_word' id='word_1_753' title='bbox 1656 5877 1762 5933; x_wconf 91' lang='lat' dir='ltr'><strong>quo</strong></span> <span class='ocrx_word' id='word_1_754' title='bbox 1808 5862 2067 5919; x_wconf 86' lang='lat' dir='ltr'><strong>sublimes</strong></span> 
     </span>
    </p>
   </div>
   <div class='ocr_carea' id='block_1_106' title="bbox 2181 4752 3787 4824">
    <p class='ocr_par' dir='ltr' id='par_1_106' title="bbox 2181 4752 3787 4824">
     <span class='ocr_line' id='line_1_106' title="bbox 2181 4752 3787 4824; baseline 0.002 -17"><span class='ocrx_word' id='word_1_755' title='bbox 2181 4752 2282 4819; x_wconf 85' lang='lat' dir='ltr'><strong>Qui</strong></span> <span class='ocrx_word' id='word_1_756' title='bbox 2318 4753 2591 4817; x_wconf 89' lang='lat' dir='ltr'><strong>nimirum,</strong></span> <span class='ocrx_word' id='word_1_757' title='bbox 2636 4754 2760 4824; x_wconf 89' lang='lat' dir='ltr'><strong>quia</strong></span> <span class='ocrx_word' id='word_1_758' title='bbox 2796 4753 3201 4823; x_wconf 83' lang='lat' dir='ltr'><strong>gloriﬁcationis</strong></span> <span class='ocrx_word' id='word_1_759' title='bbox 3244 4758 3543 4813; x_wconf 88' lang='lat' dir='ltr'><strong>claritatem</strong></span> <span class='ocrx_word' id='word_1_760' title='bbox 3576 4772 3647 4811; x_wconf 79' lang='lat' dir='ltr'><strong>ex</strong></span> <span class='ocrx_word' id='word_1_761' title='bbox 3674 4772 3787 4811; x_wconf 84' lang='lat' dir='ltr'><strong>mo-</strong></span> 
     </span>
    </p>
   </div>
   <div class='ocr_carea' id='block_1_107' title="bbox 2177 4845 3787 4918">
    <p class='ocr_par' dir='ltr' id='par_1_107' title="bbox 2177 4845 3787 4918">
     <span class='ocr_line' id='line_1_107' title="bbox 2177 4845 3787 4918; baseline 0.001 -19"><span class='ocrx_word' id='word_1_762' title='bbox 2177 4845 2247 4899; x_wconf 85' lang='lat' dir='ltr'><strong>do</strong></span> <span class='ocrx_word' id='word_1_763' title='bbox 2278 4846 2502 4915; x_wconf 75' lang='lat' dir='ltr'><strong>propria:</strong></span> <span class='ocrx_word' id='word_1_764' title='bbox 2540 4846 2969 4902; x_wconf 86' lang='lat' dir='ltr'><strong>conversationis</strong></span> <span class='ocrx_word' id='word_1_765' title='bbox 2998 4848 3286 4918; x_wconf 88' lang='lat' dir='ltr'><strong>accipiunt,</strong></span> <span class='ocrx_word' id='word_1_766' title='bbox 3318 4850 3369 4902; x_wconf 94' lang='lat' dir='ltr'><strong>in</strong></span> <span class='ocrx_word' id='word_1_767' title='bbox 3392 4848 3662 4904; x_wconf 87' lang='lat' dir='ltr'><strong>cubilibus</strong></span> <span class='ocrx_word' id='word_1_768' title='bbox 3676 4846 3787 4903; x_wconf 85' lang='lat' dir='ltr'><strong>suis</strong></span> 
     </span>
    </p>
   </div>
   <div class='ocr_carea' id='block_1_108' title="bbox 2180 4934 3785 5010">
    <p class='ocr_par' dir='ltr' id='par_1_108' title="bbox 2180 4934 3785 5010">
     <span class='ocr_line' id='line_1_108' title="bbox 2180 4934 3785 5010; baseline 0.003 -22"><span class='ocrx_word' id='word_1_769' title='bbox 2180 4934 2346 4989; x_wconf 59' lang='lat' dir='ltr'><strong>laetari</strong></span> <span class='ocrx_word' id='word_1_770' title='bbox 2379 4936 2444 4989; x_wconf 90' lang='lat' dir='ltr'><strong>de</strong></span> <span class='ocrx_word' id='word_1_771' title='bbox 2464 4935 2634 5005; x_wconf 81' lang='lat' dir='ltr'><strong>gloria</strong></span> <span class='ocrx_word' id='word_1_772' title='bbox 2652 4948 2939 4992; x_wconf 89' lang='lat' dir='ltr'><strong>consecuta</strong></span> <span class='ocrx_word' id='word_1_773' title='bbox 2971 4939 3341 5006; x_wconf 88' lang='lat' dir='ltr'><strong>perhibentur.</strong></span> <span class='ocrx_word' id='word_1_774' title='bbox 3365 4938 3785 5010; x_wconf 78' lang='lat' dir='ltr'><strong>Contemptores</strong></span> 
     </span>
    </p>
   </div>
   <div class='ocr_carea' id='block_1_109' title="bbox 2179 5028 3778 5102">
    <p class='ocr_par' dir='ltr' id='par_1_109' title="bbox 2179 5028 3778 5102">
     <span class='ocr_line' id='line_1_109' title="bbox 2179 5028 3778 5102; baseline 0.002 -19"><span class='ocrx_word' id='word_1_775' title='bbox 2179 5038 2358 5083; x_wconf 90' lang='lat' dir='ltr'><strong>autem</strong></span> <span class='ocrx_word' id='word_1_776' title='bbox 2382 5028 2495 5098; x_wconf 88' lang='lat' dir='ltr'><strong>ejus</strong></span> <span class='ocrx_word' id='word_1_777' title='bbox 2521 5038 2777 5100; x_wconf 86' lang='lat' dir='ltr'><strong>perpetua</strong></span> <span class='ocrx_word' id='word_1_778' title='bbox 2799 5029 3131 5098; x_wconf 86' lang='lat' dir='ltr'><strong>ignobilitate</strong></span> <span class='ocrx_word' id='word_1_779' title='bbox 3148 5030 3430 5100; x_wconf 80' lang='lat' dir='ltr'><strong>feriuntur,</strong></span> <span class='ocrx_word' id='word_1_780' title='bbox 3466 5032 3589 5102; x_wconf 91' lang='lat' dir='ltr'><strong>quia</strong></span> <span class='ocrx_word' id='word_1_781' title='bbox 3610 5032 3778 5086; x_wconf 86' lang='lat' dir='ltr'><strong>natio-</strong></span> 
     </span>
    </p>
   </div>
   <div class='ocr_carea' id='block_1_110' title="bbox 2181 5120 3785 5189">
    <p class='ocr_par' dir='ltr' id='par_1_110' title="bbox 2181 5120 3785 5189">
     <span class='ocr_line' id='line_1_110' title="bbox 2181 5120 3785 5189; baseline 0.001 -14"><span class='ocrx_word' id='word_1_782' title='bbox 2181 5138 2307 5175; x_wconf 89' lang='lat' dir='ltr'><strong>num</strong></span> <span class='ocrx_word' id='word_1_783' title='bbox 2338 5135 2489 5189; x_wconf 83' lang='lat' dir='ltr'><strong>reges</strong></span> <span class='ocrx_word' id='word_1_784' title='bbox 2506 5130 2560 5175; x_wconf 93' lang='lat' dir='ltr'><strong>et</strong></span> <span class='ocrx_word' id='word_1_785' title='bbox 2582 5121 2791 5176; x_wconf 89' lang='lat' dir='ltr'><strong>nobiles</strong></span> <span class='ocrx_word' id='word_1_786' title='bbox 2807 5120 3013 5186; x_wconf 84' lang='lat' dir='ltr'><strong>ferreis,</strong></span> <span class='ocrx_word' id='word_1_787' title='bbox 3030 5123 3245 5177; x_wconf 59' lang='lat' dir='ltr'><strong>aeternis</strong></span> <span class='ocrx_word' id='word_1_788' title='bbox 3260 5123 3528 5187; x_wconf 85' lang='lat' dir='ltr'><strong>videlicet,</strong></span> <span class='ocrx_word' id='word_1_789' title='bbox 3552 5122 3785 5176; x_wconf 76' lang='lat' dir='ltr'><strong>vinculis</strong></span> 
     </span>
    </p>
   </div>
   <div class='ocr_carea' id='block_1_111' title="bbox 2181 5211 3783 5283">
    <p class='ocr_par' dir='ltr' id='par_1_111' title="bbox 2181 5211 3783 5283">
     <span class='ocr_line' id='line_1_111' title="bbox 2181 5211 3783 5283; baseline -0.001 -15"><span class='ocrx_word' id='word_1_790' title='bbox 2181 5214 2248 5268; x_wconf 90' lang='lat' dir='ltr'><strong>ad</strong></span> <span class='ocrx_word' id='word_1_791' title='bbox 2290 5228 2501 5281; x_wconf 75' lang='lat' dir='ltr'><strong>pmnam</strong></span> <span class='ocrx_word' id='word_1_792' title='bbox 2552 5211 2882 5267; x_wconf 84' lang='lat' dir='ltr'><strong>vinciuntur.</strong></span> <span class='ocrx_word' id='word_1_793' title='bbox 2933 5212 3105 5283; x_wconf 80' lang='lat' dir='ltr'><strong>Reges</strong></span> <span class='ocrx_word' id='word_1_794' title='bbox 3144 5223 3323 5269; x_wconf 81' lang='lat' dir='ltr'><strong>autent</strong></span> <span class='ocrx_word' id='word_1_795' title='bbox 3376 5216 3677 5281; x_wconf 90' lang='lat' dir='ltr'><strong>nationum,</strong></span> <span class='ocrx_word' id='word_1_796' title='bbox 3730 5223 3783 5267; x_wconf 80' lang='lat' dir='ltr'><strong>et</strong></span> 
     </span>
    </p>
   </div>
   <div class='ocr_carea' id='block_1_112' title="bbox 2174 5303 3777 5374">
    <p class='ocr_par' dir='ltr' id='par_1_112' title="bbox 2174 5303 3777 5374">
     <span class='ocr_line' id='line_1_112' title="bbox 2174 5303 3777 5374; baseline 0.001 -17"><span class='ocrx_word' id='word_1_797' title='bbox 2174 5303 2467 5372; x_wconf 74' lang='lat' dir='ltr'><strong>principes,</strong></span> <span class='ocrx_word' id='word_1_798' title='bbox 2502 5311 2626 5357; x_wconf 91' lang='lat' dir='ltr'><strong>sunt</strong></span> <span class='ocrx_word' id='word_1_799' title='bbox 2650 5304 2867 5374; x_wconf 87' lang='lat' dir='ltr'><strong>superbi</strong></span> <span class='ocrx_word' id='word_1_800' title='bbox 2899 5311 2953 5357; x_wconf 87' lang='lat' dir='ltr'><strong>et</strong></span> <span class='ocrx_word' id='word_1_801' title='bbox 2975 5303 3193 5373; x_wconf 89' lang='lat' dir='ltr'><strong>gloriosi</strong></span> <span class='ocrx_word' id='word_1_802' title='bbox 3220 5305 3424 5374; x_wconf 72' lang='lat' dir='ltr'><strong>prmlati</strong></span> <span class='ocrx_word' id='word_1_803' title='bbox 3456 5306 3777 5360; x_wconf 85' lang='lat' dir='ltr'><strong>carnalium.</strong></span> 
     </span>
    </p>
   </div>
   <div class='ocr_carea' id='block_1_113' title="bbox 2172 5396 3783 5467">
    <p class='ocr_par' dir='ltr' id='par_1_113' title="bbox 2172 5396 3783 5467">
     <span class='ocr_line' id='line_1_113' title="bbox 2172 5396 3783 5467; baseline 0.001 -16"><span class='ocrx_word' id='word_1_804' title='bbox 2172 5396 2443 5466; x_wconf 87' lang='lat' dir='ltr'><strong>lgnobiles</strong></span> <span class='ocrx_word' id='word_1_805' title='bbox 2472 5405 2651 5451; x_wconf 90' lang='lat' dir='ltr'><strong>autem</strong></span> <span class='ocrx_word' id='word_1_806' title='bbox 2685 5406 2808 5452; x_wconf 91' lang='lat' dir='ltr'><strong>tunc</strong></span> <span class='ocrx_word' id='word_1_807' title='bbox 2844 5405 3022 5464; x_wconf 89' lang='lat' dir='ltr'><strong>erunt,</strong></span> <span class='ocrx_word' id='word_1_808' title='bbox 3073 5400 3289 5467; x_wconf 87' lang='lat' dir='ltr'><strong>quando</strong></span> <span class='ocrx_word' id='word_1_809' title='bbox 3338 5398 3526 5454; x_wconf 85' lang='lat' dir='ltr'><strong>ferreis</strong></span> <span class='ocrx_word' id='word_1_810' title='bbox 3555 5399 3783 5454; x_wconf 77' lang='lat' dir='ltr'><strong>vinculis</strong></span> 
     </span>
    </p>
   </div>
   <div class='ocr_carea' id='block_1_114' title="bbox 2174 5488 3780 5561">
    <p class='ocr_par' dir='ltr' id='par_1_114' title="bbox 2174 5488 3780 5561">
     <span class='ocr_line' id='line_1_114' title="bbox 2174 5488 3780 5561; baseline 0.004 -21"><span class='ocrx_word' id='word_1_811' title='bbox 2174 5488 2430 5557; x_wconf 88' lang='lat' dir='ltr'><strong>ligantur,</strong></span> <span class='ocrx_word' id='word_1_812' title='bbox 2464 5488 2587 5558; x_wconf 83' lang='lat' dir='ltr'><strong>quia</strong></span> <span class='ocrx_word' id='word_1_813' title='bbox 2610 5488 2701 5559; x_wconf 88' lang='lat' dir='ltr'><strong>qui</strong></span> <span class='ocrx_word' id='word_1_814' title='bbox 2726 5488 2887 5545; x_wconf 88' lang='lat' dir='ltr'><strong>modo</strong></span> <span class='ocrx_word' id='word_1_815' title='bbox 2908 5505 2967 5544; x_wconf 89' lang='lat' dir='ltr'><strong>se</strong></span> <span class='ocrx_word' id='word_1_816' title='bbox 2997 5489 3255 5545; x_wconf 81' lang='lat' dir='ltr'><strong>adversus</strong></span> <span class='ocrx_word' id='word_1_817' title='bbox 3283 5492 3536 5561; x_wconf 82' lang='lat' dir='ltr'><strong>parvulos</strong></span> <span class='ocrx_word' id='word_1_818' title='bbox 3565 5500 3780 5561; x_wconf 84' lang='lat' dir='ltr'><strong>tempo-</strong></span> 
     </span>
    </p>
   </div>
   <div class='ocr_carea' id='block_1_115' title="bbox 2173 5581 3783 5656">
    <p class='ocr_par' dir='ltr' id='par_1_115' title="bbox 2173 5581 3783 5656">
     <span class='ocr_line' id='line_1_115' title="bbox 2173 5581 3783 5656; baseline 0.001 -20"><span class='ocrx_word' id='word_1_819' title='bbox 2173 5583 2365 5637; x_wconf 87' lang='lat' dir='ltr'><strong>raliter</strong></span> <span class='ocrx_word' id='word_1_820' title='bbox 2393 5583 2625 5654; x_wconf 87' lang='lat' dir='ltr'><strong>erigunt,</strong></span> <span class='ocrx_word' id='word_1_821' title='bbox 2656 5598 2685 5636; x_wconf 90' lang='lat' dir='ltr'><strong>a</strong></span> <span class='ocrx_word' id='word_1_822' title='bbox 2710 5581 2913 5651; x_wconf 80' lang='lat' dir='ltr'><strong>fulgore</strong></span> <span class='ocrx_word' id='word_1_823' title='bbox 2939 5583 3179 5648; x_wconf 87' lang='lat' dir='ltr'><strong>honoris,</strong></span> <span class='ocrx_word' id='word_1_824' title='bbox 3206 5594 3259 5639; x_wconf 91' lang='lat' dir='ltr'><strong>et</strong></span> <span class='ocrx_word' id='word_1_825' title='bbox 3289 5601 3421 5639; x_wconf 86' lang='lat' dir='ltr'><strong>ausu</strong></span> <span class='ocrx_word' id='word_1_826' title='bbox 3462 5600 3570 5639; x_wconf 67' lang='lat' dir='ltr'><strong>sua:</strong></span> <span class='ocrx_word' id='word_1_827' title='bbox 3593 5592 3783 5656; x_wconf 60' lang='lat' dir='ltr'><strong>tyrano</strong></span> 
     </span>
    </p>
   </div>
   <div class='ocr_carea' id='block_1_116' title="bbox 2177 5673 3781 5747">
    <p class='ocr_par' dir='ltr' id='par_1_116' title="bbox 2177 5673 3781 5747">
     <span class='ocr_line' id='line_1_116' title="bbox 2177 5673 3781 5747; baseline 0.001 -19"><span class='ocrx_word' id='word_1_828' title='bbox 2177 5674 2317 5728; x_wconf 90' lang='lat' dir='ltr'><strong>nidis</strong></span> <span class='ocrx_word' id='word_1_829' title='bbox 2357 5683 2557 5729; x_wconf 68' lang='lat' dir='ltr'><strong>aeterna</strong></span> <span class='ocrx_word' id='word_1_830' title='bbox 2608 5690 2765 5747; x_wconf 71' lang='lat' dir='ltr'><strong>poena</strong></span> <span class='ocrx_word' id='word_1_831' title='bbox 2797 5675 3138 5730; x_wconf 83' lang='lat' dir='ltr'><strong>cohibentur.</strong></span> <span class='ocrx_word' id='word_1_832' title='bbox 3178 5673 3328 5731; x_wconf 88' lang='lat' dir='ltr'><strong>Unde</strong></span> <span class='ocrx_word' id='word_1_833' title='bbox 3359 5683 3414 5729; x_wconf 87' lang='lat' dir='ltr'><strong>et</strong></span> <span class='ocrx_word' id='word_1_834' title='bbox 3445 5675 3531 5731; x_wconf 90' lang='lat' dir='ltr'><strong>hic</strong></span> <span class='ocrx_word' id='word_1_835' title='bbox 3561 5690 3781 5745; x_wconf 85' lang='lat' dir='ltr'><strong>quoque</strong></span> 
     </span>
    </p>
   </div>
   <div class='ocr_carea' id='block_1_117' title="bbox 2175 5766 2463 5821">
    <p class='ocr_par' dir='ltr' id='par_1_117' title="bbox 2175 5766 2463 5821">
     <span class='ocr_line' id='line_1_117' title="bbox 2175 5766 2463 5821; baseline 0 -2"><span class='ocrx_word' id='word_1_836' title='bbox 2175 5766 2426 5821; x_wconf 88' lang='lat' dir='ltr'><strong>subditur</strong></span> <span class='ocrx_word' id='word_1_837' title='bbox 2452 5784 2463 5819; x_wconf 92' lang='lat'><strong>:</strong></span> 
     </span>
    </p>
   </div>
  </div>
