4044 6336
256 332 353 389 M7

1091 331 1157 387 IN
1199 329 1458 389 PRIMUM
1498 330 1738 387 REGUM
1784 328 2299 386 EXPOSITIONES.
2345 363 2409 373 —
2452 331 2581 388 LIB.
2628 330 2691 390 II.

3442 329 3544 390 118

326 442 502 516 (Vers.
556 440 671 510 51.)
704 438 838 495 Ecce
865 440 974 495 dies
1016 450 1041 479 λ
1075 444 1302 509 veniunt,
1334 454 1384 498 et
1412 445 1691 514 prwcidam
1720 446 1843 499 bra—
1872 448 1920 506 Α
1951 446 2195 500 satietur.
2228 444 2328 512 Qui
2360 456 2509 502 recte
2535 448 2762 503 aemulus
2799 447 3187 519 contemptoris
3217 462 3337 505 esse
3364 448 3549 519 perhi-

253 539 423 594 citium
452 546 613 601 tuum,
647 544 695 589 et
724 535 987 589 brachium
1018 536 1199 591 domus
1228 539 1395 608 patris
1426 542 1518 593 tui.

320 628 411 683 £6.
462 626 747 682 Bracbium
794 629 990 698 quippe
1020 632 1407 700 contemptoris
1452 644 1535 686 est
1588 632 1846 689 fortitudo

250 721 584 792 temporalis.
628 719 692 775 Et
732 721 858 791 quia
888 722 959 777 de
1000 725 1194 780 summi
1240 725 1410 795 patris
1442 726 1643 781 l‘amilia
1669 736 1847 782 trans-

249 816 545 886 grediendo
582 815 732 883 exiit,
782 816 992 886 lapsum
1042 819 1289 887 angelum
1344 835 1375 873 a
1421 820 1626 875 crelesti
1674 822 1846 890 gloria

248 907 451 962 habere
468 906 582 976 jam
613 916 818 977 patrem
849 909 1033 979 cmpit.
1067 909 1267 966 Domus
1298 911 1479 986 itaque
1516 913 1696 983 patris
1729 912 1846 982 ejus

248 1006 331 1055 est
372 1013 438 1054 ea
484 1014 604 1068 quae
639 998 741 1055 sibi
776 997 920 1055 favet
958 1000 1012 1056 in
1042 1001 1186 1057 malo
1228 1003 1460 1060 societas
1489 1004 1844 1060 subditorum.

247 1093 325 1148 De
354 1093 550 1165 quibus
582 1092 828 1162 proiecto
859 1095 1106 1166 superius
1152 1094 1318 1151 dicit:
1377 1096 1666 1152 Honorasti
1708 1098 1848 1168 ﬁtros

250 1194 364 1241 tuos
403 1185 577 1258 magis
603 1202 758 1258 quam
784 1203 885 1241 me.
921 1185 1206 1242 Bracbium
1254 1202 1382 1259 ergo
1436 1191 1844 1259 contemptoris,

248 1285 305 1334 et
336 1277 533 1334 domus
584 1280 754 1349 patris
781 1279 897 1349 ejus
924 1280 1253 1351 praeciditur,
1281 1297 1421 1348 cum,
1455 1283 1849 1339 lnterveniente

246 1379 426 1427 morte
447 1372 644 1439 carnis,
677 1372 932 1442 praelatus
958 1381 1012 1428 et
1037 1372 1237 1429 subditi
1273 1374 1580 1429 violentiam
1629 1390 1737 1430 suae
1767 1383 1850 1446 ty-

246 1462 493 1519 rannidis
540 1464 743 1535 pariter
786 1462 1059 1520 amittunt.
1082 1463 1235 1521 Tunc
1260 1464 1458 1535 quippe
1482 1465 1599 1520 sine
1624 1465 1846 1521 brachio

248 1561 351 1616 est,
382 1569 505 1609 cum
555 1554 615 1609 in
660 1555 1017 1625 Oppressione
1067 1556 1413 1626 parvulorum
1442 1571 1701 1612 exercere
1728 1556 1846 1611 vio~

246 1644 475 1703 lentia.
520 1660 861 1717 nequaquam
902 1656 1105 1717 potest.
1154 1646 1307 1703 Uade
1351 1656 1409 1703 et
1434 1647 1846 1718 atereijudicis

246 1738 502 1808 aequitate
525 1736 833 1792 decernitur
858 1755 869 1791 :
899 1736 1119 1810 Ligatis,
1146 1738 1336 1807 inquit,
1356 1740 1596 1793 manibus
1616 1746 1666 1793 et
1694 1739 1844 1809 pedi-

1950 541 2131 609 betur,
2161 541 2285 609 quia
2326 542 2485 596 electi
2532 542 2626 595 Dei
2667 543 2831 596 etiam
2861 542 3221 612 superborum,
3265 548 3426 612 atque
3456 557 3549 596 ne-

1951 632 2265 703 gligentiam
2306 634 2716 702 praedicatorum
2746 635 2904 691 bona:
2933 634 3314 690 admonitionis
3356 634 3549 689 horta-

1950 736 2130 780 menta
2156 728 2471 799 suscipiunt.
2509 728 2658 781 Unde
2683 734 2737 781 et
2758 725 3020 782 Dominus
3043 727 3305 798 przccipit,
3330 726 3549 781 dicens:

1952 817 2281 892 Qrtwcunque
2316 818 2539 873 dixerint
2571 818 2711 874 vobis
2758 821 2931 891 facite,
2984 821 3263 875 secundum
3292 834 3450 889 opera
3481 819 3552 871 it-

1950 911 2117 965 lorum
2149 913 2324 981 facere
2351 912 2513 966 notite
2538 910 2752 982 (Matth.
2780 926 2930 975 xxm,
2960 910 3035 981 '5).
3063 910 3201 966 Hinc
3228 907 3423 963 Paulus
3444 908 3550 961 ait:

1952 1001 2151 1057 Bonum
2193 1004 2508 1056 tenmtamini
2537 1004 2591 1056 in
2634 1002 2764 1056 bona
2810 1019 2985 1057 omnes
3018 1001 3160 1075 (Gal.
3196 1018 3269 1066 tv,
3300 998 3412 1067 i8).
3441 996 3553 1052 Sed

1950 1109 2071 1148 cum
2098 1093 2375 1164 Scriptura
2406 1094 2547 1151 dicat
2578 1112 2590 1147 :
2626 1093 2865 1149 Tollamr
2887 1096 3095 1167 impius,
3140 1111 3206 1147 ne
3238 1092 3408 1147 videat
3440 1091 3552 1162 glo-

1949 1187 2083 1240 riam
2112 1184 2322 1240 Domini
2354 1183 2511 1257 (Isai.
2542 1203 2690 1254 xm,
2732 1186 2840 1257 10),
2873 1186 3203 1243 contrarium
3228 1184 3442 1240 videtur
3490 1192 3553 1238 ut

1950 1276 1987 1331 ii
2012 1277 2101 1346 qui
2126 1277 2180 1331 in
2203 1276 2415 1332 inferno
2437 1278 2677 1332 damnati
2698 1286 2825 1333 sunt
2846 1292 2944 1334 eos
2963 1277 3055 1346 qui
3075 1277 3128 1333 in
3145 1275 3286 1333 curio
3312 1274 3552 1344 gaudent

1948 1369 2134 1425 videre
2157 1369 2540 1439 intelligantur.
2570 1368 2679 1425 Sed
2706 1369 2830 1440 quia
2857 1370 3043 1425 videre
3069 1369 3237 1425 etiam
3265 1367 3335 1423 ad
3364 1366 3549 1435 cogni-

1952 1462 2155 1518 tionem
2200 1463 2456 1535 pertinet,
2489 1463 2545 1517 in
2574 1463 2781 1531 templo
2802 1463 3053 1518 amulum
3099 1462 3261 1529 videt,
3293 1461 3423 1531 quia
3448 1460 3549 1515 etsi

1949 1554 2143 1611 inferni
2181 1555 2355 1627 poenis
2383 1555 2707 1612 constrictus
2738 1563 2955 1611 tenetur
2977 1554 3191 1626 impius,
3223 1554 3427 1608 electos
3456 1553 3551 1607 hn-

1949 1650 2126 1715 miles,
2158 1664 2295 1719 quos
2321 1649 2494 1705 oculis
2516 1664 2626 1703 non
2654 1648 2821 1715 videt,
2846 1649 2901 1702 in
2929 1647 3068 1704 coelo
3092 1662 3201 1702 non
3224 1645 3431 1701 dubitat
3453 1660 3549 1698 an-

1949 1741 2191 1810 gelorum
2216 1740 2424 1814 gaudiis
2452 1742 2733 1797 interesse.
2780 1740 2848 1795 Et
2877 1740 3171 1796 notandum
3198 1739 3323 1807 quia
3352 1737 3434 1792 bis
3463 1736 3548 1791 di-

249 1831 365 1895 bus,
397 1828 633 1901 proficit:
660 1828 714 1883 in
746 1827 985 1884 tenebras
1007 1830 1290 1884 exteriora
1329 1827 1545 1899 (Matt/0.
1573 1846 1705 1895 xm,
1731 1828 1839 1899 15).
1880 1841 1922 1905 Β
1948 1830 2129 1885 citur:
2161 1829 2287 1885 Non
2315 1832 2413 1885 erit
2451 1848 2615 1886 senex
2638 1832 2694 1886 in
2721 1830 2874 1886 domo
2907 1840 3011 1895 tua,
3043 1829 3168 1898 quia
3200 1843 3300 1883 nec
3325 1827 3391 1882 de
3420 1841 3540 1897 pue-

246 1920 307 1977 ln
335 1921 493 1991 cuiius
516 1921 683 1978 etiam
700 1920 865 1977 domo
892 1935 1062 1978 senex
1089 1936 1199 1976 non
1218 1921 1341 1976 erit.
1372 1921 1619 1975 Damnati
1649 1921 1849 1991 quippe

246 2011 491 2068 hominis
512 2012 703 2068 domus
764 2010 1013 2067 inferens
1054 2019 1159 2067 est.
1190 2012 1455 2068 Senectus
1498 2019 1678 2067 autem
1724 2026 1849 2066 vera

246 2111 335 2161 est
372 2103 661 2158 maturitas
694 2102 993 2173 sapientiae.
1036 2102 1095 2157 In
1123 2102 1291 2158 demo
1316 2103 1500 2172 itaque
1524 2101 1643 2171 ejus
1681 2117 1849 2158 senex

245 2208 365 2248 non
394 2193 522 2260 erit,
545 2194 669 2264 quia
696 2193 752 2249 in
779 2193 991 2249 inferno
1018 2194 1167 2249 nulla
1188 2194 1418 2250 inveniri
1446 2203 1701 2265 poterant
1721 2209 1850 2249 cono

246 2283 371 2343 sitia
400 2282 611 2341 saluus.
642 2283 795 2341 Unde
821 2293 879 2340 et
917 2284 988 2341 ad
1016 2299 1157 2341 verae
1197 2285 1475 2355 sapientiae
1504 2301 1670 2355 opera
1695 2301 1849 2343 sacra

247 2374 535 2447 Scriptura
562 2375 785 2442 excitat,
815 2374 999 2432 tiosos
1023 2394 1039 2430 :
1073 2372 1425 2447 Quodcunque
1469 2383 1636 2445 potest
1665 2392 1848 2435 manus

246 2476 362 2534 tua,
395 2468 649 2526 instanter
669 2485 904 2538 operae,
951 2469 1075 2541 quia
1113 2485 1205 2524 nec
1237 2470 1399 2535 ratio,
1441 2485 1537 2527 nec
1565 2468 1847 2539 sapientia,

249 2574 348 2614 nec
373 2560 595 2617 scientia
620 2567 697 2615 est
740 2559 881 2630 apud
906 2560 1127 2632 inferos,
1158 2577 1259 2630 quo
1286 2570 1342 2615 tu
1367 2575 1617 2632 properus
1648 2559 1847 2631 (Ereto.

249 2665 327 2714 Ix,
360 2650 472 2721 ιθ).
512 2649 649 2707 Hine
687 2649 889 2708 Paulus
912 2652 990 2707 ait
1014 2669 1029 2706 :
1062 2651 1201 2707 Ecce
1224 2669 1367 2708 me
1393 2663 1589 2724 tempus
1614 2661 1852 2723 accepta-

250 2739 379 2811 bile,
422 2759 543 2797 ecce
562 2758 702 2797 nunc
728 2742 843 2799 dies
865 2743 1055 2799 uiuus
1091 2741 1179 2815 (II
1207 2741 1330 2803 Cor.
1375 2759 1448 2809 vr,
1477 2742 1555 2813 ἢ).
1596 2743 1655 2798 In
1689 2742 1851 2799 domo

250 2828 445 2900 Mue
471 2832 865 2902 contemptoris
883 2847 1051 2890 sane:
1075 2847 1186 2890 non
1205 2834 1330 2900 erit,
1354 2833 1483 2903 quia
1510 2832 1739 2902 quisque
1764 2847 1851 2888 re.

253 2928 341 2975 cte
368 2920 535 2992 sapit,
562 2922 743 2979 mist
767 2921 999 2990 inferno,
1029 2923 1123 2980 sed
1146 2924 1203 2980 in
1229 2923 1373 2981 uel.
1392 2924 1494 2980 sibi
1515 2923 1850 2980 mansionem

252 3014 487 3084 paravit.
515 3012 621 3082 Qui
647 3016 815 3072 etiam
836 3026 1183 3091 contemptor
1207 3017 1277 3073 ad
1304 3027 1650 3087 stigmatum
1682 3031 1853 3087 puum

252 3121 369 3163 suae
393 3108 647 3164 mh-
674 3124 832 3166 saum
853 3108 1002 3191 videt
1025 3110 1084 3166 in
1103 3109 1304 3182 templo
1329 3110 1385 3166 in
1404 3110 1670 3166 imirersis
1699 3124 1853 3179 pros-

1953 1936 2145 1977 narum
2194 1922 2547 1992 experientia,
2591 1937 2751 1991 quam
2798 1921 3083 1976 damnatus
3128 1918 3312 1985 habet,
3353 1933 3454 1972 nec
3483 1917 3551 1971 de

1951 2013 2180 2070 scientia
2207 2014 2401 2069 alienae
2427 2014 2718 2083 felicitatis,
2751 2029 2853 2069 nec
2873 2014 2941 2067 de
2960 2025 3243 2083 prunarum
3265 2024 3325 2065 ex
3335 2008 3551 2078 perien-

1952 2106 2050 2169 tia,
2081 2120 2245 2176 quam
2293 2121 2401 2161 non
2429 2105 2612 2173 habet,
2645 2105 2713 2160 ad
2742 2105 2971 2160 salutem
3000 2102 3263 2158 eruditur.
3295 2100 3552 2169 Aliquan-

1952 2199 2024 2256 do
2051 2208 2231 2256 autem
2260 2215 2295 2256 av
2320 2201 2626 2272 pastoribus
2654 2200 2903 2272 reprobis
2932 2198 3092 2255 electi
3123 2213 3222 2268 per
3250 2196 3552 2253 doctrinam

1952 2289 2049 2347 ﬁlii
2104 2301 2419 2348 nascuntur.
2474 2292 2625 2360 Quos
2674 2291 2929 2346 nimirum
2959 2289 3227 2357 obligatos
3273 2295 3553 2357 pastorum

1953 2382 2112 2454 culpa
2142 2398 2251 2438 non
2280 2384 2499 2450 retinet,
2530 2383 2657 2453 quia
2679 2382 2837 2438 bonae
2857 2378 3255 2452 praedicationis
3285 2377 3401 2448 ejus
3428 2377 3555 2432 bor-

1952 2480 2195 2531 tamenta
2244 2484 2543 2546 sequuntur
2584 2488 2704 2544 quae
2746 2473 2990 2539 audiunt,
3046 2479 3102 2528 et
3146 2485 3255 2526 non
3298 2482 3556 2541 perversa

1954 2582 2121 2639 opera
2149 2582 2268 2638 qua
2296 2568 2498 2624 vident.
2534 2565 2687 2623 Unde
2721 2574 2776 2622 et
2797 2564 3082 2621 subditur:

2030 2679 2206 2751 (Vers.
2235 2679 2351 2750 33.)
2408 2679 2777 2736 Verumtamen
2818 2697 2921 2737 non
2959 2680 3199 2750 auferam
3236 2676 3440 2749 penitus
3488 2688 3552 2728 ea;

1957 2783 2004 2829 te
2030 2774 2196 2829 virum
2224 2771 2289 2827 ab
2319 2772 2474 2826 altari
2500 2789 2635 2828 meo.

2029 2863 2117 2917 17.
2150 2862 2263 2921 Viri
2295 2879 2529 2935 namque
2556 2870 2681 2917 sunt
2706 2863 2795 2934 qui
2833 2862 3002 2917 ardua
3048 2858 3232 2930 rigidae
3261 2871 3553 2914 conversa-

1959 2955 2126 3011 tionis
2159 2970 2285 3011 arce
2305 2954 2631 3024 fulgescunt.
2661 2954 2825 3022 Quasi
2871 2968 2999 3024 ergo
3030 2952 3194 3007 dicat.
3233 2949 3438 3006 Idcirco
3461 2963 3556 3004 eos

1958 3050 2027 3106 ab
2056 3051 2212 3105 altari
2249 3065 2372 3105 meo
2414 3065 2522 3106 non
2568 3048 2777 3118 aufero,
2811 3049 2937 3120 quia
2960 3046 3062 3102 viri
3104 3053 3245 3101 sunt.
3286 3044 3418 3098 Nam
3457 3056 3557 3112 pro

1957 3143 2153 3199 merito
2181 3143 2612 3198 conversationis
2641 3150 2885 3198 servatur
2909 3140 2987 3196 eis
3016 3136 3274 3193 fortitudo
3315 3141 3371 3188 et
3396 3131 3555 3186 celsi-

253 3198 397 3305 ξεί-ξς
422 3198 605 3257 Israel.
636 3200 921 3272 Templum
947 3202 1150 3259 statim
1170 3201 1269 3261 Dei
1294 3218 1528 3273 superna
1548 3202 1719 3274 patria
1745 3212 1849 3269 est,

1967 3236 2091 3290 tudo
2128 3234 2436 3305 potestatis.
2470 3231 2625 3290 Unde
2677 3242 2732 3289 et
2769 3247 2868 3304 per
2919 3230 3240 3301 prophetam
3296 3222 3557 3278 Dominus

251 3288 327 3345 de
352 3306 460 3361 qua
488 3291 653 3348 etiam
707 3307 811 3362 per
846 3291 1175 3365 Prophetam
1216 3293 1449 3350 dicitur:
1501 3292 1758 3349 Dominus
1793 3294 1851 3348 in

255 3382 449 3451 Impia
477 3392 658 3439 saluto
685 3400 805 3447 aeto.
832 3384 1091 3441 Dominus
1116 3386 1175 3442 iu
1204 3385 1331 3441 cauo
1356 3383 1503 3439 uda
1531 3383 1645 3454 ejus
1674 3382 1848 3454 (Prol.

256 3489 313 3538 ι,
345 3472 424 3542 Δ).
455 3473 623 3531 Israel
669 3486 873 3544 autem,
901 3477 995 3548 qui
1022 3476 1211 3533 videas
1238 3475 1409 3532 Deme
1443 3464 1849 3545 interpretatur,

256 3561 581 3631 angelorum
608 3564 701 3623 illa
746 3565 877 3623 folia
905 3565 1197 3627 multitudo
1219 3565 1482 3634 siut-stur,
1512 3564 1583 3622 de
1607 3579 1714 3633 qua
1743 3563 1853 3619 Do-

257 3654 440 3710 minus
480 3654 535 3708 in
572 3654 865 3724 Evangelio
911 3656 1079 3713 dicit:
1115 3657 1299 3728 Angeti
1345 3672 1525 3711 eorum
1554 3672 1753 3726 semper
1780 3655 1855 3710 ui—

258 3744 384 3798 dent
411 3745 599 3815 [aciem
623 3744 801 3803 Patris
830 3748 951 3814 utsi,
975 3748 1060 3819 qui
1087 3748 1143 3802 in
1167 3747 1309 3802 catis
1336 3755 1414 3802 est
1452 3745 1670 3818 (Matth.
1706 3762 1850 3812 avni,

256 3834 375 3906 tu).
426 3835 591 3894 Israel
634 3847 814 3899 autem
857 3855 1117 3911 prospera
1138 3849 1264 3898 sunt
1306 3841 1591 3897 beatorum
1638 3840 1855 3897 illorum

255 3926 548 3995 spirituum
571 3929 764 3997 gaudia
791 3931 1145 4001 sempiterna.
1174 3931 1235 3986 In
1264 3932 1469 4001 tempto
1500 3932 1663 4001 igitur
1686 3947 1855 3988 vomu-

258 4014 376 4071 lum
421 4031 577 4075 suum
620 4026 961 4090 contemptor
997 4022 1241 4091 aspiciet.
1268 4022 1395 4090 quia
1424 4022 1743 4092 praedicator
1771 4037 1858 4077 re~
1910 4080 1913 4089 ,

259 4107 471 4177 probus
486 4108 601 4177 iam
620 4108 904 4171 damnatus
932 4112 1177 4169 ordinem
1204 4112 1489 4169 humilium
1513 4112 1625 4180 jam
1652 4111 1856 4180 gaude-

261 4200 415 4256 rein
465 4200 777 4262 emlcstibus
828 4204 1189 4271 recognoscit.
1218 4203 1321 4259 Cui
1366 4203 1621 4260 nimirum
1664 4202 1861 4258 temqu

264 4292 527 4350 universa
552 4292 721 4353 Israel
746 4311 999 4366 prospera
1033 4296 1379 4364 tribuuntur;
1410 4297 1670 4365 scriptum
1700 4296 1862 4364 quip-

260 4398 339 4453 pe
364 4392 487 4440 est:
522 4382 640 4441 Erit
666 4384 806 4443 Deus
835 4389 1012 4442 omnia
1038 4388 1094 4443 in
1119 4388 1351 4443 omnibus
1384 4387 1436 4453 (I
1468 4386 1588 4442 Cor.
1621 4403 1709 4452 xv,
1743 4385 1857 4456 28).

259 4475 475 4530 Cuncta
507 4475 669 4544 igitur
716 4475 877 4533 Israel
930 4493 1188 4547 prospera
1227 4478 1407 4537 omnia
1435 4492 1555 4547 qum
1608 4476 1749 4533 Deus
1779 4484 1864 4537 est

260 4564 376 4621 illis
403 4565 732 4624 beatissimis
760 4567 967 4625 civibus
994 4566 1364 4638 designantur.
1394 4565 1527 4627 Nam
1554 4580 1675 4627 cum
1704 4573 1865 4621 acter-

260 4673 339 4713 na
368 4659 463 4715 illa
489 4660 722 4716 essentia
753 4676 1021 4719 summum
1053 4658 1298 4715 videlicet
1318 4666 1373 4714 et
1401 4657 1628 4728 simplex
1661 4658 1863 4713 bonum

260 4750 325 4808 in
357 4752 649 4823 seutetipso
691 4752 783 4821 sit,
826 4761 1015 4809 tamen
1051 4752 1176 4823 quia
1203 4751 1539 4807 revelatione
1564 4749 1864 4818 Maiestatis

260 4860 382 4904 sua:
408 4846 521 4916 89
547 4846 730 4905 omnia
756 4846 973 4903 illorum
1009 4846 1295 4907 beatorum
1335 4844 1624 4913 spirituum
1652 4843 1867 4900 deside-

262 4938 354 4993 ria
382 4939 567 5007 satiat,
614 4939 751 4995 hanc
791 4954 911 4994 esse
962 4938 1162 4994 Doctor
1214 4936 1460 5005 egregius
1508 4936 1862 4995 demonstrat.

267 5026 432 5084 Unde
458 5037 513 5085 et
540 5037 699 5087 caute
745 5045 852 5089 non
880 5030 934 5089 in
964 5029 1258 5097 semetipso
1282 5026 1427 5082 Deus
1452 5026 1657 5088 omnia,
1687 5026 1782 5083 sed
1811 5027 1868 5083 in

266 5120 528 5176 omnibus
551 5121 729 5179 omnia
754 5136 874 5179 esse
894 5120 1168 5191 praedicat,
1191 5119 1316 5189 quia
1345 5116 1439 5187 qui
1470 5118 1522 5173 in
1555 5126 1747 5172 natura
1773 5132 1871 5173 sua

266 5228 448 5269 unum
476 5221 530 5269 et
566 5214 797 5285 simplex
821 5214 1024 5271 bonum
1052 5212 1398 5271 ineiiabiliter
1422 5212 1626 5277 existit,
1669 5219 1751 5266 tot
1774 5210 1873 5267 bo—

269 5319 355 5361 na
379 5312 464 5360 est
506 5305 669 5365 bonis
698 5306 968 5372 omnibus,
1000 5314 1133 5376 quot
1180 5304 1285 5376 ipsi
1312 5318 1501 5360 omnes
1529 5302 1597 5358 de
1625 5310 1873 5360 contem.-

1961 3329 2229 3399 aquitatis
2259 3328 2435 3383 edicta
2459 3326 2787 3398 promulgat,
2818 3323 2999 3378 dicens
3026 3339 3038 3372 :
3087 3320 3275 3373 Anima
3296 3330 3409 3385 quo:
3438 3326 3556 3382 pec-

1962 3422 2174 3487 caverit,
2197 3422 2311 3495 ipsa
2332 3420 2604 3475 morietur.
2641 3416 2814 3471 Filius
2843 3432 2945 3470 non
2977 3411 3205 3489 portabit
3233 3408 3556 3481 iniquitatem

1962 3516 2149 3585 patris,
2180 3529 2270 3567 nec
2293 3521 2440 3584 pater
2461 3511 2561 3583 ﬁlii
2586 3508 2801 3582 (Ezech.
2836 3523 2989 3575 xvur,
3020 3504 3130 3575 20).
3162 3502 3243 3561 Ab
3267 3498 3423 3555 altari
3453 3497 3556 3551 ita—

1962 3621 2070 3676 que
2090 3621 2191 3662 suo
2218 3620 2285 3660 ex
2308 3619 2374 3661 eo
2402 3604 2578 3660 virum
2613 3601 2869 3659 Dominus
2892 3599 3037 3669 juste
3066 3594 3320 3658 auferret,
3350 3590 3393 3644 si
3416 3588 3560 3642 illius

1961 3698 2131 3770 patris
2169 3697 2504 3771 iniquitatem
2534 3704 2796 3768 portaret.
2855 3692 2958 3747 Sed
3010 3705 3077 3747 ex
3130 3703 3196 3749 eo
3246 3686 3364 3756 ipso
3414 3680 3561 3753 quod

1961 3793 2168 3848 electus
2196 3791 2408 3847 auditor
2452 3791 2505 3846 in
2551 3789 2723 3859 gloria
2766 3787 3023 3851 cernitur,
3071 3781 3304 3852 reprobo
3348 3774 3562 3834 doctori

1964 3901 2123 3959 pmna
2151 3885 2475 3943 cumulatur.
2510 3881 2687 3950 Quare
2709 3889 2764 3936 et
2790 3878 3037 3937 subditur
3070 3894 3083 3931 :

2038 4001 2216 4073 (vel‘S-
2248 4002 2371 4070 53.)
2393 4000 2501 4059 Sed
2546 4008 2602 4053 ut
2628 3998 2875 4069 deﬁciant
2927 3994 3060 4053 oculi
3116 3991 3215 4057 tui,
3240 3997 3291 4043 et
3335 3986 3562 4041 tabescat

1963 4096 2141 4150 animo
2169 4104 2275 4149 tua.

2039 4194 2126 4249 18.
2158 4192 2310 4250 Oculi
2341 4206 2577 4261 namque
2596 4190 2717 4258 ejus
2743 4186 3019 4249 deﬁciunt,
3060 4181 3185 4253 quia
3207 4196 3273 4237 ex
3311 4178 3430 4248 eius
3453 4174 3563 4229 vita

1967 4287 2058 4356 qui
2090 4301 2187 4340 sua
2216 4283 2444 4354 perfecit
2495 4280 2872 4338 exhortatione
2900 4273 3321 4333 confunduntur.
3374 4266 3561 4322 Anima

1967 4392 2185 4448 quoque
2214 4377 2333 4445 ejus
2362 4375 2607 4438 tabescit,
2638 4374 2759 4441 quia
2800 4369 3159 4427 abundantius
3197 4365 3384 4421 dolere
3409 4376 3561 4416 com-

1970 4468 2210 4539 pellitur,
2240 4468 2367 4521 dum
2390 4466 2594 4522 bonum
2624 4462 2770 4533 quod
2798 4461 2981 4517 docuit
3008 4475 3103 4529 per
3132 4457 3357 4527 gloriam
3407 4452 3565 4506 retri-

1972 4561 2210 4616 butionis
2242 4558 2436 4615 ﬂorere
2466 4557 2639 4617 noscit
2669 4556 2725 4612 iu
2751 4554 3009 4619 subditis,
3030 4560 3087 4608 et
3116 4552 3229 4620 ipse
3254 4550 3358 4605 hoc
3401 4556 3563 4610 agere

1974 4672 2084 4712 non
2098 4654 2324 4712 curavit.
2342 4652 2401 4708 In
2420 4653 2619 4723 quibus
2638 4651 2801 4707 etiam
2813 4648 2991 4703 verbis
3012 4644 3308 4702 notandum
3327 4646 3411 4696 est
3436 4636 3565 4705 quia

1973 4748 2068 4817 qui
2099 4746 2309 4817 penitus
2330 4759 2401 4801 ex
2427 4759 2494 4800 eo
2520 4743 2699 4799 virum
2724 4741 2792 4797 ab
2819 4739 2981 4795 altari
3008 4752 3109 4799 suo
3127 4752 3187 4792 se
3214 4749 3323 4789 non
3353 4729 3565 4785 ablatu-

1972 4851 2093 4897 rum
2116 4837 2405 4909 promittit,
2452 4850 2607 4893 rarus
2650 4834 2922 4891 invenitur
2966 4846 3087 4890 ese
3116 4842 3279 4899 quem
3329 4818 3566 4890 recipit,

1974 4932 2102 5002 quia
2127 4930 2375 5001 profecto
2392 4928 2635 4986 doctoris
2662 4924 2883 4997 reprobi
2922 4924 3109 4994 plures
3151 4918 3426 4975 auditores
3441 4919 3569 4967 sunt

1976 5026 2070 5096 qui
2092 5031 2385 5095 sequantur
2424 5038 2591 5094 prava
2630 5036 2751 5092 qua:
2815 5026 2999 5088 agunt,
3046 5028 3207 5085 quam
3264 5016 3412 5065 recta
3451 5017 3573 5075 quae

1980 5116 2198 5173 docent.
2227 5114 2381 5173 Unde
2402 5124 2458 5172 et
2484 5117 2573 5172 bic
2619 5127 2837 5186 quoque
2850 5124 3045 5180 magna
3066 5121 3194 5179 pars
3228 5106 3425 5160 domus
3453 5096 3571 5167 ejus

1978 5208 2034 5264 ie
2068 5208 2209 5264 virili
2234 5217 2394 5266 rotate
2419 5209 2680 5265 moritura
2702 5206 3035 5277 perhibetur.

2056 5302 2146 5358 19.
2179 5301 2337 5357 1Etas
2362 5318 2594 5371 uariaque
2614 5301 2784 5356 virilis
2821 5306 3032 5367 tempus
3048 5300 3131 5351 est
3157 5282 3573 5346 administrandi

270 5398 523 5469 platione
550 5400 735 5469 gini-im
764 5400 1123 5471 adimplcntur
1153 5398 1383 5468 gaudiis.
1423 5395 1683 5453 Universa
1713 5396 1876 5465 igitur
1982 5393 2745 5461 sacerdotii.lmitatoritaque
2767 5388 3007 5443 doctoris
3032 5383 3248 5456 reprobi
3275 5380 3342 5436 ad
3362 5378 3575 5471 virilem

270 5490 451 5547 Israel
480 5507 735 5562 prospera
762 5492 957 5548 sarculo
994 5484 1323 5559 tribuuntur,
1351 5490 1476 5560 quia
1519 5489 1653 5544 ordo
1700 5486 1879 5543 humi-
1978 5492 2200 5547 mtatem
2229 5485 2441 5540 ducitur
2485 5500 2607 5541 cum
2660 5482 2725 5536 ad
2770 5480 2909 5535 sacri
2954 5476 3159 5535 ordinis
3199 5470 3576 5531 celsitudinem

270 5585 414 5643 ium
464 5586 762 5643 electorum
810 5587 951 5641 inter
980 5584 1295 5654 angelorum
1341 5583 1541 5639 choros
1587 5581 1872 5651 excipitur,
1984 5585 2357 5648 promovetur.
2390 5578 2471 5634 Ad
2500 5592 2662 5647 quam
2687 5574 2929 5646 profecto
2975 5580 3193 5662 tetatem
3222 5582 3348 5662 cum
3375 5575 3576 5662 pervc-

277 5686 347 5733 ut
366 5677 556 5735 divinae
582 5676 1056 5752 contemplationis
1075 5675 1283 5745 gaudiis
1304 5684 1506 5733 aeterna
1530 5671 1881 5745 perceptione
1978 5668 2152 5739 ,uerit,
2185 5670 2434 5736 moritur,
2462 5668 2588 5738 quia
2609 5667 2678 5724 ad
2699 5674 2906 5723 tantum
2926 5661 3289 5723 ministerium
3308 5656 3583 5729 θοειιιῖε-

362 5851 386 5880 ⁸
426 5844 594 5903 Gilot.
627 5854 683 5901 et
712 5844 883 5902 Vatic.
911 5846 1134 5903 uenient.
