4044 6336
452 453 556 509 tto
1296 424 1301 429 ⁴
1646 430 1888 499 salven
1927 430 2255 493 unsconn
2306 426 2519 488 manu
3627 416 3736 477 reo

452 570 575 641 quis
614 568 865 638 indiguus
893 561 1203 629 accesserit,
1231 558 1317 617 vel
1348 558 1403 615 in
1452 573 1519 614 eo
1548 533 1765 627 indigne
1804 554 1999 611 vixerit
2021 592 2037 623 ,
2070 552 2118 611 Α
2146 547 2542 603 multitudinem
2589 539 2977 598 transmittunt.
3006 534 3211 604 Quibus
3236 533 3610 591 tameuverbis
3634 550 3740 607 po-

452 627 860 720 eondemnatm.
888 656 1041 714 Unde
1078 663 1134 711 et
1163 627 1360 709 Daulus
1406 650 1662 709 dominici
1717 646 1960 717 corporis
1984 652 2043 701 et
2144 648 2251 698 test
2278 638 2593 697 doctoribus
2612 634 2859 706 reprobis
2880 630 3158 704 przesentis
3194 627 3319 683 vita:
3343 628 3582 685 brevitas
3607 627 3742 683 inti-

448 757 730 827 sanguinis
748 754 1080 812 mentionem
1120 749 1348 813 iaciens,
1382 747 1459 801 ait
1490 764 1502 800 :
1557 743 1656 809 Qui
1686 742 1962 797 manducat
1992 748 2043 795 et
2142 732 2300 787 mari.
2332 730 2391 785 In
2423 745 2526 785 una
2544 728 2745 799 quippe
2772 724 2861 780 die
2879 722 3202 785 moriuntur,
3232 719 3359 790 quia
3381 734 3505 775 cum
3525 717 3595 773 ad
3622 727 3741 773 ter-

453 811 586 905 bibi:
604 811 835 921 indigne,
858 847 1116 920 judicium
1135 843 1234 899 sibi
1255 811 1595 897 manducatet
1620 833 1811 907 bibit(I
1828 833 1949 889 Cor.
1966 848 2039 902 χι,
2145 830 2348 885 minum
2398 827 2555 897 hujus
2582 828 2705 880 vita:
2762 820 3107 893 perveniunt,
3161 816 3328 872 breve
3382 813 3462 870 eis
3511 811 3743 868 omnino

450 942 649 1014 29).ln
680 906 990 1010 virili'ergo
1045 945 1206 993 aetate
1253 934 1576 999 moriuntur,
1626 906 1773 999 quia
1802 927 1869 983 de
1898 942 2042 997 prae-
2144 921 2311 977 fuisse
2341 920 2578 1014 cern‘itur
2602 915 2747 987 quod
2771 915 3039 969 vixerunt.
3090 908 3245 966 Unde
3296 923 3395 981 per
3443 906 3743 979 quemdam

453 980 649 1014 ευρ...
861 980 989 1010 ,μου
1045 980 1206 993 ,μων
1253 980 1576 999 ...-.-_---_-,
1630 980 1749 999 1m
1900 980 1921 997 τ
1994 980 1999 981 ,
2620 980 2635 987 _
3300 980 3307 981 γ

451 1035 766 1105 sumptione
794 1042 850 1091 et
888 1048 1026 1088 ausu
1068 1028 1352 1086 ministerii
1383 1024 1709 1082 sublimioris
1747 1023 2041 1078 intereunt.
2149 980 2481 1085 sapientem,
2497 1011 2734 1067 dicitur:
2793 1006 3049 1062 Gaudium
3122 1004 3402 1076 hypocrita:
3458 1000 3529 1053 ad
3570 1002 3748 1054 instar

452 1090 595 1185 hinc;
614 1143 766 1199 ergo,
794 1127 919 1183 hinc
952 1125 1065 1196 jam
1108 1123 1307 1194 quippe
1351 1118 1651 1192 praecipites
1688 1115 1965 1183 colligant,
1992 1120 2049 1167 et
2147 1108 2324 1177 puncti
2344 1105 2483 1176 (Job.
2506 1121 2600 1172 xx,
2624 1101 2700 1174 5).
2726 1101 2862 1156 Hinc
2891 1101 3084 1155 iterum
3104 1095 3172 1151 de
3195 1094 3357 1199 hujus
3383 1090 3569 1147 mundi
3593 1105 3750 1199 arua-

453 1222 594 1276 tanti
619 1180 1108 1275 ministeriisubire
1126 1180 1293 1271 onera
1337 1180 1444 1268 non
1490 1180 1729 1265 ambiant
1757 1180 1851 1263 sed
1877 1180 2045 1275 expa-
2152 1199 2355 1253 toribus
2395 1196 2587 1251 beatus
2612 1193 2715 1249 Job
2743 1191 3002 1262 loquitur,
3045 1187 3276 1243 dicens:
3308 1183 3517 1238 Ducunt
3558 1182 3614 1235 in
3661 1180 3755 1234 bo-

456 1321 700 1370 vescant.
728 1311 861 1367 Nam
886 1310 979 1381 qui
1008 1310 1147 1365 mori
1177 1304 1481 1379 pmdidtur
1501 1299 1716 1373 quando
1730 1298 1797 1352 ad
1816 1270 2047 1362 virilem,
2152 1290 2233 1342 nis
2258 1288 2369 1342 dies
2393 1303 2536 1351 suos,
2565 1287 2671 1357 91
2705 1292 2754 1338 et
2776 1284 2831 1337 in
2864 1288 3051 1348 puncto
3079 1277 3147 1331 ad
3180 1276 3391 1347 inferna
3430 1270 3756 1326 descendunt

2502 1375 2575 1381 -_.
2642 1375 2671 1381 _
2729 1373 2743 1381 .
2883 1372 2912 1381 ν.
3033 1368 3047 1381 .
3416 1379 3461 1381 η
3512 1363 3617 1381 γη
3684 1358 3753 1381 ,λ

460 1358 1333 1476 mEELIpJQJJnTeaLSAad
1358 1358 1485 1452 eam
1517 1358 1811 1465 perveniat
1866 1390 2001 1445 vivit
2154 1376 2317 1449 (Ibid.
2352 1392 2462 1441 xxt,
2496 1375 2606 1446 15).
2640 1373 2746 1430 Sed
2774 1372 2945 1444 raptis
2964 1368 3053 1475 .ad
3104 1381 3329 1476 poenam.
3374 1363 3644 1469 reprobis,
3680 1358 3758 1414 ad

458 1500 589 1570 quia
615 1500 865 1555 nimirum
891 1496 1087 1553 inﬁrmi
1112 1496 1336 1565 quique,
1360 1500 1417 1547 et
1442 1490 1517 1546 illi
1570 1496 1720 1542 tanto
1750 1482 2051 1539 ministerio
2154 1471 2331 1540 sresis
2360 1469 2822 1525 ἀοωίῐιίείουῐοω
2864 1462 3230 1533 “Picum,”
3281 1458 3443 1515 θιθεῑί
3496 1464 3758 1527 Ρεείοτθδ

2262 1560 2275 1570 .
2519 1558 2552 1570 Α
2758 1565 2769 1570 -
2865 1555 2879 1570 .
3048 1549 3492 1570 -Α.Α--›ε--.....;.-

462 1549 589 1570 Ί--ν-
615 1549 962 1555 —-—--—-———»
1129 1549 1170 1565 ,ν
1227 1549 1243 1564 .
1324 1549 1334 1558 .

456 1596 716 1666 impares,
745 1594 790 1648 si
820 1592 1124 1663 pusillitatis
1164 1605 1274 1644 sua:
1302 1585 1523 1642 modum
1560 1580 1925 1643 considerant,
1951 1577 2053 1631 ha—

2185 1560 2478 1616 rxcitantur.
2513 1558 2692 1627 Quare
2721 1565 2777 1613 et
2801 1555 3193 1624 subsequenter
3212 1549 3493 1620 adjungit:

459 1684 595 1740 bent
614 1686 667 1740 in
698 1659 883 1739 sane—ta
914 1681 1154 1738 Ecclesia
1184 1677 1429 1734 locumin
1461 1690 1571 1745 quo
1598 1686 1657 1727 se
1681 1667 2057 1725 custodientes

2236 1678 2424 1749 (Vers.
2473 1675 2597 1745 '55.)
2650 1673 2720 1728 Et
2764 1668 3026 1730 suscitabo
3077 1667 3205 1723 mihi
3251 1666 3572 1721 sacerdotem
3620 1659 3763 1730 ﬁde—

460 1776 671 1830 vivant.
707 1774 856 1830 Unde
883 1782 938 1829 et
959 1789 1055 1843 per
1078 1771 1299 1841 Moysen
1330 1766 1591 1823 Dominus
1640 1760 1945 1825 denuntiat,
1974 1756 2062 1812 di-
2162 1772 2282 1827 (em.

460 1881 588 1922 cens
612 1884 625 1920 :
658 1865 853 1931 Bestia,
871 1866 915 1918 si
939 1873 1162 1918 montem
1185 1861 1425 1931 tetigerit,
1449 1855 1706 1924 lapidetur
1724 1851 1920 1921 (Exod.
1945 1864 2058 1915 xIx,
2101 1928 2119 1931 Α
2234 1861 2323 1915 ει,
2351 1860 2588 1916 Fidelem
2622 1871 2853 1927 namque
2876 1852 3217 1911 sacerdotem
3242 1847 3343 1905 sibi
3370 1844 3630 1902 Dominus
3658 1856 3749 1897 οι.

461 1956 563 2023 12;
598 1957 766 2011 Hebr.
799 1928 894 2017 xu.
925 1954 1038 2022 20).
1085 1928 1333 2008 Βῖιιοέὲι
1380 1950 1543 2006 etiam
1573 1946 1716 2018 quod
1758 1960 1881 2001 cum
1924 1941 2061 1996 Loth

2185 1952 2321 2020 :itat,
2348 1952 2473 2022 quia
2502 1949 2752 2005 videlicet
2771 1962 2897 2003 eum
2925 1958 3169 2001 summus
3201 1942 3353 1997 locus
3379 1937 3448 1992 ad
3467 1935 3548 1991 sui
3567 1944 3771 1990 curam

467 2050 645 2105 exiret
673 2049 739 2103 de
766 2047 1039 2111 Sodomis,
1064 2047 1132 2101 ab
1163 2060 1389 2101 ascensu
1416 2041 1616 2099 montis
1640 2038 1909 2096 abstinuit.
1926 2044 1982 2090 et
2011 2034 2063 2089 in

2185 2044 2446 2115 :xigitqui
2474 2059 2581 2099 non
2611 2042 2788 2098 solum
2815 2047 2965 2096 recte
2986 2036 3285 2105 intelligat,
3336 2031 3431 2087 sed
3459 2029 3552 2099 qui
3592 2023 3772 2080 ﬁdeli-

460 2141 637 2209 Segor
650 2142 924 2211 parvulam
937 2140 1207 2194 civitatem
1221 2136 1505 2192 declinavit
1520 2134 1673 2203 (Gen.
1692 2129 1915 2198 x1x,’9.0,
1932 2126 2063 2200 seq.)

2185 2154 2252 2195 er
2278 2138 2564 2193 ministret.
2598 2134 2900 2191 Ministrare
2929 2138 3109 2186 autem
3150 2137 3279 2183 tunc
3314 2132 3464 2181 recte
3511 2118 3718 2193 poterit
3754 2157 3775 2184 ,

464 2245 538 2285 ne
566 2229 692 2284 dum
716 2229 971 2300 parvulus
998 2229 1177 2283 adhuc
1199 2227 1266 2281 ad
1291 2227 1485 2281 altiora
1507 2226 1719 2292 nititur,
1750 2221 1963 2277 virilem
1993 2233 2067 2272 a3-
2169 2246 2294 2287 cum
2321 2227 2608 2284 ministerii
2637 2227 2720 2282 sui
2776 2222 2994 2279 modum
3043 2220 3113 2276 de
3159 2233 3316 2275 δίει-ο
3356 2212 3573 2285 ειοηιήο
3600 2223 3775 2267 meo.

467 2326 635 2373 tatem
676 2319 976 2387 impingens
1029 2316 1311 2372 moriatur.
1368 2314 1663 2371 Sodomam
1711 2312 1911 2383 quippe
1952 2307 2067 2364 exi-

2185 2322 2401 2393 ;noscit.
2432 2319 2587 2375 Unde
2625 2328 2827 2373 etcum
2873 2314 3045 2369 ﬁdelis
3088 2310 3343 2368 sacerdos
3389 2304 3724 2380 promittitur
3757 2342 3779 2370 ,

468 2432 593 2470 mus
623 2431 744 2470 cum
775 2414 1013 2469 ardentis
1043 2413 1498 2484 concupiscentiae
1544 2409 1793 2466 incendia
1823 2404 2065 2462 declina-

2194 2420 2318 2469 uxta
2340 2428 2434 2468 cor
2463 2420 2519 2466 et
2545 2410 2781 2465 animam
2811 2403 3199 2476 omnipotentis
3254 2400 3347 2455 Dei
3381 2399 3620 2454 facturus
3641 2406 3784 2449 esse

469 2523 613 2563 mus.
636 2507 737 2574 Qui
767 2506 949 2561 statim
994 2504 1060 2559 ad
1110 2504 1362 2559 sublimia
1390 2518 1501 2558 non
1549 2500 1911 2563 ascendimus,
1939 2494 2067 2567 quia

469 2600 768 2671 superioris
796 2599 1078 2654 ministerii
1101 2612 1309 2655 summa
1341 2612 1450 2651 non
1493 2595 1792 2663 tangimus,
1828 2591 1956 2645 dum
1980 2591 2065 2645 in-

471 2690 779 2745 ﬁrmitatem
824 2690 1098 2761 propriam
1147 2686 1420 2743 metiendo
1467 2685 1895 2751 consideramus,
1926 2696 1994 2736 ne
2022 2679 2066 2736 si

471 2779 700 2836 infirma}
722 2780 897 2836 aetatis
924 2788 1121 2835 nostra:
1143 2786 1331 2835 tenere
1359 2777 1579 2834 modum
1622 2775 2018 2833 contemnimus
2050 2812 2065 2837 ,

470 2872 564 2942 qui
603 2872 809 2941 parvuli
837 2872 1087 2940 viximus,
1115 2872 1167 2926 in
1192 2871 1332 2926 virili
1360 2879 1520 2927 aetate
1569 2871 1879 2926 moriamur.
1909 2865 1965 2919 lu
1994 2861 2071 2920 si-

473 2975 639 3031 gnum
661 2980 792 3019 vero
822 2964 1097 3018 moriturae
1118 2962 1311 3017 domus
1341 2963 1501 3019 ambo
1551 2960 1669 3017 Heli
1702 2957 1793 3013 lilii
1824 2972 1930 3013 una
1980 2954 2069 3012 die

476 3058 618 3114 mori
649 3058 1041 3127 praedicuntur.
1077 3058 1223 3125 Quos
1256 3059 1508 3113 nimirum
1537 3057 1673 3113 ﬁlios
1694 3055 1814 3110 illos
1856 3055 2071 3125 signare

478 3149 716 3205 diximus
738 3150 829 3219 qui
862 3150 929 3204 ad
956 3165 1143 3206 sacros
1164 3149 1383 3205 ordines
1412 3165 1442 3203 a
1483 3147 1798 3219 propinquis
1836 3144 2073 3201 carnali-

481 3244 586 3299 bus
642 3251 1117 3314 promoverentur,
1178 3259 1284 3299 non
1329 3242 1395 3296 ad
1453 3241 1807 3296 intentionem
1845 3238 2073 3293 admini-

2170 2504 2507 2577 perhibetur.
2542 2501 2681 2570 Quid
2718 2500 2860 2556 enim
2892 2514 2989 2554 cor
3017 2506 3074 2552 et
3109 2495 3346 2551 animam
3382 2490 3508 2559 Dei,
3538 2487 3633 2544 nisi
3670 2499 3785 2540 sa-

2170 2614 2317 2655 cram
2341 2597 2458 2668 ejus
2486 2596 2823 2666 Scriptnram
2855 2588 3174 2661 accipimus?
3204 2586 3336 2641 Nam
3366 2582 3530 2639 corde
3557 2577 3786 2647 cogita-

2174 2705 2295 2747 mus
2319 2665 2386 2743 ad
2443 2665 2911 2748 deliberationem,
2971 2679 3148 2735 anima
3199 2690 3329 2731 vero
3380 2671 3641 2728 afﬁcimur
3697 2665 3793 2720 ad

2172 2794 2437 2835 amorem.
2464 2777 2600 2844 Quia
2632 2790 2761 2846 ergo
2783 2775 2837 2829 in
2859 2787 3014 2828 sacro
3041 2767 3258 2839 eloquio
3279 2763 3503 2822 consilia
3520 2757 3793 2827 omnipo-

2173 2870 2339 2927 tentis
2370 2869 2462 2925 Dei
2486 2867 2848 2938 agnoscimus,
2872 2864 3054 2934 ibique
3080 2872 3324 2916 amorem
3348 2870 3456 2925 quo
3477 2854 3794 2908 humanum

2173 2979 2345 3035 genus
2385 2961 2577 3017 dilexit
2625 2958 2947 3022 invenimus,
3016 2955 3191 3025 ipsum
3237 2947 3513 3019 eloquium
3561 2957 3652 2998 cor
3711 2948 3792 2994 et

2174 3058 2355 3111 anima
2376 3055 2495 3125 ejus
2525 3049 2923 3108 rationabiliter
2937 3047 3239 3116 designant.
3272 3041 3424 3096 [Ilum
3456 3038 3630 3105 itaque
3648 3046 3801 3087 orn-

2176 3122 2428 3219 nipotens
2454 3146 2596 3200 Deus
2627 3143 2694 3198 ad
2714 3157 2871 3198 suum
2908 3137 3265 3197 ministerium
3292 3130 3623 3191 sacerdotem
3666 3122 3804 3179 eli-

2179 3215 2275 3312 gil,
2305 3242 2397 3312 qui
2424 3240 2574 3311 juxta
2623 3253 2724 3295 cor
2752 3236 2868 3307 ejus
2896 3242 2953 3290 et
2976 3233 3211 3288 animam
3234 3227 3380 3291 facit,
3433 3223 3556 3295 quia
3594 3215 3805 3312 profe-

478 3336 688 3391 strandi
719 3334 945 3404 ordinis,
975 3334 1069 3391 sed
1112 3333 1176 3389 ad
1202 3333 1428 3404 gloriam
1459 3332 1742 3387 mundanae
1774 3329 2069 3399 dignitatis.
2104 3312 2148 3375 C
2179 3309 2271 3389 ᾇιο
2299 3309 2407 3388 non
2426 3309 2564 3386 alius
2588 3336 2740 3385 tanto
2766 3327 2957 3383 ordine
2982 3324 3175 3394 dignus
3201 3329 3302 3387 est,
3332 3314 3435 3373 nisi
3462 3314 3553 3385 qui
3575 3309 3803 3366 volun-

477 3425 539 3481 In
561 3442 666 3480 una
697 3440 826 3496 ergo
878 3425 967 3482 die
996 3426 1157 3481 ambo
1208 3421 1532 3485 moriuntur.
1565 3422 1689 3492 quia
1740 3422 1793 3475 in
1832 3420 2077 3491 appetitu

480 3519 765 3574 mundana:
794 3518 1065 3574 felicitatis
1116 3518 1405 3572 intereunt.
1454 3514 1638 3571 Gloria
1667 3512 1960 3575 stecularis,
1986 3511 2080 3567 ho-

487 3611 641 3665 noris
668 3611 999 3678 reverentia,
1022 3617 1267 3679 potestas
1288 3606 1558 3673 culminis,
1583 3606 1803 3662 claritas
1848 3604 2079 3675 dignita-

484 3704 576 3770 tis,
604 3703 909 3773 frequentia
956 3704 1405 3773 obsequentium,
1442 3699 1717 3756 affluentia
1755 3714 1937 3754 rerum
1978 3711 2078 3753 sa:-

488 3797 747 3852 culariter
766 3797 1105 3865 amata,'dies
1128 3804 1232 3864 est,
1257 3797 1351 3850 sed
1373 3810 1492 3864 qua:
1515 3792 1792 3848 interﬁcit.

562 3888 652 3943 20.
686 3887 919 3943 Audiant
944 3902 1073 3957 ergo
1102 3887 1195 3943 ﬁlii
1245 3886 1363 3942 Heli
1391 3886 1514 3957 quia
1562 3885 1618 3940 in
1662 3899 1769 3940 una
1791 3883 1878 3938 die
1919 3882 2080 3939 ambo

486 3981 812 4038 moriuntur.
848 3982 947 4048 Qui
977 3981 1119 4036 enim
1157 3979 1225 4036 de
1270 3987 1494 4050 accepto
1533 3976 1794 4050 pastorali
1848 3975 2083 4033 culmine

486 4074 718 4131 labentis
736 4074 860 4129 vita:
881 4073 1193 4130 felicitatem
1207 4072 1455 4142 diligunt,
1478 4070 1836 4127 intentionem
1864 4069 2080 4139 quidem

486 4167 693 4223 habent
720 4167 923 4237 gaudii,
955 4165 1188 4237 fructum
1219 4180 1350 4221 vero
1382 4164 1622 4228 lamenti,
1658 4158 1994 4233 propositum
2024 4160 2079 4214 in

488 4257 851 4313 exsultatione
881 4256 1025 4321 vitae,
1058 4263 1115 4310 et
1144 4254 1551 4325 perventionem
1581 4253 1634 4307 in
1664 4251 1855 4306 mortis
1879 4264 2081 4306 mcero-

486 4364 624 4405 rem.
655 4350 734 4403 Ad
762 4357 990 4403 mortem
1017 4350 1198 4418 itaque
1217 4355 1547 4418 properant,
1577 4346 1790 4416 quoties
1820 4360 1959 4400 vane
2012 4344 2083 4400 de

485 4441 776 4510 temporali
804 4439 1061 4496 felicitate
1104 4441 1459 4509 gratulantur.
1485 4439 1642 4506 Quod
1683 4447 1739 4493 et
1786 4435 2078 4507 Apostolus

484 4530 700 4601 probat,
745 4544 867 4585 cum
929 4530 1284 4601 apostatantis
1314 4529 1491 4585 vidua:
1537 4529 1804 4594 meminit,
1855 4529 2077 4583 dicens:

491 4618 622 4686 Quae
637 4628 807 4676 autem
822 4622 877 4676 in
897 4624 1096 4677 deliciis
1122 4632 1215 4689 est,
1232 4624 1401 4677 vivens
1419 4631 1623 4677 mortua
1654 4631 1731 4676 est
1775 4619 1831 4692 (Ι
1863 4619 1996 4675 Tim.
2023 4635 2077 4685 v,

2184 3434 2350 3480 tatem
2377 3423 2493 3493 ejus
2522 3422 2592 3477 de
2618 3436 2775 3477 sacro
2827 3416 3045 3489 eloquio
3073 3414 3281 3477 didicit,
3306 3419 3362 3467 et
3389 3411 3491 3465 hoc
3519 3402 3653 3477 quod
3677 3401 3801 3456 di-

2182 3518 2312 3573 dicit
2334 3515 2704 3587 proximorum
2734 3510 3051 3567 utilitatibus
3086 3522 3195 3579 per
3241 3503 3475 3560 studium
3497 3496 3699 3555 charita
3712 3496 3808 3550 tis

2185 3608 2467 3679 impendit.
2490 3604 2597 3661 Sed
2626 3604 2911 3675 vigilanter
2940 3609 3024 3658 est
3070 3599 3245 3655 adhuc
3290 3592 3597 3652 intuendum
3626 3589 3809 3658 quod

2185 3697 2384 3754 dicitur
2418 3716 2430 3751 :

2186 3830 2191 3836 .
2258 3785 2438 3859 (Vers.
2467 3781 2585 3853 '55.)
2607 3781 2772 3836 Juxta
2798 3796 2888 3835 cor
2912 3790 2962 3835 et
2989 3777 3219 3833 animam
3255 3788 3443 3828 meam.

2255 3880 2345 3935 ‘22.
2379 3880 2513 3937 Nam
2540 3878 2785 3951 quaedam
2818 3877 2872 3932 in
2914 3876 3192 3946 Scriptura
3228 3884 3382 3927 sacra
3434 3859 3813 3921 inveniuntur

2184 3980 2457 4045 praecepta
2507 3985 2629 4041 quae
2655 3968 3061 4040 dispensatione
3107 3963 3321 4035 quidem
3372 3958 3467 4014 Dei
3509 3959 3812 4045 pracer

2188 4040 2337 4132 sunt,
2365 4040 2422 4120 et
2462 4040 2569 4119 non
2593 4074 2779 4117 amore
2801 4059 2918 4115 Dei.
2969 4056 3101 4124 Qua:
3146 4052 3387 4125 profecto
3432 4049 3479 4104 si
3524 4040 3813 4102 sacerdos

2186 4158 2278 4226 qui
2306 4154 2625 4212 excitandus
2651 4151 2985 4223 promittitur
3005 4147 3341 4218 adimpleret,
3355 4140 3509 4212 juxta
3535 4152 3626 4194 cor
3652 4136 3814 4203 qui-

2186 4249 2308 4305 dem
2339 4247 2456 4314 Dei,
2481 4255 2535 4302 et
2561 4260 2669 4301 non
2704 4243 2861 4313 juxta
2891 4239 3147 4303 animam,
3176 4235 3402 4300 faceret,
3432 4232 3557 4287 dum
3604 4226 3814 4281 consi-

2186 4341 2319 4397 lium
2331 4340 2524 4397 divinte
2540 4334 2978 4408 dispensationis,
3007 4340 3063 4387 et
3085 4346 3192 4386 non
3218 4325 3421 4383 amoris
3448 4324 3809 4408 praeceptum

2189 4432 2443 4505 operibus
2475 4407 2823 4486 reddidisset.
2869 4428 2950 4481 An
2982 4440 3091 4480 non
3123 4424 3191 4478 de
3239 4416 3635 4491 dispensatione
3671 4407 3811 4505 Dei

2188 4503 2278 4581 illa
2308 4524 2559 4579 mandata
2599 4521 2717 4591 ejus
2770 4521 3002 4585 fuerant,
3048 4517 3117 4572 de
3159 4514 3353 4585 quibus
3395 4508 3647 4580 loquitur,
3694 4503 3813 4559 di-

2189 4635 2319 4675 cens
2350 4638 2362 4672 :
2395 4618 2492 4673 Dei
2516 4618 2591 4672 eis
2613 4614 2865 4670 mandata
2916 4628 3020 4667 non
3073 4609 3208 4664 bona
3240 4605 3459 4678 (Ezech.
3504 4616 3596 4666 xx,
3634 4592 3742 4667 25)
3781 4598 3810 4652 ?

489 4713 568 4785 6).
591 4712 650 4769 ln
680 4714 765 4771 die
796 4731 1024 4786 namque
1070 4716 1173 4772 hac
1203 4717 1341 4772 mori
1384 4716 1686 4788 perhibuit,
1727 4689 1819 4784 qui
1859 4726 2079 4768 causam
2113 4698 2162 4756 Ι)
2188 4710 2259 4766 Et
2289 4726 2413 4765 cum
2438 4708 2691 4764 Pharisaei
2716 4707 2785 4762 de
2822 4705 3000 4761 dando
3028 4698 3243 4774 repudii
3282 4698 3467 4754 libello
3493 4708 3616 4751 cum
3659 4689 3811 4759 ipsa

483 4807 681 4863 mortis
708 4808 884 4863 viduae
912 4823 1033 4865 esse
1060 4810 1279 4865 delicias
1300 4808 1558 4866 ostendit.
1615 4807 1723 4863 Sed
1760 4822 1907 4861 mors
1937 4805 2076 4860 ﬁlio-

486 4914 606 4952 rum
636 4900 811 4956 minus
844 4901 1073 4971 pessima
1112 4912 1275 4972 esset,
1307 4904 1352 4958 si
1382 4904 1494 4975 ipsa
1525 4918 1687 4959 causa
1720 4900 1910 4956 mortis
1946 4900 2081 4955 alie-

487 5005 572 5044 me
598 5008 704 5046 non
735 4992 906 5049 ﬁeret.
938 4992 1091 5049 Unde
1120 5002 1177 5050 et
1223 5010 1331 5051 non
1359 4995 1675 5067 simpliciter
1705 4992 1843 5048 mori
1864 5034 1879 5060 ,
1902 4990 1996 5048 sed
2028 4993 2081 5046 in

484 5085 696 5155 signum
727 5089 1001 5144 moritura:
1027 5089 1220 5143 domus
1242 5089 1378 5144 mori
1402 5090 1786 5159 praedicuntur,
1802 5087 1927 5156 quia
1955 5099 2079 5139 cum

483 5177 523 5232 ii
553 5180 645 5248 qui
671 5180 739 5235 de
768 5181 944 5237 vicino
964 5181 1245 5237 doctorem
1273 5182 1565 5253 reprobum
1601 5181 1883 5237 imitantur
1904 5181 1959 5235 in
1981 5194 2076 5235 eo-

486 5273 608 5328 dem
636 5276 933 5347 prtecipitio
956 5284 1233 5346 corruunt,
1257 5285 1312 5332 et
1356 5286 1631 5334 secutores
1659 5275 2000 5348 sequentium
2024 5274 2080 5328 in

487 5366 645 5420 ruina
675 5369 1034 5425 cumulantur.
1089 5368 1206 5425 Hoc
1264 5370 1446 5440 itaque
1498 5369 1566 5424 de
1609 5367 1788 5423 officio
1843 5365 2081 5436 suscepti

489 5456 739 5513 culminis
770 5460 1120 5531 temporalem
1164 5460 1472 5517 felicitatem
1533 5470 1777 5515 amantes
1816 5459 2077 5523 audiant,

492 5557 548 5603 et
575 5559 757 5607 reatus
786 5554 867 5607 sui
888 5554 1309 5624 magnitudinem
1340 5555 1745 5623 pertimescant.
1780 5550 1956 5606 Tanto
1983 5549 2079 5605 de-

490 5643 654 5712 nique
681 5646 913 5713 graviori
943 5662 1104 5716 poma
1142 5647 1288 5716 digni
1310 5654 1454 5711 sunt,
1474 5653 1678 5715 quanto
1725 5652 1913 5714 aperte
1958 5657 2083 5698 con-

492 5737 724 5806 spiciunt
752 5740 875 5808 quia
901 5739 968 5795 de
994 5740 1237 5796 vanitate
1264 5755 1427 5810 quam
1453 5739 1802 5808 diliguntnon
1836 5737 1937 5793 so‘i
1966 5750 2084 5790 mo—

490 5828 719 5892 riuntur,
778 5830 902 5900 quia
954 5830 1079 5886 dum
1133 5833 1186 5887 in
1243 5840 1508 5903 praetextu
1558 5831 1842 5887 mundanae
1888 5828 2083 5884 lmtitizn

491 5929 719 5976 mortem
742 5922 987 6005 cbibnnt,
1021 5934 1182 5994 potus
1208 5928 1289 5982 sui
1315 5935 1521 5998 pestem
1553 5924 1619 5979 ad
1651 5925 1994 5997 sequentium
2022 5936 2084 5977 se

2187 4803 2417 4860 veritate
2463 4802 2820 4871 disputarent,
2862 4797 3147 4870 audierunt
3200 4811 3213 4847 :
3271 4791 3353 4845 Ad
3399 4789 3640 4844 duritiam
3684 4799 3809 4839 ve-

2186 4904 2353 4951 stram
2380 4893 2523 4948 dedit
2548 4892 2688 4947 vobis
2714 4891 2876 4963 legem
2905 4887 3113 4959 Moyses
3146 4883 3364 4958 (Matth.
3395 4897 3509 4947 xtx,
3540 4876 3614 4947 8).
3642 4872 3810 4939 Quia

2185 4987 2368 5057 itaque
2396 4986 2465 5040 de
2485 4984 2891 5057 dispensatione
2916 4980 3125 5037 consilii
3155 4978 3272 5049 ejus
3320 4977 3407 5032 illa
3438 4975 3607 5037 fuere,
3632 4969 3813 5038 quis-

2187 5081 2308 5152 quis
2337 5080 2538 5137 eisdem
2576 5080 2859 5150 prreceptis
2898 5091 3027 5131 usus
3052 5082 3155 5140 est,
3205 5072 3360 5143 juxta
3414 5084 3510 5125 cor
3563 5061 3811 5134 quidem

2188 5173 2423 5239 Domini,
2453 5180 2510 5228 et
2549 5188 2657 5227 non
2701 5172 2856 5240 juxta
2893 5169 3128 5223 animam
3173 5163 3319 5219 fecit.
3353 5161 3485 5217 Nam
3528 5155 3707 5214 cordis
3736 5166 3811 5213 et

2189 5267 2380 5322 anima:
2409 5274 2737 5337 praeceptum
2762 5263 2893 5319 illud
2916 5269 3001 5318 est
3027 5261 3095 5316 de
3122 5272 3230 5329 quo
3260 5255 3456 5312 dicitur
3486 5272 3500 5309 :
3532 5250 3644 5306 Hoc
3698 5261 3808 5305 est

2189 5371 2501 5433 praeceptum
2530 5376 2718 5425 meum,
2741 5368 2798 5413 ut
2828 5358 3059 5429 diligatis
3089 5354 3328 5421 invicem,
3351 5351 3483 5406 sicut
3504 5345 3662 5402 dilexi
3687 5360 3810 5402 vos

2191 5453 2371 5526 (Joau.
2404 5469 2494 5522 xv,
2523 5451 2636 5523 1‘2).
2664 5450 2799 5519 Quia
2831 5451 2935 5505 hoc
2957 5447 3105 5519 quod
3133 5460 3231 5517 per
3260 5442 3546 5500 consilium
3584 5439 3809 5510 praeci-

2183 5547 2263 5616 pit
2284 5564 2382 5618 per
2403 5546 2711 5617 amplexum
2737 5542 3020 5598 charitatis
3046 5536 3427 5611 apprehendit.
3478 5533 3612 5589 Hinc
3647 5530 3806 5587 item

2186 5638 2315 5694 dicit
2347 5656 2361 5693 :
2393 5637 2608 5710 Diligite
2628 5635 2865 5690 inimicos
2881 5640 3103 5697 vestros,
3130 5628 3416 5700 benefacite
3445 5626 3510 5681 iis
3551 5622 3634 5692 qui
3655 5620 3810 5677 ode-

2184 5740 2306 5787 runt
2338 5748 2423 5786 vos
2449 5729 2601 5801 (Luc.
2635 5745 2704 5793 vr,
2736 5726 2849 5797 27).
2881 5718 3017 5780 Hinc
3061 5722 3193 5779 item
3225 5719 3490 5793 praecipit,
3544 5714 3738 5769 dicens
3781 5733 3799 5770 :

2190 5823 2319 5889 Quae
2346 5824 2494 5879 vultis
2523 5832 2579 5877 ut
2629 5821 2825 5894 faciant
2863 5816 3002 5873 vobis
3040 5815 3292 5879 homines,
3343 5812 3451 5866 [uec
3500 5806 3652 5880 facite
3679 5807 3796 5862 eis.

2191 5916 2316 5973 llzec
2344 5917 2527 5986 itaque
2556 5922 2612 5972 et
2641 5911 2945 5983 hujnsmodi
2994 5907 3175 5967 cordis
3197 5914 3253 5962 et
3294 5906 3486 5961 anima:
3510 5900 3602 5956 Dei
3641 5914 3801 5970 pra:-
