  <div class='ocr_page' id='page_1' title='image "/cluster/home/n/w/nwhite01/storage/ocr_20150623/79/hvd.32044015469414/066.png"; bbox 0 0 4044 6336; ppageno 0'>
   <div class='ocr_carea' id='block_1_1' title="bbox 294 370 394 429">
    <p class='ocr_par' dir='ltr' id='par_1_1' title="bbox 294 370 394 429">
     <span class='ocr_line' id='line_1_1' title="bbox 294 370 394 429; baseline -0.02 0"><span class='ocrx_word' id='word_1_1' title='bbox 294 370 394 429; x_wconf 64' lang='grc'><strong>121</strong></span> 
     </span>
    </p>
   </div>
   <div class='ocr_carea' id='block_1_2' title="bbox 1124 364 2719 431">
    <p class='ocr_par' dir='ltr' id='par_1_2' title="bbox 1124 364 2719 431">
     <span class='ocr_line' id='line_1_2' title="bbox 1124 364 2719 431; baseline 0.003 -6"><span class='ocrx_word' id='word_1_2' title='bbox 1124 370 1189 425; x_wconf 88' lang='grc' dir='ltr'><strong>ΙΝ</strong></span> <span class='ocrx_word' id='word_1_3' title='bbox 1230 366 1495 427; x_wconf 77' lang='lat' dir='ltr'><strong>PRIMUM</strong></span> <span class='ocrx_word' id='word_1_4' title='bbox 1534 364 1774 426; x_wconf 62' lang='grc' dir='ltr'><strong>ΙίΕοοΜ</strong></span> <span class='ocrx_word' id='word_1_5' title='bbox 1817 364 2332 429; x_wconf 79' lang='lat' dir='ltr'><strong>EXPOSI’I‘IONES.</strong></span> <span class='ocrx_word' id='word_1_6' title='bbox 2376 403 2439 413; x_wconf 96' lang='lat'><strong><em>—</em></strong></span> <span class='ocrx_word' id='word_1_7' title='bbox 2484 373 2611 431; x_wconf 84' lang='lat' dir='ltr'><strong>LIB.</strong></span> <span class='ocrx_word' id='word_1_8' title='bbox 2656 375 2719 430; x_wconf 90' lang='lat' dir='ltr'><strong>ll.</strong></span> 
     </span>
    </p>
   </div>
   <div class='ocr_carea' id='block_1_3' title="bbox 3450 370 3553 433">
    <p class='ocr_par' dir='ltr' id='par_1_3' title="bbox 3450 370 3553 433">
     <span class='ocr_line' id='line_1_3' title="bbox 3450 370 3553 433; baseline -0.039 0"><span class='ocrx_word' id='word_1_9' title='bbox 3450 370 3553 433; x_wconf 66' lang='lat'><strong>1‘22</strong></span> 
     </span>
    </p>
   </div>
   <div class='ocr_carea' id='block_1_4' title="bbox 281 484 3555 566">
    <p class='ocr_par' dir='ltr' id='par_1_4' title="bbox 281 484 3555 566">
     <span class='ocr_line' id='line_1_4' title="bbox 281 484 3555 566; baseline 0 -17"><span class='ocrx_word' id='word_1_10' title='bbox 281 501 441 563; x_wconf 89' lang='lat' dir='ltr'><strong>cepta</strong></span> <span class='ocrx_word' id='word_1_11' title='bbox 462 493 607 557; x_wconf 90' lang='lat' dir='ltr'><strong>sunt,</strong></span> <span class='ocrx_word' id='word_1_12' title='bbox 639 484 763 559; x_wconf 85' lang='lat' dir='ltr'><strong>quia</strong></span> <span class='ocrx_word' id='word_1_13' title='bbox 811 489 916 546; x_wconf 91' lang='lat' dir='ltr'><strong>hoc</strong></span> <span class='ocrx_word' id='word_1_14' title='bbox 948 487 1274 547; x_wconf 89' lang='lat' dir='ltr'><strong>revelatione</strong></span> <span class='ocrx_word' id='word_1_15' title='bbox 1327 490 1626 547; x_wconf 74' lang='lat' dir='ltr'><strong>ostenditur</strong></span> <span class='ocrx_word' id='word_1_16' title='bbox 1669 487 1865 544; x_wconf 85' lang='lat' dir='ltr'><strong>secreti</strong></span> <span class='ocrx_word' id='word_1_17' title='bbox 1892 488 1946 550; x_wconf 77' lang='grc' dir='ltr'><strong>Α</strong></span> <span class='ocrx_word' id='word_1_18' title='bbox 1971 491 2279 559; x_wconf 85' lang='lat' dir='ltr'><strong>paenitendo</strong></span> <span class='ocrx_word' id='word_1_19' title='bbox 2306 504 2626 565; x_wconf 90' lang='lat' dir='ltr'><strong>properat,a</strong></span> <span class='ocrx_word' id='word_1_20' title='bbox 2655 506 2764 564; x_wconf 88' lang='lat' dir='ltr'><strong>quo</strong></span> <span class='ocrx_word' id='word_1_21' title='bbox 2791 494 3064 566; x_wconf 85' lang='lat' dir='ltr'><strong>peccando</strong></span> <span class='ocrx_word' id='word_1_22' title='bbox 3084 493 3323 551; x_wconf 78' lang='lat' dir='ltr'><strong>recessit.</strong></span> <span class='ocrx_word' id='word_1_23' title='bbox 3342 492 3412 548; x_wconf 90' lang='lat' dir='ltr'><strong>Ut</strong></span> <span class='ocrx_word' id='word_1_24' title='bbox 3434 509 3555 549; x_wconf 91' lang='lat' dir='ltr'><strong>ore-</strong></span> 
     </span>
    </p>
   </div>
   <div class='ocr_carea' id='block_1_5' title="bbox 282 579 1868 657">
    <p class='ocr_par' dir='ltr' id='par_1_5' title="bbox 282 579 1868 657">
     <span class='ocr_line' id='line_1_5' title="bbox 282 579 1868 657; baseline -0.006 -15"><span class='ocrx_word' id='word_1_25' title='bbox 282 586 401 657; x_wconf 88' lang='lat' dir='ltr'><strong>ejus</strong></span> <span class='ocrx_word' id='word_1_26' title='bbox 430 585 643 642; x_wconf 86' lang='lat' dir='ltr'><strong>consilii</strong></span> <span class='ocrx_word' id='word_1_27' title='bbox 671 584 816 655; x_wconf 90' lang='lat' dir='ltr'><strong>quod</strong></span> <span class='ocrx_word' id='word_1_28' title='bbox 843 583 896 638; x_wconf 94' lang='lat' dir='ltr'><strong>in</strong></span> <span class='ocrx_word' id='word_1_29' title='bbox 923 582 1039 651; x_wconf 86' lang='lat' dir='ltr'><strong>ejus</strong></span> <span class='ocrx_word' id='word_1_30' title='bbox 1051 591 1343 653; x_wconf 86' lang='lat' dir='ltr'><strong>conspectu</strong></span> <span class='ocrx_word' id='word_1_31' title='bbox 1364 582 1652 652; x_wconf 86' lang='lat' dir='ltr'><strong>suscipitur</strong></span> <span class='ocrx_word' id='word_1_32' title='bbox 1671 579 1868 651; x_wconf 89' lang='lat' dir='ltr'><strong>proba-</strong></span> 
     </span>
    </p>
   </div>
   <div class='ocr_carea' id='block_1_6' title="bbox 282 671 1869 746">
    <p class='ocr_par' dir='ltr' id='par_1_6' title="bbox 282 671 1869 746">
     <span class='ocr_line' id='line_1_6' title="bbox 282 671 1869 746; baseline -0.006 -12"><span class='ocrx_word' id='word_1_33' title='bbox 282 680 434 736; x_wconf 88' lang='lat' dir='ltr'><strong>tione</strong></span> <span class='ocrx_word' id='word_1_34' title='bbox 460 677 759 734; x_wconf 88' lang='lat' dir='ltr'><strong>charitatis.</strong></span> <span class='ocrx_word' id='word_1_35' title='bbox 791 675 1056 731; x_wconf 84' lang='lat' dir='ltr'><strong>Sacerdos</strong></span> <span class='ocrx_word' id='word_1_36' title='bbox 1084 690 1213 745; x_wconf 87' lang='lat' dir='ltr'><strong>ergo</strong></span> <span class='ocrx_word' id='word_1_37' title='bbox 1260 674 1431 730; x_wconf 87' lang='lat' dir='ltr'><strong>ﬁdelis</strong></span> <span class='ocrx_word' id='word_1_38' title='bbox 1465 689 1561 746; x_wconf 89' lang='lat' dir='ltr'><strong>per</strong></span> <span class='ocrx_word' id='word_1_39' title='bbox 1588 673 1693 729; x_wconf 87' lang='lat' dir='ltr'><strong>hoc</strong></span> <span class='ocrx_word' id='word_1_40' title='bbox 1731 671 1869 727; x_wconf 91' lang='lat' dir='ltr'><strong>indi-</strong></span> 
     </span>
    </p>
   </div>
   <div class='ocr_carea' id='block_1_7' title="bbox 281 764 1870 839">
    <p class='ocr_par' dir='ltr' id='par_1_7' title="bbox 281 764 1870 839">
     <span class='ocr_line' id='line_1_7' title="bbox 281 764 1870 839; baseline -0.006 -10"><span class='ocrx_word' id='word_1_41' title='bbox 281 774 426 830; x_wconf 89' lang='lat' dir='ltr'><strong>cium</strong></span> <span class='ocrx_word' id='word_1_42' title='bbox 460 772 717 827; x_wconf 87' lang='lat' dir='ltr'><strong>noscitur.</strong></span> <span class='ocrx_word' id='word_1_43' title='bbox 747 769 805 826; x_wconf 92' lang='lat' dir='ltr'><strong>Si</strong></span> <span class='ocrx_word' id='word_1_44' title='bbox 826 769 1077 825; x_wconf 81' lang='lat' dir='ltr'><strong>videlicet</strong></span> <span class='ocrx_word' id='word_1_45' title='bbox 1099 769 1253 839; x_wconf 86' lang='lat' dir='ltr'><strong>juxta</strong></span> <span class='ocrx_word' id='word_1_46' title='bbox 1283 785 1379 825; x_wconf 90' lang='lat' dir='ltr'><strong>cor</strong></span> <span class='ocrx_word' id='word_1_47' title='bbox 1407 776 1462 823; x_wconf 90' lang='lat' dir='ltr'><strong>et</strong></span> <span class='ocrx_word' id='word_1_48' title='bbox 1494 768 1726 822; x_wconf 91' lang='lat' dir='ltr'><strong>animam</strong></span> <span class='ocrx_word' id='word_1_49' title='bbox 1754 764 1870 835; x_wconf 87' lang='lat' dir='ltr'><strong>ejus</strong></span> 
     </span>
    </p>
   </div>
   <div class='ocr_carea' id='block_1_8' title="bbox 280 858 1871 937">
    <p class='ocr_par' dir='ltr' id='par_1_8' title="bbox 280 858 1871 937">
     <span class='ocr_line' id='line_1_8' title="bbox 280 858 1871 937; baseline -0.006 -15"><span class='ocrx_word' id='word_1_50' title='bbox 280 874 561 937; x_wconf 85' lang='lat' dir='ltr'><strong>operatur,</strong></span> <span class='ocrx_word' id='word_1_51' title='bbox 584 865 711 935; x_wconf 85' lang='lat' dir='ltr'><strong>quia</strong></span> <span class='ocrx_word' id='word_1_52' title='bbox 743 862 991 934; x_wconf 90' lang='lat' dir='ltr'><strong>profecto</strong></span> <span class='ocrx_word' id='word_1_53' title='bbox 1023 870 1151 918; x_wconf 90' lang='lat' dir='ltr'><strong>tunc</strong></span> <span class='ocrx_word' id='word_1_54' title='bbox 1174 876 1303 917; x_wconf 88' lang='lat' dir='ltr'><strong>vere</strong></span> <span class='ocrx_word' id='word_1_55' title='bbox 1334 859 1503 917; x_wconf 77' lang='lat' dir='ltr'><strong>fidelis</strong></span> <span class='ocrx_word' id='word_1_56' title='bbox 1534 867 1637 926; x_wconf 90' lang='lat' dir='ltr'><strong>est,</strong></span> <span class='ocrx_word' id='word_1_57' title='bbox 1669 858 1715 914; x_wconf 90' lang='lat' dir='ltr'><strong>si</strong></span> <span class='ocrx_word' id='word_1_58' title='bbox 1762 872 1871 912; x_wconf 89' lang='lat' dir='ltr'><strong>non</strong></span> 
     </span>
    </p>
   </div>
   <div class='ocr_carea' id='block_1_9' title="bbox 280 955 1872 1030">
    <p class='ocr_par' dir='ltr' id='par_1_9' title="bbox 280 955 1872 1030">
     <span class='ocr_line' id='line_1_9' title="bbox 280 955 1872 1030; baseline -0.006 -16"><span class='ocrx_word' id='word_1_59' title='bbox 280 958 703 1030; x_wconf 73' lang='lat' dir='ltr'><strong>dispensationis</strong></span> <span class='ocrx_word' id='word_1_60' title='bbox 730 956 843 1026; x_wconf 89' lang='lat' dir='ltr'><strong>ejus</strong></span> <span class='ocrx_word' id='word_1_61' title='bbox 867 955 1163 1021; x_wconf 87' lang='lat' dir='ltr'><strong>licentiam,</strong></span> <span class='ocrx_word' id='word_1_62' title='bbox 1196 955 1289 1011; x_wconf 91' lang='lat' dir='ltr'><strong>sed</strong></span> <span class='ocrx_word' id='word_1_63' title='bbox 1318 961 1585 1025; x_wconf 87' lang='lat' dir='ltr'><strong>praecepta</strong></span> <span class='ocrx_word' id='word_1_64' title='bbox 1616 958 1872 1022; x_wconf 87' lang='lat' dir='ltr'><strong>sequatur</strong></span> 
     </span>
    </p>
   </div>
   <div class='ocr_carea' id='block_1_10' title="bbox 279 1041 1872 1118">
    <p class='ocr_par' dir='ltr' id='par_1_10' title="bbox 279 1041 1872 1118">
     <span class='ocr_line' id='line_1_10' title="bbox 279 1041 1872 1118; baseline -0.006 -12"><span class='ocrx_word' id='word_1_65' title='bbox 279 1051 503 1106; x_wconf 85' lang='lat' dir='ltr'><strong>amoris.</strong></span> <span class='ocrx_word' id='word_1_66' title='bbox 538 1048 643 1105; x_wconf 90' lang='lat' dir='ltr'><strong>Sed</strong></span> <span class='ocrx_word' id='word_1_67' title='bbox 672 1049 797 1118; x_wconf 91' lang='lat' dir='ltr'><strong>quia</strong></span> <span class='ocrx_word' id='word_1_68' title='bbox 846 1063 955 1103; x_wconf 92' lang='lat' dir='ltr'><strong>non</strong></span> <span class='ocrx_word' id='word_1_69' title='bbox 984 1046 1201 1109; x_wconf 88' lang='lat' dir='ltr'><strong>frustra,</strong></span> <span class='ocrx_word' id='word_1_70' title='bbox 1261 1044 1358 1101; x_wconf 91' lang='lat' dir='ltr'><strong>sed</strong></span> <span class='ocrx_word' id='word_1_71' title='bbox 1405 1044 1471 1099; x_wconf 91' lang='lat' dir='ltr'><strong>ad</strong></span> <span class='ocrx_word' id='word_1_72' title='bbox 1512 1044 1719 1100; x_wconf 91' lang='lat' dir='ltr'><strong>lucrum</strong></span> <span class='ocrx_word' id='word_1_73' title='bbox 1746 1041 1872 1098; x_wconf 87' lang='lat' dir='ltr'><strong>sub-</strong></span> 
     </span>
    </p>
   </div>
   <div class='ocr_carea' id='block_1_11' title="bbox 278 1140 1475 1213">
    <p class='ocr_par' dir='ltr' id='par_1_11' title="bbox 278 1140 1475 1213">
     <span class='ocr_line' id='line_1_11' title="bbox 278 1140 1475 1213; baseline -0.006 -15"><span class='ocrx_word' id='word_1_74' title='bbox 278 1144 438 1213; x_wconf 67' lang='lat' dir='ltr'><strong>jecta:</strong></span> <span class='ocrx_word' id='word_1_75' title='bbox 468 1143 639 1212; x_wconf 87' lang='lat' dir='ltr'><strong>plebis</strong></span> <span class='ocrx_word' id='word_1_76' title='bbox 668 1140 902 1211; x_wconf 87' lang='lat' dir='ltr'><strong>eligitur,</strong></span> <span class='ocrx_word' id='word_1_77' title='bbox 936 1140 1135 1205; x_wconf 80' lang='lat' dir='ltr'><strong>subdit,</strong></span> <span class='ocrx_word' id='word_1_78' title='bbox 1167 1147 1328 1209; x_wconf 91' lang='lat' dir='ltr'><strong>atque</strong></span> <span class='ocrx_word' id='word_1_79' title='bbox 1354 1140 1430 1192; x_wconf 90' lang='lat' dir='ltr'><strong>ait</strong></span> <span class='ocrx_word' id='word_1_80' title='bbox 1462 1155 1475 1191; x_wconf 93' lang='lat'><strong>:</strong></span> 
     </span>
    </p>
   </div>
   <div class='ocr_carea' id='block_1_12' title="bbox 356 1229 1634 1303">
    <p class='ocr_par' dir='ltr' id='par_1_12' title="bbox 356 1229 1634 1303">
     <span class='ocr_line' id='line_1_12' title="bbox 356 1229 1634 1303; baseline -0.004 -16"><span class='ocrx_word' id='word_1_81' title='bbox 356 1233 535 1301; x_wconf 83' lang='lat' dir='ltr'><strong>(Vers.</strong></span> <span class='ocrx_word' id='word_1_82' title='bbox 567 1229 679 1303; x_wconf 78' lang='lat'><strong>35.)</strong></span> <span class='ocrx_word' id='word_1_83' title='bbox 709 1230 779 1285; x_wconf 88' lang='lat' dir='ltr'><strong>Et</strong></span> <span class='ocrx_word' id='word_1_84' title='bbox 808 1230 1076 1301; x_wconf 79' lang='lat' dir='ltr'><strong>cediﬁcabo</strong></span> <span class='ocrx_word' id='word_1_85' title='bbox 1101 1232 1149 1284; x_wconf 85' lang='lat' dir='ltr'><strong>ei</strong></span> <span class='ocrx_word' id='word_1_86' title='bbox 1176 1229 1383 1284; x_wconf 85' lang='lat' dir='ltr'><strong>domum</strong></span> <span class='ocrx_word' id='word_1_87' title='bbox 1410 1229 1634 1299; x_wconf 79' lang='lat' dir='ltr'><strong>ﬁdelem.</strong></span> 
     </span>
    </p>
   </div>
   <div class='ocr_carea' id='block_1_13' title="bbox 351 1318 1871 1392">
    <p class='ocr_par' dir='ltr' id='par_1_13' title="bbox 351 1318 1871 1392">
     <span class='ocr_line' id='line_1_13' title="bbox 351 1318 1871 1392; baseline -0.005 -13"><span class='ocrx_word' id='word_1_88' title='bbox 351 1324 445 1379; x_wconf 71' lang='lat'><strong>25.</strong></span> <span class='ocrx_word' id='word_1_89' title='bbox 477 1326 677 1379; x_wconf 90' lang='lat' dir='ltr'><strong>Domus</strong></span> <span class='ocrx_word' id='word_1_90' title='bbox 708 1340 939 1392; x_wconf 90' lang='lat' dir='ltr'><strong>namque</strong></span> <span class='ocrx_word' id='word_1_91' title='bbox 995 1323 1294 1378; x_wconf 85' lang='lat' dir='ltr'><strong>sacerdotis</strong></span> <span class='ocrx_word' id='word_1_92' title='bbox 1323 1331 1405 1377; x_wconf 89' lang='lat' dir='ltr'><strong>est</strong></span> <span class='ocrx_word' id='word_1_93' title='bbox 1466 1319 1763 1391; x_wconf 89' lang='lat' dir='ltr'><strong>amplitudo</strong></span> <span class='ocrx_word' id='word_1_94' title='bbox 1817 1318 1871 1373; x_wconf 89' lang='lat' dir='ltr'><strong>in</strong></span> 
     </span>
    </p>
   </div>
   <div class='ocr_carea' id='block_1_14' title="bbox 281 1411 1874 1489">
    <p class='ocr_par' dir='ltr' id='par_1_14' title="bbox 281 1411 1874 1489">
     <span class='ocr_line' id='line_1_14' title="bbox 281 1411 1874 1489; baseline -0.004 -16"><span class='ocrx_word' id='word_1_95' title='bbox 281 1433 389 1489; x_wconf 88' lang='lat' dir='ltr'><strong>qua</strong></span> <span class='ocrx_word' id='word_1_96' title='bbox 434 1423 823 1473; x_wconf 88' lang='lat' dir='ltr'><strong>conversantur</strong></span> <span class='ocrx_word' id='word_1_97' title='bbox 852 1415 1037 1486; x_wconf 90' lang='lat' dir='ltr'><strong>populi</strong></span> <span class='ocrx_word' id='word_1_98' title='bbox 1081 1413 1325 1483; x_wconf 86' lang='lat' dir='ltr'><strong>subjecti.</strong></span> <span class='ocrx_word' id='word_1_99' title='bbox 1358 1412 1487 1479; x_wconf 88' lang='lat' dir='ltr'><strong>Quae</strong></span> <span class='ocrx_word' id='word_1_100' title='bbox 1512 1411 1755 1482; x_wconf 81' lang='lat' dir='ltr'><strong>profecto</strong></span> <span class='ocrx_word' id='word_1_101' title='bbox 1776 1411 1874 1466; x_wconf 93' lang='lat' dir='ltr'><strong>do-</strong></span> 
     </span>
    </p>
   </div>
   <div class='ocr_carea' id='block_1_15' title="bbox 281 1504 1873 1576">
    <p class='ocr_par' dir='ltr' id='par_1_15' title="bbox 281 1504 1873 1576">
     <span class='ocr_line' id='line_1_15' title="bbox 281 1504 1873 1576; baseline -0.004 -11"><span class='ocrx_word' id='word_1_102' title='bbox 281 1527 404 1566; x_wconf 86' lang='lat' dir='ltr'><strong>mus</strong></span> <span class='ocrx_word' id='word_1_103' title='bbox 426 1512 477 1565; x_wconf 90' lang='lat' dir='ltr'><strong>ei</strong></span> <span class='ocrx_word' id='word_1_104' title='bbox 505 1510 677 1566; x_wconf 89' lang='lat' dir='ltr'><strong>ﬁdelis</strong></span> <span class='ocrx_word' id='word_1_105' title='bbox 700 1524 729 1563; x_wconf 90' lang='lat' dir='ltr'><strong>a</strong></span> <span class='ocrx_word' id='word_1_106' title='bbox 760 1508 989 1562; x_wconf 92' lang='lat' dir='ltr'><strong>Domino</strong></span> <span class='ocrx_word' id='word_1_107' title='bbox 1016 1506 1334 1571; x_wconf 64' lang='lat' dir='ltr'><strong>aediﬁcatur,</strong></span> <span class='ocrx_word' id='word_1_108' title='bbox 1358 1505 1480 1576; x_wconf 90' lang='lat' dir='ltr'><strong>quia</strong></span> <span class='ocrx_word' id='word_1_109' title='bbox 1510 1505 1573 1558; x_wconf 92' lang='lat' dir='ltr'><strong>ad</strong></span> <span class='ocrx_word' id='word_1_110' title='bbox 1613 1504 1873 1559; x_wconf 91' lang='lat' dir='ltr'><strong>obedien-</strong></span> 
     </span>
    </p>
   </div>
   <div class='ocr_carea' id='block_1_16' title="bbox 285 1595 1874 1669">
    <p class='ocr_par' dir='ltr' id='par_1_16' title="bbox 285 1595 1874 1669">
     <span class='ocr_line' id='line_1_16' title="bbox 285 1595 1874 1669; baseline -0.004 -10"><span class='ocrx_word' id='word_1_111' title='bbox 285 1606 372 1660; x_wconf 68' lang='lat' dir='ltr'><strong>tite</strong></span> <span class='ocrx_word' id='word_1_112' title='bbox 439 1603 675 1659; x_wconf 90' lang='lat' dir='ltr'><strong>studium</strong></span> <span class='ocrx_word' id='word_1_113' title='bbox 717 1600 895 1655; x_wconf 87' lang='lat' dir='ltr'><strong>divina</strong></span> <span class='ocrx_word' id='word_1_114' title='bbox 958 1598 1309 1669; x_wconf 89' lang='lat' dir='ltr'><strong>inspiratione</strong></span> <span class='ocrx_word' id='word_1_115' title='bbox 1363 1597 1600 1667; x_wconf 82' lang='lat' dir='ltr'><strong>erigitur.</strong></span> <span class='ocrx_word' id='word_1_116' title='bbox 1640 1595 1874 1653; x_wconf 89' lang='lat' dir='ltr'><strong>Inﬁdelis</strong></span> 
     </span>
    </p>
   </div>
   <div class='ocr_carea' id='block_1_17' title="bbox 282 1686 1874 1764">
    <p class='ocr_par' dir='ltr' id='par_1_17' title="bbox 282 1686 1874 1764">
     <span class='ocr_line' id='line_1_17' title="bbox 282 1686 1874 1764; baseline -0.006 -14"><span class='ocrx_word' id='word_1_117' title='bbox 282 1709 520 1764; x_wconf 89' lang='lat' dir='ltr'><strong>namque</strong></span> <span class='ocrx_word' id='word_1_118' title='bbox 545 1693 739 1749; x_wconf 90' lang='lat' dir='ltr'><strong>domus</strong></span> <span class='ocrx_word' id='word_1_119' title='bbox 762 1698 846 1747; x_wconf 91' lang='lat' dir='ltr'><strong>est</strong></span> <span class='ocrx_word' id='word_1_120' title='bbox 874 1706 936 1745; x_wconf 91' lang='lat' dir='ltr'><strong>ea</strong></span> <span class='ocrx_word' id='word_1_121' title='bbox 958 1690 1290 1745; x_wconf 89' lang='lat' dir='ltr'><strong>subditorum</strong></span> <span class='ocrx_word' id='word_1_122' title='bbox 1335 1690 1567 1743; x_wconf 87' lang='lat' dir='ltr'><strong>societas</strong></span> <span class='ocrx_word' id='word_1_123' title='bbox 1594 1702 1712 1756; x_wconf 89' lang='lat' dir='ltr'><strong>quae</strong></span> <span class='ocrx_word' id='word_1_124' title='bbox 1744 1686 1874 1742; x_wconf 90' lang='lat' dir='ltr'><strong>boni</strong></span> 
     </span>
    </p>
   </div>
   <div class='ocr_carea' id='block_1_18' title="bbox 282 1781 1873 1855">
    <p class='ocr_par' dir='ltr' id='par_1_18' title="bbox 282 1781 1873 1855">
     <span class='ocr_line' id='line_1_18' title="bbox 282 1781 1873 1855; baseline -0.006 -13"><span class='ocrx_word' id='word_1_125' title='bbox 282 1788 512 1844; x_wconf 87' lang='lat' dir='ltr'><strong>rectoris</strong></span> <span class='ocrx_word' id='word_1_126' title='bbox 540 1783 782 1855; x_wconf 90' lang='lat' dir='ltr'><strong>quotidie</strong></span> <span class='ocrx_word' id='word_1_127' title='bbox 812 1782 1247 1854; x_wconf 70' lang='lat' dir='ltr'><strong>praedicationem</strong></span> <span class='ocrx_word' id='word_1_128' title='bbox 1271 1781 1514 1851; x_wconf 89' lang='lat' dir='ltr'><strong>suscipit,</strong></span> <span class='ocrx_word' id='word_1_129' title='bbox 1564 1781 1649 1835; x_wconf 94' lang='lat' dir='ltr'><strong>cui</strong></span> <span class='ocrx_word' id='word_1_130' title='bbox 1692 1789 1873 1834; x_wconf 88' lang='lat' dir='ltr'><strong>tamen</strong></span> 
     </span>
    </p>
   </div>
   <div class='ocr_carea' id='block_1_19' title="bbox 1973 581 3555 655">
    <p class='ocr_par' dir='ltr' id='par_1_19' title="bbox 1973 581 3555 655">
     <span class='ocr_line' id='line_1_19' title="bbox 1973 581 3555 655; baseline 0.002 -20"><span class='ocrx_word' id='word_1_131' title='bbox 1973 589 2058 637; x_wconf 90' lang='lat' dir='ltr'><strong>tur</strong></span> <span class='ocrx_word' id='word_1_132' title='bbox 2087 584 2266 655; x_wconf 87' lang='lat' dir='ltr'><strong>itaque</strong></span> <span class='ocrx_word' id='word_1_133' title='bbox 2288 600 2386 655; x_wconf 90' lang='lat' dir='ltr'><strong>pro</strong></span> <span class='ocrx_word' id='word_1_134' title='bbox 2415 600 2482 640; x_wconf 91' lang='lat' dir='ltr'><strong>eo</strong></span> <span class='ocrx_word' id='word_1_135' title='bbox 2498 586 2665 651; x_wconf 88' lang='lat' dir='ltr'><strong>venit,</strong></span> <span class='ocrx_word' id='word_1_136' title='bbox 2688 584 2812 655; x_wconf 89' lang='lat' dir='ltr'><strong>quia</strong></span> <span class='ocrx_word' id='word_1_137' title='bbox 2840 586 2933 654; x_wconf 90' lang='lat' dir='ltr'><strong>qui</strong></span> <span class='ocrx_word' id='word_1_138' title='bbox 2959 584 3234 654; x_wconf 91' lang='lat' dir='ltr'><strong>indignum</strong></span> <span class='ocrx_word' id='word_1_139' title='bbox 3255 583 3368 638; x_wconf 92' lang='lat' dir='ltr'><strong>Deo</strong></span> <span class='ocrx_word' id='word_1_140' title='bbox 3387 597 3446 639; x_wconf 90' lang='lat' dir='ltr'><strong>se</strong></span> <span class='ocrx_word' id='word_1_141' title='bbox 3476 581 3555 638; x_wconf 88' lang='lat' dir='ltr'><strong>fe-</strong></span> 
     </span>
    </p>
   </div>
   <div class='ocr_carea' id='block_1_20' title="bbox 1972 674 3559 746">
    <p class='ocr_par' dir='ltr' id='par_1_20' title="bbox 1972 674 3559 746">
     <span class='ocr_line' id='line_1_20' title="bbox 1972 674 3559 746; baseline 0.001 -16"><span class='ocrx_word' id='word_1_142' title='bbox 1972 675 2068 744; x_wconf 91' lang='lat' dir='ltr'><strong>cit,</strong></span> <span class='ocrx_word' id='word_1_143' title='bbox 2088 675 2303 744; x_wconf 90' lang='lat' dir='ltr'><strong>dignum</strong></span> <span class='ocrx_word' id='word_1_144' title='bbox 2352 676 2766 733; x_wconf 84' lang='lat' dir='ltr'><strong>intercessorem</strong></span> <span class='ocrx_word' id='word_1_145' title='bbox 2795 677 2984 746; x_wconf 81' lang='lat' dir='ltr'><strong>exigit,</strong></span> <span class='ocrx_word' id='word_1_146' title='bbox 3016 684 3075 731; x_wconf 91' lang='lat' dir='ltr'><strong>ut</strong></span> <span class='ocrx_word' id='word_1_147' title='bbox 3099 675 3288 731; x_wconf 92' lang='lat' dir='ltr'><strong>alienis</strong></span> <span class='ocrx_word' id='word_1_148' title='bbox 3310 674 3559 745; x_wconf 90' lang='lat' dir='ltr'><strong>precibus</strong></span> 
     </span>
    </p>
   </div>
   <div class='ocr_carea' id='block_1_21' title="bbox 1972 767 3555 840">
    <p class='ocr_par' dir='ltr' id='par_1_21' title="bbox 1972 767 3555 840">
     <span class='ocr_line' id='line_1_21' title="bbox 1972 767 3555 840; baseline -0.002 -18"><span class='ocrx_word' id='word_1_149' title='bbox 1972 767 2236 838; x_wconf 77' lang='lat' dir='ltr'><strong>expietur,</strong></span> <span class='ocrx_word' id='word_1_150' title='bbox 2256 769 2345 839; x_wconf 82' lang='lat' dir='ltr'><strong>qui</strong></span> <span class='ocrx_word' id='word_1_151' title='bbox 2369 770 2596 840; x_wconf 85' lang='lat' dir='ltr'><strong>propriis</strong></span> <span class='ocrx_word' id='word_1_152' title='bbox 2617 770 2863 825; x_wconf 91' lang='lat' dir='ltr'><strong>mundari</strong></span> <span class='ocrx_word' id='word_1_153' title='bbox 2886 784 2993 823; x_wconf 95' lang='lat' dir='ltr'><strong>non</strong></span> <span class='ocrx_word' id='word_1_154' title='bbox 3014 783 3173 839; x_wconf 90' lang='lat' dir='ltr'><strong>posse</strong></span> <span class='ocrx_word' id='word_1_155' title='bbox 3193 767 3555 837; x_wconf 77' lang='lat' dir='ltr'><strong>cognoscitur.</strong></span> 
     </span>
    </p>
   </div>
   <div class='ocr_carea' id='block_1_22' title="bbox 1975 858 3560 930">
    <p class='ocr_par' dir='ltr' id='par_1_22' title="bbox 1975 858 3560 930">
     <span class='ocr_line' id='line_1_22' title="bbox 1975 858 3560 930; baseline -0.003 -15"><span class='ocrx_word' id='word_1_156' title='bbox 1975 859 2126 915; x_wconf 90' lang='lat' dir='ltr'><strong>Unde</strong></span> <span class='ocrx_word' id='word_1_157' title='bbox 2151 870 2205 916; x_wconf 91' lang='lat' dir='ltr'><strong>et</strong></span> <span class='ocrx_word' id='word_1_158' title='bbox 2234 863 2319 930; x_wconf 85' lang='lat' dir='ltr'><strong>pie</strong></span> <span class='ocrx_word' id='word_1_159' title='bbox 2346 861 2574 917; x_wconf 85' lang='lat' dir='ltr'><strong>Jacobus</strong></span> <span class='ocrx_word' id='word_1_160' title='bbox 2602 863 2894 927; x_wconf 90' lang='lat' dir='ltr'><strong>admonet,</strong></span> <span class='ocrx_word' id='word_1_161' title='bbox 2946 861 3129 916; x_wconf 86' lang='lat' dir='ltr'><strong>dicens</strong></span> <span class='ocrx_word' id='word_1_162' title='bbox 3164 878 3175 911; x_wconf 90' lang='lat'><strong>:</strong></span> <span class='ocrx_word' id='word_1_163' title='bbox 3227 858 3560 929; x_wconf 80' lang='lat' dir='ltr'><strong>Canﬁtemini</strong></span> 
     </span>
    </p>
   </div>
   <div class='ocr_carea' id='block_1_23' title="bbox 1974 949 3622 1025">
    <p class='ocr_par' dir='ltr' id='par_1_23' title="bbox 1974 949 3622 1025">
     <span class='ocr_line' id='line_1_23' title="bbox 1974 949 3622 1025; baseline 0 -20"><span class='ocrx_word' id='word_1_164' title='bbox 1974 952 2276 1007; x_wconf 86' lang='lat' dir='ltr'><strong>alterutrum</strong></span> <span class='ocrx_word' id='word_1_165' title='bbox 2299 964 2509 1025; x_wconf 84' lang='lat' dir='ltr'><strong>peccata</strong></span> <span class='ocrx_word' id='word_1_166' title='bbox 2530 963 2716 1019; x_wconf 83' lang='lat' dir='ltr'><strong>vestra,</strong></span> <span class='ocrx_word' id='word_1_167' title='bbox 2739 965 2787 1008; x_wconf 86' lang='lat' dir='ltr'><strong>et</strong></span> <span class='ocrx_word' id='word_1_168' title='bbox 2820 962 2963 1008; x_wconf 86' lang='lat' dir='ltr'><strong>orate</strong></span> <span class='ocrx_word' id='word_1_169' title='bbox 2989 970 3083 1020; x_wconf 87' lang='lat' dir='ltr'><strong>pro</strong></span> <span class='ocrx_word' id='word_1_170' title='bbox 3109 952 3343 1016; x_wconf 83' lang='lat' dir='ltr'><strong>invicem,</strong></span> <span class='ocrx_word' id='word_1_171' title='bbox 3382 960 3437 1003; x_wconf 88' lang='lat' dir='ltr'><strong>ut</strong></span> <span class='ocrx_word' id='word_1_172' title='bbox 3456 949 3561 1005; x_wconf 73' lang='lat' dir='ltr'><strong>sal-</strong></span> <span class='ocrx_word' id='word_1_173' title='bbox 3613 972 3622 985; x_wconf 89' lang='grc'><strong>·</strong></span> 
     </span>
    </p>
   </div>
   <div class='ocr_carea' id='block_1_24' title="bbox 1973 1043 3563 1117">
    <p class='ocr_par' dir='ltr' id='par_1_24' title="bbox 1973 1043 3563 1117">
     <span class='ocr_line' id='line_1_24' title="bbox 1973 1043 3563 1117; baseline -0.002 -18"><span class='ocrx_word' id='word_1_174' title='bbox 1973 1048 2159 1099; x_wconf 83' lang='lat' dir='ltr'><strong>vemini</strong></span> <span class='ocrx_word' id='word_1_175' title='bbox 2191 1046 2327 1117; x_wconf 83' lang='lat' dir='ltr'><strong>(Jac.</strong></span> <span class='ocrx_word' id='word_1_176' title='bbox 2352 1064 2406 1115; x_wconf 90' lang='lat' dir='ltr'><strong>v,</strong></span> <span class='ocrx_word' id='word_1_177' title='bbox 2435 1046 2545 1115; x_wconf 82' lang='grc'><strong>16).</strong></span> <span class='ocrx_word' id='word_1_178' title='bbox 2572 1046 2708 1101; x_wconf 83' lang='lat' dir='ltr'><strong>Hinc</strong></span> <span class='ocrx_word' id='word_1_179' title='bbox 2738 1047 2929 1101; x_wconf 90' lang='lat' dir='ltr'><strong>iterum</strong></span> <span class='ocrx_word' id='word_1_180' title='bbox 2964 1064 2976 1097; x_wconf 92' lang='lat'><strong>:</strong></span> <span class='ocrx_word' id='word_1_181' title='bbox 3010 1043 3232 1099; x_wconf 81' lang='lat' dir='ltr'><strong>Multum</strong></span> <span class='ocrx_word' id='word_1_182' title='bbox 3284 1044 3416 1097; x_wconf 82' lang='lat' dir='ltr'><strong>valet</strong></span> <span class='ocrx_word' id='word_1_183' title='bbox 3442 1058 3563 1096; x_wconf 82' lang='lat' dir='ltr'><strong>ora-</strong></span> 
     </span>
    </p>
   </div>
   <div class='ocr_carea' id='block_1_25' title="bbox 1977 1132 3558 1208">
    <p class='ocr_par' dir='ltr' id='par_1_25' title="bbox 1977 1132 3558 1208">
     <span class='ocr_line' id='line_1_25' title="bbox 1977 1132 3558 1208; baseline -0.001 -18"><span class='ocrx_word' id='word_1_184' title='bbox 1977 1138 2045 1192; x_wconf 88' lang='lat' dir='ltr'><strong>tio</strong></span> <span class='ocrx_word' id='word_1_185' title='bbox 2055 1137 2184 1206; x_wconf 85' lang='lat' dir='ltr'><strong>justi</strong></span> <span class='ocrx_word' id='word_1_186' title='bbox 2214 1138 2445 1191; x_wconf 82' lang='lat' dir='ltr'><strong>assidua.</strong></span> <span class='ocrx_word' id='word_1_187' title='bbox 2469 1136 2575 1192; x_wconf 90' lang='lat' dir='ltr'><strong>Sed</strong></span> <span class='ocrx_word' id='word_1_188' title='bbox 2605 1154 2703 1208; x_wconf 93' lang='lat' dir='ltr'><strong>pro</strong></span> <span class='ocrx_word' id='word_1_189' title='bbox 2720 1153 2785 1191; x_wconf 91' lang='lat' dir='ltr'><strong>eo</strong></span> <span class='ocrx_word' id='word_1_190' title='bbox 2809 1137 2984 1192; x_wconf 89' lang='lat' dir='ltr'><strong>oratio</strong></span> <span class='ocrx_word' id='word_1_191' title='bbox 3008 1135 3169 1200; x_wconf 90' lang='lat' dir='ltr'><strong>valet,</strong></span> <span class='ocrx_word' id='word_1_192' title='bbox 3202 1134 3294 1204; x_wconf 93' lang='lat' dir='ltr'><strong>qui</strong></span> <span class='ocrx_word' id='word_1_193' title='bbox 3343 1132 3466 1187; x_wconf 88' lang='lat' dir='ltr'><strong>dum</strong></span> <span class='ocrx_word' id='word_1_194' title='bbox 3497 1147 3558 1188; x_wconf 88' lang='lat' dir='ltr'><strong>se</strong></span> 
     </span>
    </p>
   </div>
   <div class='ocr_carea' id='block_1_26' title="bbox 1975 1221 3561 1299">
    <p class='ocr_par' dir='ltr' id='par_1_26' title="bbox 1975 1221 3561 1299">
     <span class='ocr_line' id='line_1_26' title="bbox 1975 1221 3561 1299; baseline -0.004 -16"><span class='ocrx_word' id='word_1_195' title='bbox 1975 1244 2006 1283; x_wconf 90' lang='lat' dir='ltr'><strong>a</strong></span> <span class='ocrx_word' id='word_1_196' title='bbox 2038 1230 2241 1299; x_wconf 89' lang='lat' dir='ltr'><strong>peccati</strong></span> <span class='ocrx_word' id='word_1_197' title='bbox 2263 1229 2596 1284; x_wconf 91' lang='lat' dir='ltr'><strong>immunditia</strong></span> <span class='ocrx_word' id='word_1_198' title='bbox 2625 1229 2863 1294; x_wconf 90' lang='lat' dir='ltr'><strong>cohibet,</strong></span> <span class='ocrx_word' id='word_1_199' title='bbox 2894 1227 2961 1282; x_wconf 91' lang='lat' dir='ltr'><strong>ad</strong></span> <span class='ocrx_word' id='word_1_200' title='bbox 3013 1226 3107 1281; x_wconf 90' lang='lat' dir='ltr'><strong>Dei</strong></span> <span class='ocrx_word' id='word_1_201' title='bbox 3150 1240 3209 1280; x_wconf 90' lang='lat' dir='ltr'><strong>se</strong></span> <span class='ocrx_word' id='word_1_202' title='bbox 3249 1221 3561 1281; x_wconf 86' lang='lat' dir='ltr'><strong>similitudi-</strong></span> 
     </span>
    </p>
   </div>
   <div class='ocr_carea' id='block_1_27' title="bbox 1976 1314 3565 1393">
    <p class='ocr_par' dir='ltr' id='par_1_27' title="bbox 1976 1314 3565 1393">
     <span class='ocr_line' id='line_1_27' title="bbox 1976 1314 3565 1393; baseline -0.004 -17"><span class='ocrx_word' id='word_1_203' title='bbox 1976 1337 2100 1376; x_wconf 89' lang='lat' dir='ltr'><strong>nem</strong></span> <span class='ocrx_word' id='word_1_204' title='bbox 2139 1321 2353 1393; x_wconf 78' lang='lat' dir='ltr'><strong>redigit,</strong></span> <span class='ocrx_word' id='word_1_205' title='bbox 2385 1336 2490 1391; x_wconf 90' lang='lat' dir='ltr'><strong>qua</strong></span> <span class='ocrx_word' id='word_1_206' title='bbox 2520 1337 2579 1378; x_wconf 91' lang='lat' dir='ltr'><strong>se</strong></span> <span class='ocrx_word' id='word_1_207' title='bbox 2609 1320 2880 1391; x_wconf 88' lang='lat' dir='ltr'><strong>peccando</strong></span> <span class='ocrx_word' id='word_1_208' title='bbox 2911 1318 3181 1390; x_wconf 86' lang='lat' dir='ltr'><strong>spoliavit.</strong></span> <span class='ocrx_word' id='word_1_209' title='bbox 3216 1315 3367 1372; x_wconf 88' lang='lat' dir='ltr'><strong>Unde</strong></span> <span class='ocrx_word' id='word_1_210' title='bbox 3395 1323 3451 1371; x_wconf 90' lang='lat' dir='ltr'><strong>et</strong></span> <span class='ocrx_word' id='word_1_211' title='bbox 3475 1314 3565 1370; x_wconf 84' lang='lat' dir='ltr'><strong>hic</strong></span> 
     </span>
    </p>
   </div>
   <div class='ocr_carea' id='block_1_28' title="bbox 1979 1415 2501 1487">
    <p class='ocr_par' dir='ltr' id='par_1_28' title="bbox 1979 1415 2501 1487">
     <span class='ocr_line' id='line_1_28' title="bbox 1979 1415 2501 1487; baseline -0.008 -15"><span class='ocrx_word' id='word_1_212' title='bbox 1979 1431 2195 1487; x_wconf 90' lang='lat' dir='ltr'><strong>quoque</strong></span> <span class='ocrx_word' id='word_1_213' title='bbox 2217 1415 2462 1472; x_wconf 86' lang='lat' dir='ltr'><strong>subditur</strong></span> <span class='ocrx_word' id='word_1_214' title='bbox 2487 1433 2501 1468; x_wconf 88' lang='lat'><strong>:</strong></span> 
     </span>
    </p>
   </div>
   <div class='ocr_carea' id='block_1_29' title="bbox 2050 1527 3301 1603">
    <p class='ocr_par' dir='ltr' id='par_1_29' title="bbox 2050 1527 3301 1603">
     <span class='ocr_line' id='line_1_29' title="bbox 2050 1527 3301 1603; baseline -0.006 -17"><span class='ocrx_word' id='word_1_215' title='bbox 2050 1531 2225 1603; x_wconf 89' lang='lat' dir='ltr'><strong>(Vers.</strong></span> <span class='ocrx_word' id='word_1_216' title='bbox 2251 1528 2365 1599; x_wconf 75' lang='grc'><strong>56.)</strong></span> <span class='ocrx_word' id='word_1_217' title='bbox 2401 1528 2469 1583; x_wconf 84' lang='lat' dir='ltr'><strong>Ut</strong></span> <span class='ocrx_word' id='word_1_218' title='bbox 2491 1527 2679 1597; x_wconf 76' lang='lat' dir='ltr'><strong>oﬂ‘erat</strong></span> <span class='ocrx_word' id='word_1_219' title='bbox 2699 1542 2961 1581; x_wconf 86' lang='lat' dir='ltr'><strong>nummum</strong></span> <span class='ocrx_word' id='word_1_220' title='bbox 2981 1534 3301 1597; x_wconf 82' lang='lat' dir='ltr'><strong>argenteum.</strong></span> 
     </span>
    </p>
   </div>
   <div class='ocr_carea' id='block_1_30' title="bbox 2051 1613 3568 1689">
    <p class='ocr_par' dir='ltr' id='par_1_30' title="bbox 2051 1613 3568 1689">
     <span class='ocr_line' id='line_1_30' title="bbox 2051 1613 3568 1689; baseline -0.007 -13"><span class='ocrx_word' id='word_1_221' title='bbox 2051 1622 2139 1677; x_wconf 77' lang='lat'><strong>23.</strong></span> <span class='ocrx_word' id='word_1_222' title='bbox 2167 1622 2224 1676; x_wconf 93' lang='lat' dir='ltr'><strong>ln</strong></span> <span class='ocrx_word' id='word_1_223' title='bbox 2248 1636 2468 1677; x_wconf 91' lang='lat' dir='ltr'><strong>nummo</strong></span> <span class='ocrx_word' id='word_1_224' title='bbox 2512 1619 2674 1688; x_wconf 79' lang='lat' dir='ltr'><strong>igitur</strong></span> <span class='ocrx_word' id='word_1_225' title='bbox 2717 1619 2897 1689; x_wconf 90' lang='lat' dir='ltr'><strong>imago</strong></span> <span class='ocrx_word' id='word_1_226' title='bbox 2938 1616 3150 1672; x_wconf 89' lang='lat' dir='ltr'><strong>Domini</strong></span> <span class='ocrx_word' id='word_1_227' title='bbox 3197 1613 3477 1684; x_wconf 90' lang='lat' dir='ltr'><strong>sculpitur,</strong></span> <span class='ocrx_word' id='word_1_228' title='bbox 3507 1620 3568 1667; x_wconf 89' lang='lat' dir='ltr'><strong>ut</strong></span> 
     </span>
    </p>
   </div>
   <div class='ocr_carea' id='block_1_31' title="bbox 1979 1706 3564 1783">
    <p class='ocr_par' dir='ltr' id='par_1_31' title="bbox 1979 1706 3564 1783">
     <span class='ocr_line' id='line_1_31' title="bbox 1979 1706 3564 1783; baseline -0.007 -13"><span class='ocrx_word' id='word_1_229' title='bbox 1979 1715 2098 1783; x_wconf 86' lang='lat' dir='ltr'><strong>ejus</strong></span> <span class='ocrx_word' id='word_1_230' title='bbox 2152 1729 2272 1769; x_wconf 90' lang='lat' dir='ltr'><strong>esse</strong></span> <span class='ocrx_word' id='word_1_231' title='bbox 2325 1720 2685 1782; x_wconf 77' lang='lat' dir='ltr'><strong>cognoscatur</strong></span> <span class='ocrx_word' id='word_1_232' title='bbox 2732 1728 2762 1767; x_wconf 93' lang='lat' dir='ltr'><strong>a</strong></span> <span class='ocrx_word' id='word_1_233' title='bbox 2801 1727 2911 1781; x_wconf 94' lang='lat' dir='ltr'><strong>quo</strong></span> <span class='ocrx_word' id='word_1_234' title='bbox 2963 1709 3185 1766; x_wconf 90' lang='lat' dir='ltr'><strong>formari</strong></span> <span class='ocrx_word' id='word_1_235' title='bbox 3240 1706 3564 1778; x_wconf 68' lang='lat' dir='ltr'><strong>praecipitur.</strong></span> 
     </span>
    </p>
   </div>
   <div class='ocr_carea' id='block_1_32' title="bbox 1981 1797 3569 1875">
    <p class='ocr_par' dir='ltr' id='par_1_32' title="bbox 1981 1797 3569 1875">
     <span class='ocr_line' id='line_1_32' title="bbox 1981 1797 3569 1875; baseline -0.007 -12"><span class='ocrx_word' id='word_1_236' title='bbox 1981 1808 2241 1864; x_wconf 83' lang='lat' dir='ltr'><strong>Nummus</strong></span> <span class='ocrx_word' id='word_1_237' title='bbox 2262 1807 2442 1875; x_wconf 87' lang='lat' dir='ltr'><strong>itaque</strong></span> <span class='ocrx_word' id='word_1_238' title='bbox 2475 1805 2570 1859; x_wconf 90' lang='lat' dir='ltr'><strong>Dei</strong></span> <span class='ocrx_word' id='word_1_239' title='bbox 2599 1804 2895 1859; x_wconf 88' lang='lat' dir='ltr'><strong>similitudo</strong></span> <span class='ocrx_word' id='word_1_240' title='bbox 2923 1802 3041 1872; x_wconf 90' lang='lat' dir='ltr'><strong>ejus</strong></span> <span class='ocrx_word' id='word_1_241' title='bbox 3092 1801 3371 1871; x_wconf 88' lang='lat' dir='ltr'><strong>accipitur.</strong></span> <span class='ocrx_word' id='word_1_242' title='bbox 3419 1797 3569 1852; x_wconf 86' lang='lat' dir='ltr'><strong>Unde</strong></span> 
     </span>
    </p>
   </div>
   <div class='ocr_carea' id='block_1_33' title="bbox 284 1871 3569 1967">
    <p class='ocr_par' dir='ltr' id='par_1_33' title="bbox 284 1871 3569 1967">
     <span class='ocr_line' id='line_1_33' title="bbox 284 1871 3569 1967; baseline -0.008 -1"><span class='ocrx_word' id='word_1_243' title='bbox 284 1878 509 1933; x_wconf 61' lang='lat' dir='ltr'><strong>Obedire</strong></span> <span class='ocrx_word' id='word_1_244' title='bbox 532 1893 631 1947; x_wconf 65' lang='lat' dir='ltr'><strong>per</strong></span> <span class='ocrx_word' id='word_1_245' title='bbox 655 1875 890 1931; x_wconf 50' lang='lat' dir='ltr'><strong>studium</strong></span> <span class='ocrx_word' id='word_1_246' title='bbox 918 1875 1043 1930; x_wconf 61' lang='lat' dir='ltr'><strong>boni</strong></span> <span class='ocrx_word' id='word_1_247' title='bbox 1096 1874 1275 1943; x_wconf 63' lang='lat' dir='ltr'><strong>operis</strong></span> <span class='ocrx_word' id='word_1_248' title='bbox 1318 1888 1424 1928; x_wconf 74' lang='lat' dir='ltr'><strong>non</strong></span> <span class='ocrx_word' id='word_1_249' title='bbox 1456 1872 1723 1967; x_wconf 26' lang='lat' dir='ltr'><strong>ii&#39;tendii&#39;,</strong></span> <span class='ocrx_word' id='word_1_250' title='bbox 1752 1871 1877 1927; x_wconf 50' lang='grc' dir='ltr'><strong>θ’θ’</strong></span> <span class='ocrx_word' id='word_1_251' title='bbox 1911 1877 1958 1937; x_wconf 82' lang='grc' dir='ltr'><strong>Β</strong></span> <span class='ocrx_word' id='word_1_252' title='bbox 1986 1902 2038 1956; x_wconf 90' lang='lat' dir='ltr'><strong>in</strong></span> <span class='ocrx_word' id='word_1_253' title='bbox 2076 1900 2272 1956; x_wconf 87' lang='lat' dir='ltr'><strong>Genesi</strong></span> <span class='ocrx_word' id='word_1_254' title='bbox 2318 1871 2574 1967; x_wconf 79' lang='lat' dir='ltr'><strong>loquitur,</strong></span> <span class='ocrx_word' id='word_1_255' title='bbox 2626 1896 2812 1951; x_wconf 91' lang='lat' dir='ltr'><strong>dicens</strong></span> <span class='ocrx_word' id='word_1_256' title='bbox 2842 1914 2853 1947; x_wconf 93' lang='lat'>:</span> <span class='ocrx_word' id='word_1_257' title='bbox 2886 1871 3167 1948; x_wconf 80' lang='lat' dir='ltr'><strong>Faciamus</strong></span> <span class='ocrx_word' id='word_1_258' title='bbox 3204 1892 3459 1946; x_wconf 75' lang='lat' dir='ltr'><strong>hominem</strong></span> <span class='ocrx_word' id='word_1_259' title='bbox 3500 1887 3569 1941; x_wconf 82' lang='lat' dir='ltr'><strong>ad</strong></span> 
     </span>
    </p>
   </div>
   <div class='ocr_carea' id='block_1_34' title="bbox 283 1966 1875 2037">
    <p class='ocr_par' dir='ltr' id='par_1_34' title="bbox 283 1966 1875 2037">
     <span class='ocr_line' id='line_1_34' title="bbox 283 1966 1875 2037; baseline -0.004 -11"><span class='ocrx_word' id='word_1_260' title='bbox 283 1971 423 2026; x_wconf 89' lang='lat' dir='ltr'><strong>delis</strong></span> <span class='ocrx_word' id='word_1_261' title='bbox 454 1972 595 2025; x_wconf 92' lang='lat' dir='ltr'><strong>enim</strong></span> <span class='ocrx_word' id='word_1_262' title='bbox 619 1968 809 2023; x_wconf 90' lang='lat' dir='ltr'><strong>domus</strong></span> <span class='ocrx_word' id='word_1_263' title='bbox 839 1983 959 2023; x_wconf 91' lang='lat' dir='ltr'><strong>esse</strong></span> <span class='ocrx_word' id='word_1_264' title='bbox 1006 1967 1375 2035; x_wconf 87' lang='lat' dir='ltr'><strong>cognoscitur,</strong></span> <span class='ocrx_word' id='word_1_265' title='bbox 1402 1966 1528 2037; x_wconf 90' lang='lat' dir='ltr'><strong>quia</strong></span> <span class='ocrx_word' id='word_1_266' title='bbox 1579 1966 1727 2020; x_wconf 82' lang='lat' dir='ltr'><strong>verbi</strong></span> <span class='ocrx_word' id='word_1_267' title='bbox 1780 1966 1875 2020; x_wconf 90' lang='lat' dir='ltr'><strong>Dei</strong></span> 
     </span>
    </p>
   </div>
   <div class='ocr_carea' id='block_1_35' title="bbox 281 2056 1880 2139">
    <p class='ocr_par' dir='ltr' id='par_1_35' title="bbox 281 2056 1880 2139">
     <span class='ocr_line' id='line_1_35' title="bbox 281 2056 1880 2139; baseline -0.004 -23"><span class='ocrx_word' id='word_1_268' title='bbox 281 2061 517 2132; x_wconf 88' lang='lat' dir='ltr'><strong>pecunia</strong></span> <span class='ocrx_word' id='word_1_269' title='bbox 537 2075 667 2139; x_wconf 68' lang='lat' dir='ltr'><strong>qua:</strong></span> <span class='ocrx_word' id='word_1_270' title='bbox 694 2060 742 2114; x_wconf 92' lang='lat' dir='ltr'><strong>ei</strong></span> <span class='ocrx_word' id='word_1_271' title='bbox 775 2059 1141 2129; x_wconf 69' lang='lat' dir='ltr'><strong>priedicatoris</strong></span> <span class='ocrx_word' id='word_1_272' title='bbox 1186 2058 1268 2112; x_wconf 89' lang='lat' dir='ltr'><strong>sui</strong></span> <span class='ocrx_word' id='word_1_273' title='bbox 1318 2057 1619 2112; x_wconf 85' lang='lat' dir='ltr'><strong>ministerio</strong></span> <span class='ocrx_word' id='word_1_274' title='bbox 1648 2056 1880 2112; x_wconf 81' lang='lat' dir='ltr'><strong>creditur</strong></span> 
     </span>
    </p>
   </div>
   <div class='ocr_carea' id='block_1_36' title="bbox 281 2150 1883 2225">
    <p class='ocr_par' dir='ltr' id='par_1_36' title="bbox 281 2150 1883 2225">
     <span class='ocr_line' id='line_1_36' title="bbox 281 2150 1883 2225; baseline -0.004 -17"><span class='ocrx_word' id='word_1_275' title='bbox 281 2168 386 2225; x_wconf 88' lang='lat' dir='ltr'><strong>per</strong></span> <span class='ocrx_word' id='word_1_276' title='bbox 427 2152 801 2222; x_wconf 85' lang='lat' dir='ltr'><strong>negligentiam</strong></span> <span class='ocrx_word' id='word_1_277' title='bbox 854 2150 1092 2222; x_wconf 67' lang='lat' dir='ltr'><strong>prodiga:</strong></span> <span class='ocrx_word' id='word_1_278' title='bbox 1144 2150 1265 2205; x_wconf 72' lang='lat' dir='ltr'><strong>vitae</strong></span> <span class='ocrx_word' id='word_1_279' title='bbox 1306 2150 1619 2220; x_wconf 89' lang='lat' dir='ltr'><strong>dissipatur,</strong></span> <span class='ocrx_word' id='word_1_280' title='bbox 1667 2150 1775 2220; x_wconf 79' lang='grc'>92</span> <span class='ocrx_word' id='word_1_281' title='bbox 1828 2159 1883 2203; x_wconf 92' lang='lat' dir='ltr'><strong>et</strong></span> 
     </span>
    </p>
   </div>
   <div class='ocr_carea' id='block_1_37' title="bbox 281 2241 1877 2314">
    <p class='ocr_par' dir='ltr' id='par_1_37' title="bbox 281 2241 1877 2314">
     <span class='ocr_line' id='line_1_37' title="bbox 281 2241 1877 2314; baseline -0.004 -15"><span class='ocrx_word' id='word_1_282' title='bbox 281 2244 435 2314; x_wconf 86' lang='lat' dir='ltr'><strong>quod</strong></span> <span class='ocrx_word' id='word_1_283' title='bbox 465 2243 566 2299; x_wconf 92' lang='lat' dir='ltr'><strong>sibi</strong></span> <span class='ocrx_word' id='word_1_284' title='bbox 595 2243 659 2297; x_wconf 90' lang='lat' dir='ltr'><strong>ad</strong></span> <span class='ocrx_word' id='word_1_285' title='bbox 688 2243 886 2311; x_wconf 90' lang='lat' dir='ltr'><strong>negotii</strong></span> <span class='ocrx_word' id='word_1_286' title='bbox 917 2243 1123 2297; x_wconf 92' lang='lat' dir='ltr'><strong>lucrum</strong></span> <span class='ocrx_word' id='word_1_287' title='bbox 1155 2241 1513 2296; x_wconf 90' lang='lat' dir='ltr'><strong>committitur</strong></span> <span class='ocrx_word' id='word_1_288' title='bbox 1540 2255 1877 2310; x_wconf 89' lang='lat' dir='ltr'><strong>nequaquam</strong></span> 
     </span>
    </p>
   </div>
   <div class='ocr_carea' id='block_1_38' title="bbox 283 2332 1883 2405">
    <p class='ocr_par' dir='ltr' id='par_1_38' title="bbox 283 2332 1883 2405">
     <span class='ocr_line' id='line_1_38' title="bbox 283 2332 1883 2405; baseline -0.003 -14"><span class='ocrx_word' id='word_1_289' title='bbox 283 2337 338 2393; x_wconf 94' lang='lat' dir='ltr'><strong>in</strong></span> <span class='ocrx_word' id='word_1_290' title='bbox 369 2344 618 2405; x_wconf 86' lang='lat' dir='ltr'><strong>tempore</strong></span> <span class='ocrx_word' id='word_1_291' title='bbox 644 2333 933 2390; x_wconf 84' lang='lat' dir='ltr'><strong>reddendae</strong></span> <span class='ocrx_word' id='word_1_292' title='bbox 962 2333 1189 2389; x_wconf 89' lang='lat' dir='ltr'><strong>rationis</strong></span> <span class='ocrx_word' id='word_1_293' title='bbox 1215 2333 1503 2388; x_wconf 87' lang='lat' dir='ltr'><strong>invenitur.</strong></span> <span class='ocrx_word' id='word_1_294' title='bbox 1526 2332 1678 2388; x_wconf 83' lang='lat' dir='ltr'><strong>Bono</strong></span> <span class='ocrx_word' id='word_1_295' title='bbox 1700 2333 1883 2401; x_wconf 89' lang='lat' dir='ltr'><strong>itaque</strong></span> 
     </span>
    </p>
   </div>
   <div class='ocr_carea' id='block_1_39' title="bbox 284 2424 1872 2501">
    <p class='ocr_par' dir='ltr' id='par_1_39' title="bbox 284 2424 1872 2501">
     <span class='ocr_line' id='line_1_39' title="bbox 284 2424 1872 2501; baseline -0.005 -16"><span class='ocrx_word' id='word_1_296' title='bbox 284 2428 629 2501; x_wconf 56' lang='lat' dir='ltr'><strong>praedicatori</strong></span> <span class='ocrx_word' id='word_1_297' title='bbox 658 2427 828 2481; x_wconf 88' lang='lat' dir='ltr'><strong>lidelis</strong></span> <span class='ocrx_word' id='word_1_298' title='bbox 856 2442 886 2481; x_wconf 93' lang='lat' dir='ltr'><strong>a</strong></span> <span class='ocrx_word' id='word_1_299' title='bbox 911 2425 1140 2481; x_wconf 90' lang='lat' dir='ltr'><strong>Domino</strong></span> <span class='ocrx_word' id='word_1_300' title='bbox 1162 2426 1352 2480; x_wconf 92' lang='lat' dir='ltr'><strong>domus</strong></span> <span class='ocrx_word' id='word_1_301' title='bbox 1394 2424 1721 2480; x_wconf 89' lang='lat' dir='ltr'><strong>construitur</strong></span> <span class='ocrx_word' id='word_1_302' title='bbox 1750 2439 1872 2479; x_wconf 92' lang='lat' dir='ltr'><strong>cum</strong></span> 
     </span>
    </p>
   </div>
   <div class='ocr_carea' id='block_1_40' title="bbox 289 2516 1885 2588">
    <p class='ocr_par' dir='ltr' id='par_1_40' title="bbox 289 2516 1885 2588">
     <span class='ocr_line' id='line_1_40' title="bbox 289 2516 1885 2588; baseline -0.004 -11"><span class='ocrx_word' id='word_1_303' title='bbox 289 2524 359 2577; x_wconf 91' lang='lat' dir='ltr'><strong>ad</strong></span> <span class='ocrx_word' id='word_1_304' title='bbox 390 2521 758 2577; x_wconf 89' lang='lat' dir='ltr'><strong>obediendum</strong></span> <span class='ocrx_word' id='word_1_305' title='bbox 789 2520 906 2575; x_wconf 88' lang='lat' dir='ltr'><strong>voci</strong></span> <span class='ocrx_word' id='word_1_306' title='bbox 958 2518 1072 2588; x_wconf 90' lang='lat' dir='ltr'><strong>ejus</strong></span> <span class='ocrx_word' id='word_1_307' title='bbox 1122 2518 1377 2587; x_wconf 63' lang='lat' dir='ltr'><strong>subjectae</strong></span> <span class='ocrx_word' id='word_1_308' title='bbox 1430 2516 1603 2587; x_wconf 88' lang='lat' dir='ltr'><strong>plebis</strong></span> <span class='ocrx_word' id='word_1_309' title='bbox 1628 2516 1885 2570; x_wconf 88' lang='lat' dir='ltr'><strong>divinitus</strong></span> 
     </span>
    </p>
   </div>
   <div class='ocr_carea' id='block_1_41' title="bbox 285 2608 1887 2701">
    <p class='ocr_par' dir='ltr' id='par_1_41' title="bbox 285 2608 1887 2701">
     <span class='ocr_line' id='line_1_41' title="bbox 285 2608 1887 2701; baseline -0.006 -30"><span class='ocrx_word' id='word_1_310' title='bbox 285 2614 455 2671; x_wconf 89' lang='lat' dir='ltr'><strong>corda</strong></span> <span class='ocrx_word' id='word_1_311' title='bbox 493 2620 878 2701; x_wconf 62' lang='lat' dir='ltr'><strong>praeparantur,</strong></span> <span class='ocrx_word' id='word_1_312' title='bbox 908 2620 966 2666; x_wconf 91' lang='lat' dir='ltr'><strong>ut</strong></span> <span class='ocrx_word' id='word_1_313' title='bbox 993 2626 1101 2666; x_wconf 92' lang='lat' dir='ltr'><strong>non</strong></span> <span class='ocrx_word' id='word_1_314' title='bbox 1131 2610 1305 2665; x_wconf 90' lang='lat' dir='ltr'><strong>solum</strong></span> <span class='ocrx_word' id='word_1_315' title='bbox 1336 2608 1390 2663; x_wconf 91' lang='lat' dir='ltr'><strong>id</strong></span> <span class='ocrx_word' id='word_1_316' title='bbox 1415 2609 1561 2679; x_wconf 90' lang='lat' dir='ltr'><strong>quod</strong></span> <span class='ocrx_word' id='word_1_317' title='bbox 1600 2609 1655 2663; x_wconf 88' lang='lat' dir='ltr'><strong>in</strong></span> <span class='ocrx_word' id='word_1_318' title='bbox 1686 2623 1749 2662; x_wconf 91' lang='lat' dir='ltr'><strong>ea</strong></span> <span class='ocrx_word' id='word_1_319' title='bbox 1798 2622 1887 2677; x_wconf 84' lang='lat' dir='ltr'><strong>re-</strong></span> 
     </span>
    </p>
   </div>
   <div class='ocr_carea' id='block_1_42' title="bbox 289 2694 1886 2761">
    <p class='ocr_par' dir='ltr' id='par_1_42' title="bbox 289 2694 1886 2761">
     <span class='ocr_line' id='line_1_42' title="bbox 289 2694 1886 2761; baseline -0.004 -6"><span class='ocrx_word' id='word_1_320' title='bbox 289 2702 541 2756; x_wconf 89' lang='lat' dir='ltr'><strong>conditur</strong></span> <span class='ocrx_word' id='word_1_321' title='bbox 567 2700 634 2755; x_wconf 89' lang='lat' dir='ltr'><strong>de</strong></span> <span class='ocrx_word' id='word_1_322' title='bbox 662 2694 814 2755; x_wconf 70' lang='lat' dir='ltr'><strong>verbi</strong></span> <span class='ocrx_word' id='word_1_323' title='bbox 844 2698 1046 2753; x_wconf 91' lang='lat' dir='ltr'><strong>talento</strong></span> <span class='ocrx_word' id='word_1_324' title='bbox 1076 2698 1365 2761; x_wconf 85' lang='lat' dir='ltr'><strong>custodiat,</strong></span> <span class='ocrx_word' id='word_1_325' title='bbox 1398 2695 1493 2750; x_wconf 90' lang='lat' dir='ltr'><strong>sed</strong></span> <span class='ocrx_word' id='word_1_326' title='bbox 1523 2695 1674 2751; x_wconf 91' lang='lat' dir='ltr'><strong>lucro</strong></span> <span class='ocrx_word' id='word_1_327' title='bbox 1699 2694 1886 2749; x_wconf 89' lang='lat' dir='ltr'><strong>multi-</strong></span> 
     </span>
    </p>
   </div>
   <div class='ocr_carea' id='block_1_43' title="bbox 290 2787 1889 2873">
    <p class='ocr_par' dir='ltr' id='par_1_43' title="bbox 290 2787 1889 2873">
     <span class='ocr_line' id='line_1_43' title="bbox 290 2787 1889 2873; baseline -0.003 -26"><span class='ocrx_word' id='word_1_328' title='bbox 290 2794 422 2865; x_wconf 89' lang='lat' dir='ltr'><strong>plici</strong></span> <span class='ocrx_word' id='word_1_329' title='bbox 451 2793 782 2873; x_wconf 77' lang='lat' dir='ltr'><strong>cumulatum</strong></span> <span class='ocrx_word' id='word_1_330' title='bbox 809 2792 875 2845; x_wconf 92' lang='lat' dir='ltr'><strong>ad</strong></span> <span class='ocrx_word' id='word_1_331' title='bbox 904 2806 1145 2845; x_wconf 87' lang='lat' dir='ltr'><strong>mensam</strong></span> <span class='ocrx_word' id='word_1_332' title='bbox 1168 2797 1385 2845; x_wconf 67' lang='lat' dir='ltr'><strong>interna:</strong></span> <span class='ocrx_word' id='word_1_333' title='bbox 1410 2788 1768 2859; x_wconf 89' lang='lat' dir='ltr'><strong>susceptionis</strong></span> <span class='ocrx_word' id='word_1_334' title='bbox 1796 2787 1889 2842; x_wconf 84' lang='lat' dir='ltr'><strong>du-</strong></span> 
     </span>
    </p>
   </div>
   <div class='ocr_carea' id='block_1_44' title="bbox 291 2878 1885 2952">
    <p class='ocr_par' dir='ltr' id='par_1_44' title="bbox 291 2878 1885 2952">
     <span class='ocr_line' id='line_1_44' title="bbox 291 2878 1885 2952; baseline -0.004 -13"><span class='ocrx_word' id='word_1_335' title='bbox 291 2893 400 2939; x_wconf 89' lang='lat' dir='ltr'><strong>cat.</strong></span> <span class='ocrx_word' id='word_1_336' title='bbox 432 2882 499 2937; x_wconf 89' lang='lat' dir='ltr'><strong>Et</strong></span> <span class='ocrx_word' id='word_1_337' title='bbox 523 2882 816 2938; x_wconf 92' lang='lat' dir='ltr'><strong>notandum</strong></span> <span class='ocrx_word' id='word_1_338' title='bbox 843 2881 967 2952; x_wconf 89' lang='lat' dir='ltr'><strong>quia</strong></span> <span class='ocrx_word' id='word_1_339' title='bbox 1004 2880 1176 2935; x_wconf 77' lang='lat' dir='ltr'><strong>ﬁdelis</strong></span> <span class='ocrx_word' id='word_1_340' title='bbox 1210 2880 1403 2936; x_wconf 89' lang='lat' dir='ltr'><strong>domus</strong></span> <span class='ocrx_word' id='word_1_341' title='bbox 1428 2896 1457 2934; x_wconf 91' lang='lat' dir='ltr'><strong>a</strong></span> <span class='ocrx_word' id='word_1_342' title='bbox 1487 2879 1718 2935; x_wconf 91' lang='lat' dir='ltr'><strong>Domino</strong></span> <span class='ocrx_word' id='word_1_343' title='bbox 1744 2878 1885 2933; x_wconf 64' lang='lat' dir='ltr'><strong>aedi-</strong></span> 
     </span>
    </p>
   </div>
   <div class='ocr_carea' id='block_1_45' title="bbox 294 2970 1890 3042">
    <p class='ocr_par' dir='ltr' id='par_1_45' title="bbox 294 2970 1890 3042">
     <span class='ocr_line' id='line_1_45' title="bbox 294 2970 1890 3042; baseline -0.001 -14"><span class='ocrx_word' id='word_1_344' title='bbox 294 2976 446 3030; x_wconf 89' lang='lat' dir='ltr'><strong>ﬁcari</strong></span> <span class='ocrx_word' id='word_1_345' title='bbox 475 2976 691 3042; x_wconf 89' lang='lat' dir='ltr'><strong>dicitur,</strong></span> <span class='ocrx_word' id='word_1_346' title='bbox 716 2984 776 3029; x_wconf 93' lang='lat' dir='ltr'><strong>ut</strong></span> <span class='ocrx_word' id='word_1_347' title='bbox 805 2974 873 3029; x_wconf 89' lang='lat' dir='ltr'><strong>de</strong></span> <span class='ocrx_word' id='word_1_348' title='bbox 904 2973 1045 3028; x_wconf 88' lang='lat' dir='ltr'><strong>bona</strong></span> <span class='ocrx_word' id='word_1_349' title='bbox 1066 2973 1477 3028; x_wconf 89' lang='lat' dir='ltr'><strong>conversatione</strong></span> <span class='ocrx_word' id='word_1_350' title='bbox 1522 2970 1747 3040; x_wconf 92' lang='lat' dir='ltr'><strong>subjecti</strong></span> <span class='ocrx_word' id='word_1_351' title='bbox 1790 2986 1890 3041; x_wconf 91' lang='lat' dir='ltr'><strong>po-</strong></span> 
     </span>
    </p>
   </div>
   <div class='ocr_carea' id='block_1_46' title="bbox 291 3064 1888 3138">
    <p class='ocr_par' dir='ltr' id='par_1_46' title="bbox 291 3064 1888 3138">
     <span class='ocr_line' id='line_1_46' title="bbox 291 3064 1888 3138; baseline -0.001 -17"><span class='ocrx_word' id='word_1_352' title='bbox 291 3068 409 3138; x_wconf 89' lang='lat' dir='ltr'><strong>puli</strong></span> <span class='ocrx_word' id='word_1_353' title='bbox 441 3068 766 3138; x_wconf 79' lang='lat' dir='ltr'><strong>przedicator</strong></span> <span class='ocrx_word' id='word_1_354' title='bbox 812 3080 1149 3137; x_wconf 90' lang='lat' dir='ltr'><strong>nequaquam</strong></span> <span class='ocrx_word' id='word_1_355' title='bbox 1194 3065 1425 3120; x_wconf 87' lang='lat' dir='ltr'><strong>inaniter</strong></span> <span class='ocrx_word' id='word_1_356' title='bbox 1470 3066 1751 3135; x_wconf 89' lang='lat' dir='ltr'><strong>glorietur.</strong></span> <span class='ocrx_word' id='word_1_357' title='bbox 1780 3064 1888 3120; x_wconf 88' lang='lat' dir='ltr'><strong>No-</strong></span> 
     </span>
    </p>
   </div>
   <div class='ocr_carea' id='block_1_47' title="bbox 293 3157 1887 3231">
    <p class='ocr_par' dir='ltr' id='par_1_47' title="bbox 293 3157 1887 3231">
     <span class='ocr_line' id='line_1_47' title="bbox 293 3157 1887 3231; baseline -0.002 -16"><span class='ocrx_word' id='word_1_358' title='bbox 293 3160 516 3216; x_wconf 89' lang='lat' dir='ltr'><strong>tandum</strong></span> <span class='ocrx_word' id='word_1_359' title='bbox 546 3176 763 3231; x_wconf 90' lang='lat' dir='ltr'><strong>quoque</strong></span> <span class='ocrx_word' id='word_1_360' title='bbox 792 3162 916 3230; x_wconf 89' lang='lat' dir='ltr'><strong>quia</strong></span> <span class='ocrx_word' id='word_1_361' title='bbox 947 3160 1284 3215; x_wconf 89' lang='lat' dir='ltr'><strong>sacerdotem</strong></span> <span class='ocrx_word' id='word_1_362' title='bbox 1317 3157 1530 3213; x_wconf 90' lang='lat' dir='ltr'><strong>ﬁdelem</strong></span> <span class='ocrx_word' id='word_1_363' title='bbox 1576 3158 1677 3213; x_wconf 91' lang='lat' dir='ltr'><strong>sibi</strong></span> <span class='ocrx_word' id='word_1_364' title='bbox 1704 3158 1887 3213; x_wconf 86' lang='lat' dir='ltr'><strong>Domi-</strong></span> 
     </span>
    </p>
   </div>
   <div class='ocr_carea' id='block_1_48' title="bbox 1984 1977 3571 2063">
    <p class='ocr_par' dir='ltr' id='par_1_48' title="bbox 1984 1977 3571 2063">
     <span class='ocr_line' id='line_1_48' title="bbox 1984 1977 3571 2063; baseline -0.009 -16"><span class='ocrx_word' id='word_1_365' title='bbox 1984 1993 2265 2063; x_wconf 84' lang='lat' dir='ltr'><strong>imaginem</strong></span> <span class='ocrx_word' id='word_1_366' title='bbox 2279 1998 2327 2044; x_wconf 83' lang='lat' dir='ltr'><strong>et</strong></span> <span class='ocrx_word' id='word_1_367' title='bbox 2356 1988 2751 2044; x_wconf 76' lang='lat' dir='ltr'><strong>similitudinem</strong></span> <span class='ocrx_word' id='word_1_368' title='bbox 2781 1995 3015 2042; x_wconf 78' lang='lat' dir='ltr'><strong>nostram</strong></span> <span class='ocrx_word' id='word_1_369' title='bbox 3052 1984 3262 2056; x_wconf 74' lang='lat' dir='ltr'><strong>(Cenes.</strong></span> <span class='ocrx_word' id='word_1_370' title='bbox 3287 1999 3325 2048; x_wconf 82' lang='grc' dir='ltr'><strong>ι,</strong></span> <span class='ocrx_word' id='word_1_371' title='bbox 3356 1980 3469 2052; x_wconf 73' lang='lat'><strong>26).</strong></span> <span class='ocrx_word' id='word_1_372' title='bbox 3504 1977 3571 2032; x_wconf 85' lang='lat' dir='ltr'><strong>Et</strong></span> 
     </span>
    </p>
   </div>
   <div class='ocr_carea' id='block_1_49' title="bbox 1985 2072 3570 2153">
    <p class='ocr_par' dir='ltr' id='par_1_49' title="bbox 1985 2072 3570 2153">
     <span class='ocr_line' id='line_1_49' title="bbox 1985 2072 3570 2153; baseline -0.008 -16"><span class='ocrx_word' id='word_1_373' title='bbox 1985 2087 2108 2153; x_wconf 84' lang='lat' dir='ltr'><strong>quia</strong></span> <span class='ocrx_word' id='word_1_374' title='bbox 2134 2083 2201 2137; x_wconf 91' lang='lat' dir='ltr'><strong>de</strong></span> <span class='ocrx_word' id='word_1_375' title='bbox 2225 2097 2380 2137; x_wconf 89' lang='lat' dir='ltr'><strong>sacro</strong></span> <span class='ocrx_word' id='word_1_376' title='bbox 2402 2080 2620 2151; x_wconf 90' lang='lat' dir='ltr'><strong>eloquio</strong></span> <span class='ocrx_word' id='word_1_377' title='bbox 2648 2079 2743 2134; x_wconf 92' lang='lat' dir='ltr'><strong>Dei</strong></span> <span class='ocrx_word' id='word_1_378' title='bbox 2776 2078 3059 2148; x_wconf 90' lang='lat' dir='ltr'><strong>imaginem</strong></span> <span class='ocrx_word' id='word_1_379' title='bbox 3087 2085 3143 2131; x_wconf 91' lang='lat' dir='ltr'><strong>et</strong></span> <span class='ocrx_word' id='word_1_380' title='bbox 3168 2072 3570 2129; x_wconf 88' lang='lat' dir='ltr'><strong>similitudinem</strong></span> 
     </span>
    </p>
   </div>
   <div class='ocr_carea' id='block_1_50' title="bbox 1988 2169 3573 2242">
    <p class='ocr_par' dir='ltr' id='par_1_50' title="bbox 1988 2169 3573 2242">
     <span class='ocr_line' id='line_1_50' title="bbox 1988 2169 3573 2242; baseline -0.008 -14"><span class='ocrx_word' id='word_1_381' title='bbox 1988 2173 2056 2228; x_wconf 92' lang='lat' dir='ltr'><strong>ad</strong></span> <span class='ocrx_word' id='word_1_382' title='bbox 2084 2188 2244 2242; x_wconf 91' lang='lat' dir='ltr'><strong>quam</strong></span> <span class='ocrx_word' id='word_1_383' title='bbox 2272 2171 2577 2240; x_wconf 87' lang='lat' dir='ltr'><strong>redigamur</strong></span> <span class='ocrx_word' id='word_1_384' title='bbox 2600 2169 2961 2239; x_wconf 87' lang='lat' dir='ltr'><strong>agnoscimus,</strong></span> <span class='ocrx_word' id='word_1_385' title='bbox 2988 2172 3277 2237; x_wconf 89' lang='lat' dir='ltr'><strong>argenteus</strong></span> <span class='ocrx_word' id='word_1_386' title='bbox 3318 2175 3573 2218; x_wconf 84' lang='lat' dir='ltr'><strong>nummus</strong></span> 
     </span>
    </p>
   </div>
   <div class='ocr_carea' id='block_1_51' title="bbox 1989 2258 3575 2335">
    <p class='ocr_par' dir='ltr' id='par_1_51' title="bbox 1989 2258 3575 2335">
     <span class='ocr_line' id='line_1_51' title="bbox 1989 2258 3575 2335; baseline -0.008 -16"><span class='ocrx_word' id='word_1_387' title='bbox 1989 2280 2108 2320; x_wconf 90' lang='lat' dir='ltr'><strong>esse</strong></span> <span class='ocrx_word' id='word_1_388' title='bbox 2150 2263 2481 2335; x_wconf 90' lang='lat' dir='ltr'><strong>perhibetur.</strong></span> <span class='ocrx_word' id='word_1_389' title='bbox 2516 2260 2615 2328; x_wconf 86' lang='lat' dir='ltr'><strong>Qui</strong></span> <span class='ocrx_word' id='word_1_390' title='bbox 2665 2274 2794 2330; x_wconf 89' lang='lat' dir='ltr'><strong>ergo</strong></span> <span class='ocrx_word' id='word_1_391' title='bbox 2839 2276 2869 2315; x_wconf 89' lang='lat' dir='ltr'><strong>a</strong></span> <span class='ocrx_word' id='word_1_392' title='bbox 2922 2259 3130 2330; x_wconf 90' lang='lat' dir='ltr'><strong>peccati</strong></span> <span class='ocrx_word' id='word_1_393' title='bbox 3169 2258 3255 2312; x_wconf 87' lang='lat' dir='ltr'><strong>via</strong></span> <span class='ocrx_word' id='word_1_394' title='bbox 3294 2262 3351 2311; x_wconf 88' lang='lat' dir='ltr'><strong>ut</strong></span> <span class='ocrx_word' id='word_1_395' title='bbox 3380 2270 3479 2325; x_wconf 93' lang='lat' dir='ltr'><strong>pro</strong></span> <span class='ocrx_word' id='word_1_396' title='bbox 3516 2266 3575 2307; x_wconf 90' lang='lat' dir='ltr'><strong>se</strong></span> 
     </span>
    </p>
   </div>
   <div class='ocr_carea' id='block_1_52' title="bbox 1990 2347 3572 2423">
    <p class='ocr_par' dir='ltr' id='par_1_52' title="bbox 1990 2347 3572 2423">
     <span class='ocr_line' id='line_1_52' title="bbox 1990 2347 3572 2423; baseline -0.008 -10"><span class='ocrx_word' id='word_1_397' title='bbox 1990 2366 2175 2413; x_wconf 91' lang='lat' dir='ltr'><strong>oretur</strong></span> <span class='ocrx_word' id='word_1_398' title='bbox 2193 2356 2343 2411; x_wconf 87' lang='lat' dir='ltr'><strong>venit</strong></span> <span class='ocrx_word' id='word_1_399' title='bbox 2371 2395 2387 2421; x_wconf 94' lang='lat'><strong>,</strong></span> <span class='ocrx_word' id='word_1_400' title='bbox 2443 2369 2720 2410; x_wconf 89' lang='lat' dir='ltr'><strong>nummum</strong></span> <span class='ocrx_word' id='word_1_401' title='bbox 2768 2361 3081 2423; x_wconf 89' lang='lat' dir='ltr'><strong>argenteum</strong></span> <span class='ocrx_word' id='word_1_402' title='bbox 3127 2349 3321 2405; x_wconf 76' lang='lat' dir='ltr'><strong>offerre</strong></span> <span class='ocrx_word' id='word_1_403' title='bbox 3365 2347 3572 2413; x_wconf 88' lang='lat' dir='ltr'><strong>debet,</strong></span> 
     </span>
    </p>
   </div>
   <div class='ocr_carea' id='block_1_53' title="bbox 1989 2440 3573 2521">
    <p class='ocr_par' dir='ltr' id='par_1_53' title="bbox 1989 2440 3573 2521">
     <span class='ocr_line' id='line_1_53' title="bbox 1989 2440 3573 2521; baseline -0.009 -14"><span class='ocrx_word' id='word_1_404' title='bbox 1989 2453 2115 2521; x_wconf 77' lang='lat' dir='ltr'><strong>quia</strong></span> <span class='ocrx_word' id='word_1_405' title='bbox 2143 2450 2276 2504; x_wconf 87' lang='lat' dir='ltr'><strong>nihil</strong></span> <span class='ocrx_word' id='word_1_406' title='bbox 2302 2449 2352 2503; x_wconf 90' lang='lat' dir='ltr'><strong>ei</strong></span> <span class='ocrx_word' id='word_1_407' title='bbox 2380 2448 2604 2520; x_wconf 90' lang='lat' dir='ltr'><strong>prodest</strong></span> <span class='ocrx_word' id='word_1_408' title='bbox 2626 2446 2770 2517; x_wconf 91' lang='lat' dir='ltr'><strong>quod</strong></span> <span class='ocrx_word' id='word_1_409' title='bbox 2814 2443 3127 2516; x_wconf 64' lang='lat' dir='ltr'><strong>paenitendo</strong></span> <span class='ocrx_word' id='word_1_410' title='bbox 3157 2440 3534 2512; x_wconf 92' lang='lat' dir='ltr'><strong>compungitur</strong></span> <span class='ocrx_word' id='word_1_411' title='bbox 3556 2478 3573 2504; x_wconf 93' lang='lat'><strong>,</strong></span> 
     </span>
    </p>
   </div>
   <div class='ocr_carea' id='block_1_54' title="bbox 1992 2529 3574 2610">
    <p class='ocr_par' dir='ltr' id='par_1_54' title="bbox 1992 2529 3574 2610">
     <span class='ocr_line' id='line_1_54' title="bbox 1992 2529 3574 2610; baseline -0.009 -13"><span class='ocrx_word' id='word_1_412' title='bbox 1992 2556 2092 2597; x_wconf 92' lang='lat' dir='ltr'><strong>nec</strong></span> <span class='ocrx_word' id='word_1_413' title='bbox 2115 2540 2259 2610; x_wconf 92' lang='lat' dir='ltr'><strong>quod</strong></span> <span class='ocrx_word' id='word_1_414' title='bbox 2285 2538 2463 2595; x_wconf 85' lang='lat' dir='ltr'><strong>ﬂendo</strong></span> <span class='ocrx_word' id='word_1_415' title='bbox 2484 2537 2794 2599; x_wconf 78' lang='lat' dir='ltr'><strong>confitetur,</strong></span> <span class='ocrx_word' id='word_1_416' title='bbox 2828 2536 2896 2603; x_wconf 91' lang='lat' dir='ltr'><strong>si,</strong></span> <span class='ocrx_word' id='word_1_417' title='bbox 2936 2531 3279 2589; x_wconf 89' lang='lat' dir='ltr'><strong>inemendata</strong></span> <span class='ocrx_word' id='word_1_418' title='bbox 3307 2538 3363 2585; x_wconf 93' lang='lat' dir='ltr'><strong>et</strong></span> <span class='ocrx_word' id='word_1_419' title='bbox 3393 2529 3574 2584; x_wconf 90' lang='lat' dir='ltr'><strong>incor-</strong></span> 
     </span>
    </p>
   </div>
   <div class='ocr_carea' id='block_1_55' title="bbox 1990 2621 3578 2704">
    <p class='ocr_par' dir='ltr' id='par_1_55' title="bbox 1990 2621 3578 2704">
     <span class='ocr_line' id='line_1_55' title="bbox 1990 2621 3578 2704; baseline -0.01 -16"><span class='ocrx_word' id='word_1_420' title='bbox 1990 2642 2161 2704; x_wconf 92' lang='lat' dir='ltr'><strong>repta,</strong></span> <span class='ocrx_word' id='word_1_421' title='bbox 2188 2632 2412 2687; x_wconf 87' lang='lat' dir='ltr'><strong>interius</strong></span> <span class='ocrx_word' id='word_1_422' title='bbox 2452 2629 2855 2701; x_wconf 90' lang='lat' dir='ltr'><strong>pulchritudine</strong></span> <span class='ocrx_word' id='word_1_423' title='bbox 2894 2627 3050 2681; x_wconf 69' lang='lat' dir='ltr'><strong>bona:</strong></span> <span class='ocrx_word' id='word_1_424' title='bbox 3098 2621 3414 2686; x_wconf 79' lang='lat' dir='ltr'><strong>voluntatis,</strong></span> <span class='ocrx_word' id='word_1_425' title='bbox 3459 2621 3578 2674; x_wconf 89' lang='lat' dir='ltr'><strong>luce</strong></span> 
     </span>
    </p>
   </div>
   <div class='ocr_carea' id='block_1_56' title="bbox 1991 2711 3577 2795">
    <p class='ocr_par' dir='ltr' id='par_1_56' title="bbox 1991 2711 3577 2795">
     <span class='ocr_line' id='line_1_56' title="bbox 1991 2711 3577 2795; baseline -0.01 -14"><span class='ocrx_word' id='word_1_426' title='bbox 1991 2728 2088 2783; x_wconf 90' lang='lat' dir='ltr'><strong>Dei</strong></span> <span class='ocrx_word' id='word_1_427' title='bbox 2116 2726 2364 2795; x_wconf 90' lang='lat' dir='ltr'><strong>imaginis</strong></span> <span class='ocrx_word' id='word_1_428' title='bbox 2388 2738 2727 2794; x_wconf 90' lang='lat' dir='ltr'><strong>nequaquam</strong></span> <span class='ocrx_word' id='word_1_429' title='bbox 2758 2720 2970 2775; x_wconf 91' lang='lat' dir='ltr'><strong>radiare</strong></span> <span class='ocrx_word' id='word_1_430' title='bbox 3001 2716 3363 2786; x_wconf 90' lang='lat' dir='ltr'><strong>cognoscitur.</strong></span> <span class='ocrx_word' id='word_1_431' title='bbox 3394 2711 3577 2781; x_wconf 88' lang='lat' dir='ltr'><strong>Imago</strong></span> 
     </span>
    </p>
   </div>
   <div class='ocr_carea' id='block_1_57' title="bbox 1992 2803 3580 2881">
    <p class='ocr_par' dir='ltr' id='par_1_57' title="bbox 1992 2803 3580 2881">
     <span class='ocr_line' id='line_1_57' title="bbox 1992 2803 3580 2881; baseline -0.014 -3"><span class='ocrx_word' id='word_1_432' title='bbox 1992 2822 2194 2878; x_wconf 90' lang='lat' dir='ltr'><strong>etenim</strong></span> <span class='ocrx_word' id='word_1_433' title='bbox 2245 2828 2301 2875; x_wconf 94' lang='lat' dir='ltr'><strong>et</strong></span> <span class='ocrx_word' id='word_1_434' title='bbox 2369 2817 2661 2875; x_wconf 91' lang='lat' dir='ltr'><strong>similitudo</strong></span> <span class='ocrx_word' id='word_1_435' title='bbox 2703 2813 2799 2869; x_wconf 91' lang='lat' dir='ltr'><strong>Dei</strong></span> <span class='ocrx_word' id='word_1_436' title='bbox 2845 2818 2929 2868; x_wconf 90' lang='lat' dir='ltr'><strong>est</strong></span> <span class='ocrx_word' id='word_1_437' title='bbox 2968 2810 3168 2881; x_wconf 89' lang='lat' dir='ltr'><strong>inclyto</strong></span> <span class='ocrx_word' id='word_1_438' title='bbox 3201 2807 3326 2863; x_wconf 92' lang='lat' dir='ltr'><strong>odio</strong></span> <span class='ocrx_word' id='word_1_439' title='bbox 3377 2803 3580 2859; x_wconf 89' lang='lat' dir='ltr'><strong>malum</strong></span> 
     </span>
    </p>
   </div>
   <div class='ocr_carea' id='block_1_58' title="bbox 1991 2895 3583 2984">
    <p class='ocr_par' dir='ltr' id='par_1_58' title="bbox 1991 2895 3583 2984">
     <span class='ocr_line' id='line_1_58' title="bbox 1991 2895 3583 2984; baseline -0.015 -12"><span class='ocrx_word' id='word_1_440' title='bbox 1991 2916 2167 2984; x_wconf 89' lang='lat' dir='ltr'><strong>odire,</strong></span> <span class='ocrx_word' id='word_1_441' title='bbox 2196 2922 2254 2969; x_wconf 88' lang='lat' dir='ltr'><strong>et</strong></span> <span class='ocrx_word' id='word_1_442' title='bbox 2307 2925 2493 2967; x_wconf 89' lang='lat' dir='ltr'><strong>amore</strong></span> <span class='ocrx_word' id='word_1_443' title='bbox 2546 2906 2786 2979; x_wconf 90' lang='lat' dir='ltr'><strong>perfecto</strong></span> <span class='ocrx_word' id='word_1_444' title='bbox 2825 2904 2996 2959; x_wconf 90' lang='lat' dir='ltr'><strong>Deum</strong></span> <span class='ocrx_word' id='word_1_445' title='bbox 3048 2900 3292 2970; x_wconf 86' lang='lat' dir='ltr'><strong>diligere.</strong></span> <span class='ocrx_word' id='word_1_446' title='bbox 3337 2895 3489 2951; x_wconf 86' lang='lat' dir='ltr'><strong>Unde</strong></span> <span class='ocrx_word' id='word_1_447' title='bbox 3527 2901 3583 2949; x_wconf 91' lang='lat' dir='ltr'><strong>et</strong></span> 
     </span>
    </p>
   </div>
   <div class='ocr_carea' id='block_1_59' title="bbox 1994 2988 3578 3077">
    <p class='ocr_par' dir='ltr' id='par_1_59' title="bbox 1994 2988 3578 3077">
     <span class='ocr_line' id='line_1_59' title="bbox 1994 2988 3578 3077; baseline -0.015 -16"><span class='ocrx_word' id='word_1_448' title='bbox 1994 3006 2264 3077; x_wconf 88' lang='lat' dir='ltr'><strong>Propheta</strong></span> <span class='ocrx_word' id='word_1_449' title='bbox 2283 3003 2584 3058; x_wconf 85' lang='lat' dir='ltr'><strong>claritatem</strong></span> <span class='ocrx_word' id='word_1_450' title='bbox 2615 2997 2810 3053; x_wconf 86' lang='lat' dir='ltr'><strong>divinae</strong></span> <span class='ocrx_word' id='word_1_451' title='bbox 2836 2991 3201 3049; x_wconf 90' lang='lat' dir='ltr'><strong>similitudinis</strong></span> <span class='ocrx_word' id='word_1_452' title='bbox 3241 2990 3309 3045; x_wconf 91' lang='lat' dir='ltr'><strong>ab</strong></span> <span class='ocrx_word' id='word_1_453' title='bbox 3339 2988 3578 3043; x_wconf 89' lang='lat' dir='ltr'><strong>humano</strong></span> 
     </span>
    </p>
   </div>
   <div class='ocr_carea' id='block_1_60' title="bbox 1990 3080 3580 3172">
    <p class='ocr_par' dir='ltr' id='par_1_60' title="bbox 1990 3080 3580 3172">
     <span class='ocr_line' id='line_1_60' title="bbox 1990 3080 3580 3172; baseline -0.015 -15"><span class='ocrx_word' id='word_1_454' title='bbox 1990 3114 2190 3172; x_wconf 89' lang='lat' dir='ltr'><strong>genere</strong></span> <span class='ocrx_word' id='word_1_455' title='bbox 2215 3097 2443 3170; x_wconf 91' lang='lat' dir='ltr'><strong>periisse</strong></span> <span class='ocrx_word' id='word_1_456' title='bbox 2470 3095 2703 3159; x_wconf 84' lang='lat' dir='ltr'><strong>intuens,</strong></span> <span class='ocrx_word' id='word_1_457' title='bbox 2729 3090 2795 3145; x_wconf 90' lang='lat' dir='ltr'><strong>ad</strong></span> <span class='ocrx_word' id='word_1_458' title='bbox 2823 3103 2947 3145; x_wconf 88' lang='lat' dir='ltr'><strong>eum</strong></span> <span class='ocrx_word' id='word_1_459' title='bbox 2966 3088 3073 3159; x_wconf 83' lang='lat'><strong>93</strong></span> <span class='ocrx_word' id='word_1_460' title='bbox 3108 3085 3203 3155; x_wconf 91' lang='lat' dir='ltr'><strong>qui</strong></span> <span class='ocrx_word' id='word_1_461' title='bbox 3230 3098 3351 3140; x_wconf 91' lang='lat' dir='ltr'><strong>cum</strong></span> <span class='ocrx_word' id='word_1_462' title='bbox 3381 3080 3580 3152; x_wconf 82' lang='lat' dir='ltr'><strong>inclyta</strong></span> 
     </span>
    </p>
   </div>
   <div class='ocr_carea' id='block_1_61' title="bbox 1996 3173 3584 3269">
    <p class='ocr_par' dir='ltr' id='par_1_61' title="bbox 1996 3173 3584 3269">
     <span class='ocr_line' id='line_1_61' title="bbox 1996 3173 3584 3269; baseline -0.016 -15"><span class='ocrx_word' id='word_1_463' title='bbox 1996 3196 2355 3269; x_wconf 85' lang='lat' dir='ltr'><strong>reparationis</strong></span> <span class='ocrx_word' id='word_1_464' title='bbox 2383 3199 2582 3247; x_wconf 71' lang='lat' dir='ltr'><strong>nostra:</strong></span> <span class='ocrx_word' id='word_1_465' title='bbox 2621 3188 2739 3243; x_wconf 88' lang='lat' dir='ltr'><strong>luce</strong></span> <span class='ocrx_word' id='word_1_466' title='bbox 2778 3185 2847 3241; x_wconf 92' lang='lat' dir='ltr'><strong>de</strong></span> <span class='ocrx_word' id='word_1_467' title='bbox 2874 3183 3012 3240; x_wconf 77' lang='lat' dir='ltr'><strong>ccelo</strong></span> <span class='ocrx_word' id='word_1_468' title='bbox 3040 3181 3183 3236; x_wconf 90' lang='lat' dir='ltr'><strong>venit</strong></span> <span class='ocrx_word' id='word_1_469' title='bbox 3219 3176 3468 3249; x_wconf 90' lang='lat' dir='ltr'><strong>respicit,</strong></span> <span class='ocrx_word' id='word_1_470' title='bbox 3498 3173 3584 3229; x_wconf 88' lang='lat' dir='ltr'><strong>di-</strong></span> 
     </span>
    </p>
   </div>
   <div class='ocr_carea' id='block_1_62' title="bbox 292 3254 1902 3354">
    <p class='ocr_par' dir='ltr' id='par_1_62' title="bbox 292 3254 1882 3325">
     <span class='ocr_line' id='line_1_62' title="bbox 292 3254 1882 3325; baseline -0.001 -14"><span class='ocrx_word' id='word_1_471' title='bbox 292 3272 399 3311; x_wconf 86' lang='lat' dir='ltr'><strong>nus</strong></span> <span class='ocrx_word' id='word_1_472' title='bbox 428 3258 648 3324; x_wconf 81' lang='lat' dir='ltr'><strong>excitat,</strong></span> <span class='ocrx_word' id='word_1_473' title='bbox 676 3264 735 3311; x_wconf 92' lang='lat' dir='ltr'><strong>ut</strong></span> <span class='ocrx_word' id='word_1_474' title='bbox 762 3256 1126 3325; x_wconf 87' lang='lat' dir='ltr'><strong>subjectorum</strong></span> <span class='ocrx_word' id='word_1_475' title='bbox 1158 3254 1317 3311; x_wconf 90' lang='lat' dir='ltr'><strong>corda</strong></span> <span class='ocrx_word' id='word_1_476' title='bbox 1359 3255 1464 3311; x_wconf 89' lang='lat' dir='ltr'><strong>hoc</strong></span> <span class='ocrx_word' id='word_1_477' title='bbox 1494 3255 1667 3325; x_wconf 88' lang='lat' dir='ltr'><strong>ipsum</strong></span> <span class='ocrx_word' id='word_1_478' title='bbox 1692 3297 1706 3322; x_wconf 90' lang='lat'><strong>,</strong></span> <span class='ocrx_word' id='word_1_479' title='bbox 1740 3254 1882 3325; x_wconf 87' lang='lat' dir='ltr'><strong>quod</strong></span> 
     </span>
    </p>
   </div>
   <div class='ocr_carea' id='block_1_63' title="bbox 1994 3254 3581 3354">
    <p class='ocr_par' dir='ltr' id='par_1_63' title="bbox 1994 3254 3581 3354">
     <span class='ocr_line' id='line_1_63' title="bbox 1994 3254 3581 3354; baseline -0.018 -8"><span class='ocrx_word' id='word_1_480' title='bbox 1994 3254 2117 3347; x_wconf 72' lang='grc' dir='ltr'><strong>εοῖιε</strong></span> <span class='ocrx_word' id='word_1_481' title='bbox 2156 3306 2170 3341; x_wconf 75' lang='grc' dir='ltr'>ε</span> <span class='ocrx_word' id='word_1_482' title='bbox 2206 3285 2452 3341; x_wconf 72' lang='lat' dir='ltr'><strong>Dilewisti</strong></span> <span class='ocrx_word' id='word_1_483' title='bbox 2475 3280 2764 3354; x_wconf 82' lang='lat' dir='ltr'><strong>justitiam,</strong></span> <span class='ocrx_word' id='word_1_484' title='bbox 2805 3283 2855 3329; x_wconf 85' lang='lat' dir='ltr'><strong>et</strong></span> <span class='ocrx_word' id='word_1_485' title='bbox 2875 3272 3031 3328; x_wconf 80' lang='lat' dir='ltr'><strong>odisti</strong></span> <span class='ocrx_word' id='word_1_486' title='bbox 3055 3271 3374 3341; x_wconf 68' lang='lat' dir='ltr'><strong>iniquitatem</strong></span> <span class='ocrx_word' id='word_1_487' title='bbox 3406 3264 3581 3338; x_wconf 77' lang='lat' dir='ltr'><strong>(Ptat.</strong></span> 
     </span>
    </p>
   </div>
   <div class='ocr_carea' id='block_1_64' title="bbox 292 3348 1882 3427">
    <p class='ocr_par' dir='ltr' id='par_1_64' title="bbox 292 3348 1882 3427">
     <span class='ocr_line' id='line_1_64' title="bbox 292 3348 1882 3427; baseline -0.002 -23"><span class='ocrx_word' id='word_1_488' title='bbox 292 3348 503 3418; x_wconf 90' lang='lat' dir='ltr'><strong>optimo</strong></span> <span class='ocrx_word' id='word_1_489' title='bbox 533 3358 743 3405; x_wconf 87' lang='lat' dir='ltr'><strong>rectore</strong></span> <span class='ocrx_word' id='word_1_490' title='bbox 773 3355 1032 3417; x_wconf 90' lang='lat' dir='ltr'><strong>reguntur</strong></span> <span class='ocrx_word' id='word_1_491' title='bbox 1056 3390 1071 3415; x_wconf 96' lang='lat'><strong>,</strong></span> <span class='ocrx_word' id='word_1_492' title='bbox 1104 3349 1340 3427; x_wconf 67' lang='lat' dir='ltr'><strong>tribuere</strong></span> <span class='ocrx_word' id='word_1_493' title='bbox 1388 3348 1497 3403; x_wconf 90' lang='lat' dir='ltr'><strong>suis</strong></span> <span class='ocrx_word' id='word_1_494' title='bbox 1533 3348 1740 3403; x_wconf 88' lang='lat' dir='ltr'><strong>meritis</strong></span> <span class='ocrx_word' id='word_1_495' title='bbox 1776 3363 1882 3402; x_wconf 91' lang='lat' dir='ltr'><strong>non</strong></span> 
     </span>
    </p>
   </div>
   <div class='ocr_carea' id='block_1_65' title="bbox 292 3440 1884 3513">
    <p class='ocr_par' dir='ltr' id='par_1_65' title="bbox 292 3440 1884 3513">
     <span class='ocr_line' id='line_1_65' title="bbox 292 3440 1884 3513; baseline -0.001 -18"><span class='ocrx_word' id='word_1_496' title='bbox 292 3451 641 3513; x_wconf 55' lang='lat' dir='ltr'><strong>praesumant.</strong></span> <span class='ocrx_word' id='word_1_497' title='bbox 672 3441 977 3497; x_wconf 90' lang='lat' dir='ltr'><strong>Notandum</strong></span> <span class='ocrx_word' id='word_1_498' title='bbox 999 3442 1159 3496; x_wconf 91' lang='lat' dir='ltr'><strong>ctiam</strong></span> <span class='ocrx_word' id='word_1_499' title='bbox 1185 3440 1329 3510; x_wconf 93' lang='lat' dir='ltr'><strong>quod</strong></span> <span class='ocrx_word' id='word_1_500' title='bbox 1358 3440 1697 3496; x_wconf 83' lang='lat' dir='ltr'><strong>sacerdotem</strong></span> <span class='ocrx_word' id='word_1_501' title='bbox 1726 3455 1884 3509; x_wconf 89' lang='lat' dir='ltr'><strong>quem</strong></span> 
     </span>
    </p>
   </div>
   <div class='ocr_carea' id='block_1_66' title="bbox 294 3532 1884 3609">
    <p class='ocr_par' dir='ltr' id='par_1_66' title="bbox 294 3532 1884 3609">
     <span class='ocr_line' id='line_1_66' title="bbox 294 3532 1884 3609; baseline -0.002 -20"><span class='ocrx_word' id='word_1_502' title='bbox 294 3534 779 3589; x_wconf 76' lang='lat' dir='ltr'><strong>excitatDominus</strong></span> <span class='ocrx_word' id='word_1_503' title='bbox 809 3535 939 3589; x_wconf 91' lang='lat' dir='ltr'><strong>dicit</strong></span> <span class='ocrx_word' id='word_1_504' title='bbox 995 3532 1209 3589; x_wconf 84' lang='lat' dir='ltr'><strong>ﬁdelem</strong></span> <span class='ocrx_word' id='word_1_505' title='bbox 1264 3533 1385 3599; x_wconf 90' lang='lat' dir='ltr'><strong>sibi,</strong></span> <span class='ocrx_word' id='word_1_506' title='bbox 1439 3534 1659 3588; x_wconf 92' lang='lat' dir='ltr'><strong>domum</strong></span> <span class='ocrx_word' id='word_1_507' title='bbox 1704 3541 1884 3609; x_wconf 73' lang='lat' dir='ltr'><strong>autem</strong></span> 
     </span>
    </p>
   </div>
   <div class='ocr_carea' id='block_1_67' title="bbox 292 3624 1883 3700">
    <p class='ocr_par' dir='ltr' id='par_1_67' title="bbox 292 3624 1883 3700">
     <span class='ocr_line' id='line_1_67' title="bbox 292 3624 1883 3700; baseline -0.002 -19"><span class='ocrx_word' id='word_1_508' title='bbox 292 3642 460 3696; x_wconf 91' lang='lat' dir='ltr'><strong>quam</strong></span> <span class='ocrx_word' id='word_1_509' title='bbox 483 3627 530 3682; x_wconf 90' lang='lat' dir='ltr'><strong>ci</strong></span> <span class='ocrx_word' id='word_1_510' title='bbox 559 3628 790 3683; x_wconf 73' lang='lat' dir='ltr'><strong>mdiﬁcat</strong></span> <span class='ocrx_word' id='word_1_511' title='bbox 820 3626 1032 3682; x_wconf 91' lang='lat' dir='ltr'><strong>ﬁdelem</strong></span> <span class='ocrx_word' id='word_1_512' title='bbox 1062 3627 1163 3698; x_wconf 90' lang='lat' dir='ltr'><strong>ipsi</strong></span> <span class='ocrx_word' id='word_1_513' title='bbox 1176 3627 1446 3682; x_wconf 90' lang='lat' dir='ltr'><strong>sacerdoti</strong></span> <span class='ocrx_word' id='word_1_514' title='bbox 1477 3625 1608 3680; x_wconf 90' lang='lat' dir='ltr'><strong>dicit</strong></span> <span class='ocrx_word' id='word_1_515' title='bbox 1628 3624 1883 3700; x_wconf 80' lang='lat' dir='ltr'><strong>futuram;</strong></span> 
     </span>
    </p>
   </div>
   <div class='ocr_carea' id='block_1_68' title="bbox 294 3717 1885 3791">
    <p class='ocr_par' dir='ltr' id='par_1_68' title="bbox 294 3717 1885 3791">
     <span class='ocr_line' id='line_1_68' title="bbox 294 3717 1885 3791; baseline -0.002 -16"><span class='ocrx_word' id='word_1_516' title='bbox 294 3721 423 3790; x_wconf 91' lang='lat' dir='ltr'><strong>quia</strong></span> <span class='ocrx_word' id='word_1_517' title='bbox 451 3718 694 3791; x_wconf 86' lang='lat' dir='ltr'><strong>profecto</strong></span> <span class='ocrx_word' id='word_1_518' title='bbox 743 3720 1061 3791; x_wconf 63' lang='lat' dir='ltr'><strong>praedicator</strong></span> <span class='ocrx_word' id='word_1_519' title='bbox 1107 3720 1220 3776; x_wconf 93' lang='lat' dir='ltr'><strong>Deo</strong></span> <span class='ocrx_word' id='word_1_520' title='bbox 1268 3719 1631 3776; x_wconf 89' lang='lat' dir='ltr'><strong>obedientiam</strong></span> <span class='ocrx_word' id='word_1_521' title='bbox 1682 3717 1885 3783; x_wconf 82' lang='lat' dir='ltr'><strong>debet,</strong></span> 
     </span>
    </p>
   </div>
   <div class='ocr_carea' id='block_1_69' title="bbox 294 3814 1887 3885">
    <p class='ocr_par' dir='ltr' id='par_1_69' title="bbox 294 3814 1887 3885">
     <span class='ocr_line' id='line_1_69' title="bbox 294 3814 1887 3885; baseline -0.002 -15"><span class='ocrx_word' id='word_1_522' title='bbox 294 3814 576 3883; x_wconf 87' lang='lat' dir='ltr'><strong>subjectus</strong></span> <span class='ocrx_word' id='word_1_523' title='bbox 604 3815 843 3885; x_wconf 86' lang='lat' dir='ltr'><strong>praelato.</strong></span> <span class='ocrx_word' id='word_1_524' title='bbox 900 3815 1006 3871; x_wconf 91' lang='lat' dir='ltr'><strong>Sed</strong></span> <span class='ocrx_word' id='word_1_525' title='bbox 1057 3824 1183 3870; x_wconf 90' lang='lat' dir='ltr'><strong>ante</strong></span> <span class='ocrx_word' id='word_1_526' title='bbox 1225 3814 1525 3885; x_wconf 77' lang='lat' dir='ltr'><strong>subjectum</strong></span> <span class='ocrx_word' id='word_1_527' title='bbox 1568 3821 1696 3868; x_wconf 92' lang='lat' dir='ltr'><strong>tunc</strong></span> <span class='ocrx_word' id='word_1_528' title='bbox 1740 3821 1887 3868; x_wconf 87' lang='lat' dir='ltr'><strong>recte</strong></span> 
     </span>
    </p>
   </div>
   <div class='ocr_carea' id='block_1_70' title="bbox 296 3903 1887 3975">
    <p class='ocr_par' dir='ltr' id='par_1_70' title="bbox 296 3903 1887 3975">
     <span class='ocr_line' id='line_1_70' title="bbox 296 3903 1887 3975; baseline -0.001 -16"><span class='ocrx_word' id='word_1_529' title='bbox 296 3904 553 3975; x_wconf 65' lang='lat' dir='ltr'><strong>praelatus</strong></span> <span class='ocrx_word' id='word_1_530' title='bbox 596 3905 855 3974; x_wconf 83' lang='lat' dir='ltr'><strong>graditur,</strong></span> <span class='ocrx_word' id='word_1_531' title='bbox 887 3906 931 3960; x_wconf 92' lang='lat' dir='ltr'><strong>si</strong></span> <span class='ocrx_word' id='word_1_532' title='bbox 982 3906 1049 3960; x_wconf 91' lang='lat' dir='ltr'><strong>ad</strong></span> <span class='ocrx_word' id='word_1_533' title='bbox 1078 3905 1257 3962; x_wconf 91' lang='lat' dir='ltr'><strong>omnia</strong></span> <span class='ocrx_word' id='word_1_534' title='bbox 1306 3903 1578 3973; x_wconf 89' lang='lat' dir='ltr'><strong>dirigenda</strong></span> <span class='ocrx_word' id='word_1_535' title='bbox 1608 3904 1731 3958; x_wconf 66' lang='lat' dir='ltr'><strong>vita:</strong></span> <span class='ocrx_word' id='word_1_536' title='bbox 1776 3918 1887 3959; x_wconf 64' lang='lat' dir='ltr'><strong>suae</strong></span> 
     </span>
    </p>
   </div>
   <div class='ocr_carea' id='block_1_71' title="bbox 297 3996 1647 4067">
    <p class='ocr_par' dir='ltr' id='par_1_71' title="bbox 297 3996 1647 4067">
     <span class='ocr_line' id='line_1_71' title="bbox 297 3996 1647 4067; baseline 0.002 -18"><span class='ocrx_word' id='word_1_537' title='bbox 297 3996 496 4050; x_wconf 90' lang='lat' dir='ltr'><strong>itinera</strong></span> <span class='ocrx_word' id='word_1_538' title='bbox 525 3997 723 4051; x_wconf 87' lang='lat' dir='ltr'><strong>veritas</strong></span> <span class='ocrx_word' id='word_1_539' title='bbox 764 3998 877 4067; x_wconf 88' lang='lat' dir='ltr'><strong>ipsa</strong></span> <span class='ocrx_word' id='word_1_540' title='bbox 899 3996 1165 4052; x_wconf 89' lang='lat' dir='ltr'><strong>videatur.</strong></span> <span class='ocrx_word' id='word_1_541' title='bbox 1197 3996 1453 4067; x_wconf 87' lang='lat' dir='ltr'><strong>Sequitur</strong></span> <span class='ocrx_word' id='word_1_542' title='bbox 1474 4011 1605 4066; x_wconf 89' lang='lat' dir='ltr'><strong>ergo</strong></span> <span class='ocrx_word' id='word_1_543' title='bbox 1633 4015 1647 4052; x_wconf 92' lang='lat'><strong>:</strong></span> 
     </span>
    </p>
   </div>
   <div class='ocr_carea' id='block_1_72' title="bbox 295 4086 1889 4231">
    <p class='ocr_par' dir='ltr' id='par_1_72' title="bbox 295 4086 1889 4231">
     <span class='ocr_line' id='line_1_72' title="bbox 295 4086 1889 4231; baseline 0 -88"><span class='ocrx_word' id='word_1_544' title='bbox 295 4177 338 4231; x_wconf 58' lang='grc' dir='ltr'><em>ά</em></span> <span class='ocrx_word' id='word_1_545' title='bbox 374 4086 553 4230; x_wconf 56' lang='grc' dir='ltr'><strong>(ἔθη,</strong></span> <span class='ocrx_word' id='word_1_546' title='bbox 576 4086 691 4158; x_wconf 77' lang='grc'><strong>55.)</strong></span> <span class='ocrx_word' id='word_1_547' title='bbox 719 4086 789 4143; x_wconf 79' lang='lat' dir='ltr'><strong>Et</strong></span> <span class='ocrx_word' id='word_1_548' title='bbox 812 4088 1096 4144; x_wconf 77' lang='lat' dir='ltr'><strong>ambulabit</strong></span> <span class='ocrx_word' id='word_1_549' title='bbox 1121 4107 1297 4145; x_wconf 83' lang='lat' dir='ltr'><strong>coram</strong></span> <span class='ocrx_word' id='word_1_550' title='bbox 1310 4089 1514 4145; x_wconf 76' lang='lat' dir='ltr'><strong>Christo</strong></span> <span class='ocrx_word' id='word_1_551' title='bbox 1532 4089 1889 4145; x_wconf 78' lang='lat' dir='ltr'><strong>meoomnibus</strong></span> 
     </span>
     <span class='ocr_line' id='line_1_73' title="bbox 339 4180 1645 4231; baseline -0.009 0"><span class='ocrx_word' id='word_1_552' title='bbox 339 4196 384 4231; x_wconf 79' lang='lat' dir='ltr'><strong>te</strong></span> <span class='ocrx_word' id='word_1_553' title='bbox 421 4194 499 4231; x_wconf 74' lang='lat' dir='ltr'><strong>us.</strong></span> <span class='ocrx_word' id='word_1_554' title='bbox 1078 4180 1095 4196; x_wconf 86' lang='lat'><strong>&quot;</strong></span> <span class='ocrx_word' id='word_1_555' title='bbox 1640 4215 1645 4219; x_wconf 85' lang='lat'><strong>.</strong></span> 
     </span>
    </p>
   </div>
   <div class='ocr_carea' id='block_1_73' title="bbox 339 4180 1095 4233">
    <p class='ocr_par' dir='ltr' id='par_1_73' title="bbox 339 4180 1095 4233">
     <span class='ocr_line' id='line_1_74' title="bbox 339 4180 1095 4233; baseline -0.001 -2"><span class='ocrx_word' id='word_1_556' title='bbox 339 4180 499 4233; x_wconf 64' lang='lat' dir='ltr'><strong>iebat.</strong></span> 
     </span>
    </p>
   </div>
   <div class='ocr_carea' id='block_1_74' title="bbox 373 4263 1890 4342">
    <p class='ocr_par' dir='ltr' id='par_1_74' title="bbox 373 4263 1890 4342">
     <span class='ocr_line' id='line_1_75' title="bbox 373 4263 1890 4342; baseline 0.003 -25"><span class='ocrx_word' id='word_1_557' title='bbox 373 4263 463 4318; x_wconf 73' lang='grc'><strong>24.</strong></span> <span class='ocrx_word' id='word_1_558' title='bbox 496 4264 739 4323; x_wconf 89' lang='lat' dir='ltr'><strong>Christus</strong></span> <span class='ocrx_word' id='word_1_559' title='bbox 764 4275 947 4324; x_wconf 90' lang='lat' dir='ltr'><strong>autem</strong></span> <span class='ocrx_word' id='word_1_560' title='bbox 975 4268 1189 4324; x_wconf 91' lang='lat' dir='ltr'><strong>Domini</strong></span> <span class='ocrx_word' id='word_1_561' title='bbox 1212 4268 1546 4342; x_wconf 83' lang='lat' dir='ltr'><strong>Redemptor</strong></span> <span class='ocrx_word' id='word_1_562' title='bbox 1565 4276 1650 4323; x_wconf 90' lang='lat' dir='ltr'><strong>est</strong></span> <span class='ocrx_word' id='word_1_563' title='bbox 1676 4266 1890 4338; x_wconf 90' lang='lat' dir='ltr'><strong>generis</strong></span> 
     </span>
    </p>
   </div>
   <div class='ocr_carea' id='block_1_75' title="bbox 297 4357 1893 4431">
    <p class='ocr_par' dir='ltr' id='par_1_75' title="bbox 297 4357 1893 4431">
     <span class='ocr_line' id='line_1_76' title="bbox 297 4357 1893 4431; baseline 0.001 -20"><span class='ocrx_word' id='word_1_564' title='bbox 297 4357 543 4412; x_wconf 87' lang='lat' dir='ltr'><strong>humani.</strong></span> <span class='ocrx_word' id='word_1_565' title='bbox 574 4358 673 4426; x_wconf 86' lang='lat' dir='ltr'><strong>Qui</strong></span> <span class='ocrx_word' id='word_1_566' title='bbox 698 4360 969 4429; x_wconf 90' lang='lat' dir='ltr'><strong>nimirum,</strong></span> <span class='ocrx_word' id='word_1_567' title='bbox 998 4362 1125 4431; x_wconf 88' lang='lat' dir='ltr'><strong>quia</strong></span> <span class='ocrx_word' id='word_1_568' title='bbox 1150 4361 1262 4431; x_wconf 90' lang='lat' dir='ltr'><strong>jam</strong></span> <span class='ocrx_word' id='word_1_569' title='bbox 1289 4360 1356 4415; x_wconf 90' lang='lat' dir='ltr'><strong>ad</strong></span> <span class='ocrx_word' id='word_1_570' title='bbox 1387 4361 1554 4421; x_wconf 60' lang='lat' dir='ltr'><strong>caelos</strong></span> <span class='ocrx_word' id='word_1_571' title='bbox 1583 4359 1893 4415; x_wconf 89' lang='lat' dir='ltr'><strong>ascendisse</strong></span> 
     </span>
    </p>
   </div>
   <div class='ocr_carea' id='block_1_76' title="bbox 300 4449 1889 4522">
    <p class='ocr_par' dir='ltr' id='par_1_76' title="bbox 300 4449 1889 4522">
     <span class='ocr_line' id='line_1_77' title="bbox 300 4449 1889 4522; baseline 0.001 -17"><span class='ocrx_word' id='word_1_572' title='bbox 300 4449 561 4516; x_wconf 89' lang='lat' dir='ltr'><strong>creditur,</strong></span> <span class='ocrx_word' id='word_1_573' title='bbox 595 4467 624 4506; x_wconf 91' lang='lat' dir='ltr'><strong>a</strong></span> <span class='ocrx_word' id='word_1_574' title='bbox 648 4451 893 4508; x_wconf 83' lang='lat' dir='ltr'><strong>ﬁdelibus</strong></span> <span class='ocrx_word' id='word_1_575' title='bbox 922 4454 1033 4509; x_wconf 90' lang='lat' dir='ltr'><strong>suis</strong></span> <span class='ocrx_word' id='word_1_576' title='bbox 1061 4469 1204 4509; x_wconf 93' lang='lat' dir='ltr'><strong>nunc</strong></span> <span class='ocrx_word' id='word_1_577' title='bbox 1232 4469 1339 4508; x_wconf 91' lang='lat' dir='ltr'><strong>non</strong></span> <span class='ocrx_word' id='word_1_578' title='bbox 1364 4453 1538 4509; x_wconf 88' lang='lat' dir='ltr'><strong>oculis</strong></span> <span class='ocrx_word' id='word_1_579' title='bbox 1564 4453 1889 4522; x_wconf 53' lang='lat' dir='ltr'><strong>corporeis;</strong></span> 
     </span>
    </p>
   </div>
   <div class='ocr_carea' id='block_1_77' title="bbox 297 4541 1890 4615">
    <p class='ocr_par' dir='ltr' id='par_1_77' title="bbox 297 4541 1890 4615">
     <span class='ocr_line' id='line_1_78' title="bbox 297 4541 1890 4615; baseline -0.003 -15"><span class='ocrx_word' id='word_1_580' title='bbox 297 4541 396 4600; x_wconf 81' lang='lat' dir='ltr'><strong>sed</strong></span> <span class='ocrx_word' id='word_1_581' title='bbox 427 4552 629 4611; x_wconf 84' lang='lat' dir='ltr'><strong>mente,</strong></span> <span class='ocrx_word' id='word_1_582' title='bbox 650 4544 883 4600; x_wconf 87' lang='lat' dir='ltr'><strong>videtur.</strong></span> <span class='ocrx_word' id='word_1_583' title='bbox 913 4543 1109 4601; x_wconf 89' lang='lat' dir='ltr'><strong>Coram</strong></span> <span class='ocrx_word' id='word_1_584' title='bbox 1136 4546 1254 4615; x_wconf 92' lang='lat' dir='ltr'><strong>ipso</strong></span> <span class='ocrx_word' id='word_1_585' title='bbox 1282 4545 1463 4613; x_wconf 87' lang='lat' dir='ltr'><strong>itaque</strong></span> <span class='ocrx_word' id='word_1_586' title='bbox 1493 4543 1743 4600; x_wconf 91' lang='lat' dir='ltr'><strong>omnibus</strong></span> <span class='ocrx_word' id='word_1_587' title='bbox 1768 4542 1890 4597; x_wconf 84' lang='lat' dir='ltr'><strong>die-</strong></span> 
     </span>
    </p>
   </div>
   <div class='ocr_carea' id='block_1_78' title="bbox 1990 3358 3586 3449">
    <p class='ocr_par' dir='ltr' id='par_1_78' title="bbox 1990 3358 3586 3449">
     <span class='ocr_line' id='line_1_79' title="bbox 1990 3358 3586 3449; baseline -0.019 -13"><span class='ocrx_word' id='word_1_588' title='bbox 1990 3396 2138 3448; x_wconf 81' lang='lat' dir='ltr'><strong>xuv,</strong></span> <span class='ocrx_word' id='word_1_589' title='bbox 2168 3377 2246 3449; x_wconf 88' lang='lat'><strong>8).</strong></span> <span class='ocrx_word' id='word_1_590' title='bbox 2273 3376 2409 3431; x_wconf 82' lang='lat' dir='ltr'><strong>Hinc</strong></span> <span class='ocrx_word' id='word_1_591' title='bbox 2438 3389 2496 3428; x_wconf 87' lang='lat' dir='ltr'><strong>se</strong></span> <span class='ocrx_word' id='word_1_592' title='bbox 2521 3373 2632 3442; x_wconf 91' lang='lat' dir='ltr'><strong>jam</strong></span> <span class='ocrx_word' id='word_1_593' title='bbox 2654 3369 2721 3423; x_wconf 92' lang='lat' dir='ltr'><strong>de</strong></span> <span class='ocrx_word' id='word_1_594' title='bbox 2749 3365 2864 3435; x_wconf 90' lang='lat' dir='ltr'><strong>ejus</strong></span> <span class='ocrx_word' id='word_1_595' title='bbox 2896 3360 3354 3431; x_wconf 88' lang='lat' dir='ltr'><strong>contemplatione</strong></span> <span class='ocrx_word' id='word_1_596' title='bbox 3384 3358 3437 3411; x_wconf 91' lang='lat' dir='ltr'><strong>in</strong></span> <span class='ocrx_word' id='word_1_597' title='bbox 3470 3368 3586 3424; x_wconf 90' lang='lat' dir='ltr'><strong>per-</strong></span> 
     </span>
    </p>
   </div>
   <div class='ocr_carea' id='block_1_79' title="bbox 1994 3449 3583 3529">
    <p class='ocr_par' dir='ltr' id='par_1_79' title="bbox 1994 3449 3583 3529">
     <span class='ocr_line' id='line_1_80' title="bbox 1994 3449 3583 3529; baseline -0.018 0"><span class='ocrx_word' id='word_1_598' title='bbox 1994 3472 2243 3529; x_wconf 85' lang='lat' dir='ltr'><strong>fectionis</strong></span> <span class='ocrx_word' id='word_1_599' title='bbox 2265 3472 2489 3523; x_wconf 83' lang='lat' dir='ltr'><strong>formam</strong></span> <span class='ocrx_word' id='word_1_600' title='bbox 2513 3469 2830 3520; x_wconf 85' lang='lat' dir='ltr'><strong>renovatum</strong></span> <span class='ocrx_word' id='word_1_601' title='bbox 2847 3457 3213 3519; x_wconf 88' lang='lat' dir='ltr'><strong>considerans,</strong></span> <span class='ocrx_word' id='word_1_602' title='bbox 3231 3453 3343 3507; x_wconf 89' lang='lat' dir='ltr'><strong>ait:</strong></span> <span class='ocrx_word' id='word_1_603' title='bbox 3368 3449 3583 3519; x_wconf 70' lang='lat' dir='ltr'><strong>Iniqua:</strong></span> 
     </span>
    </p>
   </div>
   <div class='ocr_carea' id='block_1_80' title="bbox 1991 3538 3584 3629">
    <p class='ocr_par' dir='ltr' id='par_1_80' title="bbox 1991 3538 3584 3629">
     <span class='ocr_line' id='line_1_81' title="bbox 1991 3538 3584 3629; baseline -0.017 -10"><span class='ocrx_word' id='word_1_604' title='bbox 1991 3561 2320 3627; x_wconf 81' lang='lat' dir='ltr'><strong>odiahabui,</strong></span> <span class='ocrx_word' id='word_1_605' title='bbox 2362 3570 2412 3614; x_wconf 88' lang='lat' dir='ltr'><strong>et</strong></span> <span class='ocrx_word' id='word_1_606' title='bbox 2442 3559 2604 3629; x_wconf 87' lang='lat' dir='ltr'><strong>legem</strong></span> <span class='ocrx_word' id='word_1_607' title='bbox 2633 3567 2772 3610; x_wconf 89' lang='lat' dir='ltr'><strong>tuam</strong></span> <span class='ocrx_word' id='word_1_608' title='bbox 2800 3553 2959 3609; x_wconf 72' lang='lat' dir='ltr'><strong>dilexi</strong></span> <span class='ocrx_word' id='word_1_609' title='bbox 3002 3547 3187 3623; x_wconf 78' lang='lat' dir='ltr'><strong>(Psal.</strong></span> <span class='ocrx_word' id='word_1_610' title='bbox 3212 3559 3394 3609; x_wconf 82' lang='lat' dir='ltr'><strong>cmn,</strong></span> <span class='ocrx_word' id='word_1_611' title='bbox 3422 3538 3584 3629; x_wconf 65' lang='lat' dir='ltr'><strong>HS).</strong></span> 
     </span>
    </p>
   </div>
   <div class='ocr_carea' id='block_1_81' title="bbox 1992 3627 3584 3723">
    <p class='ocr_par' dir='ltr' id='par_1_81' title="bbox 1992 3627 3584 3723">
     <span class='ocr_line' id='line_1_82' title="bbox 1992 3627 3584 3723; baseline -0.019 -11"><span class='ocrx_word' id='word_1_612' title='bbox 1992 3654 2095 3723; x_wconf 91' lang='lat' dir='ltr'><strong>Qui</strong></span> <span class='ocrx_word' id='word_1_613' title='bbox 2141 3666 2270 3721; x_wconf 89' lang='lat' dir='ltr'><strong>ergo</strong></span> <span class='ocrx_word' id='word_1_614' title='bbox 2307 3651 2373 3706; x_wconf 91' lang='lat' dir='ltr'><strong>de</strong></span> <span class='ocrx_word' id='word_1_615' title='bbox 2409 3627 2571 3705; x_wconf 84' lang='lat' dir='ltr'><strong>domo</strong></span> <span class='ocrx_word' id='word_1_616' title='bbox 2598 3645 2813 3718; x_wconf 87' lang='lat' dir='ltr'><strong>reprobi</strong></span> <span class='ocrx_word' id='word_1_617' title='bbox 2856 3657 2954 3716; x_wconf 90' lang='lat' dir='ltr'><strong>per</strong></span> <span class='ocrx_word' id='word_1_618' title='bbox 2980 3637 3381 3696; x_wconf 82' lang='lat' dir='ltr'><strong>confessionem</strong></span> <span class='ocrx_word' id='word_1_619' title='bbox 3410 3627 3584 3723; x_wconf 83' lang='lat' dir='ltr'><strong>venit,</strong></span> 
     </span>
    </p>
   </div>
   <div class='ocr_carea' id='block_1_82' title="bbox 1990 3720 3584 3819">
    <p class='ocr_par' dir='ltr' id='par_1_82' title="bbox 1990 3720 3584 3819">
     <span class='ocr_line' id='line_1_83' title="bbox 1990 3720 3584 3819; baseline -0.019 -14"><span class='ocrx_word' id='word_1_620' title='bbox 1990 3720 2084 3819; x_wconf 77' lang='lat' dir='ltr'><strong>qui</strong></span> <span class='ocrx_word' id='word_1_621' title='bbox 2130 3762 2226 3818; x_wconf 90' lang='lat' dir='ltr'><strong>per</strong></span> <span class='ocrx_word' id='word_1_622' title='bbox 2263 3743 2617 3800; x_wconf 90' lang='lat' dir='ltr'><strong>humilitatem</strong></span> <span class='ocrx_word' id='word_1_623' title='bbox 2666 3754 2764 3810; x_wconf 90' lang='lat' dir='ltr'><strong>pro</strong></span> <span class='ocrx_word' id='word_1_624' title='bbox 2802 3752 2864 3793; x_wconf 91' lang='lat' dir='ltr'><strong>se</strong></span> <span class='ocrx_word' id='word_1_625' title='bbox 2902 3733 3047 3792; x_wconf 89' lang='lat' dir='ltr'><strong>orari</strong></span> <span class='ocrx_word' id='word_1_626' title='bbox 3088 3728 3375 3786; x_wconf 92' lang='lat' dir='ltr'><strong>Dominum</strong></span> <span class='ocrx_word' id='word_1_627' title='bbox 3419 3720 3584 3794; x_wconf 89' lang='lat' dir='ltr'><strong>petit,</strong></span> 
     </span>
    </p>
   </div>
   <div class='ocr_carea' id='block_1_83' title="bbox 1991 3823 3583 3897">
    <p class='ocr_par' dir='ltr' id='par_1_83' title="bbox 1991 3823 3583 3897">
     <span class='ocr_line' id='line_1_84' title="bbox 1991 3823 3583 3897; baseline -0.018 -1"><span class='ocrx_word' id='word_1_628' title='bbox 1991 3849 2144 3897; x_wconf 87' lang='lat' dir='ltr'><strong>curet</strong></span> <span class='ocrx_word' id='word_1_629' title='bbox 2181 3836 2402 3893; x_wconf 90' lang='lat' dir='ltr'><strong>omnino</strong></span> <span class='ocrx_word' id='word_1_630' title='bbox 2449 3848 2670 3889; x_wconf 90' lang='lat' dir='ltr'><strong>necesse</strong></span> <span class='ocrx_word' id='word_1_631' title='bbox 2712 3837 2795 3886; x_wconf 63' lang='grc' dir='ltr'><strong>θεῖ</strong></span> <span class='ocrx_word' id='word_1_632' title='bbox 2838 3836 2895 3883; x_wconf 93' lang='lat' dir='ltr'><strong>ut</strong></span> <span class='ocrx_word' id='word_1_633' title='bbox 2937 3836 3218 3882; x_wconf 89' lang='lat' dir='ltr'><strong>nummum</strong></span> <span class='ocrx_word' id='word_1_634' title='bbox 3267 3823 3583 3887; x_wconf 86' lang='lat' dir='ltr'><strong>argenteum</strong></span> 
     </span>
    </p>
   </div>
   <div class='ocr_carea' id='block_1_84' title="bbox 1992 3905 3590 4001">
    <p class='ocr_par' dir='ltr' id='par_1_84' title="bbox 1992 3905 3590 4001">
     <span class='ocr_line' id='line_1_85' title="bbox 1992 3905 3590 4001; baseline -0.019 -12"><span class='ocrx_word' id='word_1_635' title='bbox 1992 3932 2202 3998; x_wconf 81' lang='lat' dir='ltr'><strong>oﬁerat,</strong></span> <span class='ocrx_word' id='word_1_636' title='bbox 2226 3936 2508 4001; x_wconf 90' lang='lat' dir='ltr'><strong>quatenus,</strong></span> <span class='ocrx_word' id='word_1_637' title='bbox 2531 3932 2746 3996; x_wconf 90' lang='lat' dir='ltr'><strong>sumpto</strong></span> <span class='ocrx_word' id='word_1_638' title='bbox 2771 3918 3059 3994; x_wconf 87' lang='lat' dir='ltr'><strong>splendore</strong></span> <span class='ocrx_word' id='word_1_639' title='bbox 3086 3915 3244 3970; x_wconf 76' lang='lat' dir='ltr'><strong>bonze</strong></span> <span class='ocrx_word' id='word_1_640' title='bbox 3272 3905 3590 4001; x_wconf 86' lang='lat' dir='ltr'><strong>voluntatis,</strong></span> 
     </span>
    </p>
   </div>
   <div class='ocr_carea' id='block_1_85' title="bbox 1992 3999 3587 4095">
    <p class='ocr_par' dir='ltr' id='par_1_85' title="bbox 1992 3999 3587 4095">
     <span class='ocr_line' id='line_1_86' title="bbox 1992 3999 3587 4095; baseline -0.018 -17"><span class='ocrx_word' id='word_1_641' title='bbox 1992 4021 2231 4095; x_wconf 86' lang='lat' dir='ltr'><strong>perfecte</strong></span> <span class='ocrx_word' id='word_1_642' title='bbox 2247 3999 2439 4075; x_wconf 70' lang='lat' dir='ltr'><strong>ederit</strong></span> <span class='ocrx_word' id='word_1_643' title='bbox 2466 4016 2667 4071; x_wconf 91' lang='lat' dir='ltr'><strong>malum</strong></span> <span class='ocrx_word' id='word_1_644' title='bbox 2697 4011 2843 4083; x_wconf 90' lang='lat' dir='ltr'><strong>quod</strong></span> <span class='ocrx_word' id='word_1_645' title='bbox 2876 4008 3033 4073; x_wconf 87' lang='lat' dir='ltr'><strong>fecit,</strong></span> <span class='ocrx_word' id='word_1_646' title='bbox 3066 4013 3122 4060; x_wconf 87' lang='lat' dir='ltr'><strong>et</strong></span> <span class='ocrx_word' id='word_1_647' title='bbox 3147 3999 3587 4095; x_wconf 27' lang='lat' dir='ltr'><strong>bonum-integro</strong></span> 
     </span>
    </p>
   </div>
   <div class='ocr_carea' id='block_1_86' title="bbox 1993 4087 3591 4180">
    <p class='ocr_par' dir='ltr' id='par_1_86' title="bbox 1993 4087 3591 4180">
     <span class='ocr_line' id='line_1_87' title="bbox 1993 4087 3591 4180; baseline -0.019 -10"><span class='ocrx_word' id='word_1_648' title='bbox 1993 4087 2179 4169; x_wconf 70' lang='lat' dir='ltr'><strong>amore</strong></span> <span class='ocrx_word' id='word_1_649' title='bbox 2205 4112 2393 4180; x_wconf 88' lang='lat' dir='ltr'><strong>diligat</strong></span> <span class='ocrx_word' id='word_1_650' title='bbox 2418 4108 2562 4179; x_wconf 92' lang='lat' dir='ltr'><strong>quod</strong></span> <span class='ocrx_word' id='word_1_651' title='bbox 2602 4103 2918 4175; x_wconf 83' lang='lat' dir='ltr'><strong>neglexerit.</strong></span> <span class='ocrx_word' id='word_1_652' title='bbox 2960 4098 3114 4153; x_wconf 90' lang='lat' dir='ltr'><strong>Unde</strong></span> <span class='ocrx_word' id='word_1_653' title='bbox 3154 4104 3208 4150; x_wconf 91' lang='lat' dir='ltr'><strong>et</strong></span> <span class='ocrx_word' id='word_1_654' title='bbox 3238 4092 3367 4162; x_wconf 92' lang='lat' dir='ltr'><strong>justi</strong></span> <span class='ocrx_word' id='word_1_655' title='bbox 3393 4087 3591 4159; x_wconf 90' lang='lat' dir='ltr'><strong>judicis</strong></span> 
     </span>
    </p>
   </div>
   <div class='ocr_carea' id='block_1_87' title="bbox 1994 4181 3591 4277">
    <p class='ocr_par' dir='ltr' id='par_1_87' title="bbox 1994 4181 3591 4277">
     <span class='ocr_line' id='line_1_88' title="bbox 1994 4181 3591 4277; baseline -0.021 -12"><span class='ocrx_word' id='word_1_656' title='bbox 1994 4208 2244 4265; x_wconf 80' lang='lat' dir='ltr'><strong>examine</strong></span> <span class='ocrx_word' id='word_1_657' title='bbox 2276 4200 2675 4277; x_wconf 90' lang='lat' dir='ltr'><strong>propitiationis</strong></span> <span class='ocrx_word' id='word_1_658' title='bbox 2701 4197 2877 4252; x_wconf 90' lang='lat' dir='ltr'><strong>edicta</strong></span> <span class='ocrx_word' id='word_1_659' title='bbox 2903 4190 3331 4264; x_wconf 83' lang='lat' dir='ltr'><strong>promulgantur.</strong></span> <span class='ocrx_word' id='word_1_660' title='bbox 3364 4181 3429 4237; x_wconf 84' lang='lat' dir='ltr'><strong>In</strong></span> <span class='ocrx_word' id='word_1_661' title='bbox 3461 4196 3591 4277; x_wconf 71' lang='lat' dir='ltr'><strong>qua-</strong></span> 
     </span>
    </p>
   </div>
   <div class='ocr_carea' id='block_1_88' title="bbox 1994 4271 3593 4374">
    <p class='ocr_par' dir='ltr' id='par_1_88' title="bbox 1994 4271 3593 4374">
     <span class='ocr_line' id='line_1_89' title="bbox 1994 4271 3593 4374; baseline -0.021 -17"><span class='ocrx_word' id='word_1_662' title='bbox 1994 4318 2189 4374; x_wconf 87' lang='lat' dir='ltr'><strong>cunque</strong></span> <span class='ocrx_word' id='word_1_663' title='bbox 2217 4271 2330 4365; x_wconf 71' lang='lat' dir='ltr'><strong>die,</strong></span> <span class='ocrx_word' id='word_1_664' title='bbox 2355 4271 2441 4350; x_wconf 70' lang='lat' dir='ltr'><strong>vel</strong></span> <span class='ocrx_word' id='word_1_665' title='bbox 2488 4295 2647 4358; x_wconf 85' lang='lat' dir='ltr'><strong>hora,</strong></span> <span class='ocrx_word' id='word_1_666' title='bbox 2691 4289 2796 4353; x_wconf 88' lang='lat' dir='ltr'><strong>ait,</strong></span> <span class='ocrx_word' id='word_1_667' title='bbox 2828 4291 3069 4360; x_wconf 82' lang='lat' dir='ltr'><strong>peccator</strong></span> <span class='ocrx_word' id='word_1_668' title='bbox 3112 4278 3454 4337; x_wconf 84' lang='lat' dir='ltr'><strong>convertitur,</strong></span> <span class='ocrx_word' id='word_1_669' title='bbox 3487 4271 3593 4373; x_wconf 66' lang='lat' dir='ltr'><strong>vita</strong></span> 
     </span>
    </p>
   </div>
   <div class='ocr_carea' id='block_1_89' title="bbox 1996 4362 3592 4461">
    <p class='ocr_par' dir='ltr' id='par_1_89' title="bbox 1996 4362 3592 4461">
     <span class='ocr_line' id='line_1_90' title="bbox 1996 4362 3592 4461; baseline -0.021 -13"><span class='ocrx_word' id='word_1_670' title='bbox 1996 4362 2145 4461; x_wconf 47' lang='lat' dir='ltr'><strong>vive&#39;t,</strong></span> <span class='ocrx_word' id='word_1_671' title='bbox 2166 4362 2339 4445; x_wconf 85' lang='lat' dir='ltr'><strong>etnon</strong></span> <span class='ocrx_word' id='word_1_672' title='bbox 2360 4387 2605 4442; x_wconf 86' lang='lat' dir='ltr'><strong>morietur</strong></span> <span class='ocrx_word' id='word_1_673' title='bbox 2627 4381 2841 4454; x_wconf 73' lang='lat' dir='ltr'><strong>(Ezech.</strong></span> <span class='ocrx_word' id='word_1_674' title='bbox 2870 4392 3020 4441; x_wconf 84' lang='lat' dir='ltr'><strong>xvm,</strong></span> <span class='ocrx_word' id='word_1_675' title='bbox 3042 4373 3134 4441; x_wconf 72' lang='grc'><strong>21,</strong></span> <span class='ocrx_word' id='word_1_676' title='bbox 3157 4369 3271 4442; x_wconf 70' lang='grc'><strong>27).</strong></span> <span class='ocrx_word' id='word_1_677' title='bbox 3294 4362 3592 4461; x_wconf 79' lang='lat' dir='ltr'><strong>Conversio</strong></span> 
     </span>
    </p>
   </div>
   <div class='ocr_carea' id='block_1_90' title="bbox 1999 4456 3589 4553">
    <p class='ocr_par' dir='ltr' id='par_1_90' title="bbox 1999 4456 3589 4553">
     <span class='ocr_line' id='line_1_91' title="bbox 1999 4456 3589 4553; baseline -0.021 -12"><span class='ocrx_word' id='word_1_678' title='bbox 1999 4456 2178 4541; x_wconf 83' lang='lat' dir='ltr'><strong>autem</strong></span> <span class='ocrx_word' id='word_1_679' title='bbox 2207 4480 2509 4553; x_wconf 90' lang='lat' dir='ltr'><strong>peccatoris</strong></span> <span class='ocrx_word' id='word_1_680' title='bbox 2536 4492 2641 4531; x_wconf 91' lang='lat' dir='ltr'><strong>non</strong></span> <span class='ocrx_word' id='word_1_681' title='bbox 2674 4481 2755 4529; x_wconf 90' lang='lat' dir='ltr'><strong>est</strong></span> <span class='ocrx_word' id='word_1_682' title='bbox 2789 4472 2841 4527; x_wconf 92' lang='lat' dir='ltr'><strong>in</strong></span> <span class='ocrx_word' id='word_1_683' title='bbox 2872 4468 3175 4541; x_wconf 85' lang='lat' dir='ltr'><strong>humilitate</strong></span> <span class='ocrx_word' id='word_1_684' title='bbox 3215 4456 3589 4519; x_wconf 81' lang='lat' dir='ltr'><strong>confessionis,</strong></span> 
     </span>
    </p>
   </div>
   <div class='ocr_carea' id='block_1_91' title="bbox 1997 4556 3591 4630">
    <p class='ocr_par' dir='ltr' id='par_1_91' title="bbox 1997 4556 3591 4630">
     <span class='ocr_line' id='line_1_92' title="bbox 1997 4556 3591 4630; baseline -0.019 0"><span class='ocrx_word' id='word_1_685' title='bbox 1997 4574 2093 4630; x_wconf 90' lang='lat' dir='ltr'><strong>sed</strong></span> <span class='ocrx_word' id='word_1_686' title='bbox 2137 4573 2190 4627; x_wconf 92' lang='lat' dir='ltr'><strong>in</strong></span> <span class='ocrx_word' id='word_1_687' title='bbox 2231 4569 2584 4626; x_wconf 86' lang='lat' dir='ltr'><strong>renovatione</strong></span> <span class='ocrx_word' id='word_1_688' title='bbox 2628 4558 2899 4620; x_wconf 79' lang='lat' dir='ltr'><strong>interioris</strong></span> <span class='ocrx_word' id='word_1_689' title='bbox 2939 4556 3192 4622; x_wconf 90' lang='lat' dir='ltr'><strong>hominis,</strong></span> <span class='ocrx_word' id='word_1_690' title='bbox 3226 4567 3347 4609; x_wconf 92' lang='lat' dir='ltr'><strong>cum</strong></span> <span class='ocrx_word' id='word_1_691' title='bbox 3393 4560 3591 4621; x_wconf 87' lang='lat' dir='ltr'><strong>pecca-</strong></span> 
     </span>
    </p>
   </div>
   <div class='ocr_carea' id='block_1_92' title="bbox 298 4637 3593 4735">
    <p class='ocr_par' dir='ltr' id='par_1_92' title="bbox 298 4637 3593 4735">
     <span class='ocr_line' id='line_1_93' title="bbox 298 4637 3593 4735; baseline -0.004 -44"><span class='ocrx_word' id='word_1_692' title='bbox 298 4637 405 4735; x_wconf 41' lang='grc' dir='ltr'><strong>ἕως</strong></span> <span class='ocrx_word' id='word_1_693' title='bbox 425 4638 665 4692; x_wconf 88' lang='lat' dir='ltr'><strong>ambulat</strong></span> <span class='ocrx_word' id='word_1_694' title='bbox 691 4640 780 4708; x_wconf 92' lang='lat' dir='ltr'><strong>qui</strong></span> <span class='ocrx_word' id='word_1_695' title='bbox 825 4639 1153 4735; x_wconf 76' lang='lat' dir='ltr'><strong>cogitatione</strong></span> <span class='ocrx_word' id='word_1_696' title='bbox 1204 4640 1379 4735; x_wconf 81' lang='lat' dir='ltr'><strong>subita</strong></span> <span class='ocrx_word' id='word_1_697' title='bbox 1433 4638 1565 4694; x_wconf 90' lang='lat' dir='ltr'><strong>nihil</strong></span> <span class='ocrx_word' id='word_1_698' title='bbox 1614 4648 1891 4735; x_wconf 63' lang='lat' dir='ltr'><strong>operatur.</strong></span> <span class='ocrx_word' id='word_1_699' title='bbox 1924 4653 1980 4714; x_wconf 78' lang='grc' dir='ltr'><strong>ι)</strong></span> <span class='ocrx_word' id='word_1_700' title='bbox 2003 4667 2127 4731; x_wconf 50' lang='lat' dir='ltr'><strong>lori,</strong></span> <span class='ocrx_word' id='word_1_701' title='bbox 2153 4665 2265 4735; x_wconf 63' lang='lat' dir='ltr'><strong>iam</strong></span> <span class='ocrx_word' id='word_1_702' title='bbox 2293 4662 2470 4717; x_wconf 67' lang='lat' dir='ltr'><strong>divina</strong></span> <span class='ocrx_word' id='word_1_703' title='bbox 2502 4656 2853 4728; x_wconf 60' lang='lat' dir='ltr'><strong>impiralione</strong></span> <span class='ocrx_word' id='word_1_704' title='bbox 2875 4658 3143 4714; x_wconf 54' lang='grc' dir='ltr'><strong>εοηεοιο,</strong></span> <span class='ocrx_word' id='word_1_705' title='bbox 3164 4654 3216 4701; x_wconf 65' lang='grc' dir='ltr'><strong>ει</strong></span> <span class='ocrx_word' id='word_1_706' title='bbox 3247 4642 3447 4700; x_wconf 68' lang='lat' dir='ltr'><strong>malum</strong></span> <span class='ocrx_word' id='word_1_707' title='bbox 3479 4638 3593 4691; x_wconf 76' lang='lat' dir='ltr'><strong>dis-</strong></span> 
     </span>
    </p>
   </div>
   <div class='ocr_carea' id='block_1_93' title="bbox 298 4726 1895 4801">
    <p class='ocr_par' dir='ltr' id='par_1_93' title="bbox 298 4726 1895 4801">
     <span class='ocr_line' id='line_1_94' title="bbox 298 4726 1895 4801; baseline -0.001 -20"><span class='ocrx_word' id='word_1_708' title='bbox 298 4726 442 4782; x_wconf 81' lang='lat' dir='ltr'><strong>Nam</strong></span> <span class='ocrx_word' id='word_1_709' title='bbox 474 4736 532 4782; x_wconf 95' lang='lat' dir='ltr'><strong>ut</strong></span> <span class='ocrx_word' id='word_1_710' title='bbox 561 4737 741 4784; x_wconf 91' lang='lat' dir='ltr'><strong>rectos</strong></span> <span class='ocrx_word' id='word_1_711' title='bbox 768 4744 983 4799; x_wconf 92' lang='lat' dir='ltr'><strong>gressus</strong></span> <span class='ocrx_word' id='word_1_712' title='bbox 1014 4730 1143 4785; x_wconf 87' lang='lat' dir='ltr'><strong>foris</strong></span> <span class='ocrx_word' id='word_1_713' title='bbox 1172 4739 1338 4801; x_wconf 91' lang='lat' dir='ltr'><strong>ponat</strong></span> <span class='ocrx_word' id='word_1_714' title='bbox 1360 4730 1415 4784; x_wconf 93' lang='lat' dir='ltr'><strong>in</strong></span> <span class='ocrx_word' id='word_1_715' title='bbox 1439 4743 1627 4799; x_wconf 91' lang='lat' dir='ltr'><strong>opere,</strong></span> <span class='ocrx_word' id='word_1_716' title='bbox 1656 4728 1803 4782; x_wconf 92' lang='lat' dir='ltr'><strong>intus</strong></span> <span class='ocrx_word' id='word_1_717' title='bbox 1828 4727 1895 4781; x_wconf 92' lang='lat' dir='ltr'><strong>ad</strong></span> 
     </span>
    </p>
   </div>
   <div class='ocr_carea' id='block_1_94' title="bbox 300 4822 1901 4895">
    <p class='ocr_par' dir='ltr' id='par_1_94' title="bbox 300 4822 1901 4895">
     <span class='ocr_line' id='line_1_95' title="bbox 300 4822 1901 4895; baseline -0.004 -17"><span class='ocrx_word' id='word_1_718' title='bbox 300 4823 580 4878; x_wconf 88' lang='lat' dir='ltr'><strong>Christum</strong></span> <span class='ocrx_word' id='word_1_719' title='bbox 610 4825 851 4894; x_wconf 91' lang='lat' dir='ltr'><strong>respicit,</strong></span> <span class='ocrx_word' id='word_1_720' title='bbox 881 4839 1043 4895; x_wconf 90' lang='lat' dir='ltr'><strong>quem</strong></span> <span class='ocrx_word' id='word_1_721' title='bbox 1062 4837 1159 4894; x_wconf 91' lang='lat' dir='ltr'><strong>per</strong></span> <span class='ocrx_word' id='word_1_722' title='bbox 1200 4822 1689 4878; x_wconf 89' lang='lat' dir='ltr'><strong>considerationem</strong></span> <span class='ocrx_word' id='word_1_723' title='bbox 1718 4825 1901 4888; x_wconf 89' lang='lat' dir='ltr'><strong>portat</strong></span> 
     </span>
    </p>
   </div>
   <div class='ocr_carea' id='block_1_95' title="bbox 300 4913 1901 4987">
    <p class='ocr_par' dir='ltr' id='par_1_95' title="bbox 300 4913 1901 4987">
     <span class='ocr_line' id='line_1_96' title="bbox 300 4913 1901 4987; baseline -0.004 -14"><span class='ocrx_word' id='word_1_724' title='bbox 300 4919 360 4973; x_wconf 90' lang='lat' dir='ltr'><strong>in</strong></span> <span class='ocrx_word' id='word_1_725' title='bbox 384 4918 568 4973; x_wconf 90' lang='lat' dir='ltr'><strong>corde.</strong></span> <span class='ocrx_word' id='word_1_726' title='bbox 599 4917 707 4972; x_wconf 88' lang='lat' dir='ltr'><strong>Sed</strong></span> <span class='ocrx_word' id='word_1_727' title='bbox 728 4919 853 4986; x_wconf 88' lang='lat' dir='ltr'><strong>quia</strong></span> <span class='ocrx_word' id='word_1_728' title='bbox 882 4916 1058 4972; x_wconf 92' lang='lat' dir='ltr'><strong>adhuc</strong></span> <span class='ocrx_word' id='word_1_729' title='bbox 1085 4916 1327 4987; x_wconf 87' lang='lat' dir='ltr'><strong>reprobo</strong></span> <span class='ocrx_word' id='word_1_730' title='bbox 1376 4915 1583 4986; x_wconf 90' lang='lat' dir='ltr'><strong>pastori</strong></span> <span class='ocrx_word' id='word_1_731' title='bbox 1612 4913 1851 4984; x_wconf 87' lang='lat' dir='ltr'><strong>loquitur</strong></span> <span class='ocrx_word' id='word_1_732' title='bbox 1885 4951 1901 4978; x_wconf 93' lang='lat'><strong>,</strong></span> 
     </span>
    </p>
   </div>
   <div class='ocr_carea' id='block_1_96' title="bbox 302 5011 811 5080">
    <p class='ocr_par' dir='ltr' id='par_1_96' title="bbox 302 5011 811 5080">
     <span class='ocr_line' id='line_1_97' title="bbox 302 5011 811 5080; baseline -0.002 -15"><span class='ocrx_word' id='word_1_733' title='bbox 302 5011 657 5080; x_wconf 88' lang='lat' dir='ltr'><strong>subjungens,</strong></span> <span class='ocrx_word' id='word_1_734' title='bbox 689 5011 765 5065; x_wconf 92' lang='lat' dir='ltr'><strong>ait</strong></span> <span class='ocrx_word' id='word_1_735' title='bbox 796 5028 811 5065; x_wconf 87' lang='lat'><strong>:</strong></span> 
     </span>
    </p>
   </div>
   <div class='ocr_carea' id='block_1_97' title="bbox 383 5122 1900 5195">
    <p class='ocr_par' dir='ltr' id='par_1_97' title="bbox 383 5122 1900 5195">
     <span class='ocr_line' id='line_1_98' title="bbox 383 5122 1900 5195; baseline -0.003 -18"><span class='ocrx_word' id='word_1_736' title='bbox 383 5123 559 5195; x_wconf 84' lang='lat' dir='ltr'><strong>(Vers.</strong></span> <span class='ocrx_word' id='word_1_737' title='bbox 617 5123 730 5194; x_wconf 81' lang='lat'><strong>‘56.)</strong></span> <span class='ocrx_word' id='word_1_738' title='bbox 764 5123 1021 5178; x_wconf 86' lang='lat' dir='ltr'><strong>Futurum</strong></span> <span class='ocrx_word' id='word_1_739' title='bbox 1061 5133 1139 5179; x_wconf 79' lang='lat' dir='ltr'><strong>est</strong></span> <span class='ocrx_word' id='word_1_740' title='bbox 1194 5133 1366 5177; x_wconf 87' lang='lat' dir='ltr'><strong>autem</strong></span> <span class='ocrx_word' id='word_1_741' title='bbox 1395 5131 1451 5176; x_wconf 84' lang='lat' dir='ltr'><strong>ut</strong></span> <span class='ocrx_word' id='word_1_742' title='bbox 1479 5122 1765 5194; x_wconf 81' lang='lat' dir='ltr'><strong>quicunque</strong></span> <span class='ocrx_word' id='word_1_743' title='bbox 1812 5134 1900 5173; x_wconf 86' lang='lat' dir='ltr'><strong>re-</strong></span> 
     </span>
    </p>
   </div>
   <div class='ocr_carea' id='block_1_98' title="bbox 308 5217 1651 5285">
    <p class='ocr_par' dir='ltr' id='par_1_98' title="bbox 308 5217 1651 5285">
     <span class='ocr_line' id='line_1_99' title="bbox 308 5217 1651 5285; baseline -0.003 -14"><span class='ocrx_word' id='word_1_744' title='bbox 308 5217 565 5271; x_wconf 75' lang='lat' dir='ltr'><strong>manserit</strong></span> <span class='ocrx_word' id='word_1_745' title='bbox 595 5217 657 5270; x_wconf 86' lang='lat' dir='ltr'><strong>de</strong></span> <span class='ocrx_word' id='word_1_746' title='bbox 686 5217 839 5271; x_wconf 85' lang='lat' dir='ltr'><strong>domo</strong></span> <span class='ocrx_word' id='word_1_747' title='bbox 867 5224 956 5269; x_wconf 88' lang='lat' dir='ltr'><strong>tua</strong></span> <span class='ocrx_word' id='word_1_748' title='bbox 976 5217 1149 5270; x_wconf 84' lang='lat' dir='ltr'><strong>veniat</strong></span> <span class='ocrx_word' id='word_1_749' title='bbox 1168 5224 1225 5269; x_wconf 84' lang='lat' dir='ltr'><strong>ut</strong></span> <span class='ocrx_word' id='word_1_750' title='bbox 1250 5225 1422 5271; x_wconf 87' lang='lat' dir='ltr'><strong>oretur</strong></span> <span class='ocrx_word' id='word_1_751' title='bbox 1449 5230 1542 5285; x_wconf 83' lang='lat' dir='ltr'><strong>pro</strong></span> <span class='ocrx_word' id='word_1_752' title='bbox 1571 5230 1651 5268; x_wconf 89' lang='lat' dir='ltr'><strong>eo.</strong></span> 
     </span>
    </p>
   </div>
   <div class='ocr_carea' id='block_1_99' title="bbox 382 5303 1903 5379">
    <p class='ocr_par' dir='ltr' id='par_1_99' title="bbox 382 5303 1903 5379">
     <span class='ocr_line' id='line_1_100' title="bbox 382 5303 1903 5379; baseline -0.003 -18"><span class='ocrx_word' id='word_1_753' title='bbox 382 5306 471 5363; x_wconf 71' lang='lat'><strong>25.</strong></span> <span class='ocrx_word' id='word_1_754' title='bbox 505 5308 872 5365; x_wconf 78' lang='lat' dir='ltr'><strong>Remansurus</strong></span> <span class='ocrx_word' id='word_1_755' title='bbox 898 5324 1129 5379; x_wconf 88' lang='lat' dir='ltr'><strong>namque</strong></span> <span class='ocrx_word' id='word_1_756' title='bbox 1156 5308 1221 5363; x_wconf 91' lang='lat' dir='ltr'><strong>de</strong></span> <span class='ocrx_word' id='word_1_757' title='bbox 1268 5308 1385 5378; x_wconf 91' lang='lat' dir='ltr'><strong>ejus</strong></span> <span class='ocrx_word' id='word_1_758' title='bbox 1413 5307 1576 5362; x_wconf 91' lang='lat' dir='ltr'><strong>domo</strong></span> <span class='ocrx_word' id='word_1_759' title='bbox 1608 5304 1801 5376; x_wconf 89' lang='lat' dir='ltr'><strong>allquis</strong></span> <span class='ocrx_word' id='word_1_760' title='bbox 1821 5303 1903 5358; x_wconf 84' lang='lat' dir='ltr'><strong>di-</strong></span> 
     </span>
    </p>
   </div>
   <div class='ocr_carea' id='block_1_100' title="bbox 310 5397 1900 5472">
    <p class='ocr_par' dir='ltr' id='par_1_100' title="bbox 310 5397 1900 5472">
     <span class='ocr_line' id='line_1_101' title="bbox 310 5397 1900 5472; baseline -0.004 -17"><span class='ocrx_word' id='word_1_761' title='bbox 310 5400 479 5469; x_wconf 86' lang='lat' dir='ltr'><strong>citur,</strong></span> <span class='ocrx_word' id='word_1_762' title='bbox 507 5401 631 5471; x_wconf 86' lang='lat' dir='ltr'><strong>quia</strong></span> <span class='ocrx_word' id='word_1_763' title='bbox 677 5415 871 5470; x_wconf 86' lang='lat' dir='ltr'><strong>magna</strong></span> <span class='ocrx_word' id='word_1_764' title='bbox 911 5417 1038 5472; x_wconf 91' lang='lat' dir='ltr'><strong>pars</strong></span> <span class='ocrx_word' id='word_1_765' title='bbox 1083 5402 1225 5456; x_wconf 90' lang='lat' dir='ltr'><strong>illius</strong></span> <span class='ocrx_word' id='word_1_766' title='bbox 1263 5401 1524 5455; x_wconf 90' lang='lat' dir='ltr'><strong>moritura</strong></span> <span class='ocrx_word' id='word_1_767' title='bbox 1566 5397 1900 5469; x_wconf 87' lang='lat' dir='ltr'><strong>perhibetur.</strong></span> 
     </span>
    </p>
   </div>
   <div class='ocr_carea' id='block_1_101' title="bbox 311 5492 1901 5565">
    <p class='ocr_par' dir='ltr' id='par_1_101' title="bbox 311 5492 1901 5565">
     <span class='ocr_line' id='line_1_102' title="bbox 311 5492 1901 5565; baseline -0.004 -17"><span class='ocrx_word' id='word_1_768' title='bbox 311 5492 392 5548; x_wconf 91' lang='lat' dir='ltr'><strong>De</strong></span> <span class='ocrx_word' id='word_1_769' title='bbox 426 5492 592 5549; x_wconf 89' lang='lat' dir='ltr'><strong>domo</strong></span> <span class='ocrx_word' id='word_1_770' title='bbox 641 5508 874 5565; x_wconf 88' lang='lat' dir='ltr'><strong>namque</strong></span> <span class='ocrx_word' id='word_1_771' title='bbox 912 5492 1130 5564; x_wconf 90' lang='lat' dir='ltr'><strong>reprobi</strong></span> <span class='ocrx_word' id='word_1_772' title='bbox 1178 5493 1411 5564; x_wconf 90' lang='lat' dir='ltr'><strong>pastoris</strong></span> <span class='ocrx_word' id='word_1_773' title='bbox 1457 5497 1703 5546; x_wconf 88' lang='lat' dir='ltr'><strong>remanet</strong></span> <span class='ocrx_word' id='word_1_774' title='bbox 1740 5502 1901 5557; x_wconf 91' lang='lat' dir='ltr'><strong>quem</strong></span> 
     </span>
    </p>
   </div>
   <div class='ocr_carea' id='block_1_102' title="bbox 309 5589 1904 5661">
    <p class='ocr_par' dir='ltr' id='par_1_102' title="bbox 309 5589 1904 5661">
     <span class='ocr_line' id='line_1_103' title="bbox 309 5589 1904 5661; baseline -0.003 -18"><span class='ocrx_word' id='word_1_775' title='bbox 309 5589 643 5645; x_wconf 85' lang='lat' dir='ltr'><strong>conscientia</strong></span> <span class='ocrx_word' id='word_1_776' title='bbox 669 5590 877 5660; x_wconf 91' lang='lat' dir='ltr'><strong>peccati</strong></span> <span class='ocrx_word' id='word_1_777' title='bbox 898 5605 929 5644; x_wconf 88' lang='lat' dir='ltr'><strong>a</strong></span> <span class='ocrx_word' id='word_1_778' title='bbox 956 5605 1052 5661; x_wconf 91' lang='lat' dir='ltr'><strong>spe</strong></span> <span class='ocrx_word' id='word_1_779' title='bbox 1076 5589 1467 5660; x_wconf 75' lang='lat' dir='ltr'><strong>consequendze</strong></span> <span class='ocrx_word' id='word_1_780' title='bbox 1488 5589 1657 5643; x_wconf 69' lang='lat' dir='ltr'><strong>venia:</strong></span> <span class='ocrx_word' id='word_1_781' title='bbox 1678 5602 1786 5642; x_wconf 89' lang='lat' dir='ltr'><strong>non</strong></span> <span class='ocrx_word' id='word_1_782' title='bbox 1808 5602 1904 5642; x_wconf 89' lang='lat' dir='ltr'><strong>ex-</strong></span> 
     </span>
    </p>
   </div>
   <div class='ocr_carea' id='block_1_103' title="bbox 309 5680 1904 5753">
    <p class='ocr_par' dir='ltr' id='par_1_103' title="bbox 309 5680 1904 5753">
     <span class='ocr_line' id='line_1_104' title="bbox 309 5680 1904 5753; baseline -0.003 -17"><span class='ocrx_word' id='word_1_783' title='bbox 309 5682 556 5753; x_wconf 87' lang='lat' dir='ltr'><strong>stinguit.</strong></span> <span class='ocrx_word' id='word_1_784' title='bbox 587 5683 852 5739; x_wconf 86' lang='lat' dir='ltr'><strong>Remanet</strong></span> <span class='ocrx_word' id='word_1_785' title='bbox 883 5697 1011 5753; x_wconf 88' lang='lat' dir='ltr'><strong>ergo</strong></span> <span class='ocrx_word' id='word_1_786' title='bbox 1036 5684 1161 5752; x_wconf 90' lang='lat' dir='ltr'><strong>quia</strong></span> <span class='ocrx_word' id='word_1_787' title='bbox 1192 5685 1401 5753; x_wconf 83' lang='lat' dir='ltr'><strong>pondus</strong></span> <span class='ocrx_word' id='word_1_788' title='bbox 1442 5680 1785 5737; x_wconf 74' lang='lat' dir='ltr'><strong>conscientia:</strong></span> <span class='ocrx_word' id='word_1_789' title='bbox 1807 5694 1904 5749; x_wconf 92' lang='lat' dir='ltr'><strong>per</strong></span> 
     </span>
    </p>
   </div>
   <div class='ocr_carea' id='block_1_104' title="bbox 311 5770 1906 5847">
    <p class='ocr_par' dir='ltr' id='par_1_104' title="bbox 311 5770 1906 5847">
     <span class='ocr_line' id='line_1_105' title="bbox 311 5770 1906 5847; baseline -0.003 -18"><span class='ocrx_word' id='word_1_790' title='bbox 311 5775 643 5846; x_wconf 78' lang='lat' dir='ltr'><strong>pmnitentiae</strong></span> <span class='ocrx_word' id='word_1_791' title='bbox 677 5776 1013 5847; x_wconf 88' lang='lat' dir='ltr'><strong>propositum</strong></span> <span class='ocrx_word' id='word_1_792' title='bbox 1057 5774 1210 5842; x_wconf 85' lang='lat' dir='ltr'><strong>laevig</strong></span> <span class='ocrx_word' id='word_1_793' title='bbox 1249 5785 1336 5829; x_wconf 92' lang='lat' dir='ltr'><strong>tur</strong></span> <span class='ocrx_word' id='word_1_794' title='bbox 1381 5789 1476 5844; x_wconf 87' lang='lat' dir='ltr'><strong>spe</strong></span> <span class='ocrx_word' id='word_1_795' title='bbox 1515 5770 1906 5841; x_wconf 74' lang='lat' dir='ltr'><strong>consequentiae</strong></span> 
     </span>
    </p>
   </div>
   <div class='ocr_carea' id='block_1_105' title="bbox 318 5866 1904 5942">
    <p class='ocr_par' dir='ltr' id='par_1_105' title="bbox 318 5866 1904 5942">
     <span class='ocr_line' id='line_1_106' title="bbox 318 5866 1904 5942; baseline 0 -19"><span class='ocrx_word' id='word_1_796' title='bbox 318 5870 458 5924; x_wconf 75' lang='lat' dir='ltr'><strong>vitae.</strong></span> <span class='ocrx_word' id='word_1_797' title='bbox 484 5868 585 5936; x_wconf 89' lang='lat' dir='ltr'><strong>Qui</strong></span> <span class='ocrx_word' id='word_1_798' title='bbox 607 5870 849 5942; x_wconf 87' lang='lat' dir='ltr'><strong>profecto</strong></span> <span class='ocrx_word' id='word_1_799' title='bbox 872 5878 930 5926; x_wconf 93' lang='lat' dir='ltr'><strong>ut</strong></span> <span class='ocrx_word' id='word_1_800' title='bbox 959 5877 1146 5927; x_wconf 93' lang='lat' dir='ltr'><strong>oretur</strong></span> <span class='ocrx_word' id='word_1_801' title='bbox 1170 5883 1268 5940; x_wconf 91' lang='lat' dir='ltr'><strong>pro</strong></span> <span class='ocrx_word' id='word_1_802' title='bbox 1291 5885 1356 5927; x_wconf 91' lang='lat' dir='ltr'><strong>eo</strong></span> <span class='ocrx_word' id='word_1_803' title='bbox 1380 5869 1550 5936; x_wconf 88' lang='lat' dir='ltr'><strong>venit,</strong></span> <span class='ocrx_word' id='word_1_804' title='bbox 1565 5876 1619 5924; x_wconf 93' lang='lat' dir='ltr'><strong>et</strong></span> <span class='ocrx_word' id='word_1_805' title='bbox 1640 5866 1706 5923; x_wconf 87' lang='lat' dir='ltr'><strong>ad</strong></span> <span class='ocrx_word' id='word_1_806' title='bbox 1736 5866 1904 5923; x_wconf 88' lang='lat' dir='ltr'><strong>Deum</strong></span> 
     </span>
    </p>
   </div>
   <div class='ocr_carea' id='block_1_106' title="bbox 2008 4729 3594 4836">
    <p class='ocr_par' dir='ltr' id='par_1_106' title="bbox 2008 4729 3594 4836">
     <span class='ocr_line' id='line_1_107' title="bbox 2008 4729 3594 4836; baseline -0.023 -19"><span class='ocrx_word' id='word_1_807' title='bbox 2008 4729 2173 4834; x_wconf 74' lang='lat' dir='ltr'><strong>plicet</strong></span> <span class='ocrx_word' id='word_1_808' title='bbox 2218 4754 2363 4825; x_wconf 90' lang='lat' dir='ltr'><strong>quod</strong></span> <span class='ocrx_word' id='word_1_809' title='bbox 2389 4752 2610 4817; x_wconf 89' lang='lat' dir='ltr'><strong>amavit,</strong></span> <span class='ocrx_word' id='word_1_810' title='bbox 2631 4758 2685 4805; x_wconf 89' lang='lat' dir='ltr'><strong>et</strong></span> <span class='ocrx_word' id='word_1_811' title='bbox 2703 4749 2903 4803; x_wconf 91' lang='lat' dir='ltr'><strong>bonum</strong></span> <span class='ocrx_word' id='word_1_812' title='bbox 2926 4743 3105 4817; x_wconf 91' lang='lat' dir='ltr'><strong>placet</strong></span> <span class='ocrx_word' id='word_1_813' title='bbox 3125 4738 3270 4809; x_wconf 90' lang='lat' dir='ltr'><strong>quod</strong></span> <span class='ocrx_word' id='word_1_814' title='bbox 3299 4736 3433 4836; x_wconf 74' lang='lat' dir='ltr'><strong>odit.</strong></span> <span class='ocrx_word' id='word_1_815' title='bbox 3457 4729 3594 4832; x_wconf 48' lang='lat' dir='ltr'><strong>liam</strong></span> 
     </span>
    </p>
   </div>
   <div class='ocr_carea' id='block_1_107' title="bbox 2008 4834 3592 4913">
    <p class='ocr_par' dir='ltr' id='par_1_107' title="bbox 2008 4834 3592 4913">
     <span class='ocr_line' id='line_1_108' title="bbox 2008 4834 3592 4913; baseline -0.025 -4"><span class='ocrx_word' id='word_1_816' title='bbox 2008 4859 2134 4910; x_wconf 88' lang='lat' dir='ltr'><strong>sunt</strong></span> <span class='ocrx_word' id='word_1_817' title='bbox 2155 4845 2397 4905; x_wconf 91' lang='lat' dir='ltr'><strong>nonnulli</strong></span> <span class='ocrx_word' id='word_1_818' title='bbox 2424 4843 2516 4913; x_wconf 91' lang='lat' dir='ltr'><strong>qui</strong></span> <span class='ocrx_word' id='word_1_819' title='bbox 2545 4856 2604 4898; x_wconf 90' lang='lat' dir='ltr'><strong>se</strong></span> <span class='ocrx_word' id='word_1_820' title='bbox 2629 4850 2685 4895; x_wconf 91' lang='lat' dir='ltr'><strong>et</strong></span> <span class='ocrx_word' id='word_1_821' title='bbox 2700 4840 2767 4913; x_wconf 84' lang='lat' dir='ltr'><strong>de</strong></span> <span class='ocrx_word' id='word_1_822' title='bbox 2798 4835 3035 4906; x_wconf 85' lang='lat' dir='ltr'><strong>nequitia</strong></span> <span class='ocrx_word' id='word_1_823' title='bbox 3057 4835 3311 4888; x_wconf 85' lang='lat' dir='ltr'><strong>accusant</strong></span> <span class='ocrx_word' id='word_1_824' title='bbox 3326 4834 3592 4913; x_wconf 70' lang='lat' dir='ltr'><strong>criminis,</strong></span> 
     </span>
    </p>
   </div>
   <div class='ocr_carea' id='block_1_108' title="bbox 2010 4911 3595 5013">
    <p class='ocr_par' dir='ltr' id='par_1_108' title="bbox 2010 4911 3595 5013">
     <span class='ocr_line' id='line_1_109' title="bbox 2010 4911 3595 5013; baseline -0.023 -14"><span class='ocrx_word' id='word_1_825' title='bbox 2010 4953 2067 5000; x_wconf 88' lang='lat' dir='ltr'><strong>et</strong></span> <span class='ocrx_word' id='word_1_826' title='bbox 2094 4940 2413 5013; x_wconf 83' lang='lat' dir='ltr'><strong>pravitatem</strong></span> <span class='ocrx_word' id='word_1_827' title='bbox 2442 4911 2547 4990; x_wconf 79' lang='lat' dir='ltr'><strong>non</strong></span> <span class='ocrx_word' id='word_1_828' title='bbox 2578 4911 2855 4999; x_wconf 87' lang='lat' dir='ltr'><strong>corrigunt</strong></span> <span class='ocrx_word' id='word_1_829' title='bbox 2882 4925 3191 4983; x_wconf 90' lang='lat' dir='ltr'><strong>voluntatis.</strong></span> <span class='ocrx_word' id='word_1_830' title='bbox 3224 4918 3324 4986; x_wconf 93' lang='lat' dir='ltr'><strong>Qui</strong></span> <span class='ocrx_word' id='word_1_831' title='bbox 3354 4911 3595 4986; x_wconf 87' lang='lat' dir='ltr'><strong>profecto</strong></span> 
     </span>
    </p>
   </div>
   <div class='ocr_carea' id='block_1_109' title="bbox 2013 5011 3596 5093">
    <p class='ocr_par' dir='ltr' id='par_1_109' title="bbox 2013 5011 3596 5093">
     <span class='ocr_line' id='line_1_110' title="bbox 2013 5011 3596 5093; baseline -0.021 -2"><span class='ocrx_word' id='word_1_832' title='bbox 2013 5011 2257 5093; x_wconf 85' lang='lat' dir='ltr'><strong>converti</strong></span> <span class='ocrx_word' id='word_1_833' title='bbox 2287 5030 2354 5085; x_wconf 90' lang='lat' dir='ltr'><strong>ad</strong></span> <span class='ocrx_word' id='word_1_834' title='bbox 2383 5027 2664 5083; x_wconf 92' lang='lat' dir='ltr'><strong>Dominum</strong></span> <span class='ocrx_word' id='word_1_835' title='bbox 2688 5038 2795 5079; x_wconf 91' lang='lat' dir='ltr'><strong>non</strong></span> <span class='ocrx_word' id='word_1_836' title='bbox 2824 5018 3133 5081; x_wconf 88' lang='lat' dir='ltr'><strong>creduntur,</strong></span> <span class='ocrx_word' id='word_1_837' title='bbox 3158 5011 3283 5083; x_wconf 91' lang='lat' dir='ltr'><strong>quia</strong></span> <span class='ocrx_word' id='word_1_838' title='bbox 3307 5022 3435 5064; x_wconf 89' lang='lat' dir='ltr'><strong>vera</strong></span> <span class='ocrx_word' id='word_1_839' title='bbox 3465 5018 3596 5059; x_wconf 86' lang='lat' dir='ltr'><strong>con-</strong></span> 
     </span>
    </p>
   </div>
   <div class='ocr_carea' id='block_1_110' title="bbox 2010 5095 3595 5188">
    <p class='ocr_par' dir='ltr' id='par_1_110' title="bbox 2010 5095 3595 5188">
     <span class='ocr_line' id='line_1_111' title="bbox 2010 5095 3595 5188; baseline -0.023 -4"><span class='ocrx_word' id='word_1_840' title='bbox 2010 5127 2190 5184; x_wconf 90' lang='lat' dir='ltr'><strong>versio</strong></span> <span class='ocrx_word' id='word_1_841' title='bbox 2236 5124 2289 5179; x_wconf 94' lang='lat' dir='ltr'><strong>in</strong></span> <span class='ocrx_word' id='word_1_842' title='bbox 2328 5136 2423 5177; x_wconf 90' lang='lat' dir='ltr'><strong>ore</strong></span> <span class='ocrx_word' id='word_1_843' title='bbox 2452 5135 2560 5175; x_wconf 92' lang='lat' dir='ltr'><strong>non</strong></span> <span class='ocrx_word' id='word_1_844' title='bbox 2584 5116 2866 5188; x_wconf 90' lang='lat' dir='ltr'><strong>accipitur,</strong></span> <span class='ocrx_word' id='word_1_845' title='bbox 2898 5110 2997 5167; x_wconf 90' lang='lat' dir='ltr'><strong>sed</strong></span> <span class='ocrx_word' id='word_1_846' title='bbox 3036 5109 3089 5164; x_wconf 94' lang='lat' dir='ltr'><strong>in</strong></span> <span class='ocrx_word' id='word_1_847' title='bbox 3129 5105 3314 5161; x_wconf 90' lang='lat' dir='ltr'><strong>corde.</strong></span> <span class='ocrx_word' id='word_1_848' title='bbox 3343 5095 3595 5157; x_wconf 83' lang='lat' dir='ltr'><strong>Converti</strong></span> 
     </span>
    </p>
   </div>
   <div class='ocr_carea' id='block_1_111' title="bbox 2008 5188 3596 5277">
    <p class='ocr_par' dir='ltr' id='par_1_111' title="bbox 2008 5188 3596 5277">
     <span class='ocr_line' id='line_1_112' title="bbox 2008 5188 3596 5277; baseline -0.022 0"><span class='ocrx_word' id='word_1_849' title='bbox 2008 5219 2210 5277; x_wconf 90' lang='lat' dir='ltr'><strong>etenim</strong></span> <span class='ocrx_word' id='word_1_850' title='bbox 2259 5215 2415 5273; x_wconf 91' lang='lat' dir='ltr'><strong>simul</strong></span> <span class='ocrx_word' id='word_1_851' title='bbox 2443 5212 2581 5268; x_wconf 87' lang='lat' dir='ltr'><strong>verti</strong></span> <span class='ocrx_word' id='word_1_852' title='bbox 2612 5218 2713 5267; x_wconf 88' lang='lat' dir='ltr'><strong>est.</strong></span> <span class='ocrx_word' id='word_1_853' title='bbox 2744 5203 3034 5265; x_wconf 87' lang='lat' dir='ltr'><strong>Conversio</strong></span> <span class='ocrx_word' id='word_1_854' title='bbox 3076 5202 3256 5270; x_wconf 84' lang='lat' dir='ltr'><strong>itaque</strong></span> <span class='ocrx_word' id='word_1_855' title='bbox 3294 5188 3596 5266; x_wconf 86' lang='lat' dir='ltr'><strong>peccatoris</strong></span> 
     </span>
    </p>
   </div>
   <div class='ocr_carea' id='block_1_112' title="bbox 2010 5283 3595 5372">
    <p class='ocr_par' dir='ltr' id='par_1_112' title="bbox 2010 5283 3595 5372">
     <span class='ocr_line' id='line_1_113' title="bbox 2010 5283 3595 5372; baseline -0.022 -3"><span class='ocrx_word' id='word_1_856' title='bbox 2010 5328 2137 5369; x_wconf 89' lang='lat' dir='ltr'><strong>vera</strong></span> <span class='ocrx_word' id='word_1_857' title='bbox 2168 5319 2295 5364; x_wconf 90' lang='lat' dir='ltr'><strong>tunc</strong></span> <span class='ocrx_word' id='word_1_858' title='bbox 2323 5315 2425 5372; x_wconf 91' lang='lat' dir='ltr'><strong>est,</strong></span> <span class='ocrx_word' id='word_1_859' title='bbox 2457 5321 2578 5362; x_wconf 92' lang='lat' dir='ltr'><strong>cum</strong></span> <span class='ocrx_word' id='word_1_860' title='bbox 2609 5303 2675 5358; x_wconf 91' lang='lat' dir='ltr'><strong>ad</strong></span> <span class='ocrx_word' id='word_1_861' title='bbox 2701 5297 2974 5357; x_wconf 89' lang='lat' dir='ltr'><strong>Creatoris</strong></span> <span class='ocrx_word' id='word_1_862' title='bbox 3002 5292 3172 5350; x_wconf 89' lang='lat' dir='ltr'><strong>nostri</strong></span> <span class='ocrx_word' id='word_1_863' title='bbox 3199 5283 3595 5357; x_wconf 89' lang='lat' dir='ltr'><strong>beneplacitum</strong></span> 
     </span>
    </p>
   </div>
   <div class='ocr_carea' id='block_1_113' title="bbox 2012 5382 3596 5475">
    <p class='ocr_par' dir='ltr' id='par_1_113' title="bbox 2012 5382 3596 5475">
     <span class='ocr_line' id='line_1_114' title="bbox 2012 5382 3596 5475; baseline -0.023 -11"><span class='ocrx_word' id='word_1_864' title='bbox 2012 5416 2238 5475; x_wconf 90' lang='lat' dir='ltr'><strong>uterque</strong></span> <span class='ocrx_word' id='word_1_865' title='bbox 2261 5409 2446 5458; x_wconf 88' lang='lat' dir='ltr'><strong>noster</strong></span> <span class='ocrx_word' id='word_1_866' title='bbox 2482 5400 2648 5453; x_wconf 90' lang='lat' dir='ltr'><strong>homo</strong></span> <span class='ocrx_word' id='word_1_867' title='bbox 2686 5392 2977 5456; x_wconf 88' lang='lat' dir='ltr'><strong>reducitur,</strong></span> <span class='ocrx_word' id='word_1_868' title='bbox 3010 5401 3130 5444; x_wconf 92' lang='lat' dir='ltr'><strong>cum</strong></span> <span class='ocrx_word' id='word_1_869' title='bbox 3161 5390 3218 5439; x_wconf 91' lang='lat' dir='ltr'><strong>et</strong></span> <span class='ocrx_word' id='word_1_870' title='bbox 3245 5394 3373 5436; x_wconf 89' lang='lat' dir='ltr'><strong>caro</strong></span> <span class='ocrx_word' id='word_1_871' title='bbox 3414 5382 3596 5475; x_wconf 70' lang='lat' dir='ltr'><strong>nostra</strong></span> 
     </span>
    </p>
   </div>
   <div class='ocr_carea' id='block_1_114' title="bbox 2012 5468 3596 5570">
    <p class='ocr_par' dir='ltr' id='par_1_114' title="bbox 2012 5468 3596 5570">
     <span class='ocr_line' id='line_1_115' title="bbox 2012 5468 3596 5570; baseline -0.021 -16"><span class='ocrx_word' id='word_1_872' title='bbox 2012 5515 2110 5570; x_wconf 88' lang='lat' dir='ltr'><strong>per</strong></span> <span class='ocrx_word' id='word_1_873' title='bbox 2138 5468 2433 5565; x_wconf 76' lang='lat' dir='ltr'><strong>iniquitatis</strong></span> <span class='ocrx_word' id='word_1_874' title='bbox 2462 5490 2644 5545; x_wconf 89' lang='lat' dir='ltr'><strong>odium</strong></span> <span class='ocrx_word' id='word_1_875' title='bbox 2681 5484 2963 5540; x_wconf 90' lang='lat' dir='ltr'><strong>cohibetur</strong></span> <span class='ocrx_word' id='word_1_876' title='bbox 2988 5495 3017 5534; x_wconf 90' lang='lat' dir='ltr'><strong>a</strong></span> <span class='ocrx_word' id='word_1_877' title='bbox 3063 5472 3465 5570; x_wconf 69' lang='lat' dir='ltr'><strong>perpetratione</strong></span> <span class='ocrx_word' id='word_1_878' title='bbox 3513 5468 3596 5570; x_wconf 58' lang='lat' dir='ltr'><strong>fa:</strong></span> 
     </span>
    </p>
   </div>
   <div class='ocr_carea' id='block_1_115' title="bbox 2015 5557 3597 5654">
    <p class='ocr_par' dir='ltr' id='par_1_115' title="bbox 2015 5557 3597 5654">
     <span class='ocr_line' id='line_1_116' title="bbox 2015 5557 3597 5654; baseline -0.023 -7"><span class='ocrx_word' id='word_1_879' title='bbox 2015 5557 2245 5653; x_wconf 52' lang='lat' dir='ltr'><strong>.cinoris,</strong></span> <span class='ocrx_word' id='word_1_880' title='bbox 2265 5594 2319 5640; x_wconf 93' lang='lat' dir='ltr'><strong>et</strong></span> <span class='ocrx_word' id='word_1_881' title='bbox 2347 5598 2442 5654; x_wconf 90' lang='lat' dir='ltr'><strong>per</strong></span> <span class='ocrx_word' id='word_1_882' title='bbox 2470 5592 2708 5635; x_wconf 91' lang='lat' dir='ltr'><strong>amorem</strong></span> <span class='ocrx_word' id='word_1_883' title='bbox 2731 5575 2954 5644; x_wconf 75' lang='lat' dir='ltr'><strong>justitia:</strong></span> <span class='ocrx_word' id='word_1_884' title='bbox 2984 5585 3135 5626; x_wconf 88' lang='lat' dir='ltr'><strong>mens</strong></span> <span class='ocrx_word' id='word_1_885' title='bbox 3161 5582 3220 5623; x_wconf 90' lang='lat' dir='ltr'><strong>se</strong></span> <span class='ocrx_word' id='word_1_886' title='bbox 3249 5561 3492 5622; x_wconf 83' lang='lat' dir='ltr'><strong>extendit</strong></span> <span class='ocrx_word' id='word_1_887' title='bbox 3529 5557 3597 5654; x_wconf 73' lang='lat' dir='ltr'><strong>ad</strong></span> 
     </span>
    </p>
   </div>
   <div class='ocr_carea' id='block_1_116' title="bbox 2015 5648 3596 5735">
    <p class='ocr_par' dir='ltr' id='par_1_116' title="bbox 2015 5648 3596 5735">
     <span class='ocr_line' id='line_1_117' title="bbox 2015 5648 3596 5735; baseline -0.02 -2"><span class='ocrx_word' id='word_1_888' title='bbox 2015 5648 2371 5734; x_wconf 80' lang='lat' dir='ltr'><strong>intentionem</strong></span> <span class='ocrx_word' id='word_1_889' title='bbox 2416 5670 2572 5725; x_wconf 86' lang='lat' dir='ltr'><strong>bonae</strong></span> <span class='ocrx_word' id='word_1_890' title='bbox 2624 5662 2973 5735; x_wconf 87' lang='lat' dir='ltr'><strong>operationis.</strong></span> <span class='ocrx_word' id='word_1_891' title='bbox 3028 5660 3132 5715; x_wconf 87' lang='lat' dir='ltr'><strong>Sed</strong></span> <span class='ocrx_word' id='word_1_892' title='bbox 3181 5657 3305 5728; x_wconf 89' lang='lat' dir='ltr'><strong>quia</strong></span> <span class='ocrx_word' id='word_1_893' title='bbox 3356 5648 3596 5709; x_wconf 91' lang='lat' dir='ltr'><strong>nonnulli</strong></span> 
     </span>
    </p>
   </div>
   <div class='ocr_carea' id='block_1_117' title="bbox 2015 5740 3598 5827">
    <p class='ocr_par' dir='ltr' id='par_1_117' title="bbox 2015 5740 3598 5827">
     <span class='ocr_line' id='line_1_118' title="bbox 2015 5740 3598 5827; baseline -0.021 -1"><span class='ocrx_word' id='word_1_894' title='bbox 2015 5772 2156 5826; x_wconf 92' lang='lat' dir='ltr'><strong>intra</strong></span> <span class='ocrx_word' id='word_1_895' title='bbox 2177 5763 2470 5821; x_wconf 84' lang='lat' dir='ltr'><strong>Ecclesiam</strong></span> <span class='ocrx_word' id='word_1_896' title='bbox 2509 5767 2651 5824; x_wconf 92' lang='lat' dir='ltr'><strong>sunt,</strong></span> <span class='ocrx_word' id='word_1_897' title='bbox 2683 5756 2775 5827; x_wconf 91' lang='lat' dir='ltr'><strong>qui</strong></span> <span class='ocrx_word' id='word_1_898' title='bbox 2806 5764 3013 5811; x_wconf 89' lang='lat' dir='ltr'><strong>tantum</strong></span> <span class='ocrx_word' id='word_1_899' title='bbox 3044 5752 3095 5807; x_wconf 93' lang='lat' dir='ltr'><strong>in</strong></span> <span class='ocrx_word' id='word_1_900' title='bbox 3124 5750 3247 5805; x_wconf 70' lang='lat' dir='ltr'><strong>vitae</strong></span> <span class='ocrx_word' id='word_1_901' title='bbox 3276 5761 3383 5803; x_wconf 70' lang='lat' dir='ltr'><strong>sua:</strong></span> <span class='ocrx_word' id='word_1_902' title='bbox 3414 5740 3598 5798; x_wconf 87' lang='lat' dir='ltr'><strong>termi-</strong></span> 
     </span>
    </p>
   </div>
   <div class='ocr_carea' id='block_1_118' title="bbox 2019 5835 3598 5929">
    <p class='ocr_par' dir='ltr' id='par_1_118' title="bbox 2019 5835 3598 5929">
     <span class='ocr_line' id='line_1_119' title="bbox 2019 5835 3598 5929; baseline -0.02 -7"><span class='ocrx_word' id='word_1_903' title='bbox 2019 5879 2147 5922; x_wconf 91' lang='lat' dir='ltr'><strong>num</strong></span> <span class='ocrx_word' id='word_1_904' title='bbox 2176 5859 2242 5916; x_wconf 90' lang='lat' dir='ltr'><strong>ad</strong></span> <span class='ocrx_word' id='word_1_905' title='bbox 2272 5855 2598 5929; x_wconf 66' lang='lat' dir='ltr'><strong>paenitentia:</strong></span> <span class='ocrx_word' id='word_1_906' title='bbox 2617 5849 3035 5911; x_wconf 76' lang='lat' dir='ltr'><strong>satisfactionem</strong></span> <span class='ocrx_word' id='word_1_907' title='bbox 3053 5844 3294 5911; x_wconf 90' lang='lat' dir='ltr'><strong>veniunt,</strong></span> <span class='ocrx_word' id='word_1_908' title='bbox 3321 5848 3375 5896; x_wconf 93' lang='lat' dir='ltr'><strong>et</strong></span> <span class='ocrx_word' id='word_1_909' title='bbox 3396 5835 3598 5909; x_wconf 86' lang='lat' dir='ltr'><strong>judicio</strong></span> 
     </span>
    </p>
   </div>
   <div class='ocr_carea' id='block_1_119' title="bbox 2008 6005 2037 6025">
    <p class='ocr_par' dir='ltr' id='par_1_119' title="bbox 2008 6005 2037 6025">
     <span class='ocr_line' id='line_1_120' title="bbox 2008 6005 2037 6025; baseline 0 0"><span class='ocrx_word' id='word_1_910' title='bbox 2008 6005 2037 6025; x_wconf 65' lang='grc' dir='ltr'>δ</span> 
     </span>
    </p>
   </div>
  </div>
