4044 6336
512 308 614 369 123

1715 312 1957 373 SANCTI
1997 310 2321 373 GREGORII
2362 311 2572 375 MAGNI

3682 318 3788 376 ιιι

513 420 762 479 Veritatis
790 419 1025 479 dicitur:
1057 428 1083 459 λ
1116 420 1431 495 Quacunque
1478 422 1607 479 liora
1634 437 1872 496 peccator
1892 442 2093 481 conver-
2120 440 2170 501 Α
2197 423 2349 494 panis
2376 420 2588 492 oilerat,
2622 431 2678 480 ut
2707 424 2799 497 qui
2826 441 2925 499 per
2968 426 3167 486 bonam
3200 428 3533 486 voluntatem
3565 440 3789 503 peccata

511 515 655 577 titur,
688 514 837 579 vivit,
869 528 899 568 a
941 513 1206 569 nonnullis
1235 514 1389 569 valde
1429 515 1593 586 quaeri
1640 517 1777 572 solet
1818 517 1861 572 si
1911 516 2089 572 statim

508 602 675 661 vitam
708 616 830 677 post
858 607 1031 662 carnis
1062 614 1294 661 mortem
1318 605 1595 662 inveniant
1624 609 1710 678 qui
1743 622 1946 676 magum
1968 609 2091 662 vitae

508 708 752 769 tempore
784 684 1002 769 peccata
1042 710 1368 770 perpetrant,
1397 711 1450 756 et
1482 709 1683 756 tantum
1716 703 1765 756 in
1796 703 1916 755 vitae
1947 701 2092 757 exitu

506 806 568 848 se
605 792 853 862 nequiter
882 792 1055 861 egisse
1082 802 1356 848 accusant.
1400 792 1479 848 Ad
1520 794 1661 864 quod
1700 794 1984 850 dicendum
2013 803 2095 850 est

507 883 633 953 quia
663 898 730 938 ex
762 884 812 937 vi
842 885 1210 940 conversionis
1252 886 1562 954 magnitudo
1591 886 1798 941 deletur
1834 887 2091 941 criminis.

505 971 601 1029 Vis
628 985 808 1029 autem
849 976 1219 1031 conversionis
1251 987 1331 1033 est
1376 978 1591 1035 affectio
1632 980 1912 1034 cbaritatis
1942 980 2092 1035 cordi

507 1066 697 1122 inlusa:
717 1066 1023 1122 visitatione
1050 1070 1221 1123 sancti
1261 1068 1508 1140 Spiritus.
1540 1071 1606 1126 Et
1634 1074 1893 1143 scriptum
1921 1083 2001 1129 est
2030 1073 2095 1127 de

507 1157 699 1215 eodem
744 1158 981 1233 Spiritu:
1012 1158 1039 1195 ιδ
1073 1159 1205 1228 Quia
1236 1163 1343 1230 ipse
1370 1165 1601 1219 remissio
1650 1175 1969 1236 peccatorum
1998 1174 2091 1221 est.

506 1250 639 1307 Nam
668 1268 789 1311 cum
817 1252 1112 1311 electorum
1140 1256 1301 1310 corda
1332 1255 1612 1326 dignanter
1633 1258 1831 1323 visitat,
1857 1259 1922 1313 ab
1950 1261 2093 1313 omni

507 1352 854 1414 peccatorum
882 1344 1219 1401 immunditia
1267 1355 1513 1416 potenter
1546 1356 1763 1417 purgat,
1796 1350 1920 1419 quia
1952 1359 2010 1404 ut
2038 1364 2096 1405 se

509 1432 679 1486 menti
710 1431 990 1499 inluderit,
1023 1449 1140 1488 eam
1183 1436 1425 1504 protinus
1472 1438 1525 1490 in
1558 1446 1897 1506 peccatorum
1929 1446 1981 1493 et
2020 1439 2095 1493 vi-

510 1522 707 1577 tiorum
734 1524 857 1578 odia
884 1533 942 1579 et
962 1525 1014 1584 in
1037 1525 1290 1581 virtutum
1318 1542 1557 1585 amorem
1580 1528 1921 1583 ineil’abiliter
1950 1531 2095 1587 exci—

508 1620 608 1671 tat.
660 1613 812 1671 Facit
850 1631 968 1671 eam
1006 1618 1187 1673 statim
1215 1619 1394 1675 odisse
1434 1620 1580 1689 quod
1608 1621 1844 1689 amabat,
1874 1632 1928 1676 et
1952 1622 2094 1692 quod

509 1706 636 1763 odio
682 1707 945 1765 habuerat
991 1710 1249 1767 ardenter
1284 1712 1540 1782 diligere,
1571 1722 1736 1782 atque
1781 1713 1835 1767 in
1867 1723 2095 1784 utroque

2194 512 2409 579 deserit,
2445 530 2507 569 ea
2543 516 2802 571 nimirum
2845 518 3017 573 valida
3048 520 3225 576 carnis
3255 519 3546 577 afﬂictione
3576 523 3791 592 penitus

2194 604 2516 673 exstinguat.
2564 606 2849 662 Nummum
2880 624 3111 678 namque
3141 620 3452 679 argenteum
3496 611 3788 677 offerebat,

2194 696 2316 764 qui,
2347 706 2565 772 recvpta
2604 699 2715 767 jam
2746 699 2837 753 Dei
2878 700 3252 765 similitudine,
3275 694 3603 756 confitendo
3636 716 3795 757 exse-

2196 787 2449 842 crabatur
2476 790 2620 858 quod
2665 788 2892 857 iecerat,
2924 794 3106 847 dicens
3133 812 3145 846 :
3176 792 3609 865 Computruerant
3649 798 3789 849 cica-

2196 880 2350 933 trices
2376 898 2502 935 mea:
2527 900 2559 935 ιι
2588 885 2721 954 facie
2758 885 3069 954 insipientia:
3098 904 3224 941 mea:
3254 886 3426 959 (Psal.
3462 905 3664 953 xxxvii,
3708 886 3789 959 6).

2194 968 2259 1023 Et
2295 973 2418 1027 item
2453 992 2465 1027 :
2502 972 2807 1030 Incurvatus
2837 994 2977 1043 sum,
3006 988 3054 1033 et
3081 980 3382 1033 humiliatus
3405 997 3789 1055 usquequaque.

2195 1062 2300 1117 Sed
2331 1065 2421 1131 qui
2453 1082 2728 1121 nummqu
2776 1079 3088 1137 argenteum
3136 1072 3237 1126 sibi
3288 1088 3397 1126 non
3436 1072 3688 1126 suiiicere
3726 1070 3796 1125 ad

2195 1155 2525 1212 oblationem
2552 1160 2745 1226 timuit,
2775 1162 2928 1229 panis
2954 1171 3149 1217 tortam
3180 1164 3376 1219 addere
3398 1166 3627 1220 curavit.
3658 1163 3795 1217 Nam

2195 1251 2511 1317 conlitetur,
2559 1261 2614 1307 et
2654 1254 2821 1308 dicit:
2859 1254 3144 1327 Rugiebam
3189 1273 3221 1309 a
3267 1259 3454 1329 gemitu
3486 1258 3659 1311 cordis
3692 1256 3794 1309 mei

2197 1338 2395 1409 (Ibid.,
2429 1340 2506 1414 9).
2557 1343 2783 1414 Rugitus
2811 1347 2950 1399 cnim
2984 1348 3167 1402 lletum
3213 1351 3389 1419 magni
3431 1349 3634 1405 doloris
3665 1350 3796 1404 insi-

2196 1442 2325 1485 nuat
2369 1434 2422 1488 in
2466 1435 2758 1492 amictionc
2790 1439 3122 1508 paenitentis.
3156 1442 3306 1497 liunc
3352 1451 3550 1497 tortum
3597 1458 3795 1512 panem

2196 1534 2452 1592 argenteo
2475 1542 2695 1583 nummo
2727 1532 2941 1585 socians
2971 1529 3111 1585 idem
3145 1532 3259 1601 ipse
3288 1532 3541 1602 loquitur,
3569 1534 3788 1589 dicens:

2199 1614 2453 1679 Quoniam
2495 1619 2819 1689 iniquitatem
2863 1638 3028 1675 meam
3073 1623 3427 1693 annuntiabo,
3462 1635 3518 1677 et
3558 1625 3795 1696 cogital'o

2196 1727 2289 1779 pro
2319 1722 2524 1781 peccato
2556 1731 2665 1769 meo
2695 1714 2883 1783 (lbid.,
2919 1715 3029 1787 19).
3064 1715 3167 1773 Pro
3211 1727 3435 1789 peccato
3466 1722 3666 1774 etenim
3701 1737 3794 1774 co-

508 1798 665 1853 valde
693 1799 1065 1870 ingemiscere,
1094 1803 1220 1871 quia
1246 1812 1301 1858 et
1326 1804 1465 1857 mala
1493 1818 1613 1873 quas
1641 1804 1758 1861 odit
1785 1820 1845 1861 se
1871 1805 2093 1861 damna-
2123 1813 2169 1877 Β
2196 1804 2368 1876 gitare
2396 1817 2479 1861 est
2505 1807 2848 1864 delectationi
2878 1812 3163 1880 praeteritae
3193 1813 3404 1882 dignam
3446 1813 3625 1868 carnis
3654 1811 3796 1866 ami-

505 1891 688 1948 biliter
725 1908 933 1950 amasse
980 1895 1200 1959 recolit,
1234 1904 1289 1953 et
1335 1897 1475 1952 bona
1504 1912 1624 1967 quae
1670 1898 1843 1968 diligit
1891 1898 2090 1957 odisse.

508 1983 641 2050 Quis
665 1985 808 2039 enim
830 1984 1023 2040 audeat
1046 1985 1246 2052 dicere,
1267 1986 1393 2042 licet
1414 1987 1725 2044 omnimoda
1748 2001 2094 2061 peccatorum

506 2076 717 2133 sarcina
749 2086 1134 2148 praegravatur,
1162 2078 1307 2150 quod
1337 2081 1515 2150 perire
1541 2082 1712 2153 possit
1740 2082 1930 2153 aliquis
1967 2084 2095 2143 visi-

507 2174 652 2222 tatus
674 2168 845 2237 gratia
869 2166 1104 2240 Spiritus
1121 2170 1329 2226 sancti?
1352 2168 1487 2238 Quia
1513 2186 1645 2242 ergo
1673 2182 1927 2244 peccator
1946 2174 2092 2229 nulla

506 2259 643 2315 hora
661 2261 1015 2325 convertitur,
1036 2261 1137 2317 nisi
1159 2277 1263 2331 qua
1286 2276 1317 2319 a
1338 2272 1532 2319 sancto
1553 2264 1753 2336 Spiritu
1777 2265 2090 2330 illustratur.

507 2352 635 2422 quid
658 2359 845 2422 restat,
860 2353 960 2407 nisi
982 2354 1105 2423 quia
1126 2353 1263 2410 sicut
1285 2357 1492 2425 peccati
1510 2365 1740 2413 mortem
1762 2357 2093 2415 cxsecrando

508 2442 736 2507 deserit,
775 2454 796 2482 ε
830 2443 902 2498 ita
928 2444 1035 2498 vita
1063 2444 1287 2514 iustitiae
1328 2446 1397 2502 ad
1439 2462 1603 2517 quam
1630 2463 1691 2505 se
1726 2448 2095 2508 desideranter

508 2534 775 2588 convertit
796 2532 979 2590 vivat?
1006 2533 1107 2602 Qui
1142 2530 1324 2592 statim
1354 2548 1478 2609 post
1506 2547 1737 2596 mortem
1784 2542 1838 2597 in
1863 2543 1974 2599 vita
2004 2558 2092 2599 re-

506 2624 723 2694 cipitur,
743 2625 787 2680 si
811 2633 1020 2681 tantum
1043 2630 1243 2686 amoris
1262 2632 1436 2701 ignem
1457 2634 1648 2705 recipit
1664 2633 1719 2689 in
1741 2637 2093 2691 conversione

507 2716 599 2783 qui
645 2732 967 2774 consumere
1002 2720 1056 2775 iu
1102 2722 1278 2778 anima
1326 2726 1493 2795 possit
1535 2742 1753 2782 omnem
1782 2738 2091 2798 congestam

505 2809 716 2877 peccati
762 2809 1082 2879 rubiginem.
1134 2811 1289 2870 Unde
1324 2817 1476 2872 etde
1514 2820 1820 2887 peccatrice
1867 2820 2092 2878 muliere

504 2897 701 2954 dicitur
730 2918 743 2954 :
788 2900 1143 2959 Remittunt"
1177 2908 1227 2962 ei
1264 2918 1475 2979 peccata
1511 2912 1700 2979 multa,
1733 2914 1977 2983 quoniam
2006 2914 2091 2969 di-

504 2987 630 3042 lexit
658 2992 872 3047 malum
905 2994 1066 3066 (Luc.
1099 3014 1199 3067 vn,
1230 2998 1341 3071 47).
1374 3000 1513 3058 Hinc
1539 3004 1607 3059 ab
1635 3006 1822 3061 eadem
1852 3007 2092 3064 Veritate

506 3078 558 3137 in
583 3096 745 3138 cruce
773 3087 1043 3154 pendente
1070 3092 1266 3148 dicitur
1298 3111 1311 3147 :
1340 3096 1502 3151 Amen
1524 3098 1639 3153 dico
1668 3098 1778 3166 tibi,
1805 3100 1954 3156 hodie
1982 3119 2089 3161 me-

2199 1902 2434 1957 ctionem
2463 1919 2783 1975 proponere.
2816 1903 3159 1962 Oﬂerendum
3191 1920 3318 1976 ergo
3345 1923 3538 1978 panem
3573 1916 3797 1978 torque.

2198 1990 2310 2060 bat,
2344 1995 2433 2064 qui
2464 2004 2519 2050 et
2562 1997 2758 2068 llagitia
2799 2008 3106 2069 perpetrata
3146 2001 3530 2070 pronuntians,
3561 2001 3798 2069 qualiter

2197 2100 2258 2140 ea
2291 2086 2472 2144 delere
2520 2099 2700 2160 posset
2745 2092 3039 2165 cogitabat.
3090 2091 3159 2147 Et
3200 2095 3325 2162 quia
3370 2094 3437 2149 de
3476 2096 3795 2149 austeritate

2197 2180 2624 2237 conversationis
2653 2184 3037 2254 paenitentibus
3065 2186 3357 2257 subrepere
3377 2187 3667 2258 aliquando
3700 2204 3795 2243 so-

2194 2266 2271 2322 let
2298 2271 2493 2341 cupido
2542 2272 2751 2341 laudis,
2784 2276 3009 2334 intentio
3053 2292 3179 2333 vere
3207 2280 3455 2336 conversi
3490 2280 3794 2350 peccatoris

2196 2361 2500 2419 insinuatur
2518 2381 2616 2438 per
2641 2365 2748 2423 hoc
2776 2368 2921 2440 quod
2949 2369 3197 2426 subditur
3223 2389 3234 2425 :

2268 2476 2457 2549 (Vers.
2504 2477 2630 2551 36.)
2694 2480 2986 2556 Dicatque:
3017 2484 3233 2543 Dimitte
3281 2501 3400 2556 me,
3428 2484 3669 2556 obsecro,
3725 2487 3796 2544 ad

2194 2582 2353 2622 unam
2381 2577 2580 2639 partem
2611 2572 3010 2631 sacerdotalem.

2265 2660 2354 2717 28.
2398 2660 2527 2719 Pars
2572 2679 2806 2737 namque
2853 2667 3206 2727 sacerdotalis
3245 2670 3665 2744 uniuscujusque
3711 2684 3797 2731 est

2194 2752 2248 2808 in
2289 2762 2493 2811 aeterna
2520 2755 2631 2811 vita
2682 2758 2967 2817 retributio
3011 2760 3191 2819 electi.
3232 2761 3562 2821 Sacerdotes
3594 2768 3795 2823 etenim

2194 2842 2291 2903 Dei
2318 2861 2513 2904 omnes
2539 2846 2695 2905 electi
2732 2848 2856 2920 ejus
2883 2860 3037 2919 sunt,
3064 2851 3190 2922 quia
3212 2853 3300 2910 cui
3333 2869 3431 2926 per
3460 2855 3794 2912 oblationem

2193 2939 2475 2997 ministerii
2492 2941 2575 2996 sui
2595 2940 2927 2999 incessanter
2942 2945 3183 3001 serviunt
3198 2960 3350 3002 sacra
3366 2961 3583 3018 semper
3601 2948 3798 3005 otl'crre

2192 3047 2419 3089 munera
2458 3049 2565 3089 non
2594 3034 2884 3091 desistunt.
2932 3034 3082 3093 Unde
3120 3037 3281 3093 etiam
3309 3038 3385 3095 illi
3410 3039 3464 3094 in
3494 3053 3665 3111 regno
3697 3041 3796 3096 tri-

2195 3122 2507 3191 pudiantes,
2557 3123 2745 3181 dicunt
2777 3144 2791 3181 :
2825 3124 3108 3183 Redemisti
3148 3146 3240 3185 nos
3286 3129 3392 3187 Deo
3446 3132 3500 3187 in
3540 3134 3799 3204 sanguine

504 3184 620 3223 cum
647 3172 750 3297 ecl;
784 3177 839 3297 is:
869 3180 1118 3248 paradiso
1139 3181 1337 3255 (Ibid.,
1371 3203 1521 3253 χχιιι,
1548 3189 1659 3262 45).
1693 3190 1751 3246 in
1778 3194 1899 3248 vita:
1928 3196 2086 3264 igitur

504 3260 648 3297 ut...
713 3264 813 3297 ί...
840 3271 1088 3297 ..κ-η..-
1111 3274 1398 3297 --ι--ι-..ξ.-..
1427 3293 1481 3297 _-
1734 3294 1743 3297 _
1875 3285 1883 3294 .
1956 3293 1964 3297 -

2196 3172 2507 3191 τμη-ω-.
2562 3172 2744 3181 -------
2777 3172 2791 3181 -
2825 3172 3108 3183 -.-π-η.-.-
3148 3172 3240 3185 ..η
3286 3172 3392 3187 ..-ν
3447 3172 3500 3187 ...
3540 3172 3795 3204 ...ν-...υ

2193 3220 2308 3278 tuo,
2339 3223 2387 3266 et
2418 3214 2585 3285 fecisti
2630 3232 2720 3273 nos
2762 3215 2873 3273 Deo
2904 3226 3082 3274 nostra
3113 3236 3365 3297 regnum,
3406 3231 3457 3276 et
3497 3224 3795 3279 sacerdotes

502 3260 649 3356 exitu
674 3263 727 3318 hi
751 3267 1093 3328 solummodo
1110 3274 1400 3332 salubriter
1427 3260 1769 3351 resipiscam,
1798 3285 1887 3353 qui
1918 3260 1972 3339 et
1994 3302 2090 3356 per

503 3351 607 3445 ints
618 3370 770 3412 ruam
790 3360 1154 3420 visitationem
1178 3366 1413 3437 perfecte
1434 3371 1575 3428 bona
1604 3351 1846 3445 diligunt,
1872 3386 1929 3433 et
1952 3351 2087 3434 mala

500 3441 733 3500 odorum
775 3464 898 3519 quas
935 3465 1270 3513 ornaverant.
1318 3457 1419 3527 Qui
1467 3471 1644 3520 tamen
1684 3441 1729 3521 si
1759 3468 2089 3525 suliicienter

498 3549 600 3630 pro
649 3538 900 3598 admissis
933 3545 1307 3617 iniquitatibus
1342 3551 1530 3611 dolere
1575 3573 1683 3612 non
1722 3570 1973 3630 possunt,
2006 3564 2088 3619 ni-

499 3626 789 3687 hilominus
826 3642 884 3689 et
918 3637 1006 3691 isti
1050 3640 1105 3694 in
1150 3643 1284 3698 hora
1322 3661 1425 3715 qua
1463 3626 1852 3709 convertuntur
1878 3626 2083 3714 vivunt.

500 3718 610 3827 .95
624 3720 758 3827 Nam
778 3726 871 3795 qui
893 3726 1279 3797 perfectionem
1302 3737 1460 3794 bona:
1473 3742 1764 3827 voluntatis
1785 3748 2088 3806 habuerunt
2170 3756 2171 3759 “

501 3814 556 3869 in
578 3819 923 3916 eonlessione
950 3830 1179 3899 peccati,
1201 3841 1323 3901 post
1346 3848 1571 3892 mortem
1596 3822 1900 3909 purgatoria
1928 3862 2083 3916 poena

498 3910 707 4007 pec‘ca-ti
748 3912 817 3967 ad
845 3916 1007 3971 vitam
1052 3928 1359 3993 transeunt,
1390 3928 1437 3983 si
1477 3930 1543 3984 ad
1589 3934 1813 3989 delenda
1864 3910 2084 4007 peccata

498 3997 856 4060 sufﬁcientem
874 4008 980 4063 vim
1001 4013 1202 4069 amoris
1224 4030 1562 4087 nequaquam
1587 3997 1906 4082 habuerunl.
1935 4029 2083 4086 Unde

496 4100 553 4147 et
572 4090 767 4152 Paulus
781 4097 910 4154 dicit
930 4118 944 4155 :
970 4102 1061 4159 Sic
1079 4106 1207 4161 salvi
1224 4109 1373 4178 ﬁent,
1393 4114 1543 4183 quasi
1561 4132 1651 4184 per
1670 4117 1840 4187 ignem
1884 4119 1939 4185 (I
1958 4120 2079 4177 Cor.

494 4198 572 4284 In,
745 4189 852 4247 Sed
887 4207 1158 4269 peccator,
1185 4204 1275 4271 qui
1308 4203 1379 4259 ibi
1410 4206 1603 4262 salvari
1635 4225 1731 4281 per
1755 4213 1931 4284 ignem
1962 4230 2076 4271 me-

495 4280 732 4379 rui-able
762 4301 858 4355 per
883 4288 1228 4350 alilictionem
1269 4299 1447 4353 carnis
1473 4280 1910 4373 adimpleat'hoc
1934 4309 2077 4379 quod

493 4372 593 4428 sibi
620 4376 686 4431 dc
714 4380 766 4433 vi
796 4383 995 4439 amoris
1023 4384 1214 4445 deesse
1241 4393 1542 4460 cognoscit.

569 4506 745 4578 (Vers.
778 4511 891 4586 56.)
929 4514 1001 4573 Et
1029 4529 1217 4577 tortam
1247 4525 1419 4595 panis.

563 4616 652 4674 27.
694 4620 852 4681 Panis
879 4642 1112 4699 namque
1139 4636 1359 4696 nomine
1396 4616 1687 4709 aliquando
1724 4651 1954 4702 terrenae
1981 4647 2081 4703 de-

491 4705 794 4809 lectationis
842 4718 1066 4781 reiectio
1111 4723 1438 4796 designatur.
1486 4705 1668 4800 Quare
1713 4744 1770 4793 et
1814 4739 2076 4809 propheta

489 4800 751 4902 leretnias
772 4808 828 4865 in
852 4815 1094 4882 appetitu
1116 4821 1359 4879 saculari
1379 4836 1647 4897 corrupta:
1674 4800 1869 4887 iudicia
1899 4800 2073 4902 popu-

646 4912 996 4997 memorans,
1043 4911 1118 4969 ait
1155 4932 1166 4966 :
1211 4913 1397 4975 Omnia
1447 4893 1667 4992 pop-alus
1712 4926 1827 4995 ejus
1868 4893 2074 4997 gemens

489 4989 705 5057 (Tam.
732 5010 768 5060 t,
804 4996 921 5067 ii).
943 5010 992 5059 et
1014 5020 1255 5075 marcus
1276 4989 1484 5080 panem.
1515 4989 1712 5073 Panem
1736 4989 1921 5089 itaque
1949 5036 2073 5088 pec-

488 5091 641 5141 cator
664 5102 956 5151 conversus
986 5104 1201 5169 torquet
1227 5117 1351 5158 cum
1384 5110 1712 5177 praeterita
1757 5112 2072 5170 delectatio-

485 5190 608 5234 nem
652 5184 857 5241 cruciat
913 5203 1009 5259 per
1055 5189 1401 5253 afﬂictionem
1455 5202 1805 5268 poenitentiae.
1867 5202 2069 5265 Panem

482 5283 715 5365 namque
736 5284 991 5348 torquere
1019 5293 1102 5340 est
1130 5301 1346 5344 metu
1376 5307 1477 5361 pro
1505 5304 1812 5365 perpetrata
1831 5297 2070 5355 delecta-

482 5361 630 5420 tione
654 5366 910 5439 allligere.
938 5373 1041 5442 Qui
1067 5391 1195 5447 ergo
1217 5382 1334 5438 sine
1371 5361 1640 5443 tormento
1665 5389 1801 5457 ignis
1830 5390 1897 5446 ad
1924 5392 2069 5449 salu-

483 5460 592 5511 tem
619 5463 846 5521 transire
872 5465 1162 5540 desiderat,
1193 5488 1315 5530 cum
1338 5492 1559 5535 nummo
1587 5489 1845 5551 argenteo
1872 5492 2065 5545 tortam

480 5619 827 5748 “Lllsto‘rétm
855 5629 1141 5687 verborum
1164 5647 1354 5695 sensus
1380 5640 1646 5708 reperitur
1668 5644 1832 5699 etiam
1860 5643 2057 5703 Ezech,

521 5734 665 5757 IIl-III.
708 5734 719 5745 ι
736 5734 787 5751 κο

551 5762 813 5856 ξ-ιιεεηειφι
843 5768 945 5856 hoc
976 5772 1474 5856 legitur-conceptis
1496 5781 1671 5838 verbis
1702 5783 1755 5838 in
1785 5784 2061 5856 Scriptura

476 5844 650 5893 sacra.
680 5836 699 5891 Ι
726 5837 883 5894 Joan.
913 5856 969 5911 ιι,
997 5836 1055 5912 3;
1083 5845 1310 5917 legimus
1335 5868 1347 5905 :
1368 5836 1505 5922 'Ipse
1530 5836 1610 5909 est
1630 5836 2061 5929 pridiani};

2194 3302 2374 3376 (Apoc.
2400 3320 2451 3371 v,
2478 3304 2529 3371 9,
2558 3306 2666 3379 10).
2695 3306 2883 3364 Dicere
2906 3324 3033 3379 ergo
3056 3311 3329 3381 peccatori
3353 3329 3616 3369 converso
3650 3331 3662 3367 :
3694 3313 3795 3369 Di-

2192 3392 2335 3451 mitte
2362 3414 2461 3464 nte,
2490 3396 2720 3466 obsecro,
2755 3401 2822 3454 ad
2850 3418 3007 3457 uitam
3033 3412 3235 3474 partem
3281 3406 3683 3479 sacerdotalem,
3712 3416 3797 3464 est

2190 3484 2256 3540 de
2273 3488 2589 3543 austeritate
2606 3491 2726 3543 vitae
2743 3501 2797 3546 et
2812 3491 3138 3562 poenitentim
3153 3494 3326 3550 solam
3344 3504 3554 3566 partem
3575 3506 3797 3552 aeternae

2189 3574 2538 3634 beatitudinis
2567 3590 2915 3652 exspectare,
2944 3593 3003 3639 ut
3032 3585 3281 3643 videlicet
3317 3589 3668 3644 securitatem
3698 3590 3795 3645 de-

2189 3669 2495 3728 lectationis
2544 3674 2826 3746 inveniat,
2868 3692 3029 3751 quam
3080 3688 3135 3736 et
3163 3683 3386 3752 perenni
3439 3682 3796 3753 pcrfruitione

2188 3765 2483 3834 possideat,
2516 3777 2569 3822 et
2601 3778 2722 3839 post
2766 3786 2825 3825 se
2857 3772 3120 3828 tortiones
3148 3773 3481 3844 poenitentia:
3511 3792 3792 3849 nunquam

2190 3858 2393 3913 trahat.
2424 3858 2603 3926 Quare
2633 3870 2687 3917 et
2716 3862 2964 3921 subditur
2990 3884 3000 3917 :

2259 3972 2437 4042 (Vers.
2466 3971 2583 4042 56.)
2628 3974 2698 4031 Ut
2722 3978 2989 4035 comedam
3016 3978 3299 4038 (macellum
3325 3986 3498 4055 panis.

2258 4082 2345 4138 39.
2375 4084 2431 4139 Si
2462 4086 2609 4141 enirn
2628 4090 2786 4158 panis
2810 4091 2863 4144 in
2886 4107 3045 4148 sacro
3064 4094 3281 4165 eloquio
3307 4111 3404 4165 pro
3425 4097 3792 4158 delectatione

2185 4179 2463 4248 accipitur,
2493 4181 2733 4238 buccella
2775 4188 2927 4255 panis
2956 4197 3038 4243 est
3066 4187 3375 4246 indeiiciens
3418 4194 3759 4251 delectamen

2182 4280 2298 4327 tum
2342 4283 2559 4329 aeternae
2601 4277 2746 4331 vitae.
2798 4276 2875 4332 De
2925 4296 3031 4350 quo
3084 4280 3334 4337 nimirum
3382 4285 3790 4343 oblectamento

2181 4382 2280 4437 per
2306 4370 2627 4439 prophetam
2652 4371 2849 4426 dicitur
2874 4391 2887 4427 :
2912 4370 3168 4429 Gaudium
3195 4386 3245 4430 et
3272 4378 3455 4432 lwtit‘ia
3477 4380 3788 4439 invenietur.

2177 4461 2233 4515 in
2274 4478 2369 4530 ea,
2396 4465 2682 4533 gratiarum
2715 4465 2880 4532 actio,
2924 4476 2975 4520 et
2999 4483 3095 4521 vox
3135 4469 3304 4523 laudis
3354 4469 3549 4540 (Isai.,
3582 4490 3652 4539 LI,
3690 4475 3781 4545 5).

2106 4579 2159 4640 D
2182 4553 2321 4610 Hinc
2351 4558 2478 4611 item
2502 4558 2609 4627 iam
2636 4558 2705 4614 ad
2730 4575 2972 4615 mensam
2995 4576 3101 4615 non
3131 4571 3283 4617 torta:
3326 4567 3500 4633 panis,
3534 4567 3627 4620 sed
3654 4566 3787 4623 buc-

2182 4648 2330 4702 cella:
2367 4649 2620 4706 invitatos
2642 4653 2896 4709 convivas
2938 4653 3170 4717 intuens,
3201 4655 3274 4709 ait
3301 4672 3313 4708 :
3344 4653 3554 4713 La-titia
3587 4661 3783 4729 sempi-

2181 4748 2327 4793 terna
2373 4758 2527 4811 super
2562 4745 2733 4814 capita
2774 4760 2981 4811 eorum,
3014 4747 3263 4817 gaudium
3301 4758 3351 4802 et
3387 4751 3782 4806 exsultationem

2178 4830 2479 4886 obtinebunt
2525 4834 2715 4909 (Ibid.,
2750 4853 2909 4904 χχιν,
2966 4838 3093 4906 10).
3142 4839 3274 4895 Hinc
3321 4839 3599 4898 Psalmista
3647 4860 3781 4899 voce

2177 4925 2412 4992 correpti
2455 4926 2764 4993 paenitentis
2802 4931 3187 4997 pronuntians,
3233 4932 3400 4986 dicit:
3432 4932 3607 4989 Notas
3649 4936 3781 4987 mihi

2178 5016 2344 5086 fecisti
2373 5016 2480 5069 vias
2509 5017 2653 5082 vitm,
2704 5017 3012 5089 adimplebis
3038 5021 3143 5090 95
3171 5039 3251 5075 me
3280 5023 3462 5076 laetitia
3493 5041 3609 5076 cum
3638 5026 3779 5077 vultu

2180 5112 2286 5171 tuo,
2319 5105 2687 5163 delectationes
2715 5110 2771 5163 in
2798 5109 3010 5165 dextera
3035 5121 3121 5167 tua
3144 5129 3302 5182 usque
3327 5114 3384 5167 in
3411 5114 3570 5184 ﬁnem
3601 5113 3773 5178 (Paul.

2176 5215 2265 5266 xv,
2295 5199 2408 5271 10).
2442 5201 2553 5258 Via:
2581 5204 2783 5261 etenim
2810 5204 2933 5261 vite
2968 5214 3096 5261 sunt
3140 5205 3460 5263 aiilictiones
3503 5210 3765 5278 partite:-

2148 5295 2294 5359 ~tiae,
2326 5296 2520 5366 quibus
2568 5297 2818 5354 nimirum
2868 5315 2899 5354 a
2945 5299 3311 5357 damnationis
3357 5318 3469 5357 sua:
3512 5303 3775 5358 barathro

2173 5398 2433 5460 peccator
2480 5389 2548 5444 ad
2595 5406 2885 5461 supernam
2928 5392 3157 5464 patriam
3198 5396 3440 5462 ducitur,
3492 5398 3620 5451 dum
3674 5413 3777 5467 pro

2175 5484 2475 5540 commissis
2517 5484 2886 5555 iniquitatibus
2931 5498 3130 5560 sponte
3178 5491 3471 5551 cruciatur.
3524 5489 3676 5546 Unde
3723 5499 3781 5546 et

2168 5659 2388 5719 peccatu
2415 5653 2625 5724 nostris.
2655 5649 2819 5724 Multa
2842 5626 3062 5707 laudant
3083 5652 3259 5710 sancti
3292 5651 3479 5709 Patres
3500 5666 3621 5724 quae
3655 5664 3779 5711 tau-

2170 5728 2280 5775 tum
2302 5722 2628 5792 _memoriter
2658 5721 2968 5792 proferunt.

2244 5802 2265 5829 θ
2290 5790 2576 5859 Gussanv.,
2608 5790 2671 5849 in
2688 5796 2813 5861 vita,
2840 5795 3044 5881 omisso
3069 5795 3163 5850 ita.
