4044 6336
1075 330 1145 390 IN
1181 331 1445 392 PRIMUM
1486 332 1725 393 REGUM
1770 330 2282 392 EXPOSITIONES.
2318 364 2383 377 —
2425 334 2551 392 LIB.
2585 336 2649 393 II.

3438 349 3545 407 126

253 472 377 517 cum
416 458 733 527 correptum
768 464 831 509 se
864 462 987 507 esse
1027 457 1368 529 peccatorem
1412 448 1679 518 insinuat,
1710 462 1849 518 prae-
1881 451 1931 512 Α
1956 445 2263 519 proﬁciunt,
2288 450 2334 507 si
2360 451 2429 507 ad
2448 450 2786 509 altitudinem
2814 452 3129 513 meritorum
3151 461 3206 512 et
3228 456 3544 521 fortitudine

249 549 439 618 sumit,
468 548 693 605 dicens:
727 544 803 601 Tu
830 562 906 613 es,
938 544 1189 611 Domine,
1219 544 1305 619 qui
1334 544 1601 598 restituisti
1628 542 1848 598 hwredio

250 653 411 700 tatem
447 657 620 697 meam
656 638 781 695 mihi
812 636 999 709 (Psal.
1040 654 1132 703 xv,
1163 634 1248 706 ii).
1276 636 1343 691 Et
1369 637 1495 690 item
1542 634 1842 703 conlidens,

246 735 368 792 ait:
403 731 662 799 Quoniam
704 748 811 788 non
856 729 1180 803 derelinques
1219 729 1449 783 animam
1477 745 1646 782 meam
1678 728 1735 781 in
1763 728 1845 781 in-

243 830 399 900 {eruo
426 825 623 899 (Ibid.,
652 823 775 896 i0).
808 824 921 880 Vite
947 838 1182 893 namque
1221 822 1340 878 vita:
1384 822 1658 893 peccatori
1704 830 1845 877 noue

244 923 387 978 ﬁunt
408 919 625 991 quando
644 917 968 975 afﬁictiones
997 916 1328 989 pmnitentite
1350 916 1398 973 ei
1427 916 1683 973 divinitus
1710 915 1842 971 iusi-

243 1021 511 1081 nuantur,
532 1010 750 1083 quando
777 1008 1025 1085 videlicet
1065 1006 1365 1062 illuminata
1394 1014 1574 1062 mente
1600 1005 1846 1061 conside-

240 1114 331 1161 rat
354 1120 516 1175 quam
538 1103 661 1159 vitae
682 1101 1097 1158 amaritudinem
1120 1097 1344 1166 singulis
1364 1098 1648 1168 prseteritae
1672 1097 1843 1168 culpa:

242 1195 699 1254 delectationibus
752 1200 1008 1265 apponat.
1068 1190 1169 1259 Qui
1222 1189 1471 1246 nimirum
1526 1205 1649 1248 cum
1694 1190 1843 1245 vultu

243 1288 638 1357 omnipotentis
666 1285 763 1342 Dei
801 1284 1037 1353 jucunda
1080 1283 1259 1339 laetitia
1288 1282 1573 1354 adimpleri
1592 1291 1616 1319 ³
1646 1281 1843 1352 gloria-

243 1387 358 1447 tur,
388 1379 514 1449 quia
541 1378 613 1435 de
640 1378 924 1434 manifesta
952 1376 1144 1432 divinae
1172 1374 1644 1445 contemplationis
1680 1374 1844 1430 satieo

242 1478 361 1527 tate
380 1468 635 1535 reﬁcitur,
665 1475 720 1525 et
739 1468 831 1540 qui
853 1469 907 1522 in
927 1467 1060 1523 laeva
1081 1466 1205 1522 vitte
1228 1465 1507 1537 praesentis
1532 1464 1598 1519 ad
1631 1473 1841 1537 tempus

240 1544 562 1635 paenitendo
580 1561 979 1632 compungitur,
999 1561 1053 1615 in
1078 1560 1266 1616 dextra
1287 1566 1502 1615 aeterna:
1524 1559 1648 1613 vitae
1673 1570 1840 1628 usque

238 1656 300 1711 in
331 1654 492 1711 ﬁnem
533 1651 980 1711 delectationibus
1024 1652 1271 1708 satiatur.
1315 1649 1419 1718 Qui
1461 1663 1589 1719 ergo
1639 1656 1839 1705 tortam

239 1748 402 1819 panis
430 1747 656 1815 obtulit,
686 1745 754 1802 ad
782 1744 1038 1802 buccellae
1067 1744 1458 1801 comestionem
1506 1742 1836 1814 perducitur.

1949 551 2212 599 conantur
2240 544 2439 615 operis,
2471 552 2527 599 et
2554 544 2752 603 virtute
2782 545 3116 605 humilitatis.

2016 634 2069 689 Ξ.
2105 636 2223 704 Quo
2254 636 2307 692 in
2336 636 2454 694 loco
2497 644 2582 694 est
2617 637 2760 693 aliud
2787 639 2934 707 quod
2971 641 3148 698 notari
3171 641 3403 700 debeat:
3434 648 3545 723 96

1947 727 2073 798 quia
2113 736 2241 785 tunc
2289 727 2507 784 Samuel
2550 744 2733 786 coram
2783 729 2903 789 Heli
2959 731 3188 789 Domino
3238 736 3547 796 ministrare

1947 819 2276 887 ostenditur,
2308 821 2527 891 quando
2571 821 2687 894 ipse
2734 822 2801 878 de
2850 822 3085 883 ﬁliorum
3140 826 3465 897 negligentia
3514 847 3546 889 a

1948 908 2176 964 Domino
2207 910 2539 982 objurgatur.
2572 913 2826 973 Nonnulli
2865 930 3100 987 namque
3129 918 3383 991 subjecti,
3415 922 3541 977 dum

1947 1000 2274 1059 fortitudinis
2324 1021 2434 1061 sua:
2482 1007 2697 1063 modum
2760 1009 3144 1082 considerant,
3194 1012 3542 1083 praelatorum

1946 1109 2169 1152 suorum
2200 1098 2406 1154 malunt
2436 1115 2555 1158 esse
2595 1101 2770 1159 severi
2814 1102 3025 1173 judices
3073 1119 3236 1175 quam
3269 1107 3546 1164 auditores

1946 1189 2042 1260 pii.
2074 1188 2179 1258 Qui
2200 1190 2449 1247 nimirum
2479 1193 2602 1265 quia
2631 1207 2958 1265 exaggerare
2986 1208 3041 1255 et
3061 1196 3329 1255 discutere
3357 1213 3546 1255 eorum

1946 1283 2083 1339 vitas
2130 1294 2563 1352 consueverunt,
2596 1287 2641 1343 si
2678 1286 2732 1345 in
2778 1303 2965 1347 eorum
3020 1292 3433 1349 conversatione
3462 1292 3547 1350 vel

1946 1374 2163 1431 levioris
2193 1376 2374 1435 delicti
2406 1378 2643 1435 maculas
2672 1380 2976 1447 intuentur,
3002 1382 3159 1440 subdi
3186 1399 3375 1439 eorum
3408 1399 3547 1455 pra:-

1946 1474 2103 1536 cepto
2132 1465 2438 1524 obediendo
2462 1478 2716 1527 renuunt.
2749 1469 2857 1528 Sed
2881 1487 3008 1531 vere
3035 1472 3204 1531 fortes
3227 1474 3544 1540 existerent,

1945 1557 1991 1613 si
2022 1555 2286 1627 majorum
2318 1575 2439 1630 quin
2480 1558 2690 1617 inﬁrma
2738 1562 3049 1620 existimant
3078 1563 3355 1621 humiliter
3382 1565 3546 1623 susti-

1945 1657 2158 1707 nerent.
2210 1650 2343 1707 Nam
2395 1660 2521 1708 ante
2552 1653 2720 1711 Deum
2751 1654 2843 1711 ille
2872 1668 3097 1724 magnus
3148 1670 3245 1727 per
3293 1657 3546 1713 meritum

1947 1739 2213 1806 noscitur,
2241 1743 2331 1812 qui
2362 1742 2411 1800 ei
2442 1743 2495 1798 in
2535 1744 2683 1801 bono
2728 1754 3004 1817 praecepto
3047 1746 3330 1816 subjicitur
3359 1749 3450 1817 qui
3481 1764 3547 1805 ex

238 1838 371 1911 quia
398 1838 491 1911 qui
526 1852 712 1895 amore
756 1851 1005 1907 supernae
1033 1836 1159 1892 vitae
1204 1836 1399 1892 noxias
1450 1834 1841 1892 delectationes
1872 1848 1919 1911 κ
1946 1839 2101 1901 parte
2121 1832 2299 1904 aliqua
2330 1834 2656 1891 venerabilis
2684 1851 2795 1893 non
2821 1835 3052 1896 videtur.
3087 1835 3229 1897 Ecce
3256 1838 3399 1895 enim
3428 1837 3549 1897 Heli

236 1930 483 1999 cruciat,
513 1930 569 1986 in
614 1927 884 1986 discubitu
929 1927 1116 1983 aeterni
1162 1926 1341 1998 gaudii
1390 1924 1491 1983 sibi
1522 1932 1835 1997 perpetuam

236 2018 600 2079 refectionem
624 2029 800 2093 parat.
831 2018 1123 2091 Sequitur:

855 2148 1087 2206 CAPUT
1126 2148 1214 2205 IV.

312 2263 359 2336 (l
391 2263 525 2335 Reg.
557 2278 633 2332 nt,
667 2263 743 2333 1.)
772 2262 909 2319 Puer
929 2272 1099 2319 autem
1120 2260 1337 2319 Samuel
1364 2260 1697 2318 ministrabat
1725 2260 1837 2318 Do-

233 2359 381 2414 mino
410 2374 584 2413 coram
616 2356 762 2413 Heli.

312 2471 364 2526 1.
405 2470 541 2526 Illud
581 2480 762 2527 autem
793 2470 897 2527 hoc
935 2470 989 2530 in
1020 2471 1143 2529 loco
1173 2470 1454 2547 repetiisse
1498 2470 1833 2539 ostenditur,

234 2559 385 2631 quod
412 2561 477 2617 de
496 2561 670 2619 electo
701 2577 869 2635 puero
889 2563 1140 2634 superius
1170 2572 1523 2633 memoratur,
1546 2562 1632 2617 ubi
1666 2561 1796 2618 dicit
1821 2579 1833 2615 :

238 2652 382 2706 Puer
403 2663 569 2707 autent
599 2652 814 2710 Samuel
853 2666 964 2711 erat
988 2656 1223 2712 minister
1243 2656 1298 2710 in
1321 2662 1597 2728 conspectu
1624 2653 1837 2710 Domini

235 2754 359 2799 ante
380 2746 564 2817 facient
589 2743 732 2801 Heli.
764 2744 880 2803 Hoc
906 2747 1120 2818 quidem
1149 2757 1229 2803 est
1274 2746 1579 2802 ministrare
1609 2743 1838 2801 Domino

235 2852 423 2893 coram
444 2836 584 2921 Heli,
609 2839 753 2911 quod
781 2856 901 2896 esse
924 2840 1227 2896 ministrum
1253 2838 1465 2895 Domini
1489 2848 1615 2894 ante
1645 2836 1838 2893 faciem

236 2927 380 2989 Heli.
434 2929 501 2986 Et
528 2932 654 3003 quia
696 2932 767 2988 ibi
815 2934 989 3001 istud,
1015 2931 1246 2988 Domino
1288 2930 1595 3001 adjuvante,
1628 2928 1839 3001 plenius

232 3021 606 3091 exposuimus,
633 3023 685 3077 in
710 3023 951 3079 iteranda
972 3024 1089 3094 ejus
1118 3022 1460 3095 expositione
1484 3020 1700 3091 penitus
1729 3034 1838 3074 non

232 3127 533 3168 moramur.
564 3112 762 3169 Verum
787 3114 913 3185 quia
944 3113 1155 3170 divinus
1187 3128 1369 3169 sermo
1399 3120 1501 3183 est,
1534 3111 1626 3182 qui
1655 3110 1837 3167 hocin

1941 1930 2129 1990 aperta
2156 1921 2255 1979 Dei
2280 1924 2549 1981 sententia
2589 1924 2657 1981 de
2704 1925 3045 1997 negligentia:
3091 1942 3202 1985 suae
3238 1936 3550 2000 perpetrata

1940 2013 2098 2085 culpa
2130 2016 2561 2085 reprehenditur,
2594 2015 2688 2075 sed
2717 2030 2851 2089 puer
2872 2015 3090 2077 DOmiui
3120 2016 3341 2075 Samuel
3362 2033 3547 2075 coram

1942 2120 2007 2160 eo
2033 2105 2339 2162 ministrare
2366 2105 2597 2165 Domino
2636 2116 2993 2179 memoratur,
3036 2116 3097 2167 ut
3124 2106 3373 2179 profecto
3404 2108 3548 2180 apud

1941 2210 2001 2252 se
2029 2197 2249 2267 colligat
2294 2200 2469 2270 quatis
2495 2199 2565 2255 sit
2593 2198 2685 2271 qui
2716 2198 2770 2258 in
2820 2198 3011 2259 leviori
3040 2198 3200 2271 culpa
3228 2199 3330 2257 sibi
3358 2198 3551 2271 praela-

1942 2297 2055 2343 tum
2105 2288 2372 2360 despicit,
2416 2289 2462 2345 si
2508 2290 2559 2348 ei
2592 2305 2651 2346 se
2679 2288 2903 2349 Samuel
2952 2289 3257 2350 obediendo
3311 2289 3551 2349 subdidit

1940 2394 2103 2450 quem
2122 2380 2467 2451 omnipotens
2491 2378 2631 2438 Deus
2653 2380 2733 2439 sui
2756 2382 3021 2441 examinis
3041 2391 3191 2439 tanta
3213 2381 3551 2443 districtione

1942 2471 2274 2544 reprobavit.
2302 2472 2409 2528 Sed
2438 2472 2565 2545 quia
2596 2471 2716 2531 Heli
2747 2490 2857 2533 non
2890 2474 3042 2533 valde
3072 2490 3232 2547 supra
3263 2481 3551 2546 peccantes

1942 2561 2185 2619 subditos
2233 2563 2534 2623 honorasse
2582 2564 3033 2637 reprehenditur,
3086 2565 3217 2637 ipsa:
3266 2578 3547 2623 sacrorum

1942 2654 2192 2712 ordinum
2220 2655 2512 2726 dignitates
2536 2655 2827 2729 pensandte
2874 2666 3020 2718 sunt.
3055 2656 3186 2716 Nam
3208 2666 3389 2715 rector
3419 2672 3549 2728 pec-

1942 2757 2153 2803 cantem
2205 2747 2478 2805 subditum
2528 2748 2631 2804 nisi
2680 2758 2990 2822 correptum
3039 2749 3315 2809 honorare
3363 2747 3548 2815 debet,

1942 2839 2218 2907 subjectus
2247 2848 2428 2894 autem
2476 2855 2578 2896 nec
2610 2847 2737 2897 tunc
2778 2839 3061 2910 praelatum
3091 2839 3391 2911 despicere,
3422 2854 3545 2895 cum

1943 2948 2004 2988 se
2034 2932 2240 3002 justum
2272 2942 2328 2988 et
2356 2932 2503 2988 illum
2536 2931 2819 3004 agnoverit
2845 2939 3208 3004 peccatorem,
3242 2930 3368 2999 quia
3397 2938 3550 2984 aeter-

1942 3042 2043 3081 nus
2068 3024 2234 3096 judex
2262 3024 2598 3080 subditorum
2622 3022 2882 3097 judicium
2925 3031 3129 3079 sanctae
3157 3019 3415 3077 Ecclesiae
3440 3034 3547 3075 τε·

1944 3119 2185 3175 ctoribus
2236 3117 2455 3185 tribuit,
2505 3115 2601 3171 sed
2648 3114 2869 3173 eosdem
2909 3125 3150 3175 rectores
3180 3113 3548 3170 discutiendos

232 3198 343 3260 isto
395 3204 535 3274 loco,
567 3206 705 3262 etin
735 3206 827 3262 illo
872 3206 1131 3280 loquitur,
1180 3207 1297 3262 sine
1336 3204 1568 3263 utilitate
1613 3203 1839 3260 rationis

1944 3228 2043 3269 suo
2073 3210 2308 3267 examini
2337 3208 2654 3267 reservavit.
2688 3204 2805 3266 Hoc
2836 3217 3020 3263 tamen
3049 3206 3221 3277 ipsum
3245 3203 3549 3259 rectoribus

234 3311 576 3367 nequaquam
598 3295 702 3355 hoc
727 3299 899 3368 egisse
917 3307 1264 3354 monstratur.
1290 3296 1397 3355 Pro
1416 3295 1629 3354 fastidio
1653 3297 1834 3369 itaque

232 3385 456 3445 lectoris
509 3390 945 3461 explanationem
1002 3400 1282 3457 tacemus,
1331 3389 1667 3462 repetitionis
1706 3405 1836 3446 vero

234 3494 453 3534 causam
483 3479 707 3537 dicimus
736 3480 803 3537 ad
829 3482 946 3553 ejus
975 3482 1283 3538 utilitatem.
1330 3479 1562 3549 Quidam
1600 3494 1836 3550 namque

231 3569 581 3641 pnelatoium
627 3580 830 3628 sancta:
880 3570 1127 3628 Ecclesia:
1166 3571 1480 3645 magisterio
1511 3568 1710 3625 subditi
1740 3586 1834 3623 ru-

232 3659 334 3714 des
356 3660 646 3729 ohediunt;
680 3662 773 3717 sed
800 3678 919 3719 cum
952 3663 1112 3735 paulo
1144 3662 1306 3717 altius
1337 3678 1432 3734 per
1462 3660 1833 3718 conversatio-

233 3768 363 3809 nem
409 3752 723 3826 proftciunt,
755 3755 807 3811 in
834 3757 1024 3813 eadem
1056 3756 1377 3812 obedientize
1407 3756 1709 3812 humilitate
1739 3772 1836 3812 ne-

232 3864 505 3919 quaquam
556 3852 871 3921 persistunt.
918 3852 1066 3920 Quos
1104 3852 1241 3909 bene
1272 3852 1414 3925 Agar
1444 3850 1590 3908 Sane
1638 3851 1833 3909 ancilla

234 3940 552 4011 spiritaliter
591 3943 854 4014 designat,
886 3961 1004 4018 qua:
1034 3962 1154 4002 cum
1177 3946 1243 4004 de
1274 3947 1545 4002 Abraham
1572 3948 1687 4003 viro
1719 3944 1834 4015 ejus

234 4033 556 4103 concepisse
576 4049 634 4090 se
652 4035 803 4103 vidit,
822 4035 1094 4093 dominam
1116 4038 1424 4110 despexerit
1446 4035 1603 4110 (Cen.
1622 4053 1727 4103 xw,
1754 4033 1829 4107 5).

231 4123 380 4192 Agar
407 4126 603 4196 quippe
630 4128 871 4199 concipit
897 4129 1112 4200 quando
1141 4132 1372 4201 reproba
1422 4145 1575 4185 mens
1604 4129 1828 4192 subditi,

230 4222 333 4268 aut
372 4229 468 4284 per
494 4216 853 4274 eruditionem
905 4219 1143 4275 scientia:
1172 4235 1231 4275 se
1262 4220 1560 4289 prolicere,
1593 4228 1687 4275 aut
1734 4234 1832 4289 per

231 4306 362 4360 vita:
381 4309 870 4378 conversationem,
899 4312 1087 4367 credit.
1122 4312 1251 4379 Quae
1281 4312 1528 4384 profecto
1551 4324 1833 4381 praegnans

230 4397 510 4455 dominam
556 4418 708 4459 suam
736 4404 1049 4476 despexisse
1088 4404 1307 4473 dicitur,
1330 4405 1453 4476 quia
1480 4403 1594 4474 jam
1643 4403 1830 4475 promi-

230 4492 385 4551 denti
429 4494 531 4552 sibi
581 4498 854 4569 praepositi
903 4498 982 4554 sui
1026 4498 1288 4554 voluntati
1339 4514 1435 4569 per
1464 4497 1830 4554 obedientiam

226 4586 388 4643 subdi
412 4586 751 4657 dedignatur.
783 4587 892 4644 Sed
917 4605 1035 4661 quae
1058 4590 1335 4645 dominam
1361 4589 1608 4659 deSpicit,
1636 4587 1827 4644 ancilla

226 4694 351 4736 esse
372 4682 705 4751 perhibetur,
734 4684 861 4754 quia
888 4684 1103 4754 superbi
1136 4684 1367 4754 subjecu
1397 4694 1450 4739 tl.
1474 4683 1671 4739 iulirmi
1701 4691 1829 4739 sunt

228 4790 329 4845 per
357 4774 670 4846 elationem,
702 4787 757 4835 et
783 4779 848 4833 ad
876 4778 1105 4834 filiorum
1140 4777 1234 4832 Dei
1264 4792 1545 4833 numerum
1574 4792 1683 4832 non
1714 4792 1833 4847 per.

228 4870 465 4938 tingunt.
517 4868 783 4927 Samuelis
830 4879 1010 4926 autem
1059 4869 1330 4941 profectus
1361 4870 1672 4940 exponitur,
1702 4870 1830 4940 quia

223 4962 479 5030 superius
509 4962 709 5018 dictum
752 4972 834 5018 est
862 4980 875 5015 :
908 4963 1047 5019 Puer
1074 4971 1245 5016 autem
1275 4961 1486 5017 Samuel
1526 4960 1832 5033 proﬁciebat

226 5049 253 5088 ι’
287 5064 333 5106 ει
376 5053 636 5110 crescebat
681 5063 729 5110 et
769 5053 1006 5123 placebat
1051 5062 1158 5108 tam
1204 5052 1313 5109 Deo
1339 5069 1493 5123 quam
1541 5050 1832 5107 hominibus

227 5140 705 5218 (Illeg.u,18).
754 5145 881 5213 Qua:
925 5144 1168 5217 profecto
1214 5147 1312 5201 tria
1343 5159 1448 5213 qua
1498 5144 1826 5201 sublimitate

225 5238 657 5291 conversationis
678 5238 1024 5309 percurrerit,
1043 5252 1205 5310 supra
1226 5237 1532 5307 expositum
1555 5246 1655 5293 est.
1689 5236 1824 5306 Quia

225 5342 358 5399 ergo
390 5328 550 5384 etiam
590 5346 731 5387 nunc
772 5346 953 5387 coram
994 5329 1250 5401 magistro
1280 5330 1585 5386 ministrare
1614 5345 1823 5387 memo-

225 5425 399 5483 ratur,
427 5417 554 5488 quid
585 5428 686 5509 est,
717 5420 815 5474 nisi
846 5420 969 5489 quia
1000 5421 1185 5478 electis
1233 5421 1568 5478 auditoribus
1597 5421 1823 5479 formam

222 5510 457 5580 prmhet,
485 5520 541 5565 ut
563 5527 670 5582 quo
701 5512 876 5568 altiori
898 5512 1007 5567 vita
1037 5512 1342 5583 proﬁciunt,
1374 5530 1592 5574 servare
1621 5514 1823 5571 bonum

223 5606 553 5664 obedientia:
589 5623 863 5681 nunquam
894 5608 1315 5667 obliviscantur?
1365 5608 1499 5667 Nam
1540 5618 1669 5668 tunc
1696 5626 1824 5667 vere

226 5790 617 5920 riazai’endose
642 5793 838 5869 tegitur
877 5793 933 5853 in
969 5790 1219 5851 omnibus
1248 5793 1447 5853 nostris
1490 5791 1659 5852 Editis
1702 5792 1819 5865 glo-

1944 3306 2099 3361 valde
2149 3304 2448 3359 timendum
2480 3309 2598 3371 est,
2628 3300 2774 3373 quod
2828 3299 2924 3358 Dei
2974 3307 3261 3356 servantur
3291 3296 3547 3362 examini,

1941 3400 2069 3472 quia
2097 3407 2248 3457 tanto
2275 3397 2585 3454 subtiliores
2623 3394 2864 3451 rationes
2904 3392 3028 3448 vitae
3056 3400 3109 3447 et
3136 3389 3399 3445 dOCtt‘inte
3432 3402 3545 3445 suae

1941 3506 2135 3563 parare
2193 3489 2431 3557 debent,
2461 3496 2667 3559 quanto
2720 3485 3020 3561 sapientior
3044 3492 3127 3540 est
3171 3482 3339 3554 judex
3383 3495 3545 3553 quem

1941 3582 2227 3638 sustinent.
2261 3579 2369 3637 Nec
2401 3586 2610 3635 tantum
2642 3576 2758 3651 ejus
2803 3576 3040 3633 futurum
3082 3573 3346 3647 judicium
3378 3573 3433 3629 in
3464 3570 3547 3628 lu-

1943 3682 2062 3731 tura
2095 3673 2239 3739 vita,
2275 3670 2429 3743 quasi
2476 3670 2529 3727 in
2575 3670 2869 3743 longinquo
2901 3668 3160 3743 positum,
3195 3667 3444 3731 timeant,
3478 3680 3547 3723 ne

1941 3768 2032 3839 qui
2064 3766 2261 3838 ubique
2313 3780 2549 3836 prtesens
2587 3772 2668 3823 est
2718 3764 2989 3819 incautum
3039 3760 3197 3816 feriat
3244 3759 3311 3817 de
3340 3759 3543 3814 vicino.

1938 3856 2280 3927 Negligentes
2312 3871 2547 3926 namque
2595 3864 2842 3926 pastores
2872 3853 2937 3908 ad
2970 3850 3300 3909 evadendam
3351 3850 3545 3904 futura:

1938 3950 2187 4005 vindicta:
2216 3964 2431 4020 poenam
2463 3947 2621 4017 longa
2653 3946 2776 4000 vitae
2812 3943 3097 4016 praesentis
3128 3942 3300 4013 Spatia
3327 3940 3394 3995 ad
3427 3955 3544 4011 po:-

1939 4057 2063 4096 nam
2094 4041 2366 4112 cogitant;
2418 4038 2513 4096 sed
2540 4037 2726 4109 judex,
2774 4037 2866 4109 qui
2908 4036 3107 4105 ubique
3138 4041 3241 4101 est,
3270 4032 3337 4088 de
3364 4033 3543 4088 vicino

1941 4132 2316 4204 paenitentiam
2348 4131 2553 4199 irrogat
2577 4168 2592 4197 ,
2640 4129 2765 4201 quia
2794 4128 2943 4197 prius
2972 4125 3049 4180 eis
3080 4126 3259 4181 lumen
3294 4133 3541 4179 contem-

1938 4220 2190 4294 plationis
2220 4220 2508 4285 subtrahit,
2544 4218 2737 4274 deinde
2769 4215 2836 4271 ad
2870 4222 3141 4269 tormenta
3183 4229 3278 4285 per
3313 4222 3544 4269 mortem

1936 4314 2097 4382 rapit.
2132 4311 2283 4367 Unde
2316 4320 2372 4367 et
2401 4311 2472 4365 de
2497 4309 2687 4367 eodem
2720 4306 2858 4375 Iieli,
2892 4306 2981 4378 qui
3012 4305 3079 4361 de
3108 4305 3269 4376 paulo
3299 4303 3541 4373 inferius,

1938 4408 2105 4465 fracta
2136 4407 2368 4473 cervice,
2404 4404 2654 4469 moritur,
2688 4401 3033 4471 subiunctum
3064 4408 3186 4456 est:

2009 4500 2183 4571 (Vers.
2212 4499 2291 4570 l.)
2326 4496 2390 4552 In
2418 4496 2595 4553 diebus
2626 4497 2733 4550 illis
2765 4513 2867 4550 non
2898 4506 3013 4550 erat
3044 4495 3170 4550 visio
3200 4492 3503 4565 manifesta.

2007 4591 2061 4647 5.
2102 4589 2235 4645 Nam
2283 4590 2410 4645 dum
2456 4597 2635 4644 rector
2680 4586 2883 4660 agenda
2934 4602 3051 4662 quze
3084 4586 3233 4643 novit
3279 4584 3530 4655 despicit,

1937 4686 2113 4756 agitur
2133 4699 2254 4741 cum
2279 4698 2344 4739 eo
2366 4682 2608 4739 districto
2627 4681 2855 4751 judicio,
2890 4689 2947 4734 ut
2978 4679 3183 4750 agenda
3208 4694 3316 4737 non
3339 4677 3541 4740 videat,

1936 4782 2063 4853 quia
2096 4780 2321 4850 implere
2360 4777 2532 4834 noluit
2554 4776 2698 4848 quod
2725 4776 2958 4832 videbat.
2993 4772 3271 4827 Manifesta
3307 4784 3541 4839 namque

1936 4873 2071 4931 visio
2098 4870 2415 4941 negligentis
2442 4869 2677 4941 pastoris
2708 4884 2815 4923 non
2845 4875 2948 4933 est,
2977 4866 3070 4921 sed
3100 4864 3352 4924 amantis.
3386 4858 3542 4916 Unde

1941 4973 1997 5023 ei
2026 4981 2121 5037 per
2146 4965 2376 5034 seipsam
2410 4962 2621 5021 Veritas
2650 4961 2781 5017 dicit
2809 4977 2821 5013 :
2859 4959 2957 5029 Qui
2988 4957 3157 5030 diligit
3186 4972 3267 5010 me
3298 4954 3543 5025 diligetur

1934 5078 1967 5117 ιι
2010 5060 2173 5115 Patre
2206 5074 2347 5125 meo,
2390 5065 2439 5115 et
2482 5072 2574 5129 ego
2605 5054 2818 5127 diligam
2862 5068 3008 5116 eum,
3042 5058 3090 5104 et
3117 5044 3461 5119 manifestabo
3492 5045 3540 5099 ei

1934 5151 2185 5219 meipsum
2210 5146 2389 5219 (Joan.
2423 5162 2534 5214 xw,
2565 5142 2678 5216 21).
2711 5142 2938 5199 Claritas
2979 5154 3209 5209 namque
3240 5135 3539 5192 manifesta)

1934 5241 2174 5309 visionis,
2206 5248 2289 5296 est
2318 5238 2577 5296 revelatio
2607 5244 2797 5292 amaue
2829 5232 3093 5293 veritatis.
3127 5226 3259 5298 Qua:
3289 5225 3537 5300 profecto

1932 5336 2135 5393 veritas
2179 5335 2225 5390 si
2270 5334 2466 5393 merito
2508 5330 2817 5388 dilectionis
2848 5325 3174 5389 ostenditur,
3208 5322 3272 5378 iis
3300 5319 3391 5392 qui
3422 5328 3539 5375 tor-

1931 5438 2064 5501 pent
2107 5445 2138 5484 a
2188 5429 2333 5485 bono
2380 5440 2547 5498 opere
2584 5421 2896 5493 dignissime
2945 5418 3265 5482 occultatur,
3296 5412 3424 5486 quia
3463 5410 3538 5468 sl-

1931 5534 2094 5591 gnum
2118 5518 2320 5575 amoris
2341 5534 2449 5575 non
2475 5525 2559 5572 est
2586 5516 2639 5570 in
2669 5510 2957 5568 aﬂ‘ectione
2987 5509 3174 5575 animi,
3208 5506 3301 5564 sed
3330 5504 3384 5561 in
3413 5512 3533 5563 stu-

1931 5613 2023 5668 dio
2054 5613 2209 5668 bona:
2235 5609 2589 5683 operationis.
2616 5605 2771 5667 Unde
2794 5614 2850 5663 et
2876 5604 2929 5661 in
2958 5601 3246 5685 Evangelio
3278 5599 3536 5659 Dominus

1939 5793 2030 5921 Db
2052 5790 2331 5855 Omittitur
2359 5792 2414 5849 in
2442 5789 2709 5849 Gussanv.
2734 5796 2785 5846 et
2810 5787 3072 5845 crescebat
3092 5793 3142 5843 et
3162 5783 3399 5857 placebat
3427 5793 3534 5840 tam

1992 5880 2071 5920 eo.
2233 5887 2242 5894 -

1992 5880 2071 5920 εο.
2233 5887 2242 5894 ’
