4044 6336
560 343 660 404 127

1744 334 1987 395 SANCTI
2027 330 2355 390 GREGORII
2394 328 2604 389 MAGNI

3720 328 3824 391 ΩΒ

556 458 835 530 praemisit,
866 454 1049 510 dicens
1081 470 1094 509 :
1127 450 1227 520 Qui
1258 454 1409 508 habet
1450 453 1700 507 mandata
1727 469 1862 521 mea,
1913 460 1961 506 et
2012 451 2138 523 facit
2168 449 2219 509 Δ
2314 446 2368 503 6.
2409 444 2627 501 Samuel
2647 444 2847 517 quippe
2874 459 3009 517 puer
3031 461 3061 502 a
3088 446 3316 504 Domino
3341 458 3569 506 vocatur
3605 453 3825 523 quoties

555 566 651 614 ea,
682 548 765 601 hic
804 555 880 603 est
907 547 995 618 qui
1018 563 1097 600 me
1126 546 1293 617 diligit
1323 545 1502 616 (Ibid.
1528 546 1566 616 ).
1594 544 1728 611 Quia
1759 558 1887 613 ergo
1930 542 1998 597 de
2042 556 2137 597 ne-

556 640 807 711 gligentia
856 639 1035 710 operis
1081 638 1254 708 caligo
1307 637 1598 693 incurritur
1632 638 1855 691 interna:
1884 633 2137 701 visionis,

556 740 680 803 apte
710 732 887 795 nimis,
911 731 1039 785 dum
1061 730 1129 785 de
1155 738 1465 800 contemptu
1486 729 1861 784 mandatorum
1887 725 2140 783 sacerdos

556 823 819 892 arguitur,
849 822 988 878 visio
1015 821 1282 877 occultata
1306 830 1654 877 memoratur.
1696 820 1952 890 Sequitur
1978 837 1991 872 :

628 913 805 985 (Vers.
840 914 917 985 1.)
954 914 1023 968 Et
1042 931 1209 969 sermo
1239 914 1450 970 Domini
1477 922 1587 968 erat
1618 915 1891 985 pretiosus.

2238 540 2528 596 humilibus
2556 540 2814 611 subjectis
2838 540 3001 596 divini
3024 541 3236 597 consilii
3262 557 3460 599 arcana
3488 544 3827 615 revelantur,

2240 640 2294 688 et
2343 632 2664 687 humilitatis
2710 646 2821 687 sua:
2871 632 3066 688 merito
3114 632 3297 687 lumen
3346 634 3828 705 contemplationis

2240 724 2543 793 acquirunt,
2577 723 2722 793 quod
2751 723 3014 795 superbia:
3034 739 3143 780 sum
3166 724 3521 781 retributione
3540 726 3667 782 elati
3691 742 3831 798 pra:-

2242 815 2515 871 dicatores
2542 818 2795 886 perdunt.
2828 815 2933 872 Sed
2953 817 3245 872 notandum
3266 817 3389 888 quia
3413 819 3465 873 id
3487 820 3722 889 quadam
3742 820 3834 876 die

2242 907 2441 963 factum
2472 908 2794 977 ostenditur,
2825 917 2850 945 ⁸
2880 924 2985 978 qua
3006 909 3257 965 videlicet
3285 909 3405 965 Heli
3428 922 3481 966 et
3506 912 3559 967 in
3582 912 3707 968 loco
3728 928 3833 969 suo

627 1005 679 1060 4.
722 1007 993 1075 Quantum
1019 1008 1086 1063 ad
1114 1023 1281 1064 sacra:
1305 1008 1541 1063 historia:
1561 1008 1843 1063 veritatem
1878 1005 2140 1076 pertinet,

2256 998 2442 1064 iacere,
2483 1006 2539 1054 et
2568 1000 2748 1055 videre
2778 1015 2884 1055 non
2914 1015 3075 1070 posse
3104 1000 3435 1071 perhibetur.
3467 1001 3526 1057 In
3564 1002 3651 1058 die
3680 1020 3836 1059 nam-

556 1100 851 1171 pretiosum
883 1114 980 1170 pro
1020 1115 1145 1155 raro
1183 1101 1383 1170 posuit.
1438 1098 1709 1154 Pretiosns
1742 1099 1920 1169 itaque
1964 1111 2143 1154 sermo
2244 1105 2350 1160 que
2394 1099 2633 1156 vocatur.
2677 1091 2768 1160 qui
2799 1106 2897 1161 pro
2926 1107 3021 1146 sua
3060 1099 3115 1147 et
3154 1092 3380 1148 aliorum
3411 1094 3584 1150 salute
3635 1094 3707 1149 ad
3738 1111 3835 1150 su-

557 1198 695 1253 erat,
721 1190 847 1260 quia
878 1190 1003 1244 dum
1034 1205 1187 1246 rarus
1209 1198 1351 1246 esset
1374 1190 1464 1260 qui
1493 1204 1698 1244 summa
1730 1186 2144 1259 contemplando
2247 1195 2426 1251 perna:
2471 1182 2750 1252 sapientia:
2797 1181 3018 1237 scienda
3074 1192 3286 1239 secreta
3332 1185 3650 1241 sustollitur.
3713 1185 3833 1253 Quo

564 1290 847 1350 cerneret,
895 1281 1147 1352 frequens
1191 1298 1311 1340 esse
1346 1298 1455 1339 non
1500 1292 1709 1353 poterat
1751 1282 1839 1353 qui
1877 1282 2019 1336 bona
2067 1280 2147 1335 lo-
2246 1284 2433 1330 contra
2469 1282 2525 1329 et
2561 1273 2817 1330 Salomon
2854 1275 3173 1345 sapientiam
3202 1275 3256 1330 in
3285 1285 3447 1331 nocte
3475 1279 3742 1348 percepit,
3778 1287 3839 1332 nt

555 1373 772 1441 quendo
823 1374 1154 1443 pmdicamt.
1201 1374 1357 1442 Quod
1408 1392 1551 1430 nunc
1598 1390 1815 1445 quoque
1860 1378 1915 1429 in
1963 1382 2146 1429 sancta
2247 1366 2422 1435 caligo
2472 1366 2728 1436 temporis
2756 1366 3023 1421 indicaret
3060 1367 3186 1436 quia
3234 1371 3479 1424 eamdem
3518 1372 3839 1439 sapientiam

556 1461 797 1519 Ecclesia
830 1468 937 1537 97
982 1467 1097 1521 fieri
1139 1467 1412 1535 videmus,
1454 1468 1577 1538 quia
1626 1467 1753 1522 dum
1800 1467 2045 1538 plerique
2081 1466 2149 1521 de
2250 1475 2358 1515 non
2384 1468 2759 1530 perseveratus
2781 1458 3049 1530 acciperet
3070 1457 3190 1531 (III
3217 1458 3345 1532 Reg.
3370 1477 3444 1525 Ill,
3471 1460 3653 1530 5,12).
3683 1461 3839 1529 Quod

556 1556 858 1610 reverentia
909 1557 1157 1613 culminis
1204 1558 1429 1625 gloriam
1461 1557 1715 1613 affectant
1740 1559 1992 1624 honoris,
2022 1557 2147 1611 dum
2250 1548 2475 1618 intelligi
2524 1562 2579 1605 el
2622 1552 2780 1605 aliter
2817 1560 3017 1622 potest,
3061 1552 3187 1620 quia
3223 1552 3474 1608 videlicet
3514 1552 3631 1609 Heli
3662 1556 3839 1625 caligo

561 1646 702 1700 sacri
730 1646 933 1702 ordinis
957 1648 1254 1703 ministeria
1282 1648 1577 1717 negligunt,
1601 1663 1805 1703 summa
1828 1662 1946 1716 qua:
1967 1647 2150 1701 videre

555 1748 829 1806 nequeunt
854 1738 1117 1807 subjectis
1166 1740 1413 1809 plebibus
1448 1740 1741 1809 przedicare
1767 1754 1874 1793 non
1903 1747 2145 1809 possunt,

2251 1652 2603 1698 memoratur.
2656 1642 2929 1699 Positione
2974 1644 3156 1713 itaque
3195 1644 3322 1712 diei,
3374 1645 3490 1713 ejus
3537 1646 3842 1704 ostenditur

2253 1740 2567 1808 magnitudo
2591 1738 2868 1804 ctecitatis,
2896 1740 3021 1809 quia
3054 1740 3299 1811 profecto
3340 1754 3560 1810 magnas
3591 1741 3841 1797 tenebras

556 1835 719 1900 atque
749 1829 801 1885 in
831 1846 1017 1885 eorum
1047 1830 1245 1885 familia
1272 1833 1536 1901 pretiosus
1582 1846 1756 1887 sermo
1786 1847 1903 1886 esse
1933 1845 2135 1899 cogno-
2165 1830 2215 1892 Β
2242 1832 2445 1899 habuit,
2471 1830 2561 1900 qui
2586 1832 2637 1885 in
2658 1830 2745 1886 die
2775 1846 2883 1885 non
2912 1830 3063 1886 vidit.
3089 1830 3240 1887 Nunc
3256 1846 3474 1902 quoque
3496 1832 3540 1887 si
3568 1832 3635 1886 ad
3657 1830 3845 1887 Eccle-

555 1924 751 1990 scitur,
801 1924 924 1994 quia
973 1938 1097 1979 raro
1152 1926 1308 1979 bona:
1358 1924 1755 1996 praedicationis
1808 1925 2149 1980 hortamenta

556 2017 804 2086 audiunt,
836 2032 1064 2086 quorum
1113 2018 1325 2089 praelati
1355 2034 1420 2073 ex
1453 2017 1721 2074 desiderio
1767 2033 1877 2073 non
1906 2024 2154 2087 quaerunt

556 2120 791 2176 superna
817 2124 935 2178 quae
964 2109 1174 2176 dicant,
1223 2111 1316 2166 sed
1364 2120 1574 2167 terrena
1611 2127 1729 2181 qua:
1775 2118 1956 2181 agant.
2006 2110 2154 2178 Quos

556 2198 801 2269 profecto
856 2215 1007 2256 sacra
1059 2201 1336 2273 Scriptura
1386 2212 1573 2269 notat,
1614 2221 1732 2275 quae
1761 2204 1936 2259 dicit:
1985 2204 2152 2258 Canes

558 2294 685 2345 muti
714 2308 817 2345 non
859 2293 1083 2348 valentes
1126 2294 1323 2349 latrare
1373 2295 1517 2367 (Isa.
1553 2313 1659 2362 Lvt,
1700 2296 1818 2367 10).
1873 2296 1987 2350 Νοη
2019 2295 2153 2349 dixit

556 2396 665 2437 non
684 2384 951 2453 volentes,
974 2386 1069 2441 sed
1092 2400 1197 2441 non
1214 2387 1475 2453 valentes,
1499 2389 1623 2457 quia
1646 2397 1792 2444 certe
1817 2387 1941 2442 dum
1970 2387 2152 2441 mundi

558 2471 784 2541 gloriam
813 2489 881 2528 ex
912 2482 1027 2530 toto
1059 2476 1221 2531 corde
1242 2519 1257 2545 ,
1288 2485 1341 2530 et
1368 2492 1434 2531 ex
1476 2486 1587 2531 tota
1618 2478 1794 2531 anima
1814 2517 1827 2540 ,
1858 2488 1914 2531 et
1943 2492 2008 2532 ex
2040 2484 2151 2531 tota

558 2573 741 2619 mente
780 2575 833 2621 et
870 2567 1067 2623 virtute
1113 2568 1372 2638 diligunt,
1416 2569 1615 2625 vellent
1662 2572 1861 2641 populo
1904 2573 2151 2627 sublimia

559 2656 762 2724 dicere,
785 2667 843 2713 ut
864 2660 1028 2714 etiam
1058 2660 1127 2715 de
1154 2661 1482 2717 sublimitate
1508 2663 1657 2717 verbi
1688 2672 1900 2732 possent
1926 2664 2150 2732 gloriam

558 2746 783 2804 habere.
818 2749 992 2806 Canes
1020 2766 1149 2821 ergo
1179 2756 1313 2807 muti
1345 2754 1587 2809 volentes
1626 2754 1853 2821 latrare,
1892 2771 1997 2810 non
2029 2772 2152 2827 pos-

558 2847 718 2904 sunt,
765 2843 890 2911 quia
938 2842 1063 2897 dum
1115 2860 1284 2914 pravo
1332 2846 1497 2901 corde
1547 2856 1756 2903 terrena
1805 2848 2148 2917 meditantur,

558 2932 769 2987 occulta
815 2936 1057 2990 veritatis
1116 2952 1235 3006 qua:
1290 2938 1569 3008 prolerant
1626 2939 1956 2995 revelatione
2005 2940 2149 2995 nulla

560 3026 1041 3095 comprehendunt.
1075 3027 1180 3083 Sed
1208 3030 1332 3098 quia
1362 3030 1504 3100 quod
1534 3032 1826 3101 pretiosum
1855 3042 1936 3087 est
1960 3048 2150 3103 magna

561 3132 683 3173 cum
728 3116 1004 3185 diligentia
1032 3120 1288 3175 custodiri
1332 3122 1499 3186 solet,
1546 3130 1724 3193 potest
1762 3123 1863 3179 hoc
1889 3125 2030 3193 quod
2063 3125 2147 3178 di-

2254 1930 2348 1985 sia:
2379 1937 2576 1984 statum
2616 1929 2952 2000 respicimus,
2992 1914 3261 1998 generalis
3290 1932 3462 2000 gratia
3490 1932 3708 1986 luminis
3735 1941 3841 1987 est.

2256 2019 2414 2075 Venit
2452 2033 2683 2088 namque
2722 2020 2813 2088 qui
2845 2034 2986 2075 verte
3033 2019 3296 2074 claritatis
3340 2020 3520 2076 radios
3562 2036 3844 2091 spargens,

2254 2109 2504 2166 diceret:
2559 2108 2670 2181 Ego
2711 2126 2825 2163 sum
2854 2111 2945 2165 tua:
2969 2111 3170 2175 mundi,
3214 2111 3302 2181 qui
3346 2112 3572 2183 sequitur
3615 2128 3699 2165 me
3740 2129 3844 2167 non

2254 2201 2485 2257 ambulat
2524 2204 2576 2256 in
2609 2200 2831 2256 tenebris
2858 2200 3036 2271 (Joan.
3076 2218 3189 2269 vut,
3224 2201 3337 2274 12).
3371 2202 3439 2259 Et
3464 2205 3573 2275 98
3598 2206 3728 2274 quia
3760 2206 3844 2260 in-

2253 2296 2393 2351 terni
2420 2294 2719 2365 splendoris
2749 2294 2866 2365 ejus
2887 2295 3057 2363 gloria
3080 2292 3365 2351 inell‘abilis
3393 2304 3493 2361 est,
3522 2312 3628 2361 non
3650 2297 3848 2352 dicitur

2254 2389 2320 2445 de
2346 2390 2433 2444 die
2453 2390 2578 2456 isto,
2610 2390 2693 2444 vel
2726 2389 2843 2457 illo,
2878 2388 2973 2444 sed
3002 2387 3088 2443 die
3110 2389 3340 2457 quadam
3367 2406 3380 2441 :
3417 2388 3569 2458 cujus
3597 2387 3847 2460 profecto

2254 2482 2359 2537 diei
2390 2482 2606 2537 claritas
2645 2497 2751 2536 non
2789 2489 2899 2547 est;
2934 2480 3197 2536 claritatis
3235 2496 3365 2536 vero
3394 2478 3608 2553 [Nonne
3637 2482 3844 2547 melius,

2253 2573 2470 2629 claritas
2498 2582 2601 2630 est.
2644 2572 2915 2629 Claritatis
2952 2587 3104 2639 vero,
3151 2570 3283 2643 etc.]
3328 2572 3639 2642 magnitudo
3690 2573 3845 2629 inco-

2255 2665 2421 2735 gnita.
2445 2664 2662 2734 Magnas
2689 2679 2819 2734 ergo
2850 2663 3100 2719 tenebras
3125 2649 3318 2718 Pastor
3347 2664 3598 2731 sustinet,
3620 2665 3665 2720 si
3691 2665 3739 2719 is
3757 2664 3847 2735 qui

2255 2756 2507 2812 Ecclesiae
2539 2756 2729 2813 oculus
2755 2771 2873 2813 esse
2901 2772 2998 2827 per
3030 2756 3266 2812 ollicium
3307 2756 3546 2812 noscitur
3585 2758 3640 2812 in
3672 2759 3848 2827 gratia

2255 2858 2416 2903 tanta:
2444 2850 2577 2905 lucis
2598 2848 2861 2904 visionem
2911 2864 3019 2904 non
3063 2848 3245 2904 habet.
3293 2849 3470 2915 Quare
3511 2856 3566 2904 et
3599 2850 3847 2919 ejusdem

2255 2942 2395 2997 oculi
2427 2942 2679 2997 tenebras
2712 2956 2810 3013 per
2830 2941 3174 3011 semetipsum
3200 2941 3399 2996 veritas
3424 2955 3647 3011 magnas
3673 2951 3848 2997 osten-

2254 3034 2353 3103 dit,
2381 3034 2599 3089 dicens:
2650 3033 2791 3099 Ipsa:
2837 3032 3059 3088 tenebrae
3086 3042 3296 3106 quanta.-
3333 3044 3483 3088 erunt
3515 3033 3739 3106 (Matth.
3775 3050 3847 3102 vt,

2255 3124 2393 3196 25)?
2423 3125 2527 3179 Sed
2554 3126 2666 3195 jam
2695 3125 2837 3180 unde
2862 3126 2961 3180 sibi
2985 3133 3135 3180 tanta
3156 3126 3331 3196 caligo
3352 3126 3558 3182 oriatur
3585 3128 3845 3190 insinuat,

534 3208 702 3263 citur
727 3227 737 3261 :
772 3207 897 3266 Non
926 3222 1039 3265 erat
1068 3214 1193 3267 visio
1223 3216 1519 3286 manifesta,
1550 3216 1613 3271 ad
1638 3218 1929 3273 carnalium
1962 3220 2147 3290 pnela-
2172 3215 2221 3280 (Ξ
2252 3216 2377 3287 quia
2406 3214 2535 3271 dicit
2560 3234 2572 3269 :
2603 3216 2819 3271 Iacebat
2848 3218 2903 3271 in
2942 3217 3054 3271 loco
3083 3234 3196 3272 suo.
3230 3216 3407 3274 Locus
3444 3233 3676 3289 namque
3706 3236 3847 3290 pm

562 3308 741 3355 torum
773 3303 1153 3373 negligentiam
1185 3306 1392 3362 referri.

632 3390 683 3447 5.
725 3393 879 3462 Quod
916 3413 1045 3453 vero
1074 3397 1318 3453 additur:
1364 3398 1433 3453 Et
1473 3418 1641 3457 sermo
1665 3401 1877 3456 Domini
1905 3411 2014 3456 erat
2036 3421 2151 3474 pre-

561 3486 742 3551 tiosus,
772 3487 837 3542 ad
860 3488 1121 3547 bonorum
1154 3491 1346 3547 ardens
1379 3493 1611 3548 studium
1643 3493 1997 3559 subditorum,
2029 3509 2150 3548 cum

564 3578 748 3632 lideles
774 3580 1002 3650 subjecti
1033 3584 1131 3638 etsi
1166 3600 1272 3639 non
1298 3586 1497 3641 habent
1528 3587 1616 3655 qui
1643 3586 1721 3641 eis
1750 3587 2064 3657 frequenter
2084 3586 2153 3642 de

563 3670 819 3726 thesauro
851 3674 987 3728 sacri
1021 3674 1221 3743 eloquii
1248 3692 1481 3747 superna
1512 3678 1785 3747 prtedicet,
1820 3679 1923 3733 hoc
1947 3686 2152 3733 tantum

563 3760 710 3830 quod
735 3763 1022 3832 aliquando
1048 3766 1188 3821 scire
1211 3762 1504 3836 poluerunt
1526 3768 1659 3822 mira
1689 3770 1975 3824 devotione
2006 3785 2155 3826 com-

564 3850 896 3922 plectuntur,
938 3864 992 3910 et
1030 3856 1181 3912 velut
1217 3873 1331 3913 rem
1364 3858 1705 3915 incfl‘abiliter
1734 3860 2023 3931 pretiosam
2056 3878 2153 3915 eu-

564 3947 825 4015 stodiunt,
859 3948 985 4005 dum
1014 3966 1112 4021 per
1143 3952 1283 4007 bona
1305 3969 1468 4023 opera
1496 3954 1547 4009 in
1571 3955 1710 4011 caalo
1742 3955 2031 4019 collocant,
2063 3955 2153 4009 ubi

566 4036 715 4097 fures
744 4043 835 4112 qui
876 4042 929 4098 id
973 4044 1190 4101 auferre
1219 4046 1432 4102 valeant
1479 4063 1819 4119 nequaquam
1860 4049 2155 4118 appropin:

564 4144 753 4202 quant.
785 4135 935 4191 Unde
957 4146 1012 4192 et
1041 4138 1093 4192 in
1122 4138 1416 4210 Evangelio
1448 4140 1515 4195 de
1545 4151 1788 4211 emptore
1818 4141 1974 4196 bona:
2015 4157 2157 4196 mar-

562 4224 751 4294 garita:
772 4225 969 4282 dicitur
994 4247 1006 4282 :
1035 4227 1255 4285 Inventa
1282 4248 1385 4285 una
1407 4232 1634 4299 pretiosa
1661 4235 1966 4305 margarita,
1992 4232 2153 4297 dedit,

564 4315 744 4369 omnia
770 4332 865 4369 sua
894 4326 943 4371 et
973 4323 1289 4388 comparavit
1318 4339 1433 4377 eam
1462 4321 1677 4396 (Matth.
1710 4340 1822 4387 xm,
1866 4323 1975 4391 46).
2022 4323 2156 4378 Cum

566 4403 754 4477 itaque
784 4407 835 4461 in
859 4409 1144 4465 occultate
1164 4413 1383 4469 visionis
1414 4422 1657 4486 tempore
1685 4418 1954 4487 pretiosus
1978 4430 2158 4471 sermo

567 4508 687 4551 esse
711 4495 1034 4555 describitur
1064 4501 1384 4571 electorum,
1417 4505 1752 4561 subditorum
1795 4508 1983 4563 laudes
2014 4523 2156 4563 nun-

2260 3308 2520 3365 dicatoris
2545 3309 2742 3375 standi,
2776 3326 2882 3365 non
2918 3310 3157 3379 jacendi,
3191 3311 3429 3367 olllcium
3466 3312 3648 3368 habet.
3694 3311 3849 3367 Unde

2255 3407 2311 3455 et
2337 3398 2404 3453 de
2450 3399 2627 3470 seipso
2658 3400 2916 3455 Dominus
2946 3399 3173 3455 formam
3200 3401 3227 3439 δ
3259 3400 3498 3471 ejusdem
3526 3401 3849 3472 prtedicato-

2256 3491 2403 3546 ribus
2432 3491 2655 3561 prtebet,
2683 3492 2902 3547 dicens:
2938 3490 3051 3563 Ego
3080 3492 3509 3547 autemin'medio
3533 3493 3687 3547 vestri
3710 3510 3847 3557 sum,

2254 3585 2389 3638 sicut
2408 3586 2493 3655 qui
2515 3584 2775 3638 ministrat
2797 3583 2949 3655 (Luc.
2970 3601 3101 3649 χιιι,
3121 3583 3233 3654 27).
3260 3583 3416 3639 Stare
3432 3584 3575 3639 enim
3591 3585 3645 3639 in
3668 3585 3851 3640 medio

2256 3674 2479 3729 fratrum
2524 3683 2606 3731 est
2654 3691 2751 3745 per
2800 3675 3127 3731 laboriosam
3160 3676 3631 3731 conversationem
3679 3690 3743 3731 se
3795 3676 3850 3730 in

2258 3767 2565 3836 exemplum
2595 3766 2895 3822 minoribus
2922 3766 3186 3837 praebere.
3210 3764 3368 3821 Stare
3399 3765 3580 3835 itaque
3600 3763 3670 3818 ad
3701 3764 3874 3819 labo-.

2256 3872 2373 3913 rem
2424 3858 2605 3929 cperis
2660 3858 2917 3927 pertinet,
2976 3866 3031 3914 et
3082 3858 3149 3911 ad
3198 3871 3392 3929 pugna:
3449 3855 3850 3912 necessitatem.

2262 3948 2414 4005 Unde
2452 3959 2506 4003 et
2550 3950 2880 4020 agonotheta
2910 3949 3205 4020 spiritualis
3242 3948 3553 4003 certaminis
3580 3948 3849 4018 przecipit,

2259 4042 2473 4097 dicens:
2501 4041 2649 4096 State
2671 4058 2792 4112 ergo
2824 4042 3069 4097 succincti
3092 4040 3291 4096 lumbos
3311 4042 3366 4094 in
3390 4041 3603 4094 ueritate
3627 4039 3849 4110 (Ephes.

2260 4146 2333 4193 vr,
2361 4130 2471 4199 M).
2502 4130 2569 4185 Et
2598 4132 2721 4199 quia
2741 4131 2924 4200 jacere
2965 4132 3287 4203 quiescentis
3310 4140 3413 4195 est,
3439 4133 3491 4187 in
3523 4132 3645 4187 loco
3679 4132 3853 4202 [melii

2261 4234 2313 4281 et
2352 4226 2555 4280 laboris
2580 4226 2779 4295 quietis
2816 4235 3059 4297 teporem
3101 4226 3251 4295 sequi
3283 4226 3715 4296 reprehenditur,
3764 4227 3855 4296 qui

2261 4317 2314 4372 in
2335 4317 2650 4387 locojacere
2680 4328 3031 4373 memoratur.
3055 4316 3213 4372 Stare
3234 4319 3395 4372 etiam
3415 4318 3542 4387 justi
3566 4328 3667 4373 est.
3696 4316 3855 4375 Unde

2262 4421 2316 4465 et
2346 4409 2544 4465 Paulus
2566 4410 2729 4465 dicit:
2760 4408 2895 4463 Fide
2922 4412 3058 4464 enim
3086 4411 3237 4463 statis
3264 4408 3352 4480 (11
3379 4408 3499 4464 Cor.
3532 4426 3572 4477 ι,
3607 4408 3724 4479 25).
3764 4408 3854 4465 Ja-

2262 4518 2387 4559 cere
2417 4516 2546 4571 ergo
2577 4502 2736 4556 etiam
2758 4501 2823 4556 ad
2846 4501 3172 4557 remissioris
3196 4502 3315 4556 vita:
3330 4500 3709 4571 negligentiam
3728 4517 3854 4571 per-

565 4587 794 4653 tiantur,
824 4591 947 4659 quia
975 4600 1126 4648 tanto
1148 4595 1445 4651 sublimiori
1474 4597 1643 4664 gloria
1666 4598 1986 4668 praedicandi
2012 4609 2157 4665 sunt,
2187 4606 2243 4668 Ῑ)
2269 4596 2422 4652 tinet.
2452 4594 2604 4650 Tune
2649 4594 2829 4663 itaque
2855 4594 2973 4649 lleli
2999 4594 3144 4664 jacet
3172 4596 3223 4649 in
3258 4596 3378 4650 loco
3422 4610 3551 4663 suo,
3583 4611 3706 4651 cum
3760 4612 3855 4667 per

566 4693 774 4752 quanto
818 4682 869 4763 id
893 4683 1130 4752 bonum,
1162 4687 1306 4756 quod
1347 4688 1414 4743 de
1443 4690 1785 4745 eminentiori
1818 4692 1936 4748 loco
1975 4694 2157 4762 periit,

564 4776 905 4848 perfectione
924 4795 1129 4849 magna:
1149 4781 1424 4837 charitatis
1446 4782 1497 4837 in
1520 4783 1860 4839 inferioribus
1876 4788 2155 4843 remansit.

563 4866 804 4937 Quorum
845 4870 1087 4940 profecto
1112 4872 1251 4927 bona
1268 4874 1677 4930 conversatione
1698 4876 2011 4944 plerumque
2040 4878 2155 4946 agi-

564 4967 675 5029 tur,
722 4971 870 5019 utea
894 4979 1013 5033 qua:
1040 4965 1308 5020 occultata
1350 4966 1522 5022 fuerat
1554 4965 1711 5031 visio,
1760 4966 2155 5037 manifestetur,

566 5059 628 5105 ut
655 5054 745 5121 qui
773 5054 975 5109 devote
1001 5056 1311 5111 custodiunt
1340 5058 1581 5123 minima,
1613 5058 1752 5113 scire
1776 5056 2008 5113 debeant
2036 5073 2156 5129 qua:

564 5140 784 5210 faciant,
810 5154 873 5200 et
902 5146 1129 5215 majora.
1163 5145 1316 5201 Unde
1338 5155 1392 5203 et
1412 5147 1691 5203 subditur:

640 5234 823 5303 (Vers.
849 5236 989 5307 2-4.)
1030 5236 1252 5292 Factum
1282 5247 1360 5292 est
1383 5240 1540 5309 igitur
1565 5241 1619 5293 in
1645 5240 1728 5294 die
1755 5242 2001 5312 quadam,
2033 5242 2158 5298 Heli

560 5324 768 5397 iacebat
804 5330 866 5382 in
913 5329 1025 5384 loco
1055 5348 1166 5396 suo,
1214 5340 1263 5385 et
1315 5331 1452 5387 oculi
1490 5332 1602 5401 ejus
1646 5333 2016 5405 caligaverant,
2065 5354 2157 5391 nec

567 5427 767 5487 poterat
796 5422 970 5475 ridere
997 5424 1258 5478 lucernam
1280 5423 1397 5491 Dei,
1431 5434 1701 5496 antequam
1721 5428 2149 5498 exstingueretur.

570 5509 786 5565 Samuel
822 5527 988 5569 autent
1019 5517 1305 5572 dormiebat
1344 5521 1395 5573 in
1428 5519 1613 5589 templo
1645 5518 1879 5586 Domini,
1920 5523 2004 5576 ubi
2044 5532 2155 5577 erat

490 5678 496 5683 .
568 5615 693 5655 arca
726 5601 846 5657 Dei.
880 5604 949 5659 Et
976 5612 1167 5663 vocavit
1190 5610 1442 5665 Dominus
1477 5610 1792 5667 Samuelem.

571 5870 603 5918 c
641 5795 668 5823 ι
708 5784 915 5858 Vatia,
946 5790 1068 5863 quia
1112 5789 1341 5846 uidelicet
1390 5791 1511 5847 Heli
1539 5802 1584 5845 et
1633 5794 1687 5847 in
1745 5791 1856 5846 loco
1911 5809 2003 5849 suo
2044 5796 2139 5867 ja-

604 5872 713 5918 ετι.

604 5872 713 5919 ετι.

2259 4689 2467 4759 lapsum
2498 4689 2775 4760 pravitatis
2806 4689 3069 4757 reprobus
3100 4688 3416 4757 praedicator
3455 4689 3754 4758 requiescit
3798 4690 3849 4743 in

2260 4783 2554 4851 sedejusti.
2609 4781 2847 4837 iacentis
2884 4798 3014 4852 ergo
3048 4784 3100 4838 in
3132 4784 3252 4839 loco
3279 4800 3378 4839 suo
3419 4784 3561 4839 oculi
3591 4786 3852 4853 caligant,

2260 4873 2385 4945 quia
2427 4888 2636 4929 summa
2668 4873 2854 4928 videre
2885 4883 3181 4943 nequeunt,
3216 4874 3305 4944 qui
3336 4875 3387 4929 in
3418 4889 3545 4930 arce
3566 4875 3856 4945 pastoralis

2259 4966 2506 5021 culminis
2538 4981 2642 5019 non
2672 4975 3038 5035 exsequuntur
3067 4965 3279 5020 virtutis
3308 4980 3493 5034 opera,
3534 4964 3630 5020 sed
3658 4965 3853 5019 remis-

2266 5060 2423 5116 sioris
2451 5060 2573 5113 vitae
2602 5058 2877 5113 blanditiis
2907 5059 3315 5126 immerguntur.
3348 5058 3447 5125 Qui
3488 5060 3737 5129 profecto
3770 5060 3853 5114 lu-

2265 5169 2426 5210 cerna
2458 5153 2551 5207 Dei
2574 5152 2682 5222 jam
2713 5167 2820 5206 non
2848 5150 3071 5207 veritate
3102 5152 3291 5218 laudis,
3320 5152 3414 5207 sed
3450 5168 3548 5224 per
3577 5153 3855 5225 impropeo

2264 5249 2402 5303 rium
2441 5246 2743 5316 appellatur
2781 5245 3085 5302 derisionis.
3137 5244 3270 5299 Nam
3318 5246 3408 5317 qui
3462 5247 3697 5301 lucerna:
3746 5247 3847 5302 Dei

2265 5339 2627 5410 appellatione
2644 5338 2900 5407 fungitur,
2927 5346 2983 5392 et
3002 5338 3187 5392 videre
3208 5352 3315 5393 non
3332 5352 3490 5409 posse
3512 5338 3852 5407 perhibetur,

2263 5430 2537 5486 deridetur
2557 5432 2734 5500 potius
2766 5440 2915 5484 tanto
2947 5430 3163 5484 nomine
3187 5444 3294 5500 quo
3325 5439 3598 5484 censetur.
3626 5430 3765 5484 Nam
3797 5431 3850 5484 in

2263 5540 2393 5580 vera
2418 5525 2548 5595 justi
2576 5525 2733 5579 laude
2779 5525 3013 5579 dicitur:
3048 5522 3168 5593 Ipse
3194 5533 3305 5577 erat
3336 5525 3545 5577 lucerna
3585 5524 3778 5577 ardens
3807 5532 3855 5577 et

2265 5623 2437 5676 lucens
2469 5615 2646 5688 (Joan.
2681 5634 2731 5682 v,
2763 5616 2878 5687 55).
2924 5616 3057 5671 Nam
3102 5617 3216 5673 veri
3246 5614 3464 5672 luminis
3502 5615 3667 5686 jubar
3705 5614 3853 5685 quod

2254 5868 2273 5922 ι
2322 5791 2355 5877 ιζ
2394 5792 2582 5861 Gilot.,
2614 5794 2821 5849 eisdem.
2858 5793 3101 5851 Tolerari
3144 5800 3325 5866 potest
3362 5792 3613 5864 ejusdem,
3643 5790 3858 5849 scilicet

2276 5882 2376 5921 σει.

2276 5882 2376 5921 DCI.
