4044 6336
249 403 363 461 ιεθ

1103 389 1169 445 ΙΝ
1209 385 1476 444 PRIMUM
1519 381 1758 440 REGUM
1796 376 2309 437 EXPOSITIONES.
2353 408 2422 420 --
2458 377 2587 434 LIB.
2629 376 2695 432 ll.

3428 350 3598 436 εὖθ’

250 510 490 570 amando
540 509 797 564 hauserat
850 501 1123 574 loquendo
1177 500 1454 557 tondebat.
1516 496 1845 552 Praedicator
1870 495 1924 553 Α
1948 489 2270 546 desiderium
2299 490 2459 546 altius
2490 496 2859 558 assumuntur,
2883 495 2939 545 et
2966 488 3113 545 velut
3137 488 3324 545 intima
3348 492 3535 563 templi

250 606 417 663 etiam
445 601 677 658 carnalis
699 599 895 654 dicitur
923 596 1143 651 lucerna
1164 609 1262 664 per
1285 589 1542 654 ofﬁcium,
1575 601 1716 642 caeca
1743 600 1842 655 per

1944 583 2009 638 ad
2029 599 2275 639 somnum
2301 584 2523 652 eligunt,
2548 582 2674 638 dum
2705 597 2772 638 eo
2803 582 3013 652 longius
3036 592 3357 653 separantur
3384 599 3413 637 a
3438 602 3533 654 pu-

252 691 774 761 intentionem,quia
790 688 1050 759 dignitate
1062 685 1298 754 fungitur
1313 672 1584 753 przebendi
1605 677 1839 741 luminis,
1928 664 2085 731 blico
2114 677 2313 732 terreni
2335 676 2537 747 operis,
2566 690 2675 745 quo
2695 677 2957 732 secretius
2993 692 3089 745 per
3120 677 3530 739 meditationem

248 789 348 846 sed
375 794 611 842 mentem
639 784 753 853 ﬁgit
781 783 836 837 in
868 779 1104 836 tenebris
1132 777 1406 833 vanitatis.

322 879 379 932 7.
420 876 588 946 Cujus
627 873 876 945 profecto
916 879 1293 927 consummata
1331 867 1660 940 perversitas
1699 865 1843 921 desi-

250 979 468 1042 gnatur,
498 968 624 1040 quia
652 981 762 1021 non
786 964 981 1020 dicitur
1010 980 1117 1019 non
1146 963 1386 1025 videbat,
1411 961 1506 1016 sed
1530 960 1715 1016 videre
1736 973 1845 1013 non

250 1068 487 1133 poterat.
540 1056 720 1125 Quare
762 1065 818 1111 et
843 1055 997 1113 malae
1026 1053 1235 1110 arboris
1274 1052 1608 1108 mentionem
1644 1050 1847 1106 faciens

249 1154 531 1216 Dominus,
564 1152 678 1206 ait:
729 1147 856 1203 Non
883 1156 1053 1219 potest
1093 1146 1252 1202 arbor
1287 1146 1428 1201 mala
1457 1146 1657 1219 [ructus
1688 1143 1848 1200 bonos

249 1248 424 1318 facere
454 1243 669 1317 (Matth.
701 1258 794 1308 vn,
816 1239 929 1311 i8).
954 1239 1203 1295 Lucerna
1225 1238 1407 1308 itaque
1435 1237 1527 1292 Dei
1548 1237 1720 1292 videri
1742 1252 1848 1292 non

246 1346 454 1410 potest,
486 1352 608 1393 cum
636 1336 681 1391 is
695 1335 786 1405 qui
810 1332 1068 1405 pastorali
1089 1332 1349 1401 dignitate
1368 1331 1684 1403 prteeminet
1701 1337 1849 1384 tanta

245 1427 526 1497 spissitate
551 1424 825 1481 saecularis
861 1422 1063 1477 amoris
1092 1419 1379 1491 premitur,
1417 1428 1477 1475 ut
1517 1419 1583 1473 ad
1625 1419 1850 1473 internae

248 1516 515 1573 claritatis
552 1514 807 1571 intuitum
849 1511 995 1568 nulla
1043 1510 1231 1581 gratia:
1274 1508 1632 1579 inspiratione
1671 1507 1852 1564 suble-

246 1617 438 1675 vetur;
490 1623 613 1664 cum
660 1606 783 1675 jam.
822 1604 1092 1667 videlicet,
1150 1603 1297 1672 justa
1342 1602 1439 1657 Dei
1481 1601 1853 1670 indignatione

247 1697 544 1771 projectus,
578 1696 637 1753 in
674 1694 918 1764 caliginis
963 1708 1076 1749 suae
1121 1694 1367 1750 ancitate
1397 1691 1739 1762 relinquitur,
1793 1702 1853 1747 ut

247 1788 481 1844 ulterius
507 1802 603 1857 per
632 1786 960 1843 infusionem
987 1785 1207 1856 superni
1235 1785 1452 1840 luminis
1478 1800 1754 1855 nunquam
1777 1786 1851 1841 vi-

244 1881 465 1937 sitetur.
488 1879 632 1936 Bene
653 1888 834 1935 autem
850 1878 1073 1935 dicitur:
1105 1880 1396 1951 Antequam
1411 1880 1843 1951 exstingueretur.
1883 1887 1928 1945 Β

245 1973 373 2031 Non
401 1973 585 2028 videre
612 1971 757 2028 enim
790 1986 951 2041 paena
981 1970 1287 2041 peccatoris
1313 1979 1397 2027 est
1424 1970 1478 2025 in
1522 1970 1629 2026 hoc
1669 1980 1849 2026 tamen
1890 1997 1902 2009 -

246 2067 433 2123 adhuc
466 2066 662 2122 saeculo
698 2065 958 2130 viventis,
987 2064 1175 2120 videre
1204 2072 1388 2120 autem
1427 2078 1535 2119 non
1570 2078 1731 2133 posse
1765 2070 1851 2119 est

246 2161 460 2218 mortui
486 2160 634 2231 impii
680 2161 732 2215 in
769 2159 877 2215 alio
901 2160 1012 2229 jam
1043 2159 1242 2216 saeculo
1270 2168 1473 2216 aeterna
1504 2174 1664 2229 poena
1695 2159 1850 2214 dam-

250 2252 392 2310 nati.
429 2250 585 2307 Unde
610 2260 664 2307 et
682 2252 978 2308 conditoris
995 2251 1197 2320 judicio
1226 2250 1282 2305 in
1304 2251 1667 2307 exterioribus
1696 2258 1850 2308 tene-

249 2344 367 2399 bris
396 2343 576 2399 claudi
605 2344 930 2414 prazcipitur,
969 2351 1029 2398 ut
1062 2343 1316 2399 videlicet
1338 2343 1406 2398 ad
1438 2342 1570 2400 lucis
1598 2344 1853 2400 intuitum

250 2449 530 2504 nunquam
554 2435 862 2490 reducatur.
896 2434 1031 2489 Cum
1058 2448 1189 2503 ergo
1218 2444 1508 2504 antequam
1539 2436 1855 2505 exstingue-

252 2536 409 2584 τοίω·
432 2526 615 2582 videre
637 2543 748 2582 non
783 2540 943 2597 posse
982 2526 1183 2581 dicitur
1220 2526 1277 2581 in
1316 2526 1419 2584 isto
1448 2526 1627 2582 adhuc
1656 2527 1853 2583 saeculo

255 2620 446 2677 vivens
474 2617 798 2690 praedicator
826 2619 1111 2688 reprobus,
1142 2618 1399 2674 damnato
1425 2621 1535 2688 jam
1575 2619 1630 2673 in
1660 2633 1860 2689 perpe-

258 2721 415 2769 tuum
433 2713 599 2785 impio
619 2714 677 2768 in
701 2714 944 2769 caecitate
968 2712 1255 2768 similatur.
1283 2712 1651 2781 Exstinguitur
1674 2720 1854 2769 autem

257 2806 482 2862 lucerna
517 2821 644 2861 cum
676 2801 865 2876 pa'stor
895 2805 1143 2861 moritur.
1186 2804 1284 2860 Vel
1315 2812 1464 2860 certe
1495 2804 1717 2859 lucerna
1755 2818 1845 2858 ex-

260 2896 569 2967 stinguitur,
592 2898 721 2967 quia
743 2913 863 2954 cum
886 2897 1152 2968 reprobus
1172 2897 1493 2969 praedicator
1508 2912 1607 2966 per
1626 2906 1856 2952 mortem

261 2991 443 3048 Carnis
480 2990 688 3057 interit,
719 2989 981 3060 quidquid
1018 2989 1073 3044 in
1117 3004 1184 3045 eo
1226 2982 1409 3044 lucere
1435 2988 1740 3055 videbatur,
1788 2987 1857 3042 de

261 3079 436 3150 gloria
473 3080 725 3136 culminis
760 3080 984 3148 amittit,
1024 3087 1081 3134 et
1116 3080 1269 3135 velut
1301 3080 1418 3135 sola
1454 3079 1690 3136 lucernae
1719 3087 1857 3135 testa

263 3170 388 3227 sine
415 3170 613 3226 lumine
633 3180 905 3238 remanet,
936 3187 1058 3227 cum
1088 3172 1155 3226 ad
1180 3178 1443 3227 aeternum
1459 3170 1721 3241 judicium
1742 3186 1858 3227 sero

1945 767 2309 823 reconduntur
2338 768 2390 822 in
2420 767 2660 824 sacrario
2688 767 2914 822 interna:
2936 767 3173 823 visionis.

2019 859 2195 931 (Vera.
2227 858 2306 930 4.)
2349 858 2418 915 Et
2436 862 2630 916 vocavit
2656 859 2912 915 Dominus
2941 860 3256 916 Samuelem.

2019 952 2073 1009 9.
2114 953 2325 1010 Vocare
2351 954 2551 1009 etenim
2587 954 2683 1009 Dei
2714 968 2809 1023 per
2837 954 2944 1008 vim
2977 954 3195 1023 majoris
3226 954 3412 1024 gratiae
3439 969 3537 1010 ex-

1947 1045 2117 1104 citare
2138 1053 2240 1100 est.
2272 1044 2638 1100 Dormientem
2662 1060 2896 1114 namque
2925 1043 3185 1101 Dominus
3208 1054 3383 1112 vocat,
3413 1045 3539 1115 quia

1949 1153 1983 1193 a
2020 1145 2235 1193 terrena
2265 1136 2566 1193 intentione
2592 1137 2935 1207 quiescentes
2971 1138 3039 1191 ad
3068 1146 3413 1207 augmentum
3444 1153 3539 1194 su-

1950 1244 2133 1301 perna:
2157 1229 2481 1299 cognitionis
2505 1229 2723 1286 excitat.
2757 1228 2893 1283 Nam
2921 1229 3045 1284 dum
3074 1229 3141 1284 ad
3170 1244 3233 1285 ea
3262 1246 3381 1301 qua:
3410 1230 3542 1287 foris

1950 1330 2079 1378 sunt
2121 1336 2219 1391 per
2246 1320 2667 1377 sollicitudinem
2696 1320 2998 1389 vigilamus,
3045 1322 3254 1377 interna
3284 1330 3341 1377 et
3382 1323 3544 1394 spiri-

1954 1414 2116 1470 tualia
2157 1429 2266 1471 non
2294 1415 2577 1470 sentimus.
2620 1413 2878 1484 Repulsio
2913 1414 3094 1485 itaque
3126 1423 3357 1471 terrenae
3395 1431 3542 1472 curae

1952 1505 2277 1576 praeparatio
2306 1513 2390 1562 est
2409 1513 2594 1561 nostra
2618 1504 2684 1559 ad
2712 1505 3116 1576 perceptionem
3146 1521 3392 1577 superna:
3418 1523 3544 1579 gra-

1954 1597 2061 1664 tiae,
2084 1598 2210 1669 quia
2240 1596 2295 1652 in
2322 1597 2509 1653 electis
2534 1598 2594 1651 tit
2622 1596 2842 1653 uberior
2863 1596 3059 1652 infusio
3089 1596 3253 1653 divini
3281 1600 3541 1665 muneris,

1954 1706 2064 1761 quo
2092 1705 2247 1746 mens
2274 1690 2434 1745 fuerit
2464 1689 2650 1759 purior
2677 1705 2776 1759 per
2802 1689 3105 1746 custodiam
3126 1690 3352 1747 internae
3373 1692 3545 1749 medi-

1956 1784 2194 1840 tationis.
2226 1784 2483 1853 Sequitur
2507 1801 2522 1838 :
3312 1772 3315 1775 i

2025 1875 2202 1942 (Vers.
2228 1874 2369 1945 4-9.)
2394 1874 2463 1928 Et
2491 1875 2710 1943 vocavit,
2729 1875 2923 1945 inquit,
2944 1875 3201 1933 Dominus
3223 1877 3543 1936 Samuelem.

1956 1967 2057 2033 Qui
2086 1968 2422 2039 respondens,
2455 1969 2570 2022 ait:
2600 1967 2737 2022 Ecce
2764 1985 2878 2039 ego,
2907 1979 2959 2022 et
2985 1971 3210 2031 cucurrit
3234 1973 3302 2025 ad
3328 1972 3471 2039 Heli,
3496 1983 3547 2029 et

1954 2061 2127 2117 dixit:
2163 2061 2373 2117 Vocasti
2395 2061 2534 2115 enim
2559 2078 2659 2128 me,
2691 2062 2778 2133 qui
2808 2061 2984 2114 dixit:
3016 2060 3143 2115 Non
3172 2066 3342 2118 vocavi
3370 2075 3436 2129 te,
3469 2066 3551 2136 ﬁli

1954 2154 2048 2224 nti,
2076 2164 2329 2209 revertere
2344 2164 2393 2211 et
2417 2155 2605 2209 dormi.
2634 2154 2705 2208 Et
2735 2153 2862 2209 abiit
2884 2163 2934 2209 et
2961 2156 3222 2211 dormivit.
3255 2157 3326 2211 Et
3354 2160 3550 2231 adjecit

1956 2249 2212 2306 Dominus
2257 2267 2441 2305 vocare
2481 2266 2689 2304 rursum
2739 2249 3055 2305 Samueleut.
3118 2250 3549 2325 Consurgensque

1958 2339 2084 2395 abiit
2104 2342 2173 2395 ad
2195 2340 2342 2406 Heli,
2364 2351 2414 2395 et
2440 2341 2575 2396 dixit
2603 2359 2615 2394 :
2648 2338 2784 2394 Ecce
2810 2359 2924 2412 ego,
2951 2344 3073 2414 quia
3094 2344 3290 2398 vocasti
3317 2361 3415 2399 me.
3446 2342 3550 2409 Qui

1956 2430 2263 2500 respondit:
2310 2428 2438 2485 Non
2482 2432 2659 2485 vocavi
2700 2440 2769 2497 te,
2812 2432 2914 2501 ﬁli,
2963 2442 3214 2487 reuertere
3260 2444 3308 2488 et
3357 2437 3547 2494 dormi.

1960 2523 2126 2579 Porro
2168 2522 2384 2578 Samuel
2407 2539 2511 2577 non
2534 2523 2728 2577 sciebat
2758 2521 3068 2589 Dominum,
3100 2541 3263 2597 neque
3297 2527 3550 2585 revelatus

1958 2617 2007 2671 ei
2036 2618 2209 2687 fuerat
2230 2632 2398 2671 sermo
2420 2615 2654 2671 Domini.
2688 2614 2757 2669 Et
2788 2615 2983 2687 adjecit
3012 2616 3289 2684 Dominus,
3318 2628 3368 2674 et
3397 2637 3551 2675 voca-

1958 2708 2028 2762 vit
2064 2708 2365 2764 Samuelem
2390 2710 2560 2763 tertio.
2610 2706 2709 2772 Qui
2736 2724 3052 2780 consurgens
3082 2709 3210 2764 abiit
3232 2711 3301 2764 ad
3331 2710 3474 2779 lleli,
3505 2721 3555 2766 et

1959 2798 2095 2853 dixit
2119 2816 2138 2855 :
2156 2798 2291 2854 Ecce
2309 2816 2427 2870 ego,
2449 2801 2571 2869 quia
2602 2802 2794 2855 vocasti
2823 2817 2921 2855 me.
2953 2799 3226 2857 Intellexit
3247 2803 3407 2873 igitur
3428 2802 3554 2857 Heli

1960 2892 2083 2963 quia
2111 2890 2366 2945 Dominus
2394 2900 2598 2959 vocaret
2638 2909 2875 2960 puerum,
2917 2902 2967 2946 et
3000 2895 3074 2947 ait
3113 2893 3183 2947 ad
3215 2893 3511 2949 Samuelem
3533 2911 3553 2949 :

1972 2982 2117 3037 Vade
2143 2993 2193 3039 et
2221 2983 2413 3052 dormi,
2435 2993 2483 3037 et
2509 2984 2554 3038 si
2582 2984 2822 3055 deinceps
2843 2986 3097 3039 vocaverit
3128 2994 3195 3053 te,
3228 2986 3368 3042 dices
3388 3003 3407 3041 .°
3440 2985 3549 3043 Lo-

1961 3094 2134 3149 quere,
2158 3077 2400 3144 Domine,
2432 3078 2555 3150 quia
2577 3077 2724 3132 audit
2750 3094 2925 3133 servus
2955 3088 3089 3133 tuus.

2033 3169 2121 3224 40.
2164 3169 2303 3238 Quid
2322 3177 2407 3225 est
2433 3183 2564 3239 ergo
2593 3170 2739 3239 quod
2767 3170 3113 3242 omnipotens
3140 3170 3283 3227 Deus
3309 3173 3553 3230 vocatio-

264 3263 384 3319 vari
416 3279 647 3333 persona
682 3265 793 3336 ω
829 3264 1060 3333 cogitur,
1091 3279 1209 3334 qua:
1237 3264 1385 3320 omni
1426 3264 1639 3333 penitus
1676 3264 1858 3320 saeculi
1887 3273 1936 3337 ο
1964 3278 2089 3319 nem
2116 3279 2270 3319 suam
2300 3272 2448 3318 tanta
2475 3273 2592 3319 arte
2612 3263 2872 3332 insinuat,
2898 3272 2957 3319 ut
2981 3264 3161 3320 vocati
3191 3280 3345 3321 mens
3371 3277 3555 3322 tenea-

262 3355 474 3426 fulgore
507 3356 793 3429 spoliatur.
837 3356 1140 3425 Antequam
1170 3356 1333 3424 igitur
1362 3355 1738 3425 exstinguatur
1775 3354 1858 3408 lu-

264 3459 426 3501 cerna
449 3445 564 3507 Dei,
597 3447 780 3503 videre
802 3463 907 3501 non
932 3454 1133 3518 potest,
1157 3446 1280 3515 quia
1315 3454 1371 3500 et
1396 3446 1650 3501 meritum
1674 3444 1863 3500 futurae

262 3537 631 3595 damnationis
662 3556 758 3608 per
784 3540 1144 3595 :cternitatem
1168 3554 1281 3595 suae
1309 3539 1569 3611 caecitatis
1600 3538 1863 3609 possidet,

263 3638 323 3684 et
361 3639 542 3687 tamen
583 3633 759 3688 adhuc
806 3649 989 3688 coram
1032 3634 1345 3689 hominibus
1381 3648 1480 3704 per
1518 3634 1865 3706 Splendorem

264 3731 501 3792 acceptae
526 3722 801 3793 dignitatis
823 3723 1006 3795 fulget.

340 3810 517 3879 (Vers.
547 3813 626 3885 3.)
667 3814 881 3869 Samuel
910 3825 1085 3872 autem
1116 3816 1407 3873 dormiebat
1435 3818 1491 3872 in
1522 3819 1712 3889 templo
1744 3818 1861 3876 Do-

267 3904 419 3973 mini,
448 3905 534 3961 ubi
556 3916 670 3961 erat
700 3925 825 3963 arca
849 3907 969 3965 Dei.

341 3994 395 4051 8.
421 3997 567 4052 Bene
589 4007 768 4054 autem
798 4001 1062 4071 repnbus
1084 4002 1339 4071 praelatus
1359 4018 1467 4057 non
1494 4001 1745 4067 dormire,
1770 4003 1868 4060 sed

1966 3364 2072 3423 tur,
2104 3372 2172 3411 ne
2193 3365 2561 3417 sevocantem
2604 3363 2936 3425 cognoscat;
2967 3356 3132 3410 Deum
3163 3356 3409 3423 audiens,
3442 3373 3558 3413 ma-

1964 3452 2191 3520 gistrum
2247 3450 2390 3504 hunc
2446 3464 2567 3505 esse
2613 3448 2889 3503 hominem
2954 3456 3139 3519 putet;
3212 3450 3555 3507 vocationem

1965 3540 2202 3608 emittat,
2233 3548 2288 3595 et
2328 3555 2545 3594 causam
2577 3548 2787 3605 taceat;
2834 3539 2915 3595 ire
2949 3540 3014 3595 ad
3044 3541 3360 3611 magistrum
3388 3546 3551 3612 sinat,

1967 3632 2129 3689 toties
2157 3630 2224 3685 ad
2248 3632 2422 3687 somni
2453 3630 2690 3701 quietem
2707 3630 2902 3694 redire,
2921 3639 2978 3687 et
2998 3638 3181 3688 tamen
3198 3632 3557 3690 dormientem

1965 3724 2249 3794 quiescere
2276 3739 2384 3779 non
2419 3724 2738 3796 permittat?
2787 3723 3037 3794 Nunquid
3066 3727 3209 3780 enim
3236 3727 3327 3797 qui
3370 3728 3437 3783 ad
3467 3744 3557 3785 se-

1966 3826 2113 3871 creta
2162 3830 2258 3871 sua
2300 3816 2678 3885 cognoscenda
2716 3815 2933 3872 vocavit
2972 3830 3136 3886 quem
3182 3818 3373 3886 voluit,
3424 3834 3561 3876 voce

1968 3916 2177 3963 tantum
2199 3907 2319 3963 Heli
2345 3908 2525 3975 simili,
2555 3916 2611 3964 et
2638 3923 2749 3964 non
2777 3909 2957 3979 potuit
2979 3923 3116 3965 voce
3137 3923 3243 3979 qua
3276 3909 3474 3976 voluit;
3503 3918 3563 3966 et

1966 4001 2060 4070 qui
2087 4000 2303 4069 quando
2340 4000 2513 4056 voluit
2536 4000 2771 4066 vocavit,
2804 4015 3027 4056 causam
3065 4001 3368 4057 vocationis
3403 4003 3561 4074 100

261 4088 447 4160 jacere
474 4092 691 4159 dicitur,
736 4109 871 4163 puer
898 4102 1082 4151 autem
1130 4096 1379 4151 subditus
1406 4104 1464 4151 et
1502 4096 1708 4152 electus
1757 4112 1873 4159 non
1965 4091 2150 4147 statim
2179 4092 2424 4148 indicare
2446 4107 2555 4147 non
2586 4092 2801 4162 potuit;
2831 4101 2883 4146 et
2904 4092 2994 4159 qui
3021 4092 3261 4147 excitare
3287 4093 3480 4159 voluit,
3504 4102 3563 4148 ut

259 4182 473 4253 jacere,
511 4184 607 4240 sed
645 4184 904 4253 dormire,
935 4187 1061 4256 quia
1089 4188 1326 4243 dormire
1353 4188 1642 4257 aliquando
1686 4189 1739 4243 in
1770 4190 1868 4245 bo-

266 4291 393 4332 nam
426 4286 638 4348 partem
667 4280 948 4349 accipitur,
976 4280 1158 4348 jacere
1186 4292 1365 4335 autem
1410 4280 1527 4337 lere
1559 4296 1776 4351 semper
1810 4282 1865 4337 in

267 4369 489 4424 malam.
514 4368 669 4425 Unde
691 4380 746 4425 et
769 4370 981 4441 Sponsa
1009 4373 1062 4425 in
1092 4371 1317 4427 Cantico
1339 4373 1673 4427 canticorum
1698 4371 1864 4428 dicit:

267 4458 385 4547 Ego
408 4463 630 4530 dormio,
660 4472 708 4517 et
730 4480 819 4518 cor
840 4481 1005 4518 meum
1035 4465 1212 4535 vigilat
1243 4463 1417 4533 (Cant.
1446 4481 1503 4531 v,
1528 4463 1609 4534 ἓ).
1636 4463 1693 4518 In
1723 4479 1867 4520 som-

267 4568 344 4608 no
368 4553 551 4624 itaque
583 4555 734 4623 pueri
767 4555 991 4624 perfecti
1021 4554 1447 4625 uniuscujusque
1475 4555 1635 4611 electi
1662 4554 1867 4609 subditi

1968 4183 2199 4251 audiret,
2231 4185 2331 4240 nisi
2362 4200 2461 4254 per
2484 4185 2801 4253 magistrum
2837 4198 2960 4238 eum
2997 4182 3199 4239 docere
3239 4200 3348 4239 non
3386 4186 3563 4255 potuit

1969 4279 2426 4349 quemadmodum
2462 4278 2650 4334 audire
2670 4276 2983 4334 debuisset?
3019 4275 3127 4333 Sed
3151 4277 3255 4335 bac
3282 4276 3333 4333 in
3359 4294 3421 4336 re
3446 4295 3564 4335 ma-

1970 4381 2074 4436 gna
2096 4369 2445 4441 omnipotens
2456 4367 2599 4422 Deus
2619 4367 3020 4437 dispensatione
3041 4368 3225 4435 utitur,
3248 4379 3304 4425 ut
3319 4369 3562 4441 profecto

1970 4438 2266 4517 electorum
2307 4438 2471 4514 corda
2502 4459 2703 4529 duplici
2732 4460 3038 4518 eruditione
3068 4438 3388 4532 doceantur,
3427 4479 3564 4534 qua-

1974 4562 2128 4609 tenus
2157 4561 2212 4607 et
2237 4552 2293 4606 in
2331 4549 2616 4621 superﬁcie
2646 4551 2885 4607 historiae
2912 4553 3059 4623 quod
3097 4562 3393 4625 sequantur
3434 4560 3564 4612 obe-

268 4654 303 4695 a
328 4656 493 4712 pravo
523 4658 688 4712 opere
717 4644 933 4714 requies
962 4643 1293 4713 designatur.
1339 4644 1397 4699 ln
1443 4644 1644 4716 templo
1670 4646 1872 4718 quippe
1901 4651 1945 4713 ι)
1973 4646 2188 4702 dientiae
2225 4646 2427 4699 bonum
2467 4644 2671 4715 quique
2712 4644 2936 4713 subjecti
2964 4646 3202 4709 videant,
3254 4655 3309 4703 et
3355 4648 3563 4717 praelati

268 4740 332 4789 et
354 4732 445 4789 ubi
473 4743 555 4789 est
584 4749 706 4790 arca
737 4735 956 4800 dormit,
997 4737 1111 4806 qui,
1144 4738 1199 4791 in
1227 4737 1434 4794 cmicsti
1476 4737 1747 4797 desiderio
1776 4746 1864 4795 at—

269 4841 383 4898 que
428 4828 479 4882 in
508 4843 675 4883 sacrae
702 4828 996 4900 Scriptura:
1045 4830 1396 4888 meditatione
1438 4844 1756 4903 occupatus,
1798 4835 1866 4891 ad

271 4932 341 4975 ea
366 4934 486 4990 qua:
514 4920 580 4975 ad
602 4922 1011 4993 perversitatem
1039 4924 1315 4993 pertinent
1334 4940 1440 4981 non
1465 4926 1712 4982 intendit.
1737 4928 1867 4996 Qui-

271 5012 399 5068 dam
424 5028 651 5083 namque
681 5016 734 5069 in
767 5014 969 5085 templo
993 5016 1289 5081 dormiunt,
1313 5017 1407 5072 sed
1437 5017 1491 5072 in
1512 5018 1634 5073 loco
1664 5019 1754 5074 ubi
1782 5029 1867 5076 est

274 5120 406 5162 arca
449 5105 545 5161 Dei
591 5122 697 5162 non
727 5107 1022 5175 dormiunt,
1053 5108 1179 5178 quia
1210 5108 1451 5183 nonnulli
1498 5109 1771 5179 simplices
1811 5111 1865 5167 in

273 5200 483 5256 caelesti
509 5202 971 5273 contemplatione
1003 5218 1098 5272 per
1118 5217 1360 5258 amorem
1385 5202 1746 5271 requiescunt,
1773 5203 1867 5259 sed

270 5292 417 5347 sacri
434 5291 633 5363 eloquii
651 5294 862 5349 occulta
881 5293 1128 5349 meditari
1143 5294 1412 5350 nesciunt.
1429 5292 1647 5350 Samuel
1663 5304 1866 5365 autem,

272 5383 369 5452 qui
409 5398 518 5438 non
549 5384 726 5441 solum
752 5385 807 5440 in
845 5386 1070 5457 templo,
1098 5386 1193 5441 sed
1229 5401 1411 5441 coram
1441 5402 1567 5442 arca
1599 5387 1693 5442 Dei
1739 5388 1868 5444 dor-

274 5476 413 5532 mire
442 5478 661 5548 dicitur,
692 5479 934 5535 eruditos
956 5480 1159 5550 pariter
1187 5489 1242 5535 et
1277 5480 1479 5537 electos
1507 5481 1750 5539 subditos
1773 5483 1867 5539 de-

271 5570 474 5641 signat,
496 5573 621 5643 quia
639 5573 767 5629 dum
796 5574 997 5631 amoris
1013 5575 1097 5631 sui
1120 5574 1365 5632 ﬂammas
1377 5576 1448 5632 de
1468 5590 1625 5632 sacro
1648 5577 1867 5647 eloquio

274 5661 614 5735 frequentius
643 5665 953 5723 maiitando
993 5665 1266 5735 hauriunt,
1310 5665 1377 5722 ad
1404 5680 1651 5739 supernae
1681 5669 1868 5739 patria:

355 5853 399 5930 &_
413 5843 576 5930 Forte
595 5847 889 5930 legendum
908 5864 1000 5919 per
1022 5847 1312 5917 angelicum
1338 5847 1605 5930 spiritum;
1629 5853 1685 5901 et
1707 5845 1869 5928 paulo

282 5926 444 5990 post:
492 5916 822 5975 Exteriorem
853 5916 1023 5989 itaque
1059 5934 1226 5973 vocem
1256 5935 1347 5989 per
1366 5916 1665 5989 angelicum
1707 5916 1867 5997 spiris

1973 4740 2282 4794 intueantur
2324 4735 2533 4791 occulta
2571 4736 2846 4807 mysteria,
2884 4750 3007 4805 qum
3032 4730 3102 4791 ad
3139 4737 3316 4818 lunam
3366 4739 3565 4794 intelli-

1973 4831 2167 4901 gentia:
2195 4828 2536 4885 discutienda
2566 4828 2881 4899 perducant.
2928 4829 3036 4884 Sed
3066 4831 3210 4899 quod
3241 4831 3414 4901 primo
3441 4831 3562 4888 loco

1964 4922 2259 4979 dicendum
2303 4920 2557 4985 arbitror,
2604 4934 2741 4990 puer
2775 4921 2868 4989 qui
2916 4919 3227 4990 loquentem
3276 4920 3569 4985 Dominum,

1975 5030 2097 5072 esse
2137 5014 2457 5082 magistrum
2497 5011 2705 5084 putavit
2752 5026 2939 5068 vocem
2981 5027 3305 5082 corpoream
3335 5014 3559 5071 audivit.

1973 5106 2093 5163 Non
2124 5107 2306 5176 itaque
2335 5120 2434 5175 per
2461 5105 2807 5174 semetipsum
2830 5102 2992 5167 Deus,
3022 5101 3118 5157 sed
3149 5111 3175 5139 ι
3207 5116 3304 5172 per
3331 5117 3563 5173 evange-

1969 5203 2133 5263 licum
2160 5201 2406 5271 spiritum
2437 5213 2607 5270 puero
2634 5197 2844 5253 locutus
2871 5204 2973 5260 est,
3004 5195 3132 5266 quia
3156 5196 3249 5268 qui
3269 5212 3378 5252 non
3400 5197 3566 5251 strin-

1971 5295 2113 5364 gitur
2168 5290 2339 5346 forma
2393 5304 2677 5360 corporea,
2732 5289 3093 5343 instrumento
3149 5288 3400 5357 corporis
3448 5304 3559 5344 non

1974 5393 2291 5457 angustatur
2317 5382 2384 5439 ad
2410 5397 2603 5438 sonum
2631 5381 2802 5436 vocis.
2826 5379 2981 5446 Quod
3010 5379 3262 5434 nimirum
3294 5389 3348 5434 et
3372 5382 3563 5450 puerili

1974 5482 2258 5537 audientia:
2287 5478 2558 5533 convenit.
2587 5474 2717 5530 Nam
2747 5474 2850 5529 etsi
2880 5488 3074 5543 magna
3104 5482 3229 5529 sunt
3258 5474 3448 5529 merita
3479 5473 3562 5529 in-

1976 5572 2221 5629 choantis
2241 5569 2462 5632 subditi,
2484 5568 2610 5638 quia
2632 5574 2808 5622 tamen
2831 5565 3010 5623 adhuc
3030 5567 3211 5623 nonin
3232 5566 3564 5638 perfectione

1978 5680 2119 5731 esse,
2172 5660 2270 5718 sed
2311 5662 2367 5717 in
2397 5658 2645 5732 profectu
2674 5659 3101 5716 conversationis
3127 5659 3462 5730 agnoscitur,
3495 5657 3563 5714 ad

1980 5853 2085 5900 tum
2108 5841 2281 5909 movit,
2313 5838 2423 5906 sed,
2451 5844 2557 5893 etc.
