4044 6336
493 383 590 445 ill

1691 373 1937 435 SARC'I'I
1973 373 2303 434 GRKGORII
2344 374 2556 433 MAGNI

491 515 610 559 eam
633 495 963 555 locutionem
978 503 1082 563 qua
1097 487 1439 561 omnipotens
1454 486 1597 545 Deus
1616 501 1717 559 per
1733 486 2080 558 semetipsum
2106 492 2160 547 Α
2182 493 2370 542 contra
2418 486 2795 545 inobedientes
2837 487 3108 559 aspiciant
3144 488 3273 561 quia
3314 491 3528 561 primas
3564 492 3793 551 humani

490 594 729 665 loquitur
773 605 880 646 non
927 587 1202 659 pertingit.
1252 583 1356 640 Per
1393 599 1453 640 se
1476 584 1693 655 quidem
1737 583 2082 653 omnipotens

492 690 657 757 Deus,
690 696 933 740 summus
964 679 1213 735 videlicet
1241 686 1296 732 ct
1319 676 1819 745 incircumscriptus
1838 672 2079 743 spiritus,

490 781 700 851 magnis
738 778 868 834 viris
910 780 969 830 et
1015 770 1384 843 spiritualibus
1425 767 1778 839 spiritualiter
1820 764 2082 835 loquitur,

490 890 611 932 cum
640 868 903 944 spirituali
930 866 1205 922 locutione
1232 875 1422 919 eorum
1465 860 1733 917 mentibus
1765 858 1992 925 indicat,
2023 865 2079 911 et

490 966 696 1037 agenda
719 976 840 1033 quae
868 968 1047 1030 agant,
1083 967 1137 1014 et
1163 956 1432 1027 loquenda
1460 968 1579 1023 quae
1605 953 1799 1009 sciant.
1832 950 2081 1006 Exterio-

489 1072 605 1114 rem
636 1055 819 1124 itaque
847 1064 1037 1107 vocem
1076 1064 1175 1120 per
1207 1045 1574 1117 evangelicum
1611 1043 1861 1113 spiritum
1890 1042 2080 1108 movit,

488 1148 584 1205 sed
610 1147 796 1217 gratiae
816 1158 927 1200 sua:
957 1142 1238 1213 praesentia
1270 1138 1496 1194 Creator
1522 1137 1743 1206 spiritus
1762 1150 1884 1205 quae
1909 1135 2084 1189 voluit

490 1238 761 1296 indicavit.
793 1236 1008 1292 Vocans
1036 1235 1219 1302 itaque
1245 1244 1396 1295 voce,
1429 1229 1557 1283 dum
1586 1227 1703 1283 Heli
1728 1228 1950 1298 putatus
1970 1234 2077 1291 est,

492 1329 805 1398 cognitione
833 1326 1008 1391 latuit,
1039 1334 1098 1378 ut
1124 1322 1191 1376 ad
1221 1320 1538 1389 magistrum
1564 1334 1703 1389 puer
1730 1326 1994 1382 curreret,
2028 1325 2084 1371 et

490 1422 616 1477 dum
638 1435 701 1475 se
729 1433 837 1474 non
877 1416 1041 1471 fuisse
1063 1419 1317 1469 vocatum
1348 1409 1578 1477 audiret,
1609 1410 1868 1481 deceptus
1895 1416 2082 1464 osten-

490 1516 646 1571 deret
673 1514 726 1568 in
753 1517 957 1584 quanto
984 1508 1220 1565 culmine
1262 1504 1479 1561 virtutis
1525 1510 1716 1558 staret.
1763 1502 1907 1557 Puer
1950 1514 2083 1569 ergo

486 1608 763 1665 humiliter
798 1604 1003 1661 homini
1032 1599 1331 1671 subjectus,
1360 1605 1525 1668 atque
1551 1596 1875 1653 obedientite
1912 1596 2081 1652 ardua

486 1718 611 1761 arce
639 1702 975 1765 sublimatus,
1008 1698 1131 1753 dum
1155 1702 1381 1750 vocatus
1403 1692 1658 1756 accessit,
1685 1690 1867 1763 jussus
1900 1689 2079 1755 rediit,

486 1796 614 1868 quid
643 1794 784 1849 aliud
812 1792 968 1848 nobis
995 1788 1245 1859 exemplo
1276 1785 1499 1856 praebet,
1533 1783 1635 1839 nisi
1668 1782 1945 1838 altissima!
1972 1781 2084 1837 lor-

483 1902 626 1943 mam
645 1883 969 1942 obedientite
990 1882 1014 1935 ?

556 1979 643 2033 ll.
686 1974 827 2032 Vera
870 1984 1106 2040 namque
1153 1967 1463 2025 obedientia
1510 1979 1613 2021 nec
1662 1963 2079 2035 praepositomm

485 2069 840 2126 intentionem
881 2063 1125 2125 discutit,
1174 2074 1277 2115 nec
1324 2065 1594 2129 praecepta
1644 2056 1923 2122 discernit,
1955 2056 2081 2127 quia

487 2163 577 2235 qui
608 2174 769 2216 omne
804 2158 933 2212 vitae
961 2168 1073 2209 suae
1095 2153 1353 2224 judicium
1376 2150 1567 2220 majori
1598 2149 1860 2213 subdidit,
1891 2149 1945 2203 in
1975 2148 2084 2205 hoc

484 2256 603 2313 solo
628 2254 847 2323 gaudet,
871 2252 918 2307 si
947 2249 1090 2319 quod
1115 2248 1214 2303 sibi
1238 2246 1551 2318 praecipitur
1578 2254 1859 2315 operatur.
1894 2242 2085 2298 Nescit

486 2345 631 2400 enim
675 2342 920 2412 judicare
965 2338 1210 2409 quisquis
1265 2335 1505 2407 perfecte
1544 2334 1792 2390 didicerit
1835 2333 2081 2397 obedire,

482 2438 609 2507 quia
638 2438 744 2492 hoc
774 2442 987 2489 tantum
1010 2432 1212 2487 bonum
1242 2437 1413 2499 putat,
1443 2429 1488 2483 si
1516 2426 1803 2498 praeceptis
1840 2425 2079 2481 nbediat.

485 2527 593 2583 Sed
624 2528 677 2581 in
708 2532 858 2580 tanta
881 2520 1138 2593 perfectm
1162 2517 1597 2598 conversationis
1622 2518 1738 2585 ejus
1772 2514 1943 2585 gloria
1971 2515 2082 2569 vita

485 2627 672 2677 nostra
687 2614 1052 2673 confunditur.
1078 2613 1219 2671 Ecce
1241 2615 1445 2669 etenim
1462 2610 1528 2665 ad
1541 2624 1832 2681 supernam
1852 2609 2082 2679 patriam

482 2712 582 2769 sub
608 2710 835 2767 ducibus
863 2707 1154 2763 Christiani
1193 2704 1467 2761 exercitus
1508 2702 1778 2773 proﬁcisci
1826 2700 2082 2755 decrevi-

484 2819 624 2869 mus,
665 2802 762 2858 sed
801 2814 971 2871 opera
996 2798 1210 2853 diversa
1242 2796 1461 2851 etiamsi
1488 2794 1716 2850 diversis
1742 2791 2084 2862 temporibus

480 2896 733 2967 jubemur
754 2907 938 2962 agere,
970 2904 1389 2946 murmuramus.
1413 2886 1548 2954 Quis
1576 2886 1723 2941 enim
1751 2900 1872 2939 sese
1892 2899 1925 2937 a
1944 2898 2086 2938 mur-

483 2987 789 3043 mutatione
823 2990 1226 3053 compesceret,
1253 2980 1377 3051 quis
1413 2981 1481 3033 ab
1525 2979 1607 3033 ira
1637 2984 2003 3046 temperaret,
2036 2974 2082 3028 si

483 3089 739 3137 vocatum
768 3094 827 3135 se
848 3079 930 3133 bis
964 3085 1020 3132 et
1049 3085 1131 3131 ter
1160 3074 1396 3136 audiret,
1427 3080 1485 3126 et
1517 3080 1697 3126 tamen
1727 3084 1797 3124 ex
1839 3066 2088 3123 vocantis

483 3186 751 3245 responso
796 3171 1110 3243 perciperet
1156 3168 1281 3238 quia
1322 3173 1544 3221 vocatus
1592 3164 1815 3218 minime
1858 3160 2084 3216 fuisset?

2185 581 2400 650 generis
2420 596 2618 651 parens
2632 596 2662 635 a
2680 580 2915 651 paradisi
2929 582 3136 649 gaudiis
3157 596 3259 638 nec
3272 582 3437 649 furto,
3456 599 3559 640 nec
3575 586 3789 655 rapina,

2185 686 2289 727 nec
2312 671 2600 738 adulterio,
2628 687 2735 727 aee
2753 671 3070 740 homicidio,
3103 672 3200 729 sed
3225 674 3374 744 pomi
3416 675 3571 730 vetiti
3604 675 3796 738 inobe:

2186 763 2386 819 dientia
2416 764 2618 820 corruit
2650 763 2805 834 illam.
2834 780 2916 833 ιιι,
2950 765 3028 834 6).
3086 762 3240 820 Unde
3270 772 3329 822 et
3357 775 3485 838 apte
3514 768 3800 837 colligitur

2186 858 2312 926 quia
2350 857 2396 914 si
2428 872 2593 927 parva
2631 871 2750 926 quae
2788 856 3045 913 videntur
3083 857 3358 927 majorum
3396 857 3622 928 imperia
3662 874 3795 915 cou-

2188 958 2391 1020 tempta
2422 951 2490 1006 ab
2526 950 2753 1005 internis
2778 950 2993 1019 gaudiis
3024 958 3317 1020 separant,
3360 952 3533 1008 etiam
3563 953 3793 1009 minima

2185 1056 2306 1112 quzr.
2334 1043 2690 1112 perﬁciuntur
2717 1043 2883 1099 vitam
2913 1052 3131 1113 parant.

2258 1155 2343 1211 12.
2370 1155 2638 1226 Operator
2657 1156 2840 1225 itaque
2865 1164 3120 1212 strenuus
3144 1156 3271 1213 vita
3293 1158 3532 1227 socialis,
3556 1166 3617 1215 et
3643 1173 3796 1215 com-

2184 1248 2422 1302 muniter
2467 1261 2651 1300 secum
2686 1247 2798 1301 Deo
2846 1247 3200 1303 servientium
3244 1248 3367 1318 pius
3397 1249 3707 1317 amulator,
3749 1251 3794 1303 si

2184 1338 2384 1394 aeterni
2404 1338 2585 1393 meriti
2622 1338 2941 1409 ampliorem
2971 1340 3382 1395 retributionem
3413 1356 3512 1411 per
3532 1341 3797 1395 obedien-

2185 1430 2273 1483 tise
2294 1429 2492 1483 bonum
2524 1428 2748 1498 adipisci
2764 1428 3055 1497 desiderat,
3070 1430 3132 1483 in
3152 1430 3259 1485 hoc
3272 1431 3394 1486 solo
3415 1445 3475 1485 se
3492 1438 3798 1499 cognoscin

2186 1520 2474 1588 excellere,
2503 1520 2549 1574 si
2586 1534 2701 1591 prae
2741 1520 2953 1576 ceteris
2982 1520 3208 1575 arbitrio
3251 1520 3474 1591 majoris
3513 1523 3793 1593 propriam

2185 1610 2485 1667 subdiderit
2513 1612 2872 1667 voluntatem.
2902 1612 3035 1668 Nam
3058 1628 3159 1669 nec
3182 1627 3375 1683 magna
3404 1615 3554 1670 lucra
3580 1614 3792 1685 jejunii,

2186 1718 2289 1758 nec
2318 1716 2525 1772 aspera:
2568 1704 2693 1758 vita:
2725 1704 2903 1759 studia
2950 1705 3162 1761 devotis
3195 1705 3397 1761 Christi
3428 1710 3689 1764 militibus
3738 1712 3792 1765 in

2187 1794 2455 1863 majorum
2507 1804 2780 1865 pratcepto
2839 1796 2994 1851 valde
3054 1798 3331 1867 pensanda
3390 1809 3536 1854 sunt.
3575 1800 3799 1870 Hajoris

2110 1886 2386 1952 Betenim
2440 1894 2525 1943 est
2572 1887 2748 1941 meriti
2796 1887 3077 1943 charitatis
3125 1890 3365 1957 injuncta
3424 1892 3651 1946 reiectio
3702 1892 3794 1962 je-

2183 1977 2336 2047 junio
2365 1976 2585 2047 propria
2615 1976 3007 2033 deliberatione
3054 1988 3331 2050 suscepto.
3377 1981 3477 2048 Qui
3504 1982 3651 2037 enim
3678 1983 3815 2052 jus-7

2187 2085 2279 2127 sus
2298 2084 2518 2126 carnem
2540 2069 2735 2133 reiicit,
2761 2070 2961 2125 invitus
2977 2070 3167 2141 jejunii
3197 2073 3479 2142 premium
3500 2075 3799 2131 devotione

2188 2164 2507 2235 promeruit,
2527 2170 2589 2219 et
2614 2163 2932 2233 ampliorem
2973 2165 3278 2220 mercedem
3299 2166 3623 2222 obedientiam:
3645 2183 3802 2223 man-

2187 2259 2438 2315 ducando
2462 2258 2809 2329 conquisivit.
2839 2257 3068 2313 Vocavit
3095 2272 3226 2329 ergo
3258 2260 3395 2315 Deus
3420 2276 3672 2331 puerum,
3704 2262 3801 2317 sed

2188 2364 2326 2405 voce
2352 2350 2615 2417 magistro
2642 2346 2820 2413 simili,
2874 2355 2935 2403 ut
2962 2348 3209 2419 profecto
3255 2351 3472 2406 modum
3504 2366 3617 2406 sua
3649 2352 3805 2407 locu-

2188 2443 2353 2499 tionis
2380 2442 2668 2498 indicaret.
2694 2439 2929 2497 Causam
2960 2443 3261 2497 vocationis
3290 2443 3479 2510 tacuit,
3508 2451 3569 2497 ut
3588 2444 3806 2501 eiectus

2190 2549 2329 2604 puer
2353 2549 2460 2604 qua
2486 2530 3144 2588 humilitateobedientia:
3166 2541 3309 2589 esset
3341 2534 3587 2589 sublimis
3616 2543 3813 2589 osten-

2190 2626 2367 2682 deret.
2396 2626 2480 2680 ire
2501 2626 2567 2679 ad
2589 2632 2981 2696 praeceptorem
3001 2625 3244 2695 pertulit,
3269 2634 3329 2679 ut
3352 2625 3661 2683 devotionis
3688 2642 3809 2682 sum

2189 2735 2389 2777 munus
2420 2718 2661 2775 oiierret.
2696 2717 2896 2773 Redire
2924 2717 2990 2771 ad
3020 2718 3198 2772 somni
3223 2719 3462 2788 quietem
3490 2718 3711 2787 sinitur,
3744 2728 3815 2775 ut

2188 2810 2441 2883 profecto
2470 2825 2570 2864 nec
2598 2823 2663 2864 ea
2690 2822 2812 2878 quae
2840 2816 2967 2863 sunt
2994 2808 3215 2863 minima
3239 2816 3671 2867 cantemus.
3697 2811 3813 2869 lte-

2189 2914 2314 2961 rato
2348 2905 2575 2971 excitat,
2608 2910 2668 2958 ut
2693 2918 2817 2959 eum
2846 2919 3007 2975 quem
3032 2903 3090 2958 in
3134 2903 3308 2959 forma
3352 2905 3655 2962 electorum
3698 2924 3810 2980 po.

2190 3010 2323 3051 nere
2348 2993 2565 3049 volebat
2585 2992 2919 3061 ostenderet,
2939 2993 3064 3064 quia
3090 3007 3191 3047 nee
3215 2994 3567 3064 imperiorum
3594 2998 3813 3053 iustae-

2191 3088 2263 3142 tia
2312 3087 2585 3155 tatigaret.
2622 3085 2722 3141 Per
2748 3100 2872 3139 eum
2911 3086 3006 3155 qui
3051 3085 3423 3156 reprobandus
3460 3097 3579 3143 erat
3611 3090 3809 3146 audire

2191 3177 2646 3248 quemadmodum
2670 3176 2949 3231 debuisset
2975 3176 3179 3243 didicit,
3211 3185 3273 3232 ut
3296 3176 3545 3248 proiecto
3562 3181 3811 3237 edamus

485 3267 661 3336 Quam
704 3262 954 3337 proiecto
993 3260 1215 3321 desidia:
1254 3263 1456 3314 nostr-te
1496 3256 1782 3324 caliginem
1822 3255 2080 3325 patimur,

2191 3272 2314 3340 quia
2347 3273 2614 3340 majorum
2661 3268 2884 3339 imperia
2912 3276 3046 3324 tunc
3081 3270 3246 3324 etiam
3284 3270 3590 3326 veneranda
3636 3283 3804 3336 sint,

484 3360 610 3430 quia
647 3364 809 3412 tantm
843 3355 1059 3411 virtutis
1090 3352 1295 3411 bonum
1322 3366 1430 3419 qua
1460 3348 1669 3420 praemii
1708 3346 1794 3403 sui
1832 3345 2083 3401 claritate

482 3448 814 3521 respondeat
842 3461 948 3502 non
976 3444 1241 3501 videmus.
1279 3440 1511 3496 Unicum
1536 3439 1740 3495 etenim
1771 3438 1972 3493 bonum
2001 3445 2086 3493 est

484 3543 551 3597 ad
565 3538 1036 3611 recuperationem
1054 3536 1195 3599 vitae,
1220 3534 1265 3590 si
1290 3531 1677 3589 inobedientia:
1697 3530 1856 3599 culpa
1878 3528 2083 3585 malum

484 3632 757 3689 sulliciens
790 3630 897 3683 fuit
935 3627 1003 3681 ad
1033 3624 1456 3697 perpetrandum
1478 3630 1736 3677 mortem.
1783 3618 1841 3674 Si
1868 3633 1999 3687 ergo
2029 3620 2081 3674 in

486 3725 632 3781 malo
661 3720 1045 3779 inobedientiae
1075 3732 1225 3773 mors
1260 3715 1564 3785 praevaluit,
1608 3715 1772 3770 toties
1806 3712 1930 3769 vita:
1962 3712 2087 3768 red-

487 3818 684 3883 dimur,
722 3814 939 3885 quoties
977 3810 1280 3867 obedimus.
1320 3807 1462 3863 Puer
1503 3807 1688 3877 itaque
1721 3805 1942 3861 Semel
1980 3820 2087 3860 nec

488 3918 732 3975 vocatus,
762 3921 865 3962 nec
906 3904 1154 3974 repulsus
1198 3900 1510 3968 oll‘enditur,
1550 3902 1677 3971 quia
1711 3899 1956 3955 vocantis
1992 3906 2088 3955 aut

486 4002 803 4075 repellentis
843 4000 1085 4054 animum
1123 3995 1312 4052 videre
1350 3994 1547 4057 noluit,
1603 3994 1777 4065 quiin
1829 3994 1935 4048 isoe
1966 3992 2087 4049 solo

485 4097 720 4168 gaudere
754 4100 985 4151 noverat
1022 4090 1168 4162 quod
1194 4089 1455 4146 obcdivit.
1505 4088 1572 4143 Et
1599 4089 1728 4160 quia
1766 4102 1989 4158 surgere
2018 4088 2087 4143 ad

485 4189 760 4254 laborem,
797 4184 976 4240 redire
1015 4190 1196 4236 autem
1240 4179 1309 4234 ad
1337 4177 1716 4234 dormiendum
1754 4178 1991 4247 pertinet
2018 4177 2085 4232 ad

486 4282 747 4353 quietem,
775 4278 909 4349 quid
929 4276 1188 4339 insinuat,
1224 4274 1327 4328 nisi
1353 4273 1483 4342 quia
1506 4281 1801 4341 utrumque
1830 4272 1985 4327 nobis
1998 4272 2085 4327 vi-

489 4381 600 4427 tam
637 4378 929 4440 praeparat,
971 4368 1017 4422 si
1047 4366 1355 4421 obedientis
1379 4365 1592 4419 animus
1624 4364 1678 4418 in
1704 4379 1771 4419 eo
1795 4364 1943 4433 quod
1978 4365 2089 4433 agit

487 4462 705 4519 nonnisi
735 4458 1058 4514 obedientim
1085 4458 1289 4512 bonum
1319 4457 1549 4526 pensat?
1573 4456 1908 4525 Praeceptum
1930 4456 2089 4509 nam-

488 4571 596 4627 que
627 4556 683 4609 in
713 4554 818 4608 hoc
838 4552 956 4611 sole
990 4550 1207 4621 pensari
1236 4549 1417 4615 debet,
1448 4548 1596 4618 quod
1628 4549 1853 4618 majoris
1884 4565 2088 4620 praece-

2188 3382 2312 3422 cum
2352 3366 2450 3436 ipsi
2480 3364 2802 3419 laudabilem
2832 3379 2943 3418 non
2970 3364 3173 3419 habent
3197 3365 3360 3418 vitam
3382 3404 3396 3431 ,
3427 3366 3556 3435 quia
3604 3381 3803 3421 eorum

2188 3456 2451 3519 doctrina,
2482 3469 2605 3523 quae
2646 3469 2811 3523 prava
2860 3456 3179 3523 operatione
3219 3464 3397 3525 potest
3444 3458 3693 3529 superbis
3725 3462 3810 3514 vi-

2187 3549 2413 3614 lescere,
2455 3548 2685 3603 humiles
2708 3546 2987 3602 auditores
3025 3547 3157 3603 facit
3182 3546 3251 3603 ad
3278 3548 3475 3606 divinae
3516 3550 3809 3608 familiari-

2188 3642 2320 3697 tatis
2354 3640 2729 3696 celsitudinem
2762 3641 3067 3711 pervenire.
3556 3634 3563 3635 ί

2263 3732 2349 3787 15.
2379 3731 2485 3787 Sed
2514 3735 2636 3802 qu‘a
2659 3732 2905 3803 sequitur
2933 3750 2944 3786 :
2980 3731 3151 3788 Porro
3182 3732 3399 3789 Samuel
3426 3738 3645 3792 necdum
3668 3741 3807 3793 scie-

2192 3832 2278 3884 bat
2311 3830 2611 3896 Dominum,
2647 3839 2703 3886 ct
2740 3831 2991 3901 superius
3018 3831 3328 3887 ministrare
3362 3834 3588 3890 Domino
3619 3836 3808 3906 perbi-

2189 3924 2368 3992 belur,
2416 3924 2571 3979 valde
2621 3924 2951 3980 contrarium
2980 3924 3195 3980 videtur
3228 3939 3348 3979 esse
3386 3926 3531 3995 quod
3578 3926 3806 3997 dicitur,

2194 4017 2321 4089 quia
2368 4017 2579 4072 nescire
2607 4032 2715 4072 non
2745 4024 2960 4086 poterat
2990 4017 3075 4072 cui
3109 4017 3467 4074 ministrabat.
3500 4019 3631 4086 Quis
3660 4024 3809 4077 enim

2195 4110 2248 4165 ei
2286 4110 2491 4165 serviat
2536 4124 2697 4180 quem
2745 4109 2995 4178 igndrat?
3022 4108 3131 4165 Sed
3178 4109 3421 4181 proferto
3450 4126 3549 4182 per
3576 4112 3632 4168 id
3660 4114 3811 4183 quod

2188 4202 2538 4272 subjunctum
2594 4208 2681 4256 est
2733 4200 2902 4271 liquet
2954 4200 3005 4255 id
3052 4200 3199 4273 quod
3239 4209 3399 4256 sonat
3448 4204 3807 4275 contrarium,

2188 4310 2294 4366 qua
2344 4294 2567 4363 intelligi
2619 4294 2997 4350 convenientia
3057 4294 3284 4350 rationis
3343 4294 3558 4350 debeat.
3621 4294 3811 4367 Neque

2193 4386 2449 4441 revelatus
2500 4386 2547 4439 ei
2590 4387 2761 4455 fuerat
2800 4401 2968 4440 sermo
3012 4384 3246 4441 Domini.
3301 4385 3407 4442 Per
3442 4368 3588 4457 quod
3639 4389 3807 4444 nimi-

2188 4493 2307 4533 rum
2372 4477 2531 4531 datur
2594 4476 2818 4546 intelligi
2886 4477 3012 4547 quia
3066 4490 3229 4540 quem
3283 4492 3469 4534 amore
3530 4487 3588 4533 et
3644 4481 3811 4547 mini-

2188 4572 2357 4628 sterio
2404 4578 2653 4639 noverat,
2685 4569 2954 4624 sermonis
2980 4569 3097 4638 ejus
3141 4569 3474 4626 revelatione
3504 4572 3807 4628 nesciebat.

486 4655 641 4719 ptum
668 4652 783 4711 est;
810 4653 870 4699 et
891 4644 988 4713 qui
1014 4642 1340 4699 obedientiae
1368 4643 1573 4699 bonum
1600 4643 1936 4712 exsequitur,
1973 4656 2083 4697 non

2196 4663 2446 4719 Nondum
2478 4661 2621 4717 enim
2669 4660 2746 4717 sic
2776 4669 3059 4717 vocantem
3102 4661 3366 4727 audierat,
3413 4677 3573 4731 quem
3619 4678 3681 4719 se
3720 4681 3813 4721 co-

489 4739 794 4809 injunctum
810 4752 954 4808 opus
969 4735 1511 4801 debetecusiderare,
1543 4736 1696 4806 101
1715 4735 1808 4789 sed
1832 4735 2084 4801 fructum,

488 4835 614 4905 quia
646 4832 715 4888 ad
740 4830 1099 4903 promerenda
1126 4838 1343 4884 intente
1370 4829 1496 4884 vitae
1527 4828 1724 4897 gaudia
1753 4843 1860 4882 non
1891 4829 2085 4897 exqui~

488 4925 629 4981 ritur
673 4923 906 4993 qualitas
954 4921 1157 4993 operis,
1202 4921 1295 4975 sed
1334 4920 1683 4976 mortiﬁcatlo
1730 4922 1981 4990 propria,
2030 4928 2090 4976 et

490 5017 771 5072 exsecutio
790 5016 982 5071 aliente
1003 5014 1317 5068 voluntatis.
1352 5012 1503 5068 [inde
1524 5021 1585 5071 et
1607 5011 1802 5067 Paulus
1820 5012 1899 5071 ait
1924 5031 1936 5065 :
1968 5011 2086 5067 Cir-

490 5107 736 5161 cumcisio
766 5106 896 5160 nihil
926 5103 1154 5175 prodeat,
1178 5112 1229 5157 et
1249 5104 1561 5175 praeputium
1581 5102 1714 5156 nihil
1737 5112 1831 5167 est,
1866 5104 1958 5156 sed
1982 5103 2079 5157 ob-

492 5200 713 5253 seruatio
753 5196 1122 5251 mandatorum
1166 5194 1261 5249 Dei
1291 5194 1349 5264 (Ι
1372 5194 1495 5249 Cor.
1522 5211 1620 5261 vn,
1660 5193 1770 5266 l9).
1802 5192 1918 5251 Jam
1949 5209 2079 5264 ergo

492 5290 633 5359 apud
664 5288 1095 5357 omnipotentem
1127 5287 1295 5342 Deum
1326 5300 1430 5340 nec
1451 5300 1514 5339 ea
1548 5300 1669 5354 qua:
1711 5286 1776 5339 ad
1815 5285 2078 5353 laborem,

492 5397 671 5451 neque
710 5397 774 5437 ea
812 5396 936 5452 qua:
976 5381 1044 5435 ad
1068 5382 1305 5451 quietem
1334 5377 1610 5449 pertinent
1652 5392 1819 5447 parva
1859 5386 2006 5445 sunt,
2038 5379 2086 5434 si

492 5483 753 5530 aeternam
793 5476 957 5530 vitam
991 5488 1180 5543 parare
1225 5471 1603 5527 obedientibus
1634 5480 1879 5540 possunt.
1923 5472 2085 5540 Quis—

494 5570 615 5635 quis
648 5579 782 5635 ergo
826 5567 1008 5623 alieno
1054 5566 1284 5636 imperio
1329 5564 1603 5634 subjectus
1629 5574 1712 5623 est
1750 5567 1859 5623 hoc
1904 5569 2084 5625 solum

494 5661 837 5729 consideret,
866 5663 994 5732 quia
1033 5661 1180 5731 quod
1229 5660 1330 5714 sibi
1356 5660 1659 5714 secundum
1697 5661 1862 5715 Deum
1906 5663 2084 5731 injun-

496 5756 640 5825 gitur
677 5755 832 5809 valde
864 5770 1116 5822 magnum
1146 5764 1202 5809 et
1230 5754 1500 5809 excelsum
1526 5754 1577 5809 in
1603 5755 1754 5811 lucro
1785 5762 1867 5809 est
1897 5756 2083 5822 menti,

500 5850 647 5919 quod
674 5850 837 5905 vitam
867 5859 1135 5918 praeparet
1157 5850 1211 5905 in
1242 5850 1493 5907 mercede
1513 5852 1930 5909 °retributionis.
1965 5852 2086 5919 Quo

2191 4754 2444 4827 gnovisse
2496 4761 2551 4807 et
2604 4753 2891 4809 devotione
2952 4753 3233 4808 ministerii
3285 4762 3340 4809 et
3390 4753 3589 4810 virtute
3634 4764 3809 4811 testa-

2194 4848 2356 4903 batur
2384 4845 2605 4899 amoris.
2640 4844 2745 4900 Sed
2785 4845 2839 4900 in
2870 4845 3286 4901 conversatione
3330 4845 3565 4900 ﬁdelium
3600 4859 3811 4902 conve-

2190 4941 2404 4997 nieuter
2440 4937 2741 5009 accipitur;
2788 4952 2916 4993 nam
2957 4938 3200 5008 plerique
3228 4940 3328 4993 sub
3368 4939 3542 4994 aliena
3587 4939 3811 4996 institu-

2190 5033 2339 5087 tione
2368 5030 2510 5086 bene
2542 5029 2851 5101 proﬁciunt.
2878 5032 2970 5099 qui
3004 5030 3259 5085 novitatis
3283 5045 3392 5085 sum
3420 5038 3664 5103 tempore
3687 5047 3807 5088 Orn-

2192 5123 2460 5195 nipotenti
2491 5122 2603 5178 Deo
2635 5121 2931 5178 ministeria
2962 5122 3308 5192 persolvunt,
3345 5131 3399 5179 et
3426 5132 3604 5179 tamen
3656 5128 3806 5196 puri—

2190 5225 2301 5273 tate
2328 5215 2804 5285 contemplationis
2837 5214 2903 5269 ad
2952 5214 3181 5270 internae
3224 5215 3644 5286 pulchritudinis
3683 5219 3805 5289 ejus

2186 5311 2423 5381 speciem
2452 5325 2559 5363 non
2606 5308 2939 5379 pertingant.
2971 5308 3075 5377 Qui
3117 5325 3239 5366 cum
3286 5310 3644 5380 subiectionis
3692 5331 3806 5369 sum

2188 5402 2383 5460 merito
2431 5401 2592 5456 etiam
2636 5400 2836 5455 donum
2880 5400 3075 5456 divinae
3122 5404 3601 5470 contemplationis
3650 5409 3802 5461 acri-

2187 5495 2361 5568 piunt,
2402 5502 2456 5548 et
2483 5493 2817 5563 experientia
2865 5493 3091 5548 internae
3120 5492 3343 5548 visionis
3390 5496 3543 5567 102
3597 5496 3801 5551 intelli-

2188 5594 2323 5656 gunt
2368 5585 2493 5654 quia
2546 5585 2625 5639 sic
2676 5583 2913 5639 nondum
2962 5583 3209 5639 sciebant
3258 5585 3345 5640 cui
3395 5587 3800 5641 ministrabant.

2190 5678 2346 5745 Quod
2375 5678 2516 5732 bene
2544 5675 2731 5741 Jacob,
2761 5681 2828 5730 ad
2852 5674 3222 5745 accipiendam
3243 5678 3526 5746 coniugem
3548 5678 3768 5748 proﬁcis
3788 5706 3801 5724 ι,

2191 5788 2342 5839 cens,
2374 5770 2640 5839 designat,
2689 5770 2779 5837 qui
2830 5778 2958 5839 post
2999 5770 3241 5843 laborem
3272 5772 3478 5828 itineris
3509 5788 3604 5843 per
3634 5790 3801 5842 sopo-

2191 5877 2305 5922 rem
2336 5862 2531 5936 quietis
2571 5862 2858 5918 Dominum
2884 5864 3041 5936 vidit,
3072 5865 3169 5922 sed
3200 5880 3228 5920 a
3259 5880 3453 5922 somno
3496 5864 3758 5938 evigilans
3779 5906 3793 5931 ,
