4044 6336
1063 335 1132 392 ΙΝ
1168 333 1433 393 PRIMUM
1471 331 1714 394 REGUM
1757 325 2275 393 EXPOSITIONES.
2318 366 2387 378 —
2427 333 2557 393 LIB.
2588 335 2648 392 ii.

3401 327 3506 401 tot

207 458 329 514 ait:
365 452 501 510 Vere
528 447 784 509 Dotninus
805 456 886 505 est
915 451 1108 506 inloco
1140 451 1260 518 isto,
1301 459 1351 506 et
1389 464 1482 523 ego
1519 451 1811 507 nesciebam
1839 447 1883 512 Α
1915 449 2198 522 praesentia
2237 450 2290 506 in
2322 448 2702 520 dedignatione
2729 459 2874 520 sunt,
2901 455 2962 510 ut
2987 465 3099 526 quo
3124 454 3413 516 studiosius
3437 455 3506 519 ab

207 546 370 620 (Gen.
393 561 581 611 xxvnr,
608 543 718 616 ιθ).
742 543 929 614 Neque
946 544 1090 606 enim
1121 544 1230 600 illic
1255 558 1375 600 esse
1401 543 1684 601 Dominum
1715 560 1814 600 an-

205 649 429 710 tequam
479 637 742 692 dormiret
775 634 1027 690 dubitare
1068 641 1317 705 poterat,
1364 636 1456 705 qui
1502 649 1622 692 esse
1668 636 1813 692 hunc

204 735 409 804 ubique
453 731 764 797 sentiebat;
799 729 895 785 sed
923 730 1048 800 quia
1089 735 1219 784 tunc
1243 743 1368 785 eum
1403 730 1692 801 perfectius
1725 729 1810 785 di.

202 828 358 893 dicit,
398 826 678 895 ignorasse
707 837 771 877 se
823 821 973 876 illum
1022 821 1291 892 perhibuit
1337 835 1458 877 cum
1498 821 1811 877 familiarius
1849 856 1874 871 η

203 935 317 973 non
361 916 601 986 agnovit.
633 914 732 970 Via
759 925 994 984 namque
1021 925 1128 985 qua
1157 913 1223 969 ad
1251 913 1538 985 conjugem
1569 915 1812 987 pergltnr

201 1009 436 1064 intentio
461 1007 675 1064 devotre
715 1006 1041 1063 obedientire
1068 1013 1184 1072 est,
1233 1019 1341 1076 qua
1382 1006 1682 1064 fecunditas
1727 1006 1812 1061 in-

198 1108 374 1153 ternm
409 1099 691 1155 charitatis
733 1099 996 1169 consequi
1027 1098 1381 1156 desideratur.
1413 1099 1583 1156 Iacob
1625 1099 1811 1168 itaque

198 1190 404 1244 dormit
431 1191 486 1246 in
513 1191 620 1257 via,
651 1205 772 1246 cum
802 1189 973 1245 iidells
994 1189 1299 1260 subjectus,
1341 1189 1561 1260 maligni
1589 1191 1810 1260 spiritus

197 1282 603 1351 supplantator,
647 1293 746 1352 per
799 1280 1042 1337 laborem
1083 1281 1406 1337 obedientire
1450 1281 1519 1336 ad
1567 1281 1806 1352 quietem

197 1374 498 1443 suscipitur
526 1374 751 1429 interna
779 1373 1020 1435 visionis.
1055 1371 1158 1440 Qui
1191 1373 1440 1443 profecto
1465 1381 1595 1428 tunc
1629 1372 1809 1428 Domi-

199 1479 336 1522 rrum
364 1477 426 1524 se
453 1467 738 1538 agnovisse
770 1463 1048 1535 fatebitur,
1077 1465 1200 1535 quia
1229 1465 1356 1521 dum
1383 1473 1506 1520 earn
1543 1463 1615 1519 ad
1643 1473 1808 1534 quam

198 1563 418 1618 naviter
439 1568 525 1616 est
553 1568 862 1631 assumptus
890 1561 1121 1616 internae
1139 1559 1277 1616 locis
1291 1559 1522 1615 miratur
1545 1559 1806 1630 speciem,

195 1660 466 1727 quantum
495 1659 622 1708 ante
652 1652 906 1708 nescierit
932 1653 1268 1723 experientia
1289 1653 1543 1708 revelata:
1568 1652 1808 1723 putentia

194 1747 406 1801 tudinis
443 1744 711 1814 agnoscit.
749 1742 888 1800 Fide
927 1744 1164 1811 etenim,
1216 1743 1365 1799 velut
1411 1742 1586 1812 fama,
1637 1744 1806 1799 Deum

1916 540 2216 596 intentione
2265 554 2360 597 sua
2407 557 2732 613 corporeum
2780 557 2941 602 omne
2989 546 3143 620 103
3187 551 3506 620 repellitur,

1915 643 2101 687 amore
2129 633 2471 690 invisibilium
2499 635 2858 694 abundantius
2895 639 3186 710 repleatur.
3220 641 3289 698 Et
3313 653 3508 702 nutan-

1911 723 2038 779 dutn
2062 726 2187 794 quia
2217 724 2326 794 jam
2355 735 2547 798 quater
2564 728 2632 784 ad
2652 732 2827 786 somni
2857 734 3092 802 quietem
3111 734 3291 792 redire
3316 738 3509 808 praeci-

1912 815 2077 886 pitur,
2107 819 2230 886 quia
2258 817 2384 872 dum
2416 820 2746 890 negligenter
2776 823 2975 878 utimur
3001 824 3109 881 isto
3136 829 3334 884 saculo
3360 829 3504 885 circa

1909 907 2158 975 visibilis,
2205 923 2389 980 opere,
2433 911 2711 969 iocutlone
2760 921 2817 970 et
2845 915 3174 988 cogitatione
3200 917 3541 991 vigilamus.’

1912 998 2018 1056 Ter
2041 1015 2170 1070 ergo
2195 1001 2428 1058 dormire
2454 1002 2810 1076 praecipimur,
2841 1015 2900 1063 ut
2927 1008 2994 1064 ad
3021 1009 3388 1079 cognitionem
3416 1027 3508 1067 su-

1910 1103 2199 1164 pernorum
2228 1107 2325 1165 per
2353 1095 2588 1166 quietem
2619 1099 2819 1168 operis,
2846 1099 2958 1155 oris
2979 1100 3252 1157 silentium
3280 1106 3335 1156 et
3355 1103 3506 1172 cogi-

1911 1184 2174 1239 tationum
2235 1186 2630 1256 superﬂuarum
2700 1191 3059 1259 abjeetionem
3116 1203 3503 1264 prmparemur.

1909 1273 2116 1343 Quarto
2145 1285 2325 1332 autem
2355 1278 2480 1334 loco
2508 1279 2574 1333 ad
2600 1291 2849 1337 somnum
2892 1283 3154 1338 mittimur
3181 1291 3304 1338 cum
3333 1283 3508 1353 majo-

1908 1377 2026 1421 rum
2052 1375 2359 1423 nostrorum
2389 1368 2604 1425 licentia
2635 1371 2708 1426 ab.
2730 1371 2850 1426 utili
2876 1373 3041 1428 etiam
3068 1373 3367 1428 ministerio
3389 1385 3507 1428 esse

1907 1470 2029 1516 sare
2049 1461 2406 1532 praecipimur,
2435 1468 2496 1517 ut
2523 1462 2648 1518 dum
2674 1464 2820 1519 nulla
2852 1466 3213 1535 prmpedinntr
3239 1478 3368 1522 cura
3395 1466 3506 1522 sol-

1908 1551 2217 1620 licitudinis,
2256 1559 2428 1610 totam
2475 1564 2536 1612 se
2577 1567 2730 1614 mens
2759 1557 2975 1629 colligat
3019 1558 3088 1613 ad
3116 1559 3370 1614 intuitum
3408 1569 3506 1613 su-

1910 1655 2094 1716 per-me
2123 1645 2364 1701 visionis.

1920 1755 1924 1758 ·
1979 1736 2064 1790 iii.
2106 1737 2172 1792 Et
2216 1737 2511 1793 notandum
2542 1740 2669 1808 quia
2707 1741 3082 1810 quiescentem
3121 1751 3371 1812 puerum,
3405 1753 3503 1795 ne-

192 1838 610 1908 cognosoimrs,
649 1847 842 1891 amore
875 1844 1055 1891 struem
1089 1835 1569 1906 contentplationis
1617 1836 1663 1891 is
1705 1836 1800 1906 qui
1834 1832 1878 1896 Β
1905 1829 2110 1887 sciente
2140 1829 2280 1895 Heli,
2323 1829 2581 1886 Dominus
2610 1831 2832 1901 excitat,
2875 1834 2970 1888 sed
3002 1839 3182 1889 tamen
3233 1834 3504 1903 excitato,

190 1932 340 1986 fama
387 1929 622 1987 innotuit
665 1929 822 1986 nobis
845 1929 996 1985 velut
1050 1941 1119 1986 ex
1146 1930 1462 1986 ostensione
1501 1931 1803 2001 presentius

190 2023 490 2081 reveletur.
521 2023 669 2080 Bene
706 2027 886 2079 autem
931 2032 1031 2094 per
1055 2021 1424 2078 obedientiam
1453 2017 1804 2093 proficiscens

192 2118 473 2181 subditus,
487 2115 612 2170 dum
628 2115 694 2170 ad
713 2113 1188 2185 contemplationis
1210 2114 1546 2169 altitudinem
1566 2114 1800 2180 ducitur,

192 2207 406 2262 dudum
437 2205 710 2277 ignorasse
735 2205 1022 2261 Dominum
1053 2205 1394 2275 perhibetur,
1425 2206 1551 2276 quia
1577 2205 1621 2260 is
1645 2205 1808 2275 quasl-

192 2313 264 2353 ει
296 2296 600 2367 praesentiae
617 2297 845 2353 veritate
871 2296 1165 2361 invenitur,
1195 2297 1288 2367 qui
1313 2297 1460 2352 fama
1485 2297 1633 2353 velut
1653 2299 1806 2354 ineo-

192 2386 397 2459 gnitus,
417 2395 473 2444 et
485 2399 594 2444 non
611 2387 894 2458 praesentia
903 2388 1054 2444 velut
1067 2388 1338 2457 cognitus,
1359 2394 1483 2444 ante
1494 2385 1800 2445 videbatur.

268 2479 360 2536 it.
397 2479 510 2536 Sed
539 2479 666 2551 quia
712 2479 1009 2551 separatim
1049 2479 1284 2535 dicitur:
1318 2477 1568 2535 Notitiam
1609 2479 1800 2535 sciebat

193 2571 500 2638 Dominum,
529 2583 693 2641 neque
716 2571 970 2627 revelatus
989 2573 1037 2626 ei
1062 2572 1229 2642 fuerat
1251 2583 1418 2626 sermo
1446 2571 1671 2634 Domini,
1694 2583 1797 2641 po-

192 2671 304 2718 test
333 2663 588 2719 subtilius
609 2663 858 2732 intelligi.
886 2659 1018 2717 Nam
1051 2663 1106 2717 in
1127 2673 1236 2716 una
1261 2662 1562 2732 caestuque
1589 2663 1800 2718 interna

194 2752 290 2808 Dei
315 2754 777 2823 contemplatione
796 2761 856 2808 et
882 2754 1018 2807 mira
1047 2749 1281 2807 charitas
1304 2752 1694 2822 contemplanti
1719 2751 1802 2806 in-

195 2841 441 2898 funditur
463 2845 533 2899 tie
559 2843 737 2900 fructu
758 2851 924 2898 tantae
943 2843 1151 2914 glorise,
1185 2851 1240 2898 et
1269 2851 1462 2914 stupor
1489 2853 1716 2914 magnus
1743 2844 1798 2899 in

193 2939 391 2994 secreti
437 2938 590 2993 verbi
643 2939 996 2994 revelatione.
1047 2937 1274 3007 Quinam
1329 2951 1458 3008 ergo
1511 2938 1794 2993 Dominum

193 3031 408 3098 sciunt,
439 3039 496 3085 et
537 3031 805 3086 sermonis
849 3030 971 3099 ejus
1017 3030 1408 3084 revelationern
1461 3030 1789 3099 percipiunt,

192 3124 324 3193 quia
343 3131 402 3178 et
419 3124 552 3179 mira
575 3124 859 3180 dulcedine
881 3125 1176 3194 replentur,
1196 3132 1266 3178 ex
1294 3133 1355 3177 ea
1379 3133 1545 3192 quam
1566 3135 1638 3179 ex
1663 3135 1797 3178 con-

1908 1921 2008 1977 nisi
2039 1924 2230 1978 eodem
2262 1921 2379 1978 Heli
2409 1923 2772 1993 praecipiente,
2805 1923 3103 1980 vocationis
3145 1936 3258 1979 sua:
3285 1937 3507 1979 causam

1908 2025 2248 2083 nequaquam
2277 2014 2602 2082 manifestat,
2631 2016 2757 2085 quia
2787 2016 2994 2072 electos
3022 2015 3268 2072 subditos
3293 2015 3506 2071 occulta

1907 2106 2260 2176 inspiratione
2284 2107 2350 2162 ad
2380 2121 2630 2180 supernae
2654 2108 2837 2179 patri-.c
2863 2107 3190 2164 desiderium
3212 2107 3388 2178 erigit,
3409 2104 3509 2163 sed

1908 2211 2004 2270 per
2030 2199 2268 2269 quietem
2297 2213 2496 2255 vocare
2523 2209 2620 2256 eos
2655 2200 2724 2255 ad
2777 2209 2898 2256 earn
2929 2207 3092 2270 quam
3123 2201 3350 2270 diligunt
3405 2215 3515 2272 pa-

1907 2293 2066 2348 triam
2089 2293 2206 2348 sine
2234 2294 2498 2364 majorum
2529 2293 2746 2351 licentia
2773 2309 2882 2351 non
2912 2295 3196 2366 permittit.
3219 2295 3356 2363 Quia
3379 2313 3511 2369 ergo

1904 2385 2116 2456 quoties
2140 2393 2365 2442 vocatur
2386 2399 2542 2458 puer,
2568 2388 2731 2443 toties
2755 2387 2835 2444 ire
2863 2387 2928 2443 ad
2955 2388 3269 2458 magistr-um
3292 2389 3509 2454 sinitur,

1903 2478 2030 2546 quid
2052 2486 2133 2533 est
2154 2477 2431 2543 aliud,nisi
2453 2479 2580 2550 quia
2603 2479 2718 2550 ipsa
2738 2477 2994 2535 divinitus
3015 2480 3271 2550 inspirata
3291 2479 3510 2550 subjec-

1903 2574 2081 2623 tortJm
2104 2569 2370 2624 desideria
2399 2569 2664 2639 majorum
2682 2555 2888 2640 judicio
2911 2571 3340 2626 submittuntur?
3361 2569 3516 2641 Opus

1906 2673 2139 2730 namque
2181 2662 2412 2732 subjecti
2439 2663 2695 2719 divinitus
2728 2654 3045 2736 inspiratum
3075 2673 3206 2722 tunc
3241 2665 3354 2722 Deo
3383 2679 3520 2736 gra-

1905 2764 2017 2810 tum
2047 2769 2166 2810 esse
2192 2757 2554 2823 cognoscitur,
2579 2757 2624 2811 si
2651 2758 2874 2827 majoris
2902 2757 3130 2829 imperio
3158 2767 3252 2814 aut
3274 2761 3508 2830 permis-

1902 2847 2058 2901 siosre
2079 2854 2386 2915 peragatur.
2415 2839 2622 2913 Quater
2640 2859 2771 2917 ergo
2787 2857 3015 2904 vocatur
3033 2859 3169 2920 puer
3188 2862 3220 2906 ι
3243 2850 3473 2912 Domino
3488 2898 3505 2925 ,

1903 2940 2096 3004 quater
2123 2937 2294 2990 somni
2325 2936 2479 3006 quies
2523 2937 2834 3008 praecipitur
2869 2954 2902 2993 a
2931 2941 3192 3010 magistre
3213 2985 3228 3012 ,
3269 2944 3396 3013 quia
3437 2947 3509 3002 ad

1904 3036 2390 3099 temperamentum
2419 3031 2633 3102 operis,
2665 3031 2941 3089 silentium
2984 3035 3113 3104 oris,
3145 3035 3507 3106 abjectionem

1905 3123 2131 3178 internm
2177 3123 2583 3193 sollicitudinis,
2634 3127 2994 3184 cessationem
3039 3129 3358 3199 ministerii,
3410 3147 3510 3205 pro

191 3215 484 3272 suetudine
501 3217 753 3272 hauriunt
768 3217 1035 3273 iniusione
1053 3218 1523 3284 tantmcnaritatis,
1539 3223 1798 3286 etmagna
1823 3221 1871 3287 ς
1904 3229 2090 3273 arnore
2113 3215 2424 3273 secretioris
2442 3219 2561 3273 vita:
2583 3233 2681 3289 per
2699 3219 2939 3275 divinam
2964 3220 3370 3292 inspirationern
3392 3238 3512 3282 suc-

193 3309 521 3364 crudiuntur
556 3310 817 3380 sapientia
870 3307 1203 3366 revelatiOne
1244 3311 1415 3366 verbi.
1456 3311 1498 3364 Α
1529 3310 1800 3366 nonnullis

192 3418 325 3459 vero
353 3404 528 3460 scitur
556 3403 840 3471 Dominus,
869 3403 1070 3476 quibus
1111 3417 1290 3461 sermo
1340 3405 1551 3462 Domini
1591 3415 1800 3477 nequa-

193 3509 359 3563 quam
405 3497 698 3565 revelatur;
729 3497 854 3568 quia
895 3498 1170 3569 simplices
1205 3499 1428 3572 quique,
1464 3501 1556 3555 sed
1606 3511 1799 3570 magna

202 3587 623 3644 conversatione
650 3588 875 3659 perfecti
914 3590 1048 3656 viri,
1081 3589 1148 3645 de
1189 3589 1666 3661 contemﬂationis
1712 3591 1799 3645 di-

204 3679 342 3733 vinae
371 3681 543 3749 gloria
595 3679 919 3738 ineii'abilem
958 3681 1182 3752 quidem
1213 3683 1419 3738 amoris
1464 3682 1799 3738 dulcedinem

200 3771 622 3844 contemplanda
635 3775 962 3846 percipiunt,
984 3777 1080 3833 sed
1103 3783 1280 3833 tamen
1307 3776 1373 3832 ad
1405 3777 1625 3832 revelari
1647 3775 1800 3832 verbi

197 3866 314 3933 ejus
354 3865 697 3922 altitudinem
742 3881 850 3923 non
889 3869 1224 3939 perungunt,
1253 3869 1376 3938 quia
1407 3869 1472 3921 ad
1499 3867 1799 3923 amantium

193 3956 442 4012 ordinem
472 3959 733 4029 assumpti
776 3966 920 4025 sunt,
951 3971 1062 4014 non
1092 3960 1156 4014 ad
1186 3959 1562 4015 celsitudinem
1601 3960 1799 4030 pra-di-

192 4048 450 4104 cationis.
480 4047 773 4105 Rerelstur
803 4043 1018 4120 quidem
1039 4051 1090 4106 ei
1124 4052 1370 4120 verbum,
1397 4057 1456 4106 ut
1483 4059 1722 4118 ametur;
1741 4061 1802 4107 et

192 4151 262 4192 ne
290 4139 634 4208 praedicetur,
681 4140 1053 4195 absconditur.
1103 4141 1250 4196 Bene
1281 4146 1462 4198 autem
1503 4143 1572 4196 de
1611 4155 1678 4197 eo
1705 4142 1799 4211 qui

192 4231 260 4285 ad
291 4231 656 4286 ministerium
686 4232 1082 4302 praedicationis
1109 4235 1356 4290 elevatur
1375 4235 1574 4291 dicitur
1599 4251 1615 4288 ι
1647 4233 1803 4289 Non-

192 4321 317 4375 dum
343 4320 544 4374 sciebat
570 4320 871 4389 Dominum,
897 4335 1058 4396 neque
1086 4325 1339 4382 metatus
1364 4328 1411 4380 ei
1436 4328 1609 4397 fuerat
1633 4341 1801 4382 sermo

191 4411 434 4475 Domini,
457 4420 523 4466 ut
544 4413 671 4467 dum
696 4428 764 4469 eu
791 4428 911 4483 quae
939 4416 1180 4472 nondum
1205 4418 1366 4473 habet
1392 4418 1538 4476 rudis
1562 4420 1801 4475 insinuat

191 4504 396 4573 quibus
415 4503 578 4560 bonis
599 4504 757 4559 ditari
780 4508 1106 4576 pmdiestor
1127 4508 1324 4565 debeat
1349 4519 1597 4581 patenter
1615 4520 1805 4568 osten-

1903 3303 2214 3374 cendimur,
2243 3313 2299 3362 et
2343 3315 2523 3364 tamen
2576 3311 2777 3364 amoris
2807 3309 2977 3366 nostri
3019 3312 3284 3368 desideria
3334 3315 3508 3370 adim-

1902 3403 2054 3474 plere
2078 3404 2196 3458 sine
2229 3403 2494 3472 majorum
2525 3412 2834 3459 nostrorum
2863 3401 3224 3476 permissione
3251 3409 3510 3479 prohibe—

1902 3501 2041 3549 mur.
2065 3493 2238 3550 Vocat
2257 3495 2440 3565 itaque
2457 3493 2743 3563 Dominus,
2766 3504 2822 3550 et
2847 3497 3149 3554 vocationis
3178 3511 3398 3556 causam
3426 3509 3509 3557 ta-

1901 3591 2010 3652 cet,
2041 3593 2101 3640 ut
2120 3585 2467 3656 permittente
2493 3586 2752 3656 magistro
2779 3589 3128 3660 semetipsum
3160 3599 3354 3648 vocato
3377 3593 3509 3648 sub-

1897 3677 2046 3748 jecto
2074 3680 2331 3733 insinuet.
2365 3677 2497 3733 Nam
2527 3680 2622 3750 qui
2662 3695 2770 3737 non
2805 3681 2958 3752 jusso
2987 3684 3175 3740 audire
3213 3695 3524 3758 postquam

1902 3771 2118 3827 vocavit
2163 3770 2338 3837 siluit,
2393 3771 2483 3827 ubi
2530 3771 2726 3828 doctor
2763 3774 2928 3832 homo
2969 3777 3251 3848 praecepit,
3303 3793 3508 3837 vocans

1902 3863 2044 3920 Dens
2071 3863 2375 3920 vocationis
2403 3877 2621 3922 causam
2651 3866 2926 3923 indicavit.
2956 3867 3210 3939 Sequitur
3236 3872 3378 3928 enim
3409 3891 3424 3928 :

1976 3955 2154 4028 (Veis.
2187 3955 2374 4029 9-1L)
2401 3956 2544 4014 Abiit
2561 3971 2687 4032 ergo
2718 3959 2949 4027 Samuel,
2983 3969 3032 4016 et
3058 3963 3296 4018 dormivit
3319 3964 3373 4020 in
3394 3964 3510 4022 loco

1902 4057 2016 4104 suo.
2048 4047 2118 4102 Et
2155 4051 2289 4103 venit
2319 4048 2596 4114 Dominus,
2625 4058 2678 4104 et
2712 4053 2888 4117 stetit;
2918 4060 2968 4106 et
2997 4054 3222 4121 vocavit,
3253 4054 3386 4107 sicut
3421 4071 3529 4110 eo..-

1903 4149 2107 4196 carerot
2134 4144 2386 4211 secundo,
2421 4142 2656 4200 Samuel.
2694 4141 2764 4196 Et
2811 4144 2888 4197 ait
2935 4143 3152 4199 Samuel
3182 4157 3200 4200 ξ
3241 4142 3507 4217 Loquere.

1902 4235 2148 4306 Domine,
2185 4237 2306 4309 quia
2346 4235 2494 4290 audit
2531 4245 2708 4290 seruus
2740 4240 2874 4289 tuus.
2908 4233 2981 4289 Et
3025 4236 3100 4290 ait
3137 4234 3394 4293 Dominus
3437 4239 3509 4296 ad

1902 4342 2041 4382 eum.
3517 4361 3520 4364 .

1932 4446 1936 4450 »
1975 4420 2064 4476 i7.
2097 4417 2302 4487 Quibus
2330 4419 2579 4488 promoto
2609 4417 2809 4484 verbis,
2840 4419 2966 4489 quia
2991 4419 3058 4476 de
3089 4420 3411 4493 incorporea
3452 4428 3511 4477 et

1903 4510 2158 4568 invisibili
2196 4511 2379 4565 divina
2407 4510 2709 4566 substantia
2736 4507 2868 4566 iiiud
2896 4510 3092 4567 dicitur
3120 4513 3262 4583 quod
3292 4513 3360 4568 ad
3385 4526 3513 4570 cor-

191 4597 309 4651 dat.
341 4596 479 4650 Nam
504 4598 602 4668 qui
627 4598 774 4653 illam
815 4600 988 4656 intimi
1027 4603 1227 4658 amris
1253 4604 1512 4661 virtutem
1559 4608 1797 4664 nondum
1827 4610 1881 4674 Β
1904 4615 2006 4674 pus
2034 4601 2308 4673 pertinere
2348 4601 2724 4671 cognoscitur.
2755 4613 2981 4657 necesse
3007 4611 3092 4656 est
3122 4611 3180 4655 ut
3208 4602 3510 4657 rationabi-

188 4689 462 4761 percepit,
509 4691 759 4760 proiecto
793 4695 1225 4764 omnipotentem
1272 4697 1591 4764 Dominum,
1638 4709 1799 4771 quem

191 4781 304 4838 ﬁde
329 4783 481 4838 velut
500 4780 643 4837 fama
667 4784 838 4853 novit,
863 4789 1148 4856 praesentia
1177 4787 1320 4844 illius
1339 4797 1533 4857 magna
1559 4791 1800 4848 obtrita-

193 4875 266 4930 tis
293 4875 489 4930 nescit.
520 4873 586 4930 Et
609 4875 658 4931 si
689 4877 945 4934 ardenter
972 4880 1166 4950 diligit,
1194 4890 1254 4937 et
1287 4893 1490 4937 arcana
1511 4885 1801 4954 mysterio-

188 4979 318 5025 rum
344 4969 619 5024 discutere
647 4979 746 5040 per
778 4973 1028 5044 spiritum
1066 4974 1309 5030 nondum
1339 4976 1511 5040 novit,
1539 4975 1650 5044 jam
1679 4979 1802 5046 qui-

189 5059 321 5115 dem
359 5061 649 5119 Dominnm
676 5065 976 5134 cognoscit,
1026 5066 1125 5122 sed
1171 5068 1241 5122 ad
1265 5069 1532 5123 sermonis
1557 5067 1674 5136 ejus
1711 5083 1799 5126 re-

193 5151 532 5209 velationem
556 5169 666 5211 non
696 5157 962 5226 pervenit.
993 5157 1072 5214 De
1095 5159 1384 5216 obediente
1419 5171 1600 5219 autem
1629 5173 1800 5236 puero

188 5246 382 5300 statim
412 5246 660 5302 subditur
683 5265 698 5302 :

268 5337 451 5409 (Ven.
484 5337 565 5411 9.)
589 5339 732 5395 Abiit
747 5355 872 5413 ergo
900 5342 1137 5411 Samuel,
1163 5352 1217 5400 et
1244 5345 1504 5402 dormivit.

267 5429 359 5486 15.
391 5431 512 5487 Jarn
543 5435 743 5507 quippe
769 5437 834 5491 ad
861 5437 1056 5494 divinae
1082 5440 1368 5497 locutionis
1394 5442 1640 5498 notitiam
1664 5457 1802 5515 puer

189 5523 499 5582 instructus
519 5529 768 5598 mittitur,
795 5545 918 5586 cum
940 5534 1148 5590 eiectos
1168 5535 1410 5594 subditus
1429 5539 1652 5608 majoris
1673 5555 1804 5596 con-

187 5617 323 5675 sitio
349 5619 420 5674 ad
447 5621 709 5692 spiritaiia
749 5626 1127 5694 cognoscenda
1172 5639 1524 5700 pmparatur.
1557 5630 1629 5688 Et
1667 5633 1797 5689 dor-

194 5715 338 5765 mire
360 5711 582 5780 quidem
601 5714 652 5769 ei
667 5721 752 5771 est
772 5717 827 5771 in
843 5717 1116 5774 desiderio
1125 5731 1344 5777 aeterno:
1355 5724 1480 5779 vita:
1499 5727 1798 5795 quiescere,-

191 5816 325 5860 ωτι]
346 5805 597 5866 videlicet
629 5810 824 5868 animae
843 5810 955 5881 jam
980 5813 1095 5871 sola
1121 5829 1353 5886 superna
1380 5819 1583 5881 sitienti
1604 5830 1800 5879 cuncta

1903 4697 2027 4753 liter
2071 4695 2420 4765 intelligatur.
2465 4691 2598 4749 Nam
2643 4705 2752 4764 quo
2802 4693 2984 4749 veniat
3011 4693 3104 4764 qui
3138 4693 3338 4764 ubique
3385 4694 3513 4748 est?

1903 4803 2014 4863 quo
2033 4798 2195 4863 pacto
2211 4795 2359 4845 stare
2379 4798 2437 4845 et
2463 4787 2616 4857 loqui
2641 4787 2841 4843 dicitur
2861 4787 2952 4857 qui
2975 4799 3236 4856 cor-porca
3260 4785 3512 4841 substan-

1905 4886 1981 4940 tia
2005 4899 2111 4939 non
2142 4882 2443 4939 inmaturi
2461 4879 2570 4937 Sed
2597 4881 2652 4935 in
2678 4879 2766 4935 illa
2791 4877 2971 4935 omnia
2995 4880 3241 4934 dictante
3259 4879 3512 4934 substan-

1906 4977 1982 5032 tia
2012 4981 2286 5049 ponuntur
2310 4974 2475 5030 verba
2515 4971 2710 5044 inopiae
2742 4979 2977 5037 nostrai,
3013 4983 3116 5042 per
3143 4981 3263 5038 quae
3287 4979 3512 5038 surgere

1906 5072 2183 5126 valeamus
2222 5071 2290 5125 ad
2320 5069 2697 5138 cognOscenda
2724 5065 2986 5139 mysteria
3012 5063 3348 5136 operationis
3377 5077 3509 5120 sure.

1904 5161 2038 5220 Nam
2069 5163 2256 5219 venire
2284 5161 2512 5217 Domino
2544 5165 2628 5216 est
2653 5157 2940 5231 praesentia
2979 5154 3166 5225 gratis:
3193 5165 3304 5210 suae
3344 5155 3510 5209 corda

1904 5260 2202 5315 eluctorum
2230 5261 2453 5327 tangere
2472 5297 2488 5324 ,
2519 5261 2664 5310 stare
2717 5253 2834 5323 ejus
2863 5259 2965 5318 est,
2997 5248 3238 5305 manenti
3267 5247 3511 5317 ejusdem

1903 5354 2092 5423 gratiae
2115 5361 2228 5408 sum
2258 5350 2403 5407 dono
2431 5361 2526 5406 eas
2557 5361 2698 5419 quas
2723 5343 2895 5413 tangit
2925 5347 3140 5398 mentes
3182 5341 3524 5396 inconcessa:

1906 5448 2092 5514 gratiae
2112 5457 2222 5503 suae
2257 5445 2405 5501 dono
2425 5441 2680 5498 retinere.
2713 5436 2924 5492 Vocare
2946 5441 3127 5489 autem
3152 5431 3270 5503 ejus
3295 5441 3378 5488 est
3400 5435 3512 5488 ele-

1909 5539 2055 5594 ctam
2075 5544 2308 5594 mentem
2332 5533 2396 5590 ad
2415 5537 2762 5602 augmentum
2789 5525 3218 5596 majoris-gratiae
3245 5525 3508 5581 excitare.

1908 5630 2071 5689 Venit
2099 5645 2333 5702 namque
2357 5627 2638 5690 Dominus,
2668 5631 2723 5678 et
2750 5635 2858 5678 non
2895 5627 3021 5686 stat,
3052 5634 3176 5674 cum
3217 5618 3382 5674 corda
3411 5634 3510 5672 ne-

1909 5724 2225 5799 gligentlum
2255 5730 2546 5793 tanguntur
2567 5735 2664 5791 per
2685 5718 2936 5788 gratiam,
2960 5723 3016 5771 et
3036 5723 3214 5769 tamen
3237 5713 3290 5767 in
3313 5711 3508 5767 auecta

1910 5829 1969 5886 et
1992 5834 2180 5876 amore
2226 5815 2496 5888 tangentis
2541 5813 2726 5885 gratia:
2756 5823 3094 5884 nequaquam
3125 5809 3506 5881 perseuerant.
