  <div class='ocr_page' id='page_1' title='image "/cluster/home/n/w/nwhite01/storage/ocr_20150623/79/hvd.32044015469414/073.png"; bbox 0 0 4044 6336; ppageno 0'>
   <div class='ocr_carea' id='block_1_1' title="bbox 540 348 645 407">
    <p class='ocr_par' dir='ltr' id='par_1_1' title="bbox 540 348 645 407">
     <span class='ocr_line' id='line_1_1' title="bbox 540 348 645 407; baseline -0.01 0"><span class='ocrx_word' id='word_1_1' title='bbox 540 348 645 407; x_wconf 72' lang='lat' dir='ltr'><strong><em>I35</em></strong></span> 
     </span>
    </p>
   </div>
   <div class='ocr_carea' id='block_1_2' title="bbox 1772 336 2638 401">
    <p class='ocr_par' dir='ltr' id='par_1_2' title="bbox 1772 336 2638 401">
     <span class='ocr_line' id='line_1_2' title="bbox 1772 336 2638 401; baseline 0.003 -5"><span class='ocrx_word' id='word_1_2' title='bbox 1772 337 2019 397; x_wconf 79' lang='lat' dir='ltr'><strong><em>SANCTI</em></strong></span> <span class='ocrx_word' id='word_1_3' title='bbox 2055 336 2385 397; x_wconf 77' lang='lat' dir='ltr'><strong><em>GBEGORII</em></strong></span> <span class='ocrx_word' id='word_1_4' title='bbox 2424 342 2638 401; x_wconf 76' lang='lat' dir='ltr'><strong><em>MAGNI</em></strong></span> 
     </span>
    </p>
   </div>
   <div class='ocr_carea' id='block_1_3' title="bbox 3716 354 3818 412">
    <p class='ocr_par' dir='ltr' id='par_1_3' title="bbox 3716 354 3818 412">
     <span class='ocr_line' id='line_1_3' title="bbox 3716 354 3818 412; baseline 0.029 -3"><span class='ocrx_word' id='word_1_5' title='bbox 3716 354 3818 412; x_wconf 72' lang='grc'><strong><em>136</em></strong></span> 
     </span>
    </p>
   </div>
   <div class='ocr_carea' id='block_1_4' title="bbox 536 455 3817 539">
    <p class='ocr_par' dir='ltr' id='par_1_4' title="bbox 536 455 3817 539">
     <span class='ocr_line' id='line_1_4' title="bbox 536 455 3817 539; baseline 0 -18"><span class='ocrx_word' id='word_1_6' title='bbox 536 463 697 521; x_wconf 83' lang='lat' dir='ltr'><strong><em>Velut</em></strong></span> <span class='ocrx_word' id='word_1_7' title='bbox 720 460 865 521; x_wconf 88' lang='lat' dir='ltr'><strong><em>enim</em></strong></span> <span class='ocrx_word' id='word_1_8' title='bbox 890 472 1128 531; x_wconf 68' lang='lat' dir='ltr'><strong><em>praesens</em></strong></span> <span class='ocrx_word' id='word_1_9' title='bbox 1155 466 1238 514; x_wconf 88' lang='lat' dir='ltr'><strong><em>est</em></strong></span> <span class='ocrx_word' id='word_1_10' title='bbox 1264 455 1515 525; x_wconf 88' lang='lat' dir='ltr'><strong><em>veniens,</em></strong></span> <span class='ocrx_word' id='word_1_11' title='bbox 1548 463 1603 511; x_wconf 90' lang='lat' dir='ltr'><strong><em>et</em></strong></span> <span class='ocrx_word' id='word_1_12' title='bbox 1633 470 1743 511; x_wconf 89' lang='lat' dir='ltr'><strong><em>non</em></strong></span> <span class='ocrx_word' id='word_1_13' title='bbox 1781 465 1929 511; x_wconf 87' lang='lat' dir='ltr'><strong><em>stans</em></strong></span> <span class='ocrx_word' id='word_1_14' title='bbox 1966 468 2117 509; x_wconf 91' lang='lat' dir='ltr'><strong><em>rece-</em></strong></span> <span class='ocrx_word' id='word_1_15' title='bbox 2144 455 2196 513; x_wconf 82' lang='grc' dir='ltr'><strong>Δ</strong></span> <span class='ocrx_word' id='word_1_16' title='bbox 2221 456 2315 521; x_wconf 82' lang='lat' dir='ltr'><strong><em>vis,</em></strong></span> <span class='ocrx_word' id='word_1_17' title='bbox 2344 458 2599 528; x_wconf 75' lang='lat' dir='ltr'><strong><em>faciamus</em></strong></span> <span class='ocrx_word' id='word_1_18' title='bbox 2627 459 2706 513; x_wconf 79' lang='lat' dir='ltr'><strong><em>hic</em></strong></span> <span class='ocrx_word' id='word_1_19' title='bbox 2740 462 2840 514; x_wconf 85' lang='lat' dir='ltr'><strong><em>tria</em></strong></span> <span class='ocrx_word' id='word_1_20' title='bbox 2884 458 3233 527; x_wconf 83' lang='lat' dir='ltr'><strong><em>tabernacula,</em></strong></span> <span class='ocrx_word' id='word_1_21' title='bbox 3278 463 3368 518; x_wconf 78' lang='lat' dir='ltr'><strong><em>ti6i</em></strong></span> <span class='ocrx_word' id='word_1_22' title='bbox 3412 481 3608 533; x_wconf 88' lang='lat' dir='ltr'><strong><em>unum,</em></strong></span> <span class='ocrx_word' id='word_1_23' title='bbox 3650 464 3817 539; x_wconf 78' lang='lat' dir='ltr'><strong><em>Moysi</em></strong></span> 
     </span>
    </p>
   </div>
   <div class='ocr_carea' id='block_1_5' title="bbox 536 549 2121 626">
    <p class='ocr_par' dir='ltr' id='par_1_5' title="bbox 536 549 2121 626">
     <span class='ocr_line' id='line_1_5' title="bbox 536 549 2121 626; baseline -0.007 -12"><span class='ocrx_word' id='word_1_24' title='bbox 536 558 692 626; x_wconf 88' lang='lat' dir='ltr'><strong><em>dens,</em></strong></span> <span class='ocrx_word' id='word_1_25' title='bbox 723 570 843 611; x_wconf 89' lang='lat' dir='ltr'><strong><em>cum</em></strong></span> <span class='ocrx_word' id='word_1_26' title='bbox 879 570 946 610; x_wconf 82' lang='lat' dir='ltr'><strong><em>ex</em></strong></span> <span class='ocrx_word' id='word_1_27' title='bbox 988 551 1234 623; x_wconf 67' lang='lat' dir='ltr'><strong><em>praesenti</em></strong></span> <span class='ocrx_word' id='word_1_28' title='bbox 1266 558 1410 605; x_wconf 89' lang='lat' dir='ltr'><strong><em>tactu</em></strong></span> <span class='ocrx_word' id='word_1_29' title='bbox 1447 549 1636 604; x_wconf 75' lang='lat' dir='ltr'><strong><em>divina:</em></strong></span> <span class='ocrx_word' id='word_1_30' title='bbox 1673 550 1857 617; x_wconf 75' lang='lat' dir='ltr'><strong><em>gratia:</em></strong></span> <span class='ocrx_word' id='word_1_31' title='bbox 1900 555 2121 617; x_wconf 86' lang='lat' dir='ltr'><strong><em>repente</em></strong></span> 
     </span>
    </p>
   </div>
   <div class='ocr_carea' id='block_1_6' title="bbox 471 628 2119 716">
    <p class='ocr_par' dir='ltr' id='par_1_6' title="bbox 471 628 2119 716">
     <span class='ocr_line' id='line_1_6' title="bbox 471 628 2119 716; baseline -0.008 -9"><span class='ocrx_word' id='word_1_32' title='bbox 471 696 477 700; x_wconf 95' lang='lat'><strong><em>.</em></strong></span> <span class='ocrx_word' id='word_1_33' title='bbox 533 650 677 706; x_wconf 87' lang='lat' dir='ltr'><strong><em>bona</em></strong></span> <span class='ocrx_word' id='word_1_34' title='bbox 723 647 900 707; x_wconf 90' lang='lat' dir='ltr'><strong><em>facere</em></strong></span> <span class='ocrx_word' id='word_1_35' title='bbox 929 628 1253 716; x_wconf 77' lang='lat' dir='ltr'><strong><em>proponunt,</em></strong></span> <span class='ocrx_word' id='word_1_36' title='bbox 1287 651 1342 698; x_wconf 89' lang='lat' dir='ltr'><strong><em>et</em></strong></span> <span class='ocrx_word' id='word_1_37' title='bbox 1366 643 1549 698; x_wconf 91' lang='lat' dir='ltr'><strong><em>statim</em></strong></span> <span class='ocrx_word' id='word_1_38' title='bbox 1580 642 1849 708; x_wconf 91' lang='lat' dir='ltr'><strong><em>derelicti,</em></strong></span> <span class='ocrx_word' id='word_1_39' title='bbox 1882 641 2119 710; x_wconf 83' lang='lat' dir='ltr'><strong><em>ejusdem</em></strong></span> 
     </span>
    </p>
   </div>
   <div class='ocr_carea' id='block_1_7' title="bbox 534 731 2121 810">
    <p class='ocr_par' dir='ltr' id='par_1_7' title="bbox 534 731 2121 810">
     <span class='ocr_line' id='line_1_7' title="bbox 534 731 2121 810; baseline -0.008 -12"><span class='ocrx_word' id='word_1_40' title='bbox 534 741 663 799; x_wconf 89' lang='lat' dir='ltr'><strong><em>boni</em></strong></span> <span class='ocrx_word' id='word_1_41' title='bbox 691 737 951 810; x_wconf 83' lang='lat' dir='ltr'><strong><em>propositi</em></strong></span> <span class='ocrx_word' id='word_1_42' title='bbox 980 736 1336 793; x_wconf 90' lang='lat' dir='ltr'><strong><em>intentionem</em></strong></span> <span class='ocrx_word' id='word_1_43' title='bbox 1368 733 1642 790; x_wconf 89' lang='lat' dir='ltr'><strong><em>deserunt.</em></strong></span> <span class='ocrx_word' id='word_1_44' title='bbox 1668 732 1822 801; x_wconf 88' lang='lat' dir='ltr'><strong>Quod</strong></span> <span class='ocrx_word' id='word_1_45' title='bbox 1851 732 1895 786; x_wconf 92' lang='lat' dir='ltr'><strong><em>si</em></strong></span> <span class='ocrx_word' id='word_1_46' title='bbox 1916 732 1983 787; x_wconf 91' lang='lat' dir='ltr'><strong><em>ad</em></strong></span> <span class='ocrx_word' id='word_1_47' title='bbox 2010 731 2121 786; x_wconf 93' lang='lat' dir='ltr'><strong><em>vim</em></strong></span> 
     </span>
    </p>
   </div>
   <div class='ocr_carea' id='block_1_8' title="bbox 533 828 2120 907">
    <p class='ocr_par' dir='ltr' id='par_1_8' title="bbox 533 828 2120 907">
     <span class='ocr_line' id='line_1_8' title="bbox 533 828 2120 907; baseline -0.008 -13"><span class='ocrx_word' id='word_1_48' title='bbox 533 834 1002 907; x_wconf 80' lang='lat' dir='ltr'><strong><em>contemplationis</em></strong></span> <span class='ocrx_word' id='word_1_49' title='bbox 1026 831 1274 896; x_wconf 81' lang='lat' dir='ltr'><strong><em>refertur,</em></strong></span> <span class='ocrx_word' id='word_1_50' title='bbox 1302 830 1451 886; x_wconf 82' lang='lat' dir='ltr'><strong><em>venit</em></strong></span> <span class='ocrx_word' id='word_1_51' title='bbox 1477 839 1531 885; x_wconf 92' lang='lat' dir='ltr'><strong><em>et</em></strong></span> <span class='ocrx_word' id='word_1_52' title='bbox 1574 836 1682 885; x_wconf 87' lang='lat' dir='ltr'><strong><em>stat</em></strong></span> <span class='ocrx_word' id='word_1_53' title='bbox 1709 828 1966 883; x_wconf 87' lang='lat' dir='ltr'><strong><em>Dominus</em></strong></span> <span class='ocrx_word' id='word_1_54' title='bbox 2000 841 2120 882; x_wconf 89' lang='lat' dir='ltr'><strong><em>cum</em></strong></span> 
     </span>
    </p>
   </div>
   <div class='ocr_carea' id='block_1_9' title="bbox 534 918 2123 993">
    <p class='ocr_par' dir='ltr' id='par_1_9' title="bbox 534 918 2123 993">
     <span class='ocr_line' id='line_1_9' title="bbox 534 918 2123 993; baseline -0.008 -8"><span class='ocrx_word' id='word_1_55' title='bbox 534 929 831 986; x_wconf 83' lang='lat' dir='ltr'><strong><em>electorum</em></strong></span> <span class='ocrx_word' id='word_1_56' title='bbox 870 926 1035 982; x_wconf 87' lang='lat' dir='ltr'><strong><em>corda</em></strong></span> <span class='ocrx_word' id='word_1_57' title='bbox 1060 932 1118 981; x_wconf 92' lang='lat' dir='ltr'><strong><em>et</em></strong></span> <span class='ocrx_word' id='word_1_58' title='bbox 1160 930 1390 993; x_wconf 85' lang='lat' dir='ltr'><strong><em>repente</em></strong></span> <span class='ocrx_word' id='word_1_59' title='bbox 1432 936 1528 992; x_wconf 90' lang='lat' dir='ltr'><strong><em>per</em></strong></span> <span class='ocrx_word' id='word_1_60' title='bbox 1573 920 1794 990; x_wconf 72' lang='lat' dir='ltr'><strong><em>gratiam</em></strong></span> <span class='ocrx_word' id='word_1_61' title='bbox 1836 918 2027 986; x_wconf 87' lang='lat' dir='ltr'><strong><em>tangit,</em></strong></span> <span class='ocrx_word' id='word_1_62' title='bbox 2067 925 2123 973; x_wconf 89' lang='lat' dir='ltr'><strong><em>et</em></strong></span> 
     </span>
    </p>
   </div>
   <div class='ocr_carea' id='block_1_10' title="bbox 534 1008 2120 1089">
    <p class='ocr_par' dir='ltr' id='par_1_10' title="bbox 534 1008 2120 1089">
     <span class='ocr_line' id='line_1_10' title="bbox 534 1008 2120 1089; baseline -0.006 -13"><span class='ocrx_word' id='word_1_63' title='bbox 534 1029 676 1076; x_wconf 89' lang='lat' dir='ltr'><strong><em>tacta</em></strong></span> <span class='ocrx_word' id='word_1_64' title='bbox 704 1027 927 1089; x_wconf 88' lang='lat' dir='ltr'><strong><em>repente</em></strong></span> <span class='ocrx_word' id='word_1_65' title='bbox 951 1033 1060 1073; x_wconf 93' lang='lat' dir='ltr'><strong><em>non</em></strong></span> <span class='ocrx_word' id='word_1_66' title='bbox 1082 1015 1302 1079; x_wconf 88' lang='lat' dir='ltr'><strong><em>deserit,</em></strong></span> <span class='ocrx_word' id='word_1_67' title='bbox 1331 1021 1389 1069; x_wconf 92' lang='lat' dir='ltr'><strong><em>ut</em></strong></span> <span class='ocrx_word' id='word_1_68' title='bbox 1411 1011 1673 1068; x_wconf 90' lang='lat' dir='ltr'><strong><em>veniendo</em></strong></span> <span class='ocrx_word' id='word_1_69' title='bbox 1701 1012 1899 1077; x_wconf 75' lang='lat' dir='ltr'><strong><em>visitet,</em></strong></span> <span class='ocrx_word' id='word_1_70' title='bbox 1928 1008 2120 1066; x_wconf 89' lang='lat' dir='ltr'><strong><em>stando</em></strong></span> 
     </span>
    </p>
   </div>
   <div class='ocr_carea' id='block_1_11' title="bbox 530 1103 2121 1181">
    <p class='ocr_par' dir='ltr' id='par_1_11' title="bbox 530 1103 2121 1181">
     <span class='ocr_line' id='line_1_11' title="bbox 530 1103 2121 1181; baseline -0.008 -11"><span class='ocrx_word' id='word_1_71' title='bbox 530 1113 827 1179; x_wconf 90' lang='lat' dir='ltr'><strong><em>conﬁrmet,</em></strong></span> <span class='ocrx_word' id='word_1_72' title='bbox 856 1120 912 1167; x_wconf 90' lang='lat' dir='ltr'><strong><em>et</em></strong></span> <span class='ocrx_word' id='word_1_73' title='bbox 933 1110 1027 1181; x_wconf 90' lang='lat' dir='ltr'><strong><em>qui</em></strong></span> <span class='ocrx_word' id='word_1_74' title='bbox 1068 1108 1135 1165; x_wconf 90' lang='lat' dir='ltr'><strong><em>ad</em></strong></span> <span class='ocrx_word' id='word_1_75' title='bbox 1160 1107 1409 1178; x_wconf 90' lang='lat' dir='ltr'><strong><em>gaudium</em></strong></span> <span class='ocrx_word' id='word_1_76' title='bbox 1438 1106 1539 1160; x_wconf 89' lang='lat' dir='ltr'><strong><em>sibi</em></strong></span> <span class='ocrx_word' id='word_1_77' title='bbox 1573 1104 1781 1159; x_wconf 65' lang='lat' dir='ltr'><strong><em>dilectae</em></strong></span> <span class='ocrx_word' id='word_1_78' title='bbox 1811 1103 2006 1158; x_wconf 89' lang='lat' dir='ltr'><strong><em>mentis</em></strong></span> <span class='ocrx_word' id='word_1_79' title='bbox 2032 1117 2121 1158; x_wconf 86' lang='lat' dir='ltr'><strong><em>os-</em></strong></span> 
     </span>
    </p>
   </div>
   <div class='ocr_carea' id='block_1_12' title="bbox 527 1195 2133 1271">
    <p class='ocr_par' dir='ltr' id='par_1_12' title="bbox 527 1195 2133 1271">
     <span class='ocr_line' id='line_1_12' title="bbox 527 1195 2133 1271; baseline -0.006 -10"><span class='ocrx_word' id='word_1_80' title='bbox 527 1205 783 1271; x_wconf 84' lang='lat' dir='ltr'><strong><em>tenditur,</em></strong></span> <span class='ocrx_word' id='word_1_81' title='bbox 802 1219 909 1260; x_wconf 90' lang='lat' dir='ltr'><strong><em>non</em></strong></span> <span class='ocrx_word' id='word_1_82' title='bbox 923 1202 1143 1259; x_wconf 84' lang='lat' dir='ltr'><strong><em>recedat</em></strong></span> <span class='ocrx_word' id='word_1_83' title='bbox 1155 1202 1269 1271; x_wconf 92' lang='lat' dir='ltr'><strong><em>ipse</em></strong></span> <span class='ocrx_word' id='word_1_84' title='bbox 1280 1200 1425 1270; x_wconf 84' lang='lat' dir='ltr'><strong><em>prius</em></strong></span> <span class='ocrx_word' id='word_1_85' title='bbox 1445 1198 1773 1269; x_wconf 56' lang='lat' dir='ltr'><strong><em>loaquam</em></strong></span> <span class='ocrx_word' id='word_1_86' title='bbox 1788 1197 1876 1251; x_wconf 91' lang='lat' dir='ltr'><strong><em>illa</em></strong></span> <span class='ocrx_word' id='word_1_87' title='bbox 1891 1195 2133 1253; x_wconf 89' lang='lat' dir='ltr'><strong><em>vivendo&#39;</em></strong></span> 
     </span>
    </p>
   </div>
   <div class='ocr_carea' id='block_1_13' title="bbox 525 1289 2122 1368">
    <p class='ocr_par' dir='ltr' id='par_1_13' title="bbox 525 1289 2122 1368">
     <span class='ocr_line' id='line_1_13' title="bbox 525 1289 2122 1368; baseline -0.007 -13"><span class='ocrx_word' id='word_1_88' title='bbox 525 1300 771 1355; x_wconf 86' lang='lat' dir='ltr'><strong><em>satietur.</em></strong></span> <span class='ocrx_word' id='word_1_89' title='bbox 802 1297 908 1353; x_wconf 90' lang='lat' dir='ltr'><strong><em>Sed</em></strong></span> <span class='ocrx_word' id='word_1_90' title='bbox 937 1297 1063 1368; x_wconf 90' lang='lat' dir='ltr'><strong><em>quia</em></strong></span> <span class='ocrx_word' id='word_1_91' title='bbox 1091 1304 1236 1350; x_wconf 85' lang='lat' dir='ltr'><strong><em>stare</em></strong></span> <span class='ocrx_word' id='word_1_92' title='bbox 1266 1293 1481 1357; x_wconf 91' lang='lat' dir='ltr'><strong><em>dicitur,</em></strong></span> <span class='ocrx_word' id='word_1_93' title='bbox 1520 1291 1853 1347; x_wconf 81' lang='lat' dir='ltr'><strong><em>discessurus</em></strong></span> <span class='ocrx_word' id='word_1_94' title='bbox 1878 1289 2122 1360; x_wconf 90' lang='lat' dir='ltr'><strong><em>quando-</em></strong></span> 
     </span>
    </p>
   </div>
   <div class='ocr_carea' id='block_1_14' title="bbox 527 1382 2121 1463">
    <p class='ocr_par' dir='ltr' id='par_1_14' title="bbox 527 1382 2121 1463">
     <span class='ocr_line' id='line_1_14' title="bbox 527 1382 2121 1463; baseline -0.008 -15"><span class='ocrx_word' id='word_1_95' title='bbox 527 1407 635 1463; x_wconf 89' lang='lat' dir='ltr'><strong><em>que</em></strong></span> <span class='ocrx_word' id='word_1_96' title='bbox 662 1390 992 1460; x_wconf 87' lang='lat' dir='ltr'><strong><em>designatur,</em></strong></span> <span class='ocrx_word' id='word_1_97' title='bbox 1034 1388 1159 1457; x_wconf 89' lang='lat' dir='ltr'><strong><em>quia</em></strong></span> <span class='ocrx_word' id='word_1_98' title='bbox 1208 1386 1310 1442; x_wconf 90' lang='lat' dir='ltr'><strong><em>etsi</em></strong></span> <span class='ocrx_word' id='word_1_99' title='bbox 1347 1383 1637 1455; x_wconf 84' lang='lat' dir='ltr'><strong><em>aliquando</em></strong></span> <span class='ocrx_word' id='word_1_100' title='bbox 1666 1383 1868 1440; x_wconf 85' lang='lat' dir='ltr'><strong><em>electas</em></strong></span> <span class='ocrx_word' id='word_1_101' title='bbox 1913 1382 2121 1437; x_wconf 89' lang='lat' dir='ltr'><strong><em>animas</em></strong></span> 
     </span>
    </p>
   </div>
   <div class='ocr_carea' id='block_1_15' title="bbox 525 1472 2117 1548">
    <p class='ocr_par' dir='ltr' id='par_1_15' title="bbox 525 1472 2117 1548">
     <span class='ocr_line' id='line_1_15' title="bbox 525 1472 2117 1548; baseline -0.006 -11"><span class='ocrx_word' id='word_1_102' title='bbox 525 1481 582 1537; x_wconf 91' lang='lat' dir='ltr'><strong><em>in</em></strong></span> <span class='ocrx_word' id='word_1_103' title='bbox 608 1497 706 1537; x_wconf 90' lang='lat' dir='ltr'><strong><em>sua</em></strong></span> <span class='ocrx_word' id='word_1_104' title='bbox 752 1479 1080 1537; x_wconf 89' lang='lat' dir='ltr'><strong><em>revelatione</em></strong></span> <span class='ocrx_word' id='word_1_105' title='bbox 1109 1492 1206 1548; x_wconf 92' lang='lat' dir='ltr'><strong><em>per</em></strong></span> <span class='ocrx_word' id='word_1_106' title='bbox 1252 1475 1642 1545; x_wconf 79' lang='lat' dir='ltr'><strong><em>aliquantulam</em></strong></span> <span class='ocrx_word' id='word_1_107' title='bbox 1690 1487 1897 1529; x_wconf 87' lang='lat' dir='ltr'><strong><em>moram</em></strong></span> <span class='ocrx_word' id='word_1_108' title='bbox 1926 1472 2117 1539; x_wconf 84' lang='lat' dir='ltr'><strong><em>satiat,</em></strong></span> 
     </span>
    </p>
   </div>
   <div class='ocr_carea' id='block_1_16' title="bbox 526 1565 2119 1647">
    <p class='ocr_par' dir='ltr' id='par_1_16' title="bbox 526 1565 2119 1647">
     <span class='ocr_line' id='line_1_16' title="bbox 526 1565 2119 1647; baseline -0.008 -16"><span class='ocrx_word' id='word_1_109' title='bbox 526 1574 823 1647; x_wconf 58' lang='lat' dir='ltr'><strong><em>praesentiae</em></strong></span> <span class='ocrx_word' id='word_1_110' title='bbox 864 1587 974 1627; x_wconf 75' lang='lat' dir='ltr'><strong><em>sum</em></strong></span> <span class='ocrx_word' id='word_1_111' title='bbox 1003 1568 1344 1627; x_wconf 90' lang='lat' dir='ltr'><strong><em>dulcedinem</em></strong></span> <span class='ocrx_word' id='word_1_112' title='bbox 1373 1566 1661 1635; x_wconf 87' lang='lat' dir='ltr'><strong><em>subtrahit,</em></strong></span> <span class='ocrx_word' id='word_1_113' title='bbox 1688 1574 1750 1620; x_wconf 90' lang='lat' dir='ltr'><strong><em>ut</em></strong></span> <span class='ocrx_word' id='word_1_114' title='bbox 1789 1565 2119 1622; x_wconf 86' lang='lat' dir='ltr'><strong><em>subtractam</em></strong></span> 
     </span>
    </p>
   </div>
   <div class='ocr_carea' id='block_1_17' title="bbox 522 1656 2115 1734">
    <p class='ocr_par' dir='ltr' id='par_1_17' title="bbox 522 1656 2115 1734">
     <span class='ocr_line' id='line_1_17' title="bbox 522 1656 2115 1734; baseline -0.006 -13"><span class='ocrx_word' id='word_1_115' title='bbox 522 1666 795 1721; x_wconf 85' lang='lat' dir='ltr'><strong><em>ardentius</em></strong></span> <span class='ocrx_word' id='word_1_116' title='bbox 824 1659 1404 1734; x_wconf 88' lang='lat' dir='ltr'><strong><em>concupiscant.Venit</em></strong></span> <span class='ocrx_word' id='word_1_117' title='bbox 1425 1673 1555 1728; x_wconf 88' lang='lat' dir='ltr'><strong><em>ergo</em></strong></span> <span class='ocrx_word' id='word_1_118' title='bbox 1584 1657 1845 1713; x_wconf 88' lang='lat' dir='ltr'><strong><em>Dominus</em></strong></span> <span class='ocrx_word' id='word_1_119' title='bbox 1874 1656 2115 1723; x_wconf 89' lang='lat' dir='ltr'><strong><em>visitans,</em></strong></span> 
     </span>
    </p>
   </div>
   <div class='ocr_carea' id='block_1_18' title="bbox 521 1748 2118 1816">
    <p class='ocr_par' dir='ltr' id='par_1_18' title="bbox 521 1748 2118 1816">
     <span class='ocr_line' id='line_1_18' title="bbox 521 1748 2118 1816; baseline -0.006 -4"><span class='ocrx_word' id='word_1_120' title='bbox 521 1766 629 1812; x_wconf 93' lang='lat' dir='ltr'><strong><em>stat</em></strong></span> <span class='ocrx_word' id='word_1_121' title='bbox 656 1756 894 1813; x_wconf 87' lang='lat' dir='ltr'><strong><em>suaviter</em></strong></span> <span class='ocrx_word' id='word_1_122' title='bbox 922 1772 981 1810; x_wconf 87' lang='lat' dir='ltr'><strong><em>se</em></strong></span> <span class='ocrx_word' id='word_1_123' title='bbox 1021 1754 1401 1809; x_wconf 84' lang='lat' dir='ltr'><strong><em>demonstrans</em></strong></span> <span class='ocrx_word' id='word_1_124' title='bbox 1423 1790 1438 1816; x_wconf 90' lang='lat'><strong><em>,</em></strong></span> <span class='ocrx_word' id='word_1_125' title='bbox 1470 1756 1627 1805; x_wconf 88' lang='lat' dir='ltr'><strong><em>vocat</em></strong></span> <span class='ocrx_word' id='word_1_126' title='bbox 1658 1748 1725 1804; x_wconf 91' lang='lat' dir='ltr'><strong><em>ad</em></strong></span> <span class='ocrx_word' id='word_1_127' title='bbox 1754 1763 1996 1803; x_wconf 91' lang='lat' dir='ltr'><strong><em>amorem</em></strong></span> <span class='ocrx_word' id='word_1_128' title='bbox 2026 1762 2118 1803; x_wconf 88' lang='lat' dir='ltr'><strong><em>os-</em></strong></span> 
     </span>
    </p>
   </div>
   <div class='ocr_carea' id='block_1_19' title="bbox 2225 551 3815 629">
    <p class='ocr_par' dir='ltr' id='par_1_19' title="bbox 2225 551 3815 629">
     <span class='ocr_line' id='line_1_19' title="bbox 2225 551 3815 629; baseline 0.008 -28"><span class='ocrx_word' id='word_1_129' title='bbox 2225 565 2402 614; x_wconf 85' lang='lat' dir='ltr'><strong><em>unum,</em></strong></span> <span class='ocrx_word' id='word_1_130' title='bbox 2434 561 2483 605; x_wconf 89' lang='lat' dir='ltr'><strong><em>et</em></strong></span> <span class='ocrx_word' id='word_1_131' title='bbox 2517 552 2685 607; x_wconf 81' lang='lat' dir='ltr'><strong><em>Helia:</em></strong></span> <span class='ocrx_word' id='word_1_132' title='bbox 2705 570 2863 607; x_wconf 88' lang='lat' dir='ltr'><strong><em>unum</em></strong></span> <span class='ocrx_word' id='word_1_133' title='bbox 2903 551 3129 623; x_wconf 79' lang='lat' dir='ltr'><strong><em>(Matth.</em></strong></span> <span class='ocrx_word' id='word_1_134' title='bbox 3167 571 3275 611; x_wconf 81' lang='lat' dir='ltr'><strong><em>xvu</em></strong></span> <span class='ocrx_word' id='word_1_135' title='bbox 3296 599 3311 623; x_wconf 90' lang='lat'><strong><em>,</em></strong></span> <span class='ocrx_word' id='word_1_136' title='bbox 3346 555 3408 623; x_wconf 62' lang='lat' dir='ltr'><strong><em>Al;</em></strong></span> <span class='ocrx_word' id='word_1_137' title='bbox 3442 558 3565 611; x_wconf 87' lang='lat' dir='ltr'><strong><em>Luc.</em></strong></span> <span class='ocrx_word' id='word_1_138' title='bbox 3600 574 3674 625; x_wconf 68' lang='grc' dir='ltr'><strong><em>ιι,</em></strong></span> <span class='ocrx_word' id='word_1_139' title='bbox 3705 558 3815 629; x_wconf 78' lang='grc'><strong><em>55).</em></strong></span> 
     </span>
    </p>
   </div>
   <div class='ocr_carea' id='block_1_20' title="bbox 2225 639 3816 719">
    <p class='ocr_par' dir='ltr' id='par_1_20' title="bbox 2225 639 3816 719">
     <span class='ocr_line' id='line_1_20' title="bbox 2225 639 3816 719; baseline 0.008 -24"><span class='ocrx_word' id='word_1_140' title='bbox 2225 639 2327 708; x_wconf 93' lang='lat' dir='ltr'><strong><em>Qui</em></strong></span> <span class='ocrx_word' id='word_1_141' title='bbox 2352 644 2493 698; x_wconf 90' lang='lat' dir='ltr'><strong><em>enim</em></strong></span> <span class='ocrx_word' id='word_1_142' title='bbox 2520 644 2651 699; x_wconf 90' lang='lat' dir='ltr'><strong><em>dicit</em></strong></span> <span class='ocrx_word' id='word_1_143' title='bbox 2681 662 2693 696; x_wconf 91' lang='lat'><strong>:</strong></span> <span class='ocrx_word' id='word_1_144' title='bbox 2727 644 2929 699; x_wconf 87' lang='lat' dir='ltr'><strong><em>Bonum</em></strong></span> <span class='ocrx_word' id='word_1_145' title='bbox 2955 655 3031 699; x_wconf 84' lang='lat' dir='ltr'><strong><em>est</em></strong></span> <span class='ocrx_word' id='word_1_146' title='bbox 3056 662 3149 700; x_wconf 82' lang='lat' dir='ltr'><strong><em>nos</em></strong></span> <span class='ocrx_word' id='word_1_147' title='bbox 3178 646 3260 713; x_wconf 64' lang='lat' dir='ltr'><strong><em>{tie</em></strong></span> <span class='ocrx_word' id='word_1_148' title='bbox 3290 664 3421 716; x_wconf 81' lang='lat' dir='ltr'><strong><em>esse,</em></strong></span> <span class='ocrx_word' id='word_1_149' title='bbox 3450 648 3496 704; x_wconf 87' lang='lat' dir='ltr'><strong><em>si</em></strong></span> <span class='ocrx_word' id='word_1_150' title='bbox 3517 658 3722 719; x_wconf 87' lang='lat' dir='ltr'><strong><em>posset,</em></strong></span> <span class='ocrx_word' id='word_1_151' title='bbox 3751 650 3816 707; x_wconf 87' lang='lat' dir='ltr'><strong><em>ab</em></strong></span> 
     </span>
    </p>
   </div>
   <div class='ocr_carea' id='block_1_21' title="bbox 2224 736 3812 811">
    <p class='ocr_par' dir='ltr' id='par_1_21' title="bbox 2224 736 3812 811">
     <span class='ocr_line' id='line_1_21' title="bbox 2224 736 3812 811; baseline 0.006 -22"><span class='ocrx_word' id='word_1_152' title='bbox 2224 736 2314 790; x_wconf 90' lang='lat' dir='ltr'><strong><em>illa</em></strong></span> <span class='ocrx_word' id='word_1_153' title='bbox 2341 736 2552 792; x_wconf 82' lang='lat' dir='ltr'><strong><em>visione</em></strong></span> <span class='ocrx_word' id='word_1_154' title='bbox 2579 746 2741 793; x_wconf 72' lang='lat' dir='ltr'><strong><em>tantm</em></strong></span> <span class='ocrx_word' id='word_1_155' title='bbox 2778 738 2960 806; x_wconf 61' lang='lat' dir='ltr'><strong><em>gloriae</em></strong></span> <span class='ocrx_word' id='word_1_156' title='bbox 2997 755 3273 809; x_wconf 90' lang='lat' dir='ltr'><strong><em>nunquam</em></strong></span> <span class='ocrx_word' id='word_1_157' title='bbox 3313 740 3510 811; x_wconf 91' lang='lat' dir='ltr'><strong><em>deponi</em></strong></span> <span class='ocrx_word' id='word_1_158' title='bbox 3539 742 3812 800; x_wconf 89' lang='lat' dir='ltr'><strong><em>voluisset.</em></strong></span> 
     </span>
    </p>
   </div>
   <div class='ocr_carea' id='block_1_22' title="bbox 2224 826 3817 897">
    <p class='ocr_par' dir='ltr' id='par_1_22' title="bbox 2224 826 3817 897">
     <span class='ocr_line' id='line_1_22' title="bbox 2224 826 3817 897; baseline 0.006 -16"><span class='ocrx_word' id='word_1_159' title='bbox 2224 826 2361 881; x_wconf 87' lang='lat' dir='ltr'><strong><em>Dum</em></strong></span> <span class='ocrx_word' id='word_1_160' title='bbox 2414 828 2557 883; x_wconf 91' lang='lat' dir='ltr'><strong><em>enim</em></strong></span> <span class='ocrx_word' id='word_1_161' title='bbox 2592 829 2721 885; x_wconf 85' lang='lat' dir='ltr'><strong><em>dicit</em></strong></span> <span class='ocrx_word' id='word_1_162' title='bbox 2770 827 2980 896; x_wconf 87' lang='lat' dir='ltr'><strong><em>Petrus,</em></strong></span> <span class='ocrx_word' id='word_1_163' title='bbox 3012 830 3252 897; x_wconf 81' lang='lat' dir='ltr'><strong><em>Domine,</em></strong></span> <span class='ocrx_word' id='word_1_164' title='bbox 3286 834 3472 889; x_wconf 85' lang='lat' dir='ltr'><strong><em>bonum</em></strong></span> <span class='ocrx_word' id='word_1_165' title='bbox 3500 845 3578 889; x_wconf 81' lang='lat' dir='ltr'><strong><em>est</em></strong></span> <span class='ocrx_word' id='word_1_166' title='bbox 3618 854 3710 891; x_wconf 85' lang='lat' dir='ltr'><strong><em>nos</em></strong></span> <span class='ocrx_word' id='word_1_167' title='bbox 3739 837 3817 891; x_wconf 83' lang='lat' dir='ltr'><strong><em>hic</em></strong></span> 
     </span>
    </p>
   </div>
   <div class='ocr_carea' id='block_1_23' title="bbox 2223 921 3819 999">
    <p class='ocr_par' dir='ltr' id='par_1_23' title="bbox 2223 921 3819 999">
     <span class='ocr_line' id='line_1_23' title="bbox 2223 921 3819 999; baseline 0.005 -24"><span class='ocrx_word' id='word_1_168' title='bbox 2223 936 2352 987; x_wconf 77' lang='lat' dir='ltr'><strong><em>esse,</em></strong></span> <span class='ocrx_word' id='word_1_169' title='bbox 2376 929 2432 976; x_wconf 88' lang='lat' dir='ltr'><strong><em>et</em></strong></span> <span class='ocrx_word' id='word_1_170' title='bbox 2448 922 2664 977; x_wconf 88' lang='lat' dir='ltr'><strong><em>Samuel</em></strong></span> <span class='ocrx_word' id='word_1_171' title='bbox 2686 921 2815 978; x_wconf 86' lang='lat' dir='ltr'><strong><em>dicit</em></strong></span> <span class='ocrx_word' id='word_1_172' title='bbox 2835 941 2847 976; x_wconf 88' lang='lat'><strong>:</strong></span> <span class='ocrx_word' id='word_1_173' title='bbox 2867 923 3117 994; x_wconf 82' lang='lat' dir='ltr'><strong><em>Loquere,</em></strong></span> <span class='ocrx_word' id='word_1_174' title='bbox 3137 925 3377 993; x_wconf 79' lang='lat' dir='ltr'><strong><em>Domine,</em></strong></span> <span class='ocrx_word' id='word_1_175' title='bbox 3403 929 3522 999; x_wconf 84' lang='lat' dir='ltr'><strong><em>quia</em></strong></span> <span class='ocrx_word' id='word_1_176' title='bbox 3545 928 3691 982; x_wconf 79' lang='lat' dir='ltr'><strong><em>audit</em></strong></span> <span class='ocrx_word' id='word_1_177' title='bbox 3710 946 3819 983; x_wconf 86' lang='lat' dir='ltr'><strong><em>ser-</em></strong></span> 
     </span>
    </p>
   </div>
   <div class='ocr_carea' id='block_1_24' title="bbox 2222 1014 3816 1087">
    <p class='ocr_par' dir='ltr' id='par_1_24' title="bbox 2222 1014 3816 1087">
     <span class='ocr_line' id='line_1_24' title="bbox 2222 1014 3816 1087; baseline 0.004 -18"><span class='ocrx_word' id='word_1_178' title='bbox 2222 1028 2312 1069; x_wconf 79' lang='lat' dir='ltr'><strong><em>vus</em></strong></span> <span class='ocrx_word' id='word_1_179' title='bbox 2338 1023 2477 1083; x_wconf 91' lang='lat' dir='ltr'><strong><em>tuus,</em></strong></span> <span class='ocrx_word' id='word_1_180' title='bbox 2513 1028 2675 1070; x_wconf 89' lang='lat' dir='ltr'><strong><em>voces</em></strong></span> <span class='ocrx_word' id='word_1_181' title='bbox 2700 1014 2917 1085; x_wconf 88' lang='lat' dir='ltr'><strong><em>quidem</em></strong></span> <span class='ocrx_word' id='word_1_182' title='bbox 2955 1017 3181 1073; x_wconf 64' lang='lat' dir='ltr'><strong><em>diversa:</em></strong></span> <span class='ocrx_word' id='word_1_183' title='bbox 3219 1027 3367 1087; x_wconf 88' lang='lat' dir='ltr'><strong><em>sunt,</em></strong></span> <span class='ocrx_word' id='word_1_184' title='bbox 3399 1019 3715 1076; x_wconf 84' lang='lat' dir='ltr'><strong><em>aﬁectiones</em></strong></span> <span class='ocrx_word' id='word_1_185' title='bbox 3740 1038 3816 1075; x_wconf 73' lang='lat' dir='ltr'><strong><em>m-</em></strong></span> 
     </span>
    </p>
   </div>
   <div class='ocr_carea' id='block_1_25' title="bbox 2222 1106 3819 1179">
    <p class='ocr_par' dir='ltr' id='par_1_25' title="bbox 2222 1106 3819 1179">
     <span class='ocr_line' id='line_1_25' title="bbox 2222 1106 3819 1179; baseline 0.001 -17"><span class='ocrx_word' id='word_1_186' title='bbox 2222 1106 2428 1176; x_wconf 81' lang='lat' dir='ltr'><strong><em>quales.</em></strong></span> <span class='ocrx_word' id='word_1_187' title='bbox 2461 1106 2576 1164; x_wconf 84' lang='lat' dir='ltr'><strong><em>Hoc</em></strong></span> <span class='ocrx_word' id='word_1_188' title='bbox 2597 1109 2743 1165; x_wconf 90' lang='lat' dir='ltr'><strong><em>enim</em></strong></span> <span class='ocrx_word' id='word_1_189' title='bbox 2771 1109 3036 1179; x_wconf 88' lang='lat' dir='ltr'><strong><em>signiﬁcat</em></strong></span> <span class='ocrx_word' id='word_1_190' title='bbox 3067 1110 3259 1167; x_wconf 87' lang='lat' dir='ltr'><strong><em>Petrus</em></strong></span> <span class='ocrx_word' id='word_1_191' title='bbox 3286 1112 3341 1166; x_wconf 93' lang='lat' dir='ltr'><strong><em>in</em></strong></span> <span class='ocrx_word' id='word_1_192' title='bbox 3368 1121 3575 1177; x_wconf 90' lang='lat' dir='ltr'><strong><em>monte,</em></strong></span> <span class='ocrx_word' id='word_1_193' title='bbox 3605 1110 3819 1167; x_wconf 84' lang='lat' dir='ltr'><strong><em>transﬁ-</em></strong></span> 
     </span>
    </p>
   </div>
   <div class='ocr_carea' id='block_1_26' title="bbox 2222 1200 3817 1271">
    <p class='ocr_par' dir='ltr' id='par_1_26' title="bbox 2222 1200 3817 1271">
     <span class='ocr_line' id='line_1_26' title="bbox 2222 1200 3817 1271; baseline 0.004 -18"><span class='ocrx_word' id='word_1_194' title='bbox 2222 1207 2414 1268; x_wconf 87' lang='lat' dir='ltr'><strong><em>gurato</em></strong></span> <span class='ocrx_word' id='word_1_195' title='bbox 2459 1200 2707 1269; x_wconf 90' lang='lat' dir='ltr'><strong><em>Domino,</em></strong></span> <span class='ocrx_word' id='word_1_196' title='bbox 2748 1202 2895 1271; x_wconf 88' lang='lat' dir='ltr'><strong><em>quod</em></strong></span> <span class='ocrx_word' id='word_1_197' title='bbox 2923 1202 3143 1257; x_wconf 82' lang='lat' dir='ltr'><strong><em>Samuel</em></strong></span> <span class='ocrx_word' id='word_1_198' title='bbox 3184 1218 3215 1257; x_wconf 90' lang='lat' dir='ltr'><strong><em>a</em></strong></span> <span class='ocrx_word' id='word_1_199' title='bbox 3245 1203 3513 1269; x_wconf 88' lang='lat' dir='ltr'><strong><em>veniente,</em></strong></span> <span class='ocrx_word' id='word_1_200' title='bbox 3544 1219 3574 1257; x_wconf 93' lang='lat' dir='ltr'><strong><em>a</em></strong></span> <span class='ocrx_word' id='word_1_201' title='bbox 3604 1212 3817 1270; x_wconf 83' lang='lat' dir='ltr'><strong><em>stante,</em></strong></span> 
     </span>
    </p>
   </div>
   <div class='ocr_carea' id='block_1_27' title="bbox 2223 1295 3808 1366">
    <p class='ocr_par' dir='ltr' id='par_1_27' title="bbox 2223 1295 3808 1366">
     <span class='ocr_line' id='line_1_27' title="bbox 2223 1295 3808 1366; baseline 0.001 -17"><span class='ocrx_word' id='word_1_202' title='bbox 2223 1302 2278 1349; x_wconf 90' lang='lat' dir='ltr'><strong><em>et</em></strong></span> <span class='ocrx_word' id='word_1_203' title='bbox 2303 1302 2479 1350; x_wconf 88' lang='lat' dir='ltr'><strong><em>stante</em></strong></span> <span class='ocrx_word' id='word_1_204' title='bbox 2527 1295 2756 1352; x_wconf 91' lang='lat' dir='ltr'><strong><em>Domino</em></strong></span> <span class='ocrx_word' id='word_1_205' title='bbox 2793 1296 3032 1352; x_wconf 87' lang='lat' dir='ltr'><strong><em>secundo</em></strong></span> <span class='ocrx_word' id='word_1_206' title='bbox 3077 1304 3321 1352; x_wconf 85' lang='lat' dir='ltr'><strong><em>vocatur.</em></strong></span> <span class='ocrx_word' id='word_1_207' title='bbox 3361 1295 3471 1351; x_wconf 89' lang='lat' dir='ltr'><strong><em>Sed</em></strong></span> <span class='ocrx_word' id='word_1_208' title='bbox 3514 1297 3612 1351; x_wconf 82' lang='lat' dir='ltr'><strong><em>etsi</em></strong></span> <span class='ocrx_word' id='word_1_209' title='bbox 3653 1298 3808 1366; x_wconf 89' lang='lat' dir='ltr'><strong><em>quasi</em></strong></span> 
     </span>
    </p>
   </div>
   <div class='ocr_carea' id='block_1_28' title="bbox 2223 1386 3816 1459">
    <p class='ocr_par' dir='ltr' id='par_1_28' title="bbox 2223 1386 3816 1459">
     <span class='ocr_line' id='line_1_28' title="bbox 2223 1386 3816 1459; baseline 0.001 -17"><span class='ocrx_word' id='word_1_210' title='bbox 2223 1387 2469 1444; x_wconf 87' lang='lat' dir='ltr'><strong><em>nesciens</em></strong></span> <span class='ocrx_word' id='word_1_211' title='bbox 2496 1386 2689 1444; x_wconf 85' lang='lat' dir='ltr'><strong><em>Petrus</em></strong></span> <span class='ocrx_word' id='word_1_212' title='bbox 2728 1388 2858 1459; x_wconf 87' lang='lat' dir='ltr'><strong><em>quid</em></strong></span> <span class='ocrx_word' id='word_1_213' title='bbox 2903 1388 3110 1443; x_wconf 89' lang='lat' dir='ltr'><strong><em>diceret</em></strong></span> <span class='ocrx_word' id='word_1_214' title='bbox 3136 1388 3204 1443; x_wconf 91' lang='lat' dir='ltr'><strong><em>ab</em></strong></span> <span class='ocrx_word' id='word_1_215' title='bbox 3252 1386 3582 1455; x_wconf 86' lang='lat' dir='ltr'><strong><em>evangelista</em></strong></span> <span class='ocrx_word' id='word_1_216' title='bbox 3628 1403 3816 1458; x_wconf 84' lang='lat' dir='ltr'><strong><em>repre-</em></strong></span> 
     </span>
    </p>
   </div>
   <div class='ocr_carea' id='block_1_29' title="bbox 2222 1477 3813 1546">
    <p class='ocr_par' dir='ltr' id='par_1_29' title="bbox 2222 1477 3813 1546">
     <span class='ocr_line' id='line_1_29' title="bbox 2222 1477 3813 1546; baseline -0.001 -12"><span class='ocrx_word' id='word_1_217' title='bbox 2222 1479 2494 1546; x_wconf 88' lang='lat' dir='ltr'><strong><em>henditur,</em></strong></span> <span class='ocrx_word' id='word_1_218' title='bbox 2525 1480 2652 1535; x_wconf 86' lang='lat' dir='ltr'><strong><em>huic</em></strong></span> <span class='ocrx_word' id='word_1_219' title='bbox 2676 1489 2855 1535; x_wconf 88' lang='lat' dir='ltr'><strong><em>tamen</em></strong></span> <span class='ocrx_word' id='word_1_220' title='bbox 2881 1478 3064 1535; x_wconf 90' lang='lat' dir='ltr'><strong><em>sensui</em></strong></span> <span class='ocrx_word' id='word_1_221' title='bbox 3090 1478 3421 1534; x_wconf 90' lang='lat' dir='ltr'><strong><em>contrarium</em></strong></span> <span class='ocrx_word' id='word_1_222' title='bbox 3446 1492 3553 1532; x_wconf 91' lang='lat' dir='ltr'><strong><em>non</em></strong></span> <span class='ocrx_word' id='word_1_223' title='bbox 3586 1477 3813 1533; x_wconf 88' lang='lat' dir='ltr'><strong><em>videtur.</em></strong></span> 
     </span>
    </p>
   </div>
   <div class='ocr_carea' id='block_1_30' title="bbox 2221 1568 3817 1642">
    <p class='ocr_par' dir='ltr' id='par_1_30' title="bbox 2221 1568 3817 1642">
     <span class='ocr_line' id='line_1_30' title="bbox 2221 1568 3817 1642; baseline -0.001 -16"><span class='ocrx_word' id='word_1_224' title='bbox 2221 1570 2559 1642; x_wconf 86' lang='lat' dir='ltr'><strong><em>Evangelista</em></strong></span> <span class='ocrx_word' id='word_1_225' title='bbox 2586 1570 2785 1642; x_wconf 90' lang='lat' dir='ltr'><strong><em>quippe</em></strong></span> <span class='ocrx_word' id='word_1_226' title='bbox 2812 1586 2923 1627; x_wconf 90' lang='lat' dir='ltr'><strong><em>non</em></strong></span> <span class='ocrx_word' id='word_1_227' title='bbox 2951 1569 3201 1627; x_wconf 75' lang='lat' dir='ltr'><strong><em>allectum</em></strong></span> <span class='ocrx_word' id='word_1_228' title='bbox 3229 1568 3395 1635; x_wconf 91' lang='lat' dir='ltr'><strong><em>Petri,</em></strong></span> <span class='ocrx_word' id='word_1_229' title='bbox 3427 1568 3527 1625; x_wconf 89' lang='lat' dir='ltr'><strong><em>sed</em></strong></span> <span class='ocrx_word' id='word_1_230' title='bbox 3551 1570 3817 1625; x_wconf 88' lang='lat' dir='ltr'><strong><em>rationem</em></strong></span> 
     </span>
    </p>
   </div>
   <div class='ocr_carea' id='block_1_31' title="bbox 2221 1662 3817 1734">
    <p class='ocr_par' dir='ltr' id='par_1_31' title="bbox 2221 1662 3817 1734">
     <span class='ocr_line' id='line_1_31' title="bbox 2221 1662 3817 1734; baseline -0.001 -14"><span class='ocrx_word' id='word_1_231' title='bbox 2221 1663 2596 1734; x_wconf 84' lang='lat' dir='ltr'><strong><em>reprehendit,</em></strong></span> <span class='ocrx_word' id='word_1_232' title='bbox 2626 1663 2751 1732; x_wconf 86' lang='lat' dir='ltr'><strong><em>quia</em></strong></span> <span class='ocrx_word' id='word_1_233' title='bbox 2781 1678 2905 1719; x_wconf 88' lang='lat' dir='ltr'><strong><em>cum</em></strong></span> <span class='ocrx_word' id='word_1_234' title='bbox 2945 1662 3175 1718; x_wconf 89' lang='lat' dir='ltr'><strong><em>Domino</em></strong></span> <span class='ocrx_word' id='word_1_235' title='bbox 3202 1670 3509 1732; x_wconf 88' lang='lat' dir='ltr'><strong><em>assumptus</em></strong></span> <span class='ocrx_word' id='word_1_236' title='bbox 3549 1663 3605 1717; x_wconf 90' lang='lat' dir='ltr'><strong><em>in</em></strong></span> <span class='ocrx_word' id='word_1_237' title='bbox 3645 1663 3817 1732; x_wconf 84' lang='lat' dir='ltr'><strong><em>gloria</em></strong></span> 
     </span>
    </p>
   </div>
   <div class='ocr_carea' id='block_1_32' title="bbox 2222 1755 3817 1829">
    <p class='ocr_par' dir='ltr' id='par_1_32' title="bbox 2222 1755 3817 1829">
     <span class='ocr_line' id='line_1_32' title="bbox 2222 1755 3817 1829; baseline -0.001 -17"><span class='ocrx_word' id='word_1_238' title='bbox 2222 1771 2485 1823; x_wconf 89' lang='lat' dir='ltr'><strong><em>seorsum,</em></strong></span> <span class='ocrx_word' id='word_1_239' title='bbox 2512 1756 2592 1813; x_wconf 91' lang='lat' dir='ltr'><strong><em>sic</em></strong></span> <span class='ocrx_word' id='word_1_240' title='bbox 2620 1771 2741 1812; x_wconf 88' lang='lat' dir='ltr'><strong><em>esse</em></strong></span> <span class='ocrx_word' id='word_1_241' title='bbox 2773 1770 2990 1826; x_wconf 87' lang='lat' dir='ltr'><strong><em>semper</em></strong></span> <span class='ocrx_word' id='word_1_242' title='bbox 3017 1755 3285 1826; x_wconf 83' lang='lat' dir='ltr'><strong><em>cupiebat,</em></strong></span> <span class='ocrx_word' id='word_1_243' title='bbox 3318 1766 3375 1812; x_wconf 90' lang='lat' dir='ltr'><strong><em>et</em></strong></span> <span class='ocrx_word' id='word_1_244' title='bbox 3422 1772 3521 1827; x_wconf 88' lang='lat' dir='ltr'><strong><em>pro</em></strong></span> <span class='ocrx_word' id='word_1_245' title='bbox 3567 1757 3817 1829; x_wconf 86' lang='lat' dir='ltr'><strong><em>redemp-</em></strong></span> 
     </span>
    </p>
   </div>
   <div class='ocr_carea' id='block_1_33' title="bbox 520 1839 3818 1918">
    <p class='ocr_par' dir='ltr' id='par_1_33' title="bbox 520 1839 3818 1918">
     <span class='ocr_line' id='line_1_33' title="bbox 520 1839 3818 1918; baseline -0.004 -15"><span class='ocrx_word' id='word_1_246' title='bbox 520 1856 687 1905; x_wconf 74' lang='lat' dir='ltr'><strong><em>tensa:</em></strong></span> <span class='ocrx_word' id='word_1_247' title='bbox 712 1863 823 1903; x_wconf 75' lang='lat' dir='ltr'><strong><em>suae</em></strong></span> <span class='ocrx_word' id='word_1_248' title='bbox 849 1846 1035 1916; x_wconf 66' lang='lat' dir='ltr'><strong><em>gloriae</em></strong></span> <span class='ocrx_word' id='word_1_249' title='bbox 1074 1860 1171 1914; x_wconf 90' lang='lat' dir='ltr'><strong><em>per</em></strong></span> <span class='ocrx_word' id='word_1_250' title='bbox 1201 1840 1636 1898; x_wconf 87' lang='lat' dir='ltr'><strong><em>ardentissimum</em></strong></span> <span class='ocrx_word' id='word_1_251' title='bbox 1664 1839 1989 1895; x_wconf 88' lang='lat' dir='ltr'><strong><em>desiderium</em></strong></span> <span class='ocrx_word' id='word_1_252' title='bbox 2018 1853 2116 1894; x_wconf 82' lang='lat' dir='ltr'><strong><em>ex-</em></strong></span> <span class='ocrx_word' id='word_1_253' title='bbox 2146 1849 2195 1910; x_wconf 78' lang='grc' dir='ltr'><strong>Β</strong></span> <span class='ocrx_word' id='word_1_254' title='bbox 2222 1849 2369 1905; x_wconf 62' lang='lat' dir='ltr'><strong><em>tione</em></strong></span> <span class='ocrx_word' id='word_1_255' title='bbox 2397 1849 2670 1905; x_wconf 73' lang='lat' dir='ltr'><strong><em>communi</em></strong></span> <span class='ocrx_word' id='word_1_256' title='bbox 2714 1864 2837 1905; x_wconf 78' lang='lat' dir='ltr'><strong><em>eum</em></strong></span> <span class='ocrx_word' id='word_1_257' title='bbox 2886 1846 2954 1902; x_wconf 76' lang='lat' dir='ltr'><strong><em>ad</em></strong></span> <span class='ocrx_word' id='word_1_258' title='bbox 2983 1847 3331 1918; x_wconf 64' lang='lat' dir='ltr'><strong><em>ignominiam</em></strong></span> <span class='ocrx_word' id='word_1_259' title='bbox 3373 1848 3548 1905; x_wconf 68' lang='lat' dir='ltr'><strong><em>crucis</em></strong></span> <span class='ocrx_word' id='word_1_260' title='bbox 3593 1847 3818 1904; x_wconf 65' lang='lat' dir='ltr'><strong><em>descen-</em></strong></span> 
     </span>
    </p>
   </div>
   <div class='ocr_carea' id='block_1_34' title="bbox 517 1929 2117 2003">
    <p class='ocr_par' dir='ltr' id='par_1_34' title="bbox 517 1929 2117 2003">
     <span class='ocr_line' id='line_1_34' title="bbox 517 1929 2117 2003; baseline -0.01 -4"><span class='ocrx_word' id='word_1_261' title='bbox 517 1942 711 1999; x_wconf 90' lang='lat' dir='ltr'><strong><em>citans.</em></strong></span> <span class='ocrx_word' id='word_1_262' title='bbox 741 1938 894 1994; x_wconf 90' lang='lat' dir='ltr'><strong><em>Unde</em></strong></span> <span class='ocrx_word' id='word_1_263' title='bbox 915 1946 969 1992; x_wconf 89' lang='lat' dir='ltr'><strong><em>et</em></strong></span> <span class='ocrx_word' id='word_1_264' title='bbox 989 1936 1152 1991; x_wconf 85' lang='lat' dir='ltr'><strong><em>toties</em></strong></span> <span class='ocrx_word' id='word_1_265' title='bbox 1173 1935 1443 1990; x_wconf 80' lang='lat' dir='ltr'><strong><em>excitatus</em></strong></span> <span class='ocrx_word' id='word_1_266' title='bbox 1468 1948 1603 2003; x_wconf 89' lang='lat' dir='ltr'><strong><em>puer</em></strong></span> <span class='ocrx_word' id='word_1_267' title='bbox 1630 1930 1861 2002; x_wconf 89' lang='lat' dir='ltr'><strong><em>repetito</em></strong></span> <span class='ocrx_word' id='word_1_268' title='bbox 1882 1929 2117 1985; x_wconf 89' lang='lat' dir='ltr'><strong><em>nomine.</em></strong></span> 
     </span>
    </p>
   </div>
   <div class='ocr_carea' id='block_1_35' title="bbox 516 2020 2121 2099">
    <p class='ocr_par' dir='ltr' id='par_1_35' title="bbox 516 2020 2121 2099">
     <span class='ocr_line' id='line_1_35' title="bbox 516 2020 2121 2099; baseline -0.009 -9"><span class='ocrx_word' id='word_1_269' title='bbox 516 2032 777 2099; x_wconf 85' lang='lat' dir='ltr'><strong><em>Vocatur,</em></strong></span> <span class='ocrx_word' id='word_1_270' title='bbox 806 2030 931 2099; x_wconf 89' lang='lat' dir='ltr'><strong><em>quia</em></strong></span> <span class='ocrx_word' id='word_1_271' title='bbox 962 2027 1176 2084; x_wconf 88' lang='lat' dir='ltr'><strong><em>vocatio</em></strong></span> <span class='ocrx_word' id='word_1_272' title='bbox 1216 2041 1283 2081; x_wconf 77' lang='lat' dir='ltr'><strong><em>ex</em></strong></span> <span class='ocrx_word' id='word_1_273' title='bbox 1326 2025 1544 2081; x_wconf 91' lang='lat' dir='ltr'><strong><em>nomine</em></strong></span> <span class='ocrx_word' id='word_1_274' title='bbox 1575 2023 1820 2092; x_wconf 87' lang='lat' dir='ltr'><strong><em>designat</em></strong></span> <span class='ocrx_word' id='word_1_275' title='bbox 1867 2020 2121 2077; x_wconf 73' lang='lat' dir='ltr'><strong><em>affectum</em></strong></span> 
     </span>
    </p>
   </div>
   <div class='ocr_carea' id='block_1_36' title="bbox 525 2115 2119 2195">
    <p class='ocr_par' dir='ltr' id='par_1_36' title="bbox 525 2115 2119 2195">
     <span class='ocr_line' id='line_1_36' title="bbox 525 2115 2119 2195; baseline -0.006 -14"><span class='ocrx_word' id='word_1_276' title='bbox 525 2139 734 2195; x_wconf 64' lang='lat' dir='ltr'><strong><em>magnae</em></strong></span> <span class='ocrx_word' id='word_1_277' title='bbox 765 2122 1044 2179; x_wconf 88' lang='lat' dir='ltr'><strong><em>charitatis</em></strong></span> <span class='ocrx_word' id='word_1_278' title='bbox 1075 2130 1130 2177; x_wconf 89' lang='lat' dir='ltr'><strong><em>et</em></strong></span> <span class='ocrx_word' id='word_1_279' title='bbox 1158 2118 1553 2174; x_wconf 84' lang='lat' dir='ltr'><strong><em>familiaritatis.</em></strong></span> <span class='ocrx_word' id='word_1_280' title='bbox 1587 2117 1736 2173; x_wconf 88' lang='lat' dir='ltr'><strong><em>Unde</em></strong></span> <span class='ocrx_word' id='word_1_281' title='bbox 1758 2125 1814 2171; x_wconf 87' lang='lat' dir='ltr'><strong><em>et</em></strong></span> <span class='ocrx_word' id='word_1_282' title='bbox 1840 2115 2012 2187; x_wconf 86' lang='lat' dir='ltr'><strong><em>Moysi</em></strong></span> <span class='ocrx_word' id='word_1_283' title='bbox 2040 2116 2119 2171; x_wconf 85' lang='lat' dir='ltr'><strong><em>lo-</em></strong></span> 
     </span>
    </p>
   </div>
   <div class='ocr_carea' id='block_1_37' title="bbox 516 2206 2117 2290">
    <p class='ocr_par' dir='ltr' id='par_1_37' title="bbox 516 2206 2117 2290">
     <span class='ocr_line' id='line_1_37' title="bbox 516 2206 2117 2290; baseline -0.009 -15"><span class='ocrx_word' id='word_1_284' title='bbox 516 2221 722 2290; x_wconf 88' lang='lat' dir='ltr'><strong><em>quitur,</em></strong></span> <span class='ocrx_word' id='word_1_285' title='bbox 754 2218 974 2272; x_wconf 85' lang='lat' dir='ltr'><strong><em>dicens:</em></strong></span> <span class='ocrx_word' id='word_1_286' title='bbox 1009 2212 1146 2269; x_wconf 84' lang='lat' dir='ltr'><strong><em>Novi</em></strong></span> <span class='ocrx_word' id='word_1_287' title='bbox 1170 2221 1218 2268; x_wconf 91' lang='lat' dir='ltr'><strong><em>te</em></strong></span> <span class='ocrx_word' id='word_1_288' title='bbox 1249 2227 1314 2267; x_wconf 76' lang='lat' dir='ltr'><strong><em>ea:</em></strong></span> <span class='ocrx_word' id='word_1_289' title='bbox 1337 2212 1545 2266; x_wconf 84' lang='lat' dir='ltr'><strong><em>nomine</em></strong></span> <span class='ocrx_word' id='word_1_290' title='bbox 1569 2209 1771 2281; x_wconf 75' lang='lat' dir='ltr'><strong><em>(Exod.</em></strong></span> <span class='ocrx_word' id='word_1_291' title='bbox 1800 2226 1986 2273; x_wconf 74' lang='lat' dir='ltr'><strong><em>nun,</em></strong></span> <span class='ocrx_word' id='word_1_292' title='bbox 2020 2206 2117 2275; x_wconf 77' lang='grc'><strong><em>12,</em></strong></span> 
     </span>
    </p>
   </div>
   <div class='ocr_carea' id='block_1_38' title="bbox 516 2301 2120 2379">
    <p class='ocr_par' dir='ltr' id='par_1_38' title="bbox 516 2301 2120 2379">
     <span class='ocr_line' id='line_1_38' title="bbox 516 2301 2120 2379; baseline -0.007 -14"><span class='ocrx_word' id='word_1_293' title='bbox 516 2311 582 2366; x_wconf 81' lang='lat' dir='ltr'><strong><em>l7</em></strong></span> <span class='ocrx_word' id='word_1_294' title='bbox 609 2311 646 2379; x_wconf 93' lang='lat'><strong><em>).</em></strong></span> <span class='ocrx_word' id='word_1_295' title='bbox 679 2308 867 2364; x_wconf 88' lang='lat' dir='ltr'><strong><em>Vocati</em></strong></span> <span class='ocrx_word' id='word_1_296' title='bbox 897 2307 1060 2376; x_wconf 89' lang='lat' dir='ltr'><strong><em>igitur</em></strong></span> <span class='ocrx_word' id='word_1_297' title='bbox 1092 2319 1286 2359; x_wconf 87' lang='lat' dir='ltr'><strong><em>nomen</em></strong></span> <span class='ocrx_word' id='word_1_298' title='bbox 1330 2304 1575 2368; x_wconf 85' lang='lat' dir='ltr'><strong><em>iteratur,</em></strong></span> <span class='ocrx_word' id='word_1_299' title='bbox 1607 2317 1729 2357; x_wconf 90' lang='lat' dir='ltr'><strong><em>cum</em></strong></span> <span class='ocrx_word' id='word_1_300' title='bbox 1770 2301 1823 2355; x_wconf 91' lang='lat' dir='ltr'><strong><em>in</em></strong></span> <span class='ocrx_word' id='word_1_301' title='bbox 1866 2314 2120 2370; x_wconf 86' lang='lat' dir='ltr'><strong><em>magnam</em></strong></span> 
     </span>
    </p>
   </div>
   <div class='ocr_carea' id='block_1_39' title="bbox 513 2389 2120 2472">
    <p class='ocr_par' dir='ltr' id='par_1_39' title="bbox 513 2389 2120 2472">
     <span class='ocr_line' id='line_1_39' title="bbox 513 2389 2120 2472; baseline -0.007 -16"><span class='ocrx_word' id='word_1_302' title='bbox 513 2401 623 2472; x_wconf 89' lang='lat' dir='ltr'><strong><em>jam</em></strong></span> <span class='ocrx_word' id='word_1_303' title='bbox 665 2398 1085 2455; x_wconf 85' lang='lat' dir='ltr'><strong><em>familiaritatem</em></strong></span> <span class='ocrx_word' id='word_1_304' title='bbox 1113 2396 1340 2449; x_wconf 65' lang='lat' dir='ltr'><strong><em>internae</em></strong></span> <span class='ocrx_word' id='word_1_305' title='bbox 1382 2392 1681 2462; x_wconf 78' lang='lat' dir='ltr'><strong><em>Majestatis</em></strong></span> <span class='ocrx_word' id='word_1_306' title='bbox 1705 2407 1857 2447; x_wconf 90' lang='lat' dir='ltr'><strong><em>mens</em></strong></span> <span class='ocrx_word' id='word_1_307' title='bbox 1884 2389 2120 2445; x_wconf 85' lang='lat' dir='ltr'><strong><em>videntis</em></strong></span> 
     </span>
    </p>
   </div>
   <div class='ocr_carea' id='block_1_40' title="bbox 514 2487 2118 2566">
    <p class='ocr_par' dir='ltr' id='par_1_40' title="bbox 514 2487 2118 2566">
     <span class='ocr_line' id='line_1_40' title="bbox 514 2487 2118 2566; baseline -0.007 -15"><span class='ocrx_word' id='word_1_308' title='bbox 514 2496 802 2566; x_wconf 82' lang='lat' dir='ltr'><strong><em>excipitur,</em></strong></span> <span class='ocrx_word' id='word_1_309' title='bbox 834 2502 889 2548; x_wconf 91' lang='lat' dir='ltr'><strong><em>et</em></strong></span> <span class='ocrx_word' id='word_1_310' title='bbox 913 2490 1210 2548; x_wconf 89' lang='lat' dir='ltr'><strong><em>ferentibus</em></strong></span> <span class='ocrx_word' id='word_1_311' title='bbox 1242 2488 1524 2545; x_wconf 90' lang='lat' dir='ltr'><strong><em>desideriis</em></strong></span> <span class='ocrx_word' id='word_1_312' title='bbox 1552 2487 1620 2541; x_wconf 93' lang='lat' dir='ltr'><strong><em>ad</em></strong></span> <span class='ocrx_word' id='word_1_313' title='bbox 1658 2502 1899 2541; x_wconf 88' lang='lat' dir='ltr'><strong><em>amorem</em></strong></span> <span class='ocrx_word' id='word_1_314' title='bbox 1928 2501 1988 2541; x_wconf 90' lang='lat' dir='ltr'><strong><em>se</em></strong></span> <span class='ocrx_word' id='word_1_315' title='bbox 2017 2501 2118 2540; x_wconf 91' lang='lat' dir='ltr'><strong><em>vo-</em></strong></span> 
     </span>
    </p>
   </div>
   <div class='ocr_carea' id='block_1_41' title="bbox 513 2578 2115 2654">
    <p class='ocr_par' dir='ltr' id='par_1_41' title="bbox 513 2578 2115 2654">
     <span class='ocr_line' id='line_1_41' title="bbox 513 2578 2115 2654; baseline -0.009 -8"><span class='ocrx_word' id='word_1_316' title='bbox 513 2589 686 2646; x_wconf 87' lang='lat' dir='ltr'><strong><em>cantis</em></strong></span> <span class='ocrx_word' id='word_1_317' title='bbox 714 2588 978 2653; x_wconf 90' lang='lat' dir='ltr'><strong><em>elevatur,</em></strong></span> <span class='ocrx_word' id='word_1_318' title='bbox 1009 2593 1068 2640; x_wconf 94' lang='lat' dir='ltr'><strong><em>ut</em></strong></span> <span class='ocrx_word' id='word_1_319' title='bbox 1113 2590 1309 2654; x_wconf 73' lang='lat' dir='ltr'><strong><em>praeter</em></strong></span> <span class='ocrx_word' id='word_1_320' title='bbox 1338 2582 1391 2637; x_wconf 92' lang='lat' dir='ltr'><strong><em>id</em></strong></span> <span class='ocrx_word' id='word_1_321' title='bbox 1431 2581 1575 2651; x_wconf 91' lang='lat' dir='ltr'><strong><em>quod</em></strong></span> <span class='ocrx_word' id='word_1_322' title='bbox 1621 2580 1768 2635; x_wconf 86' lang='lat' dir='ltr'><strong><em>audit</em></strong></span> <span class='ocrx_word' id='word_1_323' title='bbox 1794 2578 1871 2633; x_wconf 91' lang='lat' dir='ltr'><strong><em>nil</em></strong></span> <span class='ocrx_word' id='word_1_324' title='bbox 1913 2578 2115 2650; x_wconf 87' lang='lat' dir='ltr'><strong><em>libeat,</em></strong></span> 
     </span>
    </p>
   </div>
   <div class='ocr_carea' id='block_1_42' title="bbox 513 2672 2113 2751">
    <p class='ocr_par' dir='ltr' id='par_1_42' title="bbox 513 2672 2113 2751">
     <span class='ocr_line' id='line_1_42' title="bbox 513 2672 2113 2751; baseline -0.008 -14"><span class='ocrx_word' id='word_1_325' title='bbox 513 2689 676 2751; x_wconf 90' lang='lat' dir='ltr'><strong><em>atque</em></strong></span> <span class='ocrx_word' id='word_1_326' title='bbox 704 2680 759 2734; x_wconf 90' lang='lat' dir='ltr'><strong><em>in</em></strong></span> <span class='ocrx_word' id='word_1_327' title='bbox 787 2679 971 2734; x_wconf 70' lang='lat' dir='ltr'><strong><em>laetitia</em></strong></span> <span class='ocrx_word' id='word_1_328' title='bbox 1001 2676 1216 2732; x_wconf 90' lang='lat' dir='ltr'><strong><em>auditus</em></strong></span> <span class='ocrx_word' id='word_1_329' title='bbox 1244 2674 1329 2731; x_wconf 90' lang='lat' dir='ltr'><strong><em>sui</em></strong></span> <span class='ocrx_word' id='word_1_330' title='bbox 1374 2672 1649 2728; x_wconf 89' lang='lat' dir='ltr'><strong><em>innnorari</em></strong></span> <span class='ocrx_word' id='word_1_331' title='bbox 1688 2678 1954 2742; x_wconf 87' lang='lat' dir='ltr'><strong><em>perpetuo</em></strong></span> <span class='ocrx_word' id='word_1_332' title='bbox 1978 2685 2113 2725; x_wconf 89' lang='lat' dir='ltr'><strong><em>cou-</em></strong></span> 
     </span>
    </p>
   </div>
   <div class='ocr_carea' id='block_1_43' title="bbox 512 2764 2113 2844">
    <p class='ocr_par' dir='ltr' id='par_1_43' title="bbox 512 2764 2113 2844">
     <span class='ocr_line' id='line_1_43' title="bbox 512 2764 2113 2844; baseline -0.007 -13"><span class='ocrx_word' id='word_1_333' title='bbox 512 2773 772 2844; x_wconf 89' lang='lat' dir='ltr'><strong><em>cupiscat.</em></strong></span> <span class='ocrx_word' id='word_1_334' title='bbox 808 2770 960 2827; x_wconf 88' lang='lat' dir='ltr'><strong><em>Unde</em></strong></span> <span class='ocrx_word' id='word_1_335' title='bbox 1003 2778 1058 2825; x_wconf 90' lang='lat' dir='ltr'><strong><em>et</em></strong></span> <span class='ocrx_word' id='word_1_336' title='bbox 1086 2769 1175 2824; x_wconf 92' lang='lat' dir='ltr'><strong><em>hic</em></strong></span> <span class='ocrx_word' id='word_1_337' title='bbox 1216 2776 1404 2840; x_wconf 89' lang='lat' dir='ltr'><strong><em>aperte</em></strong></span> <span class='ocrx_word' id='word_1_338' title='bbox 1433 2765 1772 2837; x_wconf 89' lang='lat' dir='ltr'><strong><em>subjungitur</em></strong></span> <span class='ocrx_word' id='word_1_339' title='bbox 1815 2782 1829 2818; x_wconf 91' lang='lat'><strong>:</strong></span> <span class='ocrx_word' id='word_1_340' title='bbox 1873 2764 1959 2819; x_wconf 81' lang='lat' dir='ltr'><strong><em>Ait</em></strong></span> <span class='ocrx_word' id='word_1_341' title='bbox 1991 2781 2113 2838; x_wconf 87' lang='lat' dir='ltr'><strong><em>ergo</em></strong></span> 
     </span>
    </p>
   </div>
   <div class='ocr_carea' id='block_1_44' title="bbox 510 2856 2113 2933">
    <p class='ocr_par' dir='ltr' id='par_1_44' title="bbox 510 2856 2113 2933">
     <span class='ocr_line' id='line_1_44' title="bbox 510 2856 2113 2933; baseline -0.007 -11"><span class='ocrx_word' id='word_1_342' title='bbox 510 2866 758 2924; x_wconf 85' lang='lat' dir='ltr'><strong><em>Samuel:</em></strong></span> <span class='ocrx_word' id='word_1_343' title='bbox 785 2863 1039 2933; x_wconf 87' lang='lat' dir='ltr'><strong><em>Loquere,</em></strong></span> <span class='ocrx_word' id='word_1_344' title='bbox 1064 2861 1306 2929; x_wconf 82' lang='lat' dir='ltr'><strong><em>Domine,</em></strong></span> <span class='ocrx_word' id='word_1_345' title='bbox 1336 2861 1457 2930; x_wconf 88' lang='lat' dir='ltr'><strong><em>quia</em></strong></span> <span class='ocrx_word' id='word_1_346' title='bbox 1482 2861 1627 2914; x_wconf 85' lang='lat' dir='ltr'><strong><em>audit</em></strong></span> <span class='ocrx_word' id='word_1_347' title='bbox 1650 2875 1822 2914; x_wconf 81' lang='lat' dir='ltr'><strong><em>servus</em></strong></span> <span class='ocrx_word' id='word_1_348' title='bbox 1847 2867 1983 2912; x_wconf 84' lang='lat' dir='ltr'><strong><em>tuus.</em></strong></span> <span class='ocrx_word' id='word_1_349' title='bbox 2010 2856 2113 2924; x_wconf 86' lang='lat' dir='ltr'><strong><em>Qui</em></strong></span> 
     </span>
    </p>
   </div>
   <div class='ocr_carea' id='block_1_45' title="bbox 511 2948 2111 3027">
    <p class='ocr_par' dir='ltr' id='par_1_45' title="bbox 511 2948 2111 3027">
     <span class='ocr_line' id='line_1_45' title="bbox 511 2948 2111 3027; baseline -0.007 -14"><span class='ocrx_word' id='word_1_350' title='bbox 511 2972 640 3027; x_wconf 89' lang='lat' dir='ltr'><strong><em>ergo</em></strong></span> <span class='ocrx_word' id='word_1_351' title='bbox 668 2957 873 3026; x_wconf 86' lang='lat' dir='ltr'><strong><em>loquere</em></strong></span> <span class='ocrx_word' id='word_1_352' title='bbox 900 2953 1113 3025; x_wconf 89' lang='lat' dir='ltr'><strong><em>posuit,</em></strong></span> <span class='ocrx_word' id='word_1_353' title='bbox 1160 2968 1229 3007; x_wconf 81' lang='lat' dir='ltr'><strong><em>ex</em></strong></span> <span class='ocrx_word' id='word_1_354' title='bbox 1274 2953 1599 3008; x_wconf 87' lang='lat' dir='ltr'><strong><em>necessitate</em></strong></span> <span class='ocrx_word' id='word_1_355' title='bbox 1625 2949 1911 3005; x_wconf 89' lang='lat' dir='ltr'><strong><em>conclusit.</em></strong></span> <span class='ocrx_word' id='word_1_356' title='bbox 1947 2948 2111 3015; x_wconf 84' lang='lat' dir='ltr'><strong><em>Quasi</em></strong></span> 
     </span>
    </p>
   </div>
   <div class='ocr_carea' id='block_1_46' title="bbox 516 3038 2110 3117">
    <p class='ocr_par' dir='ltr' id='par_1_46' title="bbox 516 3038 2110 3117">
     <span class='ocr_line' id='line_1_46' title="bbox 516 3038 2110 3117; baseline -0.006 -12"><span class='ocrx_word' id='word_1_357' title='bbox 516 3050 661 3106; x_wconf 91' lang='lat' dir='ltr'><strong><em>enim</em></strong></span> <span class='ocrx_word' id='word_1_358' title='bbox 711 3048 893 3103; x_wconf 86' lang='lat' dir='ltr'><strong><em>verbis</em></strong></span> <span class='ocrx_word' id='word_1_359' title='bbox 930 3044 1291 3117; x_wconf 85' lang='lat' dir='ltr'><strong><em>apertioribus</em></strong></span> <span class='ocrx_word' id='word_1_360' title='bbox 1330 3044 1474 3100; x_wconf 87' lang='lat' dir='ltr'><strong><em>dicat</em></strong></span> <span class='ocrx_word' id='word_1_361' title='bbox 1512 3062 1524 3097; x_wconf 94' lang='lat'>:</span> <span class='ocrx_word' id='word_1_362' title='bbox 1556 3042 1667 3113; x_wconf 83' lang='lat' dir='ltr'><strong><em>Ego</em></strong></span> <span class='ocrx_word' id='word_1_363' title='bbox 1708 3040 1963 3111; x_wconf 90' lang='lat' dir='ltr'><strong><em>respondi</em></strong></span> <span class='ocrx_word' id='word_1_364' title='bbox 2002 3038 2110 3096; x_wconf 89' lang='lat' dir='ltr'><strong><em>Lo-</em></strong></span> 
     </span>
    </p>
   </div>
   <div class='ocr_carea' id='block_1_47' title="bbox 513 3130 2110 3212">
    <p class='ocr_par' dir='ltr' id='par_1_47' title="bbox 513 3130 2110 3212">
     <span class='ocr_line' id='line_1_47' title="bbox 513 3130 2110 3212; baseline -0.006 -16"><span class='ocrx_word' id='word_1_365' title='bbox 513 3156 689 3212; x_wconf 86' lang='lat' dir='ltr'><strong><em>quere,</em></strong></span> <span class='ocrx_word' id='word_1_366' title='bbox 743 3138 835 3209; x_wconf 90' lang='lat' dir='ltr'><strong><em>qui</em></strong></span> <span class='ocrx_word' id='word_1_367' title='bbox 882 3138 1039 3193; x_wconf 89' lang='lat' dir='ltr'><strong><em>aliter</em></strong></span> <span class='ocrx_word' id='word_1_368' title='bbox 1068 3134 1399 3207; x_wconf 89' lang='lat' dir='ltr'><strong><em>respondere</em></strong></span> <span class='ocrx_word' id='word_1_369' title='bbox 1442 3150 1548 3190; x_wconf 92' lang='lat' dir='ltr'><strong><em>non</em></strong></span> <span class='ocrx_word' id='word_1_370' title='bbox 1590 3133 1761 3204; x_wconf 92' lang='lat' dir='ltr'><strong><em>potui.</em></strong></span> <span class='ocrx_word' id='word_1_371' title='bbox 1813 3131 1947 3186; x_wconf 85' lang='lat' dir='ltr'><strong><em>Nam</em></strong></span> <span class='ocrx_word' id='word_1_372' title='bbox 1981 3130 2110 3201; x_wconf 92' lang='lat' dir='ltr'><strong><em>quid</em></strong></span> 
     </span>
    </p>
   </div>
   <div class='ocr_carea' id='block_1_48' title="bbox 2225 1940 3821 2012">
    <p class='ocr_par' dir='ltr' id='par_1_48' title="bbox 2225 1940 3821 2012">
     <span class='ocr_line' id='line_1_48' title="bbox 2225 1940 3821 2012; baseline 0.001 -14"><span class='ocrx_word' id='word_1_373' title='bbox 2225 1943 2355 1999; x_wconf 91' lang='lat' dir='ltr'><strong><em>dere</em></strong></span> <span class='ocrx_word' id='word_1_374' title='bbox 2376 1943 2616 1999; x_wconf 86' lang='lat' dir='ltr'><strong><em>nolebat.</em></strong></span> <span class='ocrx_word' id='word_1_375' title='bbox 2647 1942 2934 1999; x_wconf 83' lang='lat' dir='ltr'><strong><em>Nesciebat</em></strong></span> <span class='ocrx_word' id='word_1_376' title='bbox 2954 1956 3084 2012; x_wconf 84' lang='lat' dir='ltr'><strong><em>ergo</em></strong></span> <span class='ocrx_word' id='word_1_377' title='bbox 3105 1940 3234 2011; x_wconf 92' lang='lat' dir='ltr'><strong><em>quid</em></strong></span> <span class='ocrx_word' id='word_1_378' title='bbox 3259 1940 3489 2009; x_wconf 90' lang='lat' dir='ltr'><strong><em>diceret,</em></strong></span> <span class='ocrx_word' id='word_1_379' title='bbox 3510 1941 3605 1996; x_wconf 89' lang='lat' dir='ltr'><strong><em>sed</em></strong></span> <span class='ocrx_word' id='word_1_380' title='bbox 3626 1943 3821 1999; x_wconf 85' lang='lat' dir='ltr'><strong><em>arden-</em></strong></span> 
     </span>
    </p>
   </div>
   <div class='ocr_carea' id='block_1_49' title="bbox 2226 2032 3817 2107">
    <p class='ocr_par' dir='ltr' id='par_1_49' title="bbox 2226 2032 3817 2107">
     <span class='ocr_line' id='line_1_49' title="bbox 2226 2032 3817 2107; baseline -0.001 -15"><span class='ocrx_word' id='word_1_381' title='bbox 2226 2044 2308 2092; x_wconf 89' lang='lat' dir='ltr'><strong><em>ter</em></strong></span> <span class='ocrx_word' id='word_1_382' title='bbox 2332 2036 2476 2107; x_wconf 91' lang='lat' dir='ltr'><strong><em>quod</em></strong></span> <span class='ocrx_word' id='word_1_383' title='bbox 2501 2034 2721 2092; x_wconf 89' lang='lat' dir='ltr'><strong><em>videbat</em></strong></span> <span class='ocrx_word' id='word_1_384' title='bbox 2746 2035 2981 2101; x_wconf 89' lang='lat' dir='ltr'><strong><em>amabat,</em></strong></span> <span class='ocrx_word' id='word_1_385' title='bbox 3011 2034 3139 2104; x_wconf 87' lang='lat' dir='ltr'><strong><em>quia</em></strong></span> <span class='ocrx_word' id='word_1_386' title='bbox 3166 2034 3320 2105; x_wconf 80' lang='lat'><strong>105</strong></span> <span class='ocrx_word' id='word_1_387' title='bbox 3340 2032 3583 2103; x_wconf 89' lang='lat' dir='ltr'><strong><em>profecto</em></strong></span> <span class='ocrx_word' id='word_1_388' title='bbox 3608 2042 3817 2091; x_wconf 84' lang='lat' dir='ltr'><strong><em>tantum</em></strong></span> 
     </span>
    </p>
   </div>
   <div class='ocr_carea' id='block_1_50' title="bbox 2222 2126 3820 2199">
    <p class='ocr_par' dir='ltr' id='par_1_50' title="bbox 2222 2126 3820 2199">
     <span class='ocr_line' id='line_1_50' title="bbox 2222 2126 3820 2199; baseline -0.001 -13"><span class='ocrx_word' id='word_1_389' title='bbox 2222 2130 2425 2187; x_wconf 89' lang='lat' dir='ltr'><strong><em>bonum</em></strong></span> <span class='ocrx_word' id='word_1_390' title='bbox 2452 2129 2689 2196; x_wconf 87' lang='lat' dir='ltr'><strong><em>videbat,</em></strong></span> <span class='ocrx_word' id='word_1_391' title='bbox 2715 2130 2859 2199; x_wconf 91' lang='lat' dir='ltr'><strong><em>quod</em></strong></span> <span class='ocrx_word' id='word_1_392' title='bbox 2887 2129 2966 2184; x_wconf 91' lang='lat' dir='ltr'><strong><em>sic</em></strong></span> <span class='ocrx_word' id='word_1_393' title='bbox 2994 2143 3103 2183; x_wconf 92' lang='lat' dir='ltr'><strong><em>non</em></strong></span> <span class='ocrx_word' id='word_1_394' title='bbox 3132 2127 3301 2182; x_wconf 87' lang='lat' dir='ltr'><strong><em>amari</em></strong></span> <span class='ocrx_word' id='word_1_395' title='bbox 3334 2126 3639 2183; x_wconf 85' lang='lat' dir='ltr'><strong><em>nullatenus</em></strong></span> <span class='ocrx_word' id='word_1_396' title='bbox 3665 2137 3820 2197; x_wconf 91' lang='lat' dir='ltr'><strong><em>pote-</em></strong></span> 
     </span>
    </p>
   </div>
   <div class='ocr_carea' id='block_1_51' title="bbox 2222 2216 3818 2289">
    <p class='ocr_par' dir='ltr' id='par_1_51' title="bbox 2222 2216 3818 2289">
     <span class='ocr_line' id='line_1_51' title="bbox 2222 2216 3818 2289; baseline -0.002 -11"><span class='ocrx_word' id='word_1_397' title='bbox 2222 2231 2325 2279; x_wconf 88' lang='lat' dir='ltr'><strong><em>rat.</em></strong></span> <span class='ocrx_word' id='word_1_398' title='bbox 2376 2219 2525 2277; x_wconf 90' lang='lat' dir='ltr'><strong><em>Unde</em></strong></span> <span class='ocrx_word' id='word_1_399' title='bbox 2552 2220 2655 2276; x_wconf 92' lang='lat' dir='ltr'><strong><em>etsi</em></strong></span> <span class='ocrx_word' id='word_1_400' title='bbox 2678 2218 2823 2289; x_wconf 87' lang='lat' dir='ltr'><strong><em>juste</em></strong></span> <span class='ocrx_word' id='word_1_401' title='bbox 2853 2216 3046 2273; x_wconf 87' lang='lat' dir='ltr'><strong><em>Petrus</em></strong></span> <span class='ocrx_word' id='word_1_402' title='bbox 3075 2216 3508 2287; x_wconf 88' lang='lat' dir='ltr'><strong><em>reprehenditur,</em></strong></span> <span class='ocrx_word' id='word_1_403' title='bbox 3542 2217 3594 2272; x_wconf 91' lang='lat' dir='ltr'><strong><em>ei</em></strong></span> <span class='ocrx_word' id='word_1_404' title='bbox 3634 2226 3818 2275; x_wconf 86' lang='lat' dir='ltr'><strong><em>tamen</em></strong></span> 
     </span>
    </p>
   </div>
   <div class='ocr_carea' id='block_1_52' title="bbox 2221 2300 3818 2374">
    <p class='ocr_par' dir='ltr' id='par_1_52' title="bbox 2221 2300 3818 2374">
     <span class='ocr_line' id='line_1_52' title="bbox 2221 2300 3818 2374; baseline -0.003 -12"><span class='ocrx_word' id='word_1_405' title='bbox 2221 2305 2618 2363; x_wconf 87' lang='lat' dir='ltr'><strong><em>rationabiliter</em></strong></span> <span class='ocrx_word' id='word_1_406' title='bbox 2639 2303 2963 2373; x_wconf 88' lang='lat' dir='ltr'><strong><em>indulgetur,</em></strong></span> <span class='ocrx_word' id='word_1_407' title='bbox 2986 2303 3111 2374; x_wconf 90' lang='lat' dir='ltr'><strong><em>quia</em></strong></span> <span class='ocrx_word' id='word_1_408' title='bbox 3133 2317 3319 2358; x_wconf 88' lang='lat' dir='ltr'><strong><em>amore</em></strong></span> <span class='ocrx_word' id='word_1_409' title='bbox 3341 2309 3503 2357; x_wconf 84' lang='lat' dir='ltr'><strong><em>tantae</em></strong></span> <span class='ocrx_word' id='word_1_410' title='bbox 3522 2300 3818 2371; x_wconf 81' lang='lat' dir='ltr'><strong><em>Majestatis</em></strong></span> 
     </span>
    </p>
   </div>
   <div class='ocr_carea' id='block_1_53' title="bbox 2222 2392 3816 2470">
    <p class='ocr_par' dir='ltr' id='par_1_53' title="bbox 2222 2392 3816 2470">
     <span class='ocr_line' id='line_1_53' title="bbox 2222 2392 3816 2470; baseline -0.004 -16"><span class='ocrx_word' id='word_1_411' title='bbox 2222 2413 2321 2470; x_wconf 91' lang='lat' dir='ltr'><strong><em>per</em></strong></span> <span class='ocrx_word' id='word_1_412' title='bbox 2351 2398 2663 2452; x_wconf 89' lang='lat' dir='ltr'><strong><em>lruitionem</em></strong></span> <span class='ocrx_word' id='word_1_413' title='bbox 2692 2394 3027 2451; x_wconf 90' lang='lat' dir='ltr'><strong><em>vincebatur.</em></strong></span> <span class='ocrx_word' id='word_1_414' title='bbox 3078 2393 3464 2449; x_wconf 80' lang='lat' dir='ltr'><strong><em>Verumtamen</em></strong></span> <span class='ocrx_word' id='word_1_415' title='bbox 3486 2409 3608 2450; x_wconf 91' lang='lat' dir='ltr'><strong><em>cum</em></strong></span> <span class='ocrx_word' id='word_1_416' title='bbox 3636 2393 3706 2449; x_wconf 92' lang='lat' dir='ltr'><strong><em>de</em></strong></span> <span class='ocrx_word' id='word_1_417' title='bbox 3732 2392 3816 2448; x_wconf 90' lang='lat' dir='ltr'><strong><em>di-</em></strong></span> 
     </span>
    </p>
   </div>
   <div class='ocr_carea' id='block_1_54' title="bbox 2221 2484 3819 2556">
    <p class='ocr_par' dir='ltr' id='par_1_54' title="bbox 2221 2484 3819 2556">
     <span class='ocr_line' id='line_1_54' title="bbox 2221 2484 3819 2556; baseline -0.003 -11"><span class='ocrx_word' id='word_1_418' title='bbox 2221 2488 2376 2545; x_wconf 91' lang='lat' dir='ltr'><strong><em>cendi</em></strong></span> <span class='ocrx_word' id='word_1_419' title='bbox 2404 2486 2706 2556; x_wconf 88' lang='lat' dir='ltr'><strong><em>ignorantia</em></strong></span> <span class='ocrx_word' id='word_1_420' title='bbox 2736 2486 2928 2541; x_wconf 90' lang='lat' dir='ltr'><strong><em>Petrus</em></strong></span> <span class='ocrx_word' id='word_1_421' title='bbox 2946 2486 3211 2556; x_wconf 87' lang='lat' dir='ltr'><strong><em>arguitur,</em></strong></span> <span class='ocrx_word' id='word_1_422' title='bbox 3239 2484 3480 2556; x_wconf 88' lang='lat' dir='ltr'><strong><em>ejusdem</em></strong></span> <span class='ocrx_word' id='word_1_423' title='bbox 3502 2486 3819 2554; x_wconf 61' lang='lat' dir='ltr'><strong><em>ignorantia</em></strong></span> 
     </span>
    </p>
   </div>
   <div class='ocr_carea' id='block_1_55' title="bbox 2220 2562 3816 2647">
    <p class='ocr_par' dir='ltr' id='par_1_55' title="bbox 2220 2562 3816 2647">
     <span class='ocr_line' id='line_1_55' title="bbox 2220 2562 3816 2647; baseline -0.002 -12"><span class='ocrx_word' id='word_1_424' title='bbox 2220 2594 2384 2635; x_wconf 89' lang='lat' dir='ltr'><strong><em>causa</em></strong></span> <span class='ocrx_word' id='word_1_425' title='bbox 2431 2585 2784 2633; x_wconf 87' lang='lat' dir='ltr'><strong><em>memoratur.</em></strong></span> <span class='ocrx_word' id='word_1_426' title='bbox 2830 2576 2963 2632; x_wconf 87' lang='lat' dir='ltr'><strong><em>Nam</em></strong></span> <span class='ocrx_word' id='word_1_427' title='bbox 3005 2576 3241 2633; x_wconf 90' lang='lat' dir='ltr'><strong><em>subdens</em></strong></span> <span class='ocrx_word' id='word_1_428' title='bbox 3288 2562 3648 2647; x_wconf 82' lang='lat' dir='ltr'><strong><em>evangelista,</em></strong></span> <span class='ocrx_word' id='word_1_429' title='bbox 3702 2576 3816 2632; x_wconf 89' lang='lat' dir='ltr'><strong><em>ait:</em></strong></span> 
     </span>
    </p>
   </div>
   <div class='ocr_carea' id='block_1_56' title="bbox 2219 2670 3821 2743">
    <p class='ocr_par' dir='ltr' id='par_1_56' title="bbox 2219 2670 3821 2743">
     <span class='ocr_line' id='line_1_56' title="bbox 2219 2670 3821 2743; baseline 0.001 -17"><span class='ocrx_word' id='word_1_430' title='bbox 2219 2672 2390 2728; x_wconf 87' lang='lat' dir='ltr'><strong><em>Erant</em></strong></span> <span class='ocrx_word' id='word_1_431' title='bbox 2420 2673 2559 2728; x_wconf 82' lang='lat' dir='ltr'><strong><em>enim</em></strong></span> <span class='ocrx_word' id='word_1_432' title='bbox 2595 2674 2774 2727; x_wconf 83' lang='lat' dir='ltr'><strong><em>timore</em></strong></span> <span class='ocrx_word' id='word_1_433' title='bbox 2810 2672 3066 2727; x_wconf 76' lang='lat' dir='ltr'><strong><em>exterriti.</em></strong></span> <span class='ocrx_word' id='word_1_434' title='bbox 3098 2670 3192 2726; x_wconf 85' lang='lat' dir='ltr'><strong><em>Illa</em></strong></span> <span class='ocrx_word' id='word_1_435' title='bbox 3221 2671 3365 2727; x_wconf 87' lang='lat' dir='ltr'><strong><em>enim</em></strong></span> <span class='ocrx_word' id='word_1_436' title='bbox 3397 2674 3621 2727; x_wconf 68' lang='lat' dir='ltr'><strong><em>internae</em></strong></span> <span class='ocrx_word' id='word_1_437' title='bbox 3649 2672 3821 2743; x_wconf 67' lang='lat' dir='ltr'><strong><em>Maja—</em></strong></span> 
     </span>
    </p>
   </div>
   <div class='ocr_carea' id='block_1_57' title="bbox 2216 2764 3817 2835">
    <p class='ocr_par' dir='ltr' id='par_1_57' title="bbox 2216 2764 3817 2835">
     <span class='ocr_line' id='line_1_57' title="bbox 2216 2764 3817 2835; baseline 0.001 -13"><span class='ocrx_word' id='word_1_438' title='bbox 2216 2766 2371 2823; x_wconf 88' lang='lat' dir='ltr'><strong><em>statis</em></strong></span> <span class='ocrx_word' id='word_1_439' title='bbox 2412 2764 2693 2821; x_wconf 82' lang='lat' dir='ltr'><strong><em>ineﬁabilis</em></strong></span> <span class='ocrx_word' id='word_1_440' title='bbox 2720 2764 3061 2835; x_wconf 89' lang='lat' dir='ltr'><strong><em>pulchritudo</em></strong></span> <span class='ocrx_word' id='word_1_441' title='bbox 3090 2765 3320 2821; x_wconf 89' lang='lat' dir='ltr'><strong><em>electam</em></strong></span> <span class='ocrx_word' id='word_1_442' title='bbox 3363 2773 3599 2821; x_wconf 90' lang='lat' dir='ltr'><strong><em>mentem</em></strong></span> <span class='ocrx_word' id='word_1_443' title='bbox 3626 2766 3714 2822; x_wconf 90' lang='lat' dir='ltr'><strong><em>cui</em></strong></span> <span class='ocrx_word' id='word_1_444' title='bbox 3754 2782 3817 2823; x_wconf 85' lang='lat' dir='ltr'><strong><em>se</em></strong></span> 
     </span>
    </p>
   </div>
   <div class='ocr_carea' id='block_1_58' title="bbox 2218 2855 3820 2929">
    <p class='ocr_par' dir='ltr' id='par_1_58' title="bbox 2218 2855 3820 2929">
     <span class='ocr_line' id='line_1_58' title="bbox 2218 2855 3820 2929; baseline 0.001 -15"><span class='ocrx_word' id='word_1_445' title='bbox 2218 2856 2612 2914; x_wconf 88' lang='lat' dir='ltr'><strong><em>delectabiliter</em></strong></span> <span class='ocrx_word' id='word_1_446' title='bbox 2632 2856 2872 2912; x_wconf 90' lang='lat' dir='ltr'><strong><em>ostendit</em></strong></span> <span class='ocrx_word' id='word_1_447' title='bbox 2898 2855 3189 2923; x_wconf 90' lang='lat' dir='ltr'><strong><em>aliquando</em></strong></span> <span class='ocrx_word' id='word_1_448' title='bbox 3209 2856 3441 2913; x_wconf 87' lang='lat' dir='ltr'><strong><em>mirabili</em></strong></span> <span class='ocrx_word' id='word_1_449' title='bbox 3464 2872 3665 2929; x_wconf 89' lang='lat' dir='ltr'><strong><em>pavore</em></strong></span> <span class='ocrx_word' id='word_1_450' title='bbox 3684 2874 3820 2915; x_wconf 85' lang='lat' dir='ltr'><strong><em>con-</em></strong></span> 
     </span>
    </p>
   </div>
   <div class='ocr_carea' id='block_1_59' title="bbox 2217 2946 3821 3019">
    <p class='ocr_par' dir='ltr' id='par_1_59' title="bbox 2217 2946 3821 3019">
     <span class='ocr_line' id='line_1_59' title="bbox 2217 2946 3821 3019; baseline -0.002 -13"><span class='ocrx_word' id='word_1_451' title='bbox 2217 2950 2370 3014; x_wconf 89' lang='lat' dir='ltr'><strong><em>cutit,</em></strong></span> <span class='ocrx_word' id='word_1_452' title='bbox 2406 2963 2475 3005; x_wconf 86' lang='lat' dir='ltr'><strong><em>ne</em></strong></span> <span class='ocrx_word' id='word_1_453' title='bbox 2508 2947 2577 3003; x_wconf 90' lang='lat' dir='ltr'><strong><em>de</em></strong></span> <span class='ocrx_word' id='word_1_454' title='bbox 2608 2947 2828 3003; x_wconf 89' lang='lat' dir='ltr'><strong><em>visionis</em></strong></span> <span class='ocrx_word' id='word_1_455' title='bbox 2869 2946 3241 3017; x_wconf 89' lang='lat' dir='ltr'><strong><em>magnitudine</em></strong></span> <span class='ocrx_word' id='word_1_456' title='bbox 3269 2946 3339 3003; x_wconf 92' lang='lat' dir='ltr'><strong><em>ad</em></strong></span> <span class='ocrx_word' id='word_1_457' title='bbox 3368 2946 3661 3004; x_wconf 88' lang='lat' dir='ltr'><strong><em>elationem</em></strong></span> <span class='ocrx_word' id='word_1_458' title='bbox 3692 2964 3821 3019; x_wconf 84' lang='lat' dir='ltr'><strong><em>pro-</em></strong></span> 
     </span>
    </p>
   </div>
   <div class='ocr_carea' id='block_1_60' title="bbox 2214 3038 3820 3109">
    <p class='ocr_par' dir='ltr' id='par_1_60' title="bbox 2214 3038 3820 3109">
     <span class='ocr_line' id='line_1_60' title="bbox 2214 3038 3820 3109; baseline 0 -13"><span class='ocrx_word' id='word_1_459' title='bbox 2214 3041 2377 3107; x_wconf 89' lang='lat' dir='ltr'><strong><em>siliat,</em></strong></span> <span class='ocrx_word' id='word_1_460' title='bbox 2394 3041 2441 3096; x_wconf 91' lang='lat' dir='ltr'><strong><em>si</em></strong></span> <span class='ocrx_word' id='word_1_461' title='bbox 2458 3055 2578 3096; x_wconf 90' lang='lat' dir='ltr'><strong><em>eam</em></strong></span> <span class='ocrx_word' id='word_1_462' title='bbox 2596 3054 2758 3109; x_wconf 89' lang='lat' dir='ltr'><strong><em>quam</em></strong></span> <span class='ocrx_word' id='word_1_463' title='bbox 2781 3038 2977 3094; x_wconf 88' lang='lat' dir='ltr'><strong><em>blanda</em></strong></span> <span class='ocrx_word' id='word_1_464' title='bbox 2992 3038 3380 3109; x_wconf 89' lang='lat' dir='ltr'><strong><em>contemplatio</em></strong></span> <span class='ocrx_word' id='word_1_465' title='bbox 3397 3038 3463 3093; x_wconf 88' lang='lat' dir='ltr'><strong><em>ad</em></strong></span> <span class='ocrx_word' id='word_1_466' title='bbox 3480 3048 3590 3095; x_wconf 89' lang='lat' dir='ltr'><strong><em>tam</em></strong></span> <span class='ocrx_word' id='word_1_467' title='bbox 3603 3056 3820 3097; x_wconf 86' lang='lat' dir='ltr'><strong><em>summa</em></strong></span> 
     </span>
    </p>
   </div>
   <div class='ocr_carea' id='block_1_61' title="bbox 2215 3131 3821 3204">
    <p class='ocr_par' dir='ltr' id='par_1_61' title="bbox 2215 3131 3821 3204">
     <span class='ocr_line' id='line_1_61' title="bbox 2215 3131 3821 3204; baseline -0.001 -14"><span class='ocrx_word' id='word_1_468' title='bbox 2215 3133 2397 3190; x_wconf 90' lang='lat' dir='ltr'><strong><em>evehit</em></strong></span> <span class='ocrx_word' id='word_1_469' title='bbox 2440 3140 2735 3204; x_wconf 89' lang='lat' dir='ltr'><strong><em>provector</em></strong></span> <span class='ocrx_word' id='word_1_470' title='bbox 2763 3147 2892 3188; x_wconf 88' lang='lat' dir='ltr'><strong><em>suus</em></strong></span> <span class='ocrx_word' id='word_1_471' title='bbox 2932 3132 3152 3203; x_wconf 90' lang='lat' dir='ltr'><strong><em>spiritus</em></strong></span> <span class='ocrx_word' id='word_1_472' title='bbox 3199 3132 3407 3187; x_wconf 89' lang='lat' dir='ltr'><strong><em>timoris</em></strong></span> <span class='ocrx_word' id='word_1_473' title='bbox 3448 3131 3821 3189; x_wconf 84' lang='lat' dir='ltr'><strong><em>moderamine</em></strong></span> 
     </span>
    </p>
   </div>
   <div class='ocr_carea' id='block_1_62' title="bbox 510 3223 3822 3299">
    <p class='ocr_par' dir='ltr' id='par_1_62' title="bbox 510 3223 3822 3299">
     <span class='ocr_line' id='line_1_62' title="bbox 510 3223 3822 3299; baseline -0.002 -13"><span class='ocrx_word' id='word_1_474' title='bbox 510 3230 653 3286; x_wconf 88' lang='lat' dir='ltr'><strong><em>aliud</em></strong></span> <span class='ocrx_word' id='word_1_475' title='bbox 682 3228 994 3285; x_wconf 87' lang='lat' dir='ltr'><strong><em>desiderare</em></strong></span> <span class='ocrx_word' id='word_1_476' title='bbox 1020 3236 1199 3299; x_wconf 90' lang='lat' dir='ltr'><strong><em>potest</em></strong></span> <span class='ocrx_word' id='word_1_477' title='bbox 1226 3242 1379 3282; x_wconf 91' lang='lat' dir='ltr'><strong><em>mens</em></strong></span> <span class='ocrx_word' id='word_1_478' title='bbox 1406 3226 1460 3281; x_wconf 93' lang='lat' dir='ltr'><strong><em>in</em></strong></span> <span class='ocrx_word' id='word_1_479' title='bbox 1488 3226 1581 3281; x_wconf 92' lang='lat' dir='ltr'><strong><em>illo</em></strong></span> <span class='ocrx_word' id='word_1_480' title='bbox 1610 3224 1808 3295; x_wconf 89' lang='lat' dir='ltr'><strong><em>gaudio</em></strong></span> <span class='ocrx_word' id='word_1_481' title='bbox 1834 3223 2102 3297; x_wconf 85' lang='lat' dir='ltr'><strong><em>loquentis</em></strong></span> <span class='ocrx_word' id='word_1_482' title='bbox 2131 3233 2176 3294; x_wconf 83' lang='lat' dir='ltr'>C</span> <span class='ocrx_word' id='word_1_483' title='bbox 2207 3243 2317 3283; x_wconf 89' lang='lat' dir='ltr'><strong><em>non</em></strong></span> <span class='ocrx_word' id='word_1_484' title='bbox 2357 3226 2616 3283; x_wconf 84' lang='lat' dir='ltr'><strong><em>refrenat.</em></strong></span> <span class='ocrx_word' id='word_1_485' title='bbox 2648 3224 2706 3281; x_wconf 92' lang='lat' dir='ltr'><strong><em>In</em></strong></span> <span class='ocrx_word' id='word_1_486' title='bbox 2736 3242 2841 3282; x_wconf 87' lang='lat' dir='ltr'><strong><em>una</em></strong></span> <span class='ocrx_word' id='word_1_487' title='bbox 2872 3225 3086 3297; x_wconf 88' lang='lat' dir='ltr'><strong><em>quidem</em></strong></span> <span class='ocrx_word' id='word_1_488' title='bbox 3116 3232 3173 3281; x_wconf 92' lang='lat' dir='ltr'><strong><em>et</em></strong></span> <span class='ocrx_word' id='word_1_489' title='bbox 3200 3223 3391 3299; x_wconf 60' lang='lat' dir='ltr'><strong><em>eadem</em></strong></span> <span class='ocrx_word' id='word_1_490' title='bbox 3422 3224 3677 3279; x_wconf 64' lang='lat' dir='ltr'><strong><em>revelata:</em></strong></span> <span class='ocrx_word' id='word_1_491' title='bbox 3703 3225 3822 3296; x_wconf 84' lang='lat' dir='ltr'><strong><em>glo-</em></strong></span> 
     </span>
    </p>
   </div>
   <div class='ocr_carea' id='block_1_63' title="bbox 509 3314 2101 3393">
    <p class='ocr_par' dir='ltr' id='par_1_63' title="bbox 509 3314 2101 3393">
     <span class='ocr_line' id='line_1_63' title="bbox 509 3314 2101 3393; baseline -0.003 -16"><span class='ocrx_word' id='word_1_492' title='bbox 509 3321 806 3393; x_wconf 83' lang='lat' dir='ltr'><strong><em>Majestatis</em></strong></span> <span class='ocrx_word' id='word_1_493' title='bbox 833 3321 1150 3391; x_wconf 84' lang='lat' dir='ltr'><strong><em>assumpta?</em></strong></span> <span class='ocrx_word' id='word_1_494' title='bbox 1196 3317 1388 3375; x_wconf 89' lang='lat' dir='ltr'><strong><em>Dicere</em></strong></span> <span class='ocrx_word' id='word_1_495' title='bbox 1427 3318 1572 3374; x_wconf 92' lang='lat' dir='ltr'><strong><em>enim</em></strong></span> <span class='ocrx_word' id='word_1_496' title='bbox 1616 3318 1787 3379; x_wconf 88' lang='lat' dir='ltr'><strong><em>menti</em></strong></span> <span class='ocrx_word' id='word_1_497' title='bbox 1835 3318 1946 3374; x_wconf 93' lang='lat' dir='ltr'><strong><em>Deo</em></strong></span> <span class='ocrx_word' id='word_1_498' title='bbox 1995 3314 2101 3372; x_wconf 87' lang='lat' dir='ltr'><strong><em>Lo-</em></strong></span> 
     </span>
    </p>
   </div>
   <div class='ocr_carea' id='block_1_64' title="bbox 508 3413 2105 3493">
    <p class='ocr_par' dir='ltr' id='par_1_64' title="bbox 508 3413 2105 3493">
     <span class='ocr_line' id='line_1_64' title="bbox 508 3413 2105 3493; baseline -0.005 -18"><span class='ocrx_word' id='word_1_499' title='bbox 508 3436 679 3493; x_wconf 85' lang='lat' dir='ltr'><strong><em>quere,</em></strong></span> <span class='ocrx_word' id='word_1_500' title='bbox 713 3418 858 3474; x_wconf 89' lang='lat' dir='ltr'><strong><em>illam</em></strong></span> <span class='ocrx_word' id='word_1_501' title='bbox 905 3414 1249 3473; x_wconf 75' lang='lat' dir='ltr'><strong><em>ineﬁ‘abiliter</em></strong></span> <span class='ocrx_word' id='word_1_502' title='bbox 1275 3413 1490 3471; x_wconf 81' lang='lat' dir='ltr'><strong><em>dulcem</em></strong></span> <span class='ocrx_word' id='word_1_503' title='bbox 1519 3413 1848 3469; x_wconf 90' lang='lat' dir='ltr'><strong><em>locutionem</em></strong></span> <span class='ocrx_word' id='word_1_504' title='bbox 1889 3427 2105 3481; x_wconf 91' lang='lat' dir='ltr'><strong><em>semper</em></strong></span> 
     </span>
    </p>
   </div>
   <div class='ocr_carea' id='block_1_65' title="bbox 508 3504 2106 3579">
    <p class='ocr_par' dir='ltr' id='par_1_65' title="bbox 508 3504 2106 3579">
     <span class='ocr_line' id='line_1_65' title="bbox 508 3504 2106 3579; baseline -0.007 -10"><span class='ocrx_word' id='word_1_505' title='bbox 508 3513 715 3578; x_wconf 89' lang='lat' dir='ltr'><strong><em>audire,</em></strong></span> <span class='ocrx_word' id='word_1_506' title='bbox 758 3510 1064 3566; x_wconf 89' lang='lat' dir='ltr'><strong><em>desiderare</em></strong></span> <span class='ocrx_word' id='word_1_507' title='bbox 1090 3518 1192 3564; x_wconf 91' lang='lat' dir='ltr'><strong><em>est.</em></strong></span> <span class='ocrx_word' id='word_1_508' title='bbox 1239 3506 1378 3563; x_wconf 89' lang='lat' dir='ltr'><strong><em>Dicit</em></strong></span> <span class='ocrx_word' id='word_1_509' title='bbox 1419 3520 1546 3577; x_wconf 88' lang='lat' dir='ltr'><strong><em>ergo</em></strong></span> <span class='ocrx_word' id='word_1_510' title='bbox 1575 3504 1831 3579; x_wconf 83' lang='lat' dir='ltr'><strong><em>Loquere,</em></strong></span> <span class='ocrx_word' id='word_1_511' title='bbox 1870 3505 1962 3575; x_wconf 88' lang='lat' dir='ltr'><strong><em>qui</em></strong></span> <span class='ocrx_word' id='word_1_512' title='bbox 1991 3505 2106 3559; x_wconf 91' lang='lat' dir='ltr'><strong><em>vel-</em></strong></span> 
     </span>
    </p>
   </div>
   <div class='ocr_carea' id='block_1_66' title="bbox 510 3598 2106 3673">
    <p class='ocr_par' dir='ltr' id='par_1_66' title="bbox 510 3598 2106 3673">
     <span class='ocr_line' id='line_1_66' title="bbox 510 3598 2106 3673; baseline -0.006 -11"><span class='ocrx_word' id='word_1_513' title='bbox 510 3606 585 3661; x_wconf 83' lang='lat' dir='ltr'><strong><em>let</em></strong></span> <span class='ocrx_word' id='word_1_514' title='bbox 606 3615 663 3659; x_wconf 89' lang='lat' dir='ltr'><strong><em>ut</em></strong></span> <span class='ocrx_word' id='word_1_515' title='bbox 692 3617 967 3673; x_wconf 90' lang='lat' dir='ltr'><strong><em>nunquam</em></strong></span> <span class='ocrx_word' id='word_1_516' title='bbox 998 3609 1225 3657; x_wconf 89' lang='lat' dir='ltr'><strong><em>taceret.</em></strong></span> <span class='ocrx_word' id='word_1_517' title='bbox 1256 3598 1412 3656; x_wconf 91' lang='lat' dir='ltr'><strong><em>Unde</em></strong></span> <span class='ocrx_word' id='word_1_518' title='bbox 1440 3608 1494 3656; x_wconf 90' lang='lat' dir='ltr'><strong><em>et</em></strong></span> <span class='ocrx_word' id='word_1_519' title='bbox 1523 3601 1768 3656; x_wconf 87' lang='lat' dir='ltr'><strong><em>subditur</em></strong></span> <span class='ocrx_word' id='word_1_520' title='bbox 1798 3600 1919 3672; x_wconf 88' lang='lat' dir='ltr'><strong><em>quia</em></strong></span> <span class='ocrx_word' id='word_1_521' title='bbox 1960 3598 2106 3653; x_wconf 82' lang='lat' dir='ltr'><strong><em>audit</em></strong></span> 
     </span>
    </p>
   </div>
   <div class='ocr_carea' id='block_1_67' title="bbox 510 3692 2106 3764">
    <p class='ocr_par' dir='ltr' id='par_1_67' title="bbox 510 3692 2106 3764">
     <span class='ocr_line' id='line_1_67' title="bbox 510 3692 2106 3764; baseline -0.004 -12"><span class='ocrx_word' id='word_1_522' title='bbox 510 3712 682 3752; x_wconf 85' lang='lat' dir='ltr'><strong><em>servus</em></strong></span> <span class='ocrx_word' id='word_1_523' title='bbox 712 3703 850 3748; x_wconf 85' lang='lat' dir='ltr'><strong><em>tuus.</em></strong></span> <span class='ocrx_word' id='word_1_524' title='bbox 881 3693 1047 3760; x_wconf 87' lang='lat' dir='ltr'><strong><em>Quasi</em></strong></span> <span class='ocrx_word' id='word_1_525' title='bbox 1076 3692 1219 3749; x_wconf 90' lang='lat' dir='ltr'><strong><em>dicat</em></strong></span> <span class='ocrx_word' id='word_1_526' title='bbox 1248 3712 1260 3745; x_wconf 90' lang='lat'><strong>:</strong></span> <span class='ocrx_word' id='word_1_527' title='bbox 1299 3696 1424 3764; x_wconf 86' lang='lat' dir='ltr'><strong><em>quia</em></strong></span> <span class='ocrx_word' id='word_1_528' title='bbox 1454 3696 1558 3748; x_wconf 93' lang='lat' dir='ltr'><strong><em>hoc</em></strong></span> <span class='ocrx_word' id='word_1_529' title='bbox 1599 3692 1743 3763; x_wconf 88' lang='lat' dir='ltr'><strong><em>quod</em></strong></span> <span class='ocrx_word' id='word_1_530' title='bbox 1772 3692 2106 3762; x_wconf 85' lang='lat' dir='ltr'><strong><em>experientia</em></strong></span> 
     </span>
    </p>
   </div>
   <div class='ocr_carea' id='block_1_68' title="bbox 510 3782 2099 3857">
    <p class='ocr_par' dir='ltr' id='par_1_68' title="bbox 510 3782 2099 3857">
     <span class='ocr_line' id='line_1_68' title="bbox 510 3782 2099 3857; baseline -0.002 -15"><span class='ocrx_word' id='word_1_531' title='bbox 510 3786 708 3842; x_wconf 89' lang='lat' dir='ltr'><strong><em>interni</em></strong></span> <span class='ocrx_word' id='word_1_532' title='bbox 737 3784 957 3840; x_wconf 83' lang='lat' dir='ltr'><strong><em>affectus</em></strong></span> <span class='ocrx_word' id='word_1_533' title='bbox 981 3785 1195 3857; x_wconf 79' lang='lat' dir='ltr'><strong><em>excipio</em></strong></span> <span class='ocrx_word' id='word_1_534' title='bbox 1233 3792 1435 3840; x_wconf 67' lang='lat' dir='ltr'><strong><em>aeterna</em></strong></span> <span class='ocrx_word' id='word_1_535' title='bbox 1462 3782 1565 3839; x_wconf 87' lang='lat' dir='ltr'><strong><em>frui</em></strong></span> <span class='ocrx_word' id='word_1_536' title='bbox 1588 3784 1934 3854; x_wconf 88' lang='lat' dir='ltr'><strong><em>perceptione</em></strong></span> <span class='ocrx_word' id='word_1_537' title='bbox 1970 3799 2099 3839; x_wconf 88' lang='lat' dir='ltr'><strong><em>cou-</em></strong></span> 
     </span>
    </p>
   </div>
   <div class='ocr_carea' id='block_1_69' title="bbox 509 3875 2107 3949">
    <p class='ocr_par' dir='ltr' id='par_1_69' title="bbox 509 3875 2107 3949">
     <span class='ocr_line' id='line_1_69' title="bbox 509 3875 2107 3949; baseline -0.001 -14"><span class='ocrx_word' id='word_1_538' title='bbox 509 3878 750 3948; x_wconf 90' lang='lat' dir='ltr'><strong><em>cupisco.</em></strong></span> <span class='ocrx_word' id='word_1_539' title='bbox 780 3875 923 3932; x_wconf 91' lang='lat' dir='ltr'><strong><em>Petit</em></strong></span> <span class='ocrx_word' id='word_1_540' title='bbox 958 3892 1087 3948; x_wconf 84' lang='lat' dir='ltr'><strong><em>ergo</em></strong></span> <span class='ocrx_word' id='word_1_541' title='bbox 1118 3886 1177 3933; x_wconf 92' lang='lat' dir='ltr'><strong><em>ut</em></strong></span> <span class='ocrx_word' id='word_1_542' title='bbox 1207 3877 1482 3947; x_wconf 87' lang='lat' dir='ltr'><strong><em>loquatur,</em></strong></span> <span class='ocrx_word' id='word_1_543' title='bbox 1513 3877 1603 3948; x_wconf 88' lang='lat' dir='ltr'><strong><em>qui</em></strong></span> <span class='ocrx_word' id='word_1_544' title='bbox 1644 3878 1786 3933; x_wconf 91' lang='lat' dir='ltr'><strong><em>hunc</em></strong></span> <span class='ocrx_word' id='word_1_545' title='bbox 1831 3894 2107 3949; x_wconf 85' lang='lat' dir='ltr'><strong><em>nunquam</em></strong></span> 
     </span>
    </p>
   </div>
   <div class='ocr_carea' id='block_1_70' title="bbox 510 3967 2109 4035">
    <p class='ocr_par' dir='ltr' id='par_1_70' title="bbox 510 3967 2109 4035">
     <span class='ocr_line' id='line_1_70' title="bbox 510 3967 2109 4035; baseline -0.003 -10"><span class='ocrx_word' id='word_1_546' title='bbox 510 3970 565 4025; x_wconf 91' lang='lat' dir='ltr'><strong><em>in</em></strong></span> <span class='ocrx_word' id='word_1_547' title='bbox 588 3969 814 4025; x_wconf 90' lang='lat' dir='ltr'><strong><em>internis</em></strong></span> <span class='ocrx_word' id='word_1_548' title='bbox 839 3969 950 4025; x_wconf 90' lang='lat' dir='ltr'><strong><em>suis</em></strong></span> <span class='ocrx_word' id='word_1_549' title='bbox 974 3967 1259 4024; x_wconf 79' lang='lat' dir='ltr'><strong><em>affectibus</em></strong></span> <span class='ocrx_word' id='word_1_550' title='bbox 1287 3967 1447 4024; x_wconf 89' lang='lat' dir='ltr'><strong><em>silere</em></strong></span> <span class='ocrx_word' id='word_1_551' title='bbox 1471 3967 1763 4033; x_wconf 88' lang='lat' dir='ltr'><strong><em>desiderat,</em></strong></span> <span class='ocrx_word' id='word_1_552' title='bbox 1788 3982 1856 4022; x_wconf 91' lang='lat' dir='ltr'><strong><em>ne</em></strong></span> <span class='ocrx_word' id='word_1_553' title='bbox 1881 3968 1971 4035; x_wconf 88' lang='lat' dir='ltr'><strong><em>qui</em></strong></span> <span class='ocrx_word' id='word_1_554' title='bbox 2000 3975 2109 4022; x_wconf 91' lang='lat' dir='ltr'><strong><em>tam</em></strong></span> 
     </span>
    </p>
   </div>
   <div class='ocr_carea' id='block_1_71' title="bbox 507 4058 2109 4130">
    <p class='ocr_par' dir='ltr' id='par_1_71' title="bbox 507 4058 2109 4130">
     <span class='ocr_line' id='line_1_71' title="bbox 507 4058 2109 4130; baseline -0.002 -13"><span class='ocrx_word' id='word_1_555' title='bbox 507 4060 724 4117; x_wconf 84' lang='lat' dir='ltr'><strong><em>sublimi</em></strong></span> <span class='ocrx_word' id='word_1_556' title='bbox 754 4059 1118 4117; x_wconf 85' lang='lat' dir='ltr'><strong><em>exsultatione</em></strong></span> <span class='ocrx_word' id='word_1_557' title='bbox 1144 4059 1372 4116; x_wconf 91' lang='lat' dir='ltr'><strong><em>Domino</em></strong></span> <span class='ocrx_word' id='word_1_558' title='bbox 1404 4058 1662 4130; x_wconf 90' lang='lat' dir='ltr'><strong><em>loquente</em></strong></span> <span class='ocrx_word' id='word_1_559' title='bbox 1687 4059 2010 4127; x_wconf 88' lang='lat' dir='ltr'><strong><em>sustollitur,</em></strong></span> <span class='ocrx_word' id='word_1_560' title='bbox 2042 4058 2109 4114; x_wconf 91' lang='lat' dir='ltr'><strong><em>ad</em></strong></span> 
     </span>
    </p>
   </div>
   <div class='ocr_carea' id='block_1_72' title="bbox 507 4151 2108 4229">
    <p class='ocr_par' dir='ltr' id='par_1_72' title="bbox 507 4151 2108 4229">
     <span class='ocr_line' id='line_1_72' title="bbox 507 4151 2108 4229; baseline -0.002 -20"><span class='ocrx_word' id='word_1_561' title='bbox 507 4154 856 4229; x_wconf 88' lang='lat' dir='ltr'><strong><em>proferendas</em></strong></span> <span class='ocrx_word' id='word_1_562' title='bbox 884 4153 1155 4209; x_wconf 75' lang='lat' dir='ltr'><strong><em>damnata:</em></strong></span> <span class='ocrx_word' id='word_1_563' title='bbox 1186 4151 1537 4207; x_wconf 88' lang='lat' dir='ltr'><strong><em>humanitatis</em></strong></span> <span class='ocrx_word' id='word_1_564' title='bbox 1571 4153 1873 4221; x_wconf 89' lang='lat' dir='ltr'><strong><em>angustias,</em></strong></span> <span class='ocrx_word' id='word_1_565' title='bbox 1916 4166 1984 4208; x_wconf 90' lang='lat' dir='ltr'><strong><em>eo</em></strong></span> <span class='ocrx_word' id='word_1_566' title='bbox 2024 4158 2108 4206; x_wconf 88' lang='lat' dir='ltr'><strong><em>ta-</em></strong></span> 
     </span>
    </p>
   </div>
   <div class='ocr_carea' id='block_1_73' title="bbox 506 4244 2109 4319">
    <p class='ocr_par' dir='ltr' id='par_1_73' title="bbox 506 4244 2109 4319">
     <span class='ocr_line' id='line_1_73' title="bbox 506 4244 2109 4319; baseline -0.002 -16"><span class='ocrx_word' id='word_1_567' title='bbox 506 4258 684 4315; x_wconf 90' lang='lat' dir='ltr'><strong><em>cente,</em></strong></span> <span class='ocrx_word' id='word_1_568' title='bbox 707 4249 1030 4319; x_wconf 85' lang='lat' dir='ltr'><strong><em>deponatur.</em></strong></span> <span class='ocrx_word' id='word_1_569' title='bbox 1054 4245 1187 4300; x_wconf 81' lang='lat' dir='ltr'><strong><em>Nam</em></strong></span> <span class='ocrx_word' id='word_1_570' title='bbox 1215 4246 1311 4301; x_wconf 89' lang='lat' dir='ltr'><strong><em>sia</em></strong></span> <span class='ocrx_word' id='word_1_571' title='bbox 1335 4244 1701 4316; x_wconf 87' lang='lat' dir='ltr'><strong><em>corruptionis</em></strong></span> <span class='ocrx_word' id='word_1_572' title='bbox 1727 4254 1926 4300; x_wconf 75' lang='lat' dir='ltr'><strong><em>nostra:</em></strong></span> <span class='ocrx_word' id='word_1_573' title='bbox 1954 4255 2109 4299; x_wconf 84' lang='lat' dir='ltr'><strong><em>tene-</em></strong></span> 
     </span>
    </p>
   </div>
   <div class='ocr_carea' id='block_1_74' title="bbox 510 4336 2110 4410">
    <p class='ocr_par' dir='ltr' id='par_1_74' title="bbox 510 4336 2110 4410">
     <span class='ocr_line' id='line_1_74' title="bbox 510 4336 2110 4410; baseline -0.003 -14"><span class='ocrx_word' id='word_1_574' title='bbox 510 4340 640 4405; x_wconf 90' lang='lat' dir='ltr'><strong><em>bris,</em></strong></span> <span class='ocrx_word' id='word_1_575' title='bbox 680 4341 798 4410; x_wconf 91' lang='lat' dir='ltr'><strong><em>ipso</em></strong></span> <span class='ocrx_word' id='word_1_576' title='bbox 841 4338 1119 4408; x_wconf 91' lang='lat' dir='ltr'><strong><em>loquente,</em></strong></span> <span class='ocrx_word' id='word_1_577' title='bbox 1142 4337 1486 4404; x_wconf 88' lang='lat' dir='ltr'><strong><em>assumimur,</em></strong></span> <span class='ocrx_word' id='word_1_578' title='bbox 1518 4354 1640 4394; x_wconf 93' lang='lat' dir='ltr'><strong><em>cum</em></strong></span> <span class='ocrx_word' id='word_1_579' title='bbox 1670 4336 1825 4392; x_wconf 88' lang='lat' dir='ltr'><strong><em>nobis</em></strong></span> <span class='ocrx_word' id='word_1_580' title='bbox 1851 4352 1949 4407; x_wconf 85' lang='lat' dir='ltr'><strong><em>per</em></strong></span> <span class='ocrx_word' id='word_1_581' title='bbox 1984 4336 2110 4391; x_wconf 57' lang='lat' dir='ltr'><strong><em>sub-</em></strong></span> 
     </span>
    </p>
   </div>
   <div class='ocr_carea' id='block_1_75' title="bbox 512 4428 2109 4501">
    <p class='ocr_par' dir='ltr' id='par_1_75' title="bbox 512 4428 2109 4501">
     <span class='ocr_line' id='line_1_75' title="bbox 512 4428 2109 4501; baseline -0.004 -14"><span class='ocrx_word' id='word_1_582' title='bbox 512 4432 833 4487; x_wconf 84' lang='lat' dir='ltr'><strong><em>tractionem</em></strong></span> <span class='ocrx_word' id='word_1_583' title='bbox 856 4430 1040 4501; x_wconf 74' lang='lat' dir='ltr'><strong><em>gratim</em></strong></span> <span class='ocrx_word' id='word_1_584' title='bbox 1064 4437 1226 4495; x_wconf 89' lang='lat' dir='ltr'><strong><em>tacet,</em></strong></span> <span class='ocrx_word' id='word_1_585' title='bbox 1245 4429 1447 4485; x_wconf 88' lang='lat' dir='ltr'><strong><em>eisdem</em></strong></span> <span class='ocrx_word' id='word_1_586' title='bbox 1474 4428 1711 4485; x_wconf 83' lang='lat' dir='ltr'><strong><em>tenebris</em></strong></span> <span class='ocrx_word' id='word_1_587' title='bbox 1741 4428 2109 4497; x_wconf 87' lang='lat' dir='ltr'><strong><em>subjugamur.</em></strong></span> 
     </span>
    </p>
   </div>
   <div class='ocr_carea' id='block_1_76' title="bbox 400 4519 2108 4591">
    <p class='ocr_par' dir='ltr' id='par_1_76' title="bbox 400 4519 2108 4591">
     <span class='ocr_line' id='line_1_76' title="bbox 400 4519 2108 4591; baseline -0.003 -10"><span class='ocrx_word' id='word_1_588' title='bbox 400 4575 414 4581; x_wconf 92' lang='lat'><strong><em>-</em></strong></span> <span class='ocrx_word' id='word_1_589' title='bbox 511 4522 703 4578; x_wconf 85' lang='lat' dir='ltr'><strong><em>Merito</em></strong></span> <span class='ocrx_word' id='word_1_590' title='bbox 719 4522 877 4591; x_wconf 90' lang='lat' dir='ltr'><strong><em>igitur</em></strong></span> <span class='ocrx_word' id='word_1_591' title='bbox 897 4529 1045 4577; x_wconf 86' lang='lat' dir='ltr'><strong><em>tanto</em></strong></span> <span class='ocrx_word' id='word_1_592' title='bbox 1065 4522 1354 4577; x_wconf 88' lang='lat' dir='ltr'><strong><em>subvectus</em></strong></span> <span class='ocrx_word' id='word_1_593' title='bbox 1369 4522 1600 4577; x_wconf 88' lang='lat' dir='ltr'><strong><em>culmine</em></strong></span> <span class='ocrx_word' id='word_1_594' title='bbox 1618 4522 1844 4578; x_wconf 91' lang='lat' dir='ltr'><strong><em>Domino</em></strong></span> <span class='ocrx_word' id='word_1_595' title='bbox 1857 4522 1986 4577; x_wconf 88' lang='lat' dir='ltr'><strong><em>dicit</em></strong></span> <span class='ocrx_word' id='word_1_596' title='bbox 2000 4519 2108 4576; x_wconf 88' lang='lat' dir='ltr'><strong><em>Lo-</em></strong></span> 
     </span>
    </p>
   </div>
   <div class='ocr_carea' id='block_1_77' title="bbox 2209 3317 3820 3390">
    <p class='ocr_par' dir='ltr' id='par_1_77' title="bbox 2209 3317 3820 3390">
     <span class='ocr_line' id='line_1_77' title="bbox 2209 3317 3820 3390; baseline -0.002 -13"><span class='ocrx_word' id='word_1_597' title='bbox 2209 3322 2303 3377; x_wconf 67' lang='lat' dir='ltr'><strong><em>ria‘:</em></strong></span> <span class='ocrx_word' id='word_1_598' title='bbox 2331 3321 2558 3389; x_wconf 89' lang='lat' dir='ltr'><strong><em>visione,</em></strong></span> <span class='ocrx_word' id='word_1_599' title='bbox 2586 3327 2642 3375; x_wconf 91' lang='lat' dir='ltr'><strong><em>et</em></strong></span> <span class='ocrx_word' id='word_1_600' title='bbox 2666 3320 2882 3376; x_wconf 88' lang='lat' dir='ltr'><strong><em>bonitas</em></strong></span> <span class='ocrx_word' id='word_1_601' title='bbox 2920 3318 3301 3390; x_wconf 79' lang='lat' dir='ltr'><strong><em>Redemptoris</em></strong></span> <span class='ocrx_word' id='word_1_602' title='bbox 3328 3319 3590 3389; x_wconf 89' lang='lat' dir='ltr'><strong><em>aspicitur</em></strong></span> <span class='ocrx_word' id='word_1_603' title='bbox 3624 3317 3820 3374; x_wconf 76' lang='lat' dir='ltr'><strong><em>inetia-</em></strong></span> 
     </span>
    </p>
   </div>
   <div class='ocr_carea' id='block_1_78' title="bbox 2208 3410 3818 3485">
    <p class='ocr_par' dir='ltr' id='par_1_78' title="bbox 2208 3410 3818 3485">
     <span class='ocr_line' id='line_1_78' title="bbox 2208 3410 3818 3485; baseline -0.004 -13"><span class='ocrx_word' id='word_1_604' title='bbox 2208 3416 2390 3472; x_wconf 89' lang='lat' dir='ltr'><strong><em>biliter</em></strong></span> <span class='ocrx_word' id='word_1_605' title='bbox 2414 3414 2712 3481; x_wconf 87' lang='lat' dir='ltr'><strong><em>blandiens,</em></strong></span> <span class='ocrx_word' id='word_1_606' title='bbox 2735 3423 2791 3471; x_wconf 89' lang='lat' dir='ltr'><strong><em>et</em></strong></span> <span class='ocrx_word' id='word_1_607' title='bbox 2807 3414 3035 3485; x_wconf 77' lang='lat' dir='ltr'><strong><em>mquitas</em></strong></span> <span class='ocrx_word' id='word_1_608' title='bbox 3056 3412 3197 3468; x_wconf 90' lang='lat' dir='ltr'><strong><em>illius</em></strong></span> <span class='ocrx_word' id='word_1_609' title='bbox 3220 3410 3564 3467; x_wconf 84' lang='lat' dir='ltr'><strong><em>inelfabiliter</em></strong></span> <span class='ocrx_word' id='word_1_610' title='bbox 3583 3419 3818 3477; x_wconf 86' lang='lat' dir='ltr'><strong><em>terrens,</em></strong></span> 
     </span>
    </p>
   </div>
   <div class='ocr_carea' id='block_1_79' title="bbox 2210 3500 3819 3577">
    <p class='ocr_par' dir='ltr' id='par_1_79' title="bbox 2210 3500 3819 3577">
     <span class='ocr_line' id='line_1_79' title="bbox 2210 3500 3819 3577; baseline -0.003 -16"><span class='ocrx_word' id='word_1_611' title='bbox 2210 3513 2270 3561; x_wconf 91' lang='lat' dir='ltr'><strong><em>ut</em></strong></span> <span class='ocrx_word' id='word_1_612' title='bbox 2294 3520 2403 3577; x_wconf 92' lang='lat' dir='ltr'><strong><em>quo</em></strong></span> <span class='ocrx_word' id='word_1_613' title='bbox 2432 3504 2661 3560; x_wconf 89' lang='lat' dir='ltr'><strong><em>videntis</em></strong></span> <span class='ocrx_word' id='word_1_614' title='bbox 2691 3503 2904 3559; x_wconf 90' lang='lat' dir='ltr'><strong><em>animus</em></strong></span> <span class='ocrx_word' id='word_1_615' title='bbox 2933 3503 3000 3559; x_wconf 90' lang='lat' dir='ltr'><strong><em>de</em></strong></span> <span class='ocrx_word' id='word_1_616' title='bbox 3021 3511 3273 3573; x_wconf 79' lang='lat' dir='ltr'><strong><em>respecm</em></strong></span> <span class='ocrx_word' id='word_1_617' title='bbox 3305 3501 3401 3557; x_wconf 91' lang='lat' dir='ltr'><strong><em>Dei</em></strong></span> <span class='ocrx_word' id='word_1_618' title='bbox 3426 3500 3674 3556; x_wconf 89' lang='lat' dir='ltr'><strong><em>bonitate</em></strong></span> <span class='ocrx_word' id='word_1_619' title='bbox 3694 3501 3819 3556; x_wconf 85' lang='lat' dir='ltr'><strong><em>dul-</em></strong></span> 
     </span>
    </p>
   </div>
   <div class='ocr_carea' id='block_1_80' title="bbox 2210 3594 3820 3667">
    <p class='ocr_par' dir='ltr' id='par_1_80' title="bbox 2210 3594 3820 3667">
     <span class='ocr_line' id='line_1_80' title="bbox 2210 3594 3820 3667; baseline -0.002 -14"><span class='ocrx_word' id='word_1_620' title='bbox 2210 3597 2323 3654; x_wconf 90' lang='lat' dir='ltr'><strong><em>cius</em></strong></span> <span class='ocrx_word' id='word_1_621' title='bbox 2352 3597 2620 3667; x_wconf 90' lang='lat' dir='ltr'><strong><em>pascitur,</em></strong></span> <span class='ocrx_word' id='word_1_622' title='bbox 2669 3596 3105 3652; x_wconf 90' lang='lat' dir='ltr'><strong><em>consideratione</em></strong></span> <span class='ocrx_word' id='word_1_623' title='bbox 3149 3594 3418 3663; x_wconf 73' lang='lat' dir='ltr'><strong><em>mquitatis</em></strong></span> <span class='ocrx_word' id='word_1_624' title='bbox 3458 3596 3681 3649; x_wconf 87' lang='lat' dir='ltr'><strong><em>territus</em></strong></span> <span class='ocrx_word' id='word_1_625' title='bbox 3725 3610 3820 3650; x_wconf 63' lang='lat' dir='ltr'><strong><em>ea-</em></strong></span> 
     </span>
    </p>
   </div>
   <div class='ocr_carea' id='block_1_81' title="bbox 2210 3684 3821 3759">
    <p class='ocr_par' dir='ltr' id='par_1_81' title="bbox 2210 3684 3821 3759">
     <span class='ocr_line' id='line_1_81' title="bbox 2210 3684 3821 3759; baseline -0.004 -12"><span class='ocrx_word' id='word_1_626' title='bbox 2210 3699 2356 3759; x_wconf 89' lang='lat' dir='ltr'><strong><em>veat,</em></strong></span> <span class='ocrx_word' id='word_1_627' title='bbox 2386 3706 2456 3747; x_wconf 92' lang='lat' dir='ltr'><strong><em>ne</em></strong></span> <span class='ocrx_word' id='word_1_628' title='bbox 2484 3690 2716 3746; x_wconf 89' lang='lat' dir='ltr'><strong><em>inaniter</em></strong></span> <span class='ocrx_word' id='word_1_629' title='bbox 2753 3689 2999 3745; x_wconf 89' lang='lat' dir='ltr'><strong><em>satietur.</em></strong></span> <span class='ocrx_word' id='word_1_630' title='bbox 3046 3684 3199 3743; x_wconf 89' lang='lat' dir='ltr'><strong><em>Unde</em></strong></span> <span class='ocrx_word' id='word_1_631' title='bbox 3229 3695 3283 3743; x_wconf 89' lang='lat' dir='ltr'><strong><em>et</em></strong></span> <span class='ocrx_word' id='word_1_632' title='bbox 3308 3687 3548 3752; x_wconf 91' lang='lat' dir='ltr'><strong><em>Samuel,</em></strong></span> <span class='ocrx_word' id='word_1_633' title='bbox 3592 3702 3717 3741; x_wconf 90' lang='lat' dir='ltr'><strong><em>cum</em></strong></span> <span class='ocrx_word' id='word_1_634' title='bbox 3749 3686 3821 3741; x_wconf 89' lang='lat' dir='ltr'><strong><em>ad</em></strong></span> 
     </span>
    </p>
   </div>
   <div class='ocr_carea' id='block_1_82' title="bbox 2210 3779 3859 3846">
    <p class='ocr_par' dir='ltr' id='par_1_82' title="bbox 2210 3779 3859 3846">
     <span class='ocr_line' id='line_1_82' title="bbox 2210 3779 3859 3846; baseline -0.004 -5"><span class='ocrx_word' id='word_1_635' title='bbox 2210 3785 2403 3841; x_wconf 70' lang='lat' dir='ltr'><strong><em>divinae</em></strong></span> <span class='ocrx_word' id='word_1_636' title='bbox 2451 3782 2740 3839; x_wconf 90' lang='lat' dir='ltr'><strong><em>locutionis</em></strong></span> <span class='ocrx_word' id='word_1_637' title='bbox 2788 3780 3209 3837; x_wconf 80' lang='lat' dir='ltr'><strong><em>familiaritatem</em></strong></span> <span class='ocrx_word' id='word_1_638' title='bbox 3253 3779 3573 3846; x_wconf 90' lang='lat' dir='ltr'><strong><em>sustollitur,</em></strong></span> <span class='ocrx_word' id='word_1_639' title='bbox 3605 3780 3657 3834; x_wconf 89' lang='lat' dir='ltr'><strong><em>ei</em></strong></span> <span class='ocrx_word' id='word_1_640' title='bbox 3705 3794 3816 3835; x_wconf 86' lang='lat' dir='ltr'><strong><em>non</em></strong></span> <span class='ocrx_word' id='word_1_641' title='bbox 3852 3782 3859 3791; x_wconf 83' lang='lat'>&#39;</span> 
     </span>
    </p>
   </div>
   <div class='ocr_carea' id='block_1_83' title="bbox 2210 3872 3823 3947">
    <p class='ocr_par' dir='ltr' id='par_1_83' title="bbox 2210 3872 3823 3947">
     <span class='ocr_line' id='line_1_83' title="bbox 2210 3872 3823 3947; baseline -0.004 -13"><span class='ocrx_word' id='word_1_642' title='bbox 2210 3879 2334 3935; x_wconf 66' lang='lat' dir='ltr'><strong><em>laeta</em></strong></span> <span class='ocrx_word' id='word_1_643' title='bbox 2364 3878 2432 3933; x_wconf 90' lang='lat' dir='ltr'><strong><em>de</em></strong></span> <span class='ocrx_word' id='word_1_644' title='bbox 2457 3877 2757 3934; x_wconf 88' lang='lat' dir='ltr'><strong><em>electorum</em></strong></span> <span class='ocrx_word' id='word_1_645' title='bbox 2784 3874 3048 3947; x_wconf 90' lang='lat' dir='ltr'><strong><em>profectu,</em></strong></span> <span class='ocrx_word' id='word_1_646' title='bbox 3080 3874 3176 3930; x_wconf 90' lang='lat' dir='ltr'><strong><em>sed</em></strong></span> <span class='ocrx_word' id='word_1_647' title='bbox 3208 3874 3276 3930; x_wconf 91' lang='lat' dir='ltr'><strong><em>de</em></strong></span> <span class='ocrx_word' id='word_1_648' title='bbox 3306 3884 3331 3912; x_wconf 71' lang='grc' dir='ltr'>ι</span> <span class='ocrx_word' id='word_1_649' title='bbox 3374 3886 3697 3943; x_wconf 86' lang='lat' dir='ltr'><strong><em>magnorum</em></strong></span> <span class='ocrx_word' id='word_1_650' title='bbox 3724 3872 3823 3928; x_wconf 84' lang='lat' dir='ltr'><strong><em>de-</em></strong></span> 
     </span>
    </p>
   </div>
   <div class='ocr_carea' id='block_1_84' title="bbox 2211 3964 3487 4027">
    <p class='ocr_par' dir='ltr' id='par_1_84' title="bbox 2211 3964 3487 4027">
     <span class='ocr_line' id='line_1_84' title="bbox 2211 3964 3487 4027; baseline -0.005 -2"><span class='ocrx_word' id='word_1_651' title='bbox 2211 3971 2357 4027; x_wconf 86' lang='lat' dir='ltr'><strong><em>fectu</em></strong></span> <span class='ocrx_word' id='word_1_652' title='bbox 2387 3968 2647 4024; x_wconf 89' lang='lat' dir='ltr'><strong><em>terribilia</em></strong></span> <span class='ocrx_word' id='word_1_653' title='bbox 2681 3967 3015 4022; x_wconf 89' lang='lat' dir='ltr'><strong><em>nuntiantur.</em></strong></span> <span class='ocrx_word' id='word_1_654' title='bbox 3046 3964 3179 4021; x_wconf 88' lang='lat' dir='ltr'><strong><em>Nam</em></strong></span> <span class='ocrx_word' id='word_1_655' title='bbox 3202 3964 3449 4021; x_wconf 89' lang='lat' dir='ltr'><strong><em>subditur</em></strong></span> <span class='ocrx_word' id='word_1_656' title='bbox 3474 3982 3487 4018; x_wconf 87' lang='lat'><strong>:</strong></span> 
     </span>
    </p>
   </div>
   <div class='ocr_carea' id='block_1_85' title="bbox 2286 4055 3821 4132">
    <p class='ocr_par' dir='ltr' id='par_1_85' title="bbox 2286 4055 3821 4132">
     <span class='ocr_line' id='line_1_85' title="bbox 2286 4055 3821 4132; baseline -0.004 -15"><span class='ocrx_word' id='word_1_657' title='bbox 2286 4060 2463 4132; x_wconf 77' lang='lat' dir='ltr'><strong><em>(Vera.</em></strong></span> <span class='ocrx_word' id='word_1_658' title='bbox 2490 4060 2602 4132; x_wconf 82' lang='lat' dir='ltr'><strong><em>ll.)</em></strong></span> <span class='ocrx_word' id='word_1_659' title='bbox 2636 4058 2703 4112; x_wconf 90' lang='lat' dir='ltr'><strong><em>Et</em></strong></span> <span class='ocrx_word' id='word_1_660' title='bbox 2720 4061 2793 4113; x_wconf 88' lang='lat' dir='ltr'><strong><em>ait</em></strong></span> <span class='ocrx_word' id='word_1_661' title='bbox 2813 4058 3069 4114; x_wconf 82' lang='lat' dir='ltr'><strong><em>Dominus</em></strong></span> <span class='ocrx_word' id='word_1_662' title='bbox 3096 4058 3165 4112; x_wconf 86' lang='lat' dir='ltr'><strong><em>ad</em></strong></span> <span class='ocrx_word' id='word_1_663' title='bbox 3193 4057 3491 4113; x_wconf 87' lang='lat' dir='ltr'><strong><em>Samuelem</em></strong></span> <span class='ocrx_word' id='word_1_664' title='bbox 3514 4073 3533 4111; x_wconf 90' lang='lat'><em>:</em></span> <span class='ocrx_word' id='word_1_665' title='bbox 3560 4055 3699 4111; x_wconf 81' lang='lat' dir='ltr'><strong><em>Ecce</em></strong></span> <span class='ocrx_word' id='word_1_666' title='bbox 3719 4074 3821 4129; x_wconf 81' lang='lat' dir='ltr'><strong><em>ego</em></strong></span> 
     </span>
    </p>
   </div>
   <div class='ocr_carea' id='block_1_86' title="bbox 2214 4151 3823 4228">
    <p class='ocr_par' dir='ltr' id='par_1_86' title="bbox 2214 4151 3823 4228">
     <span class='ocr_line' id='line_1_86' title="bbox 2214 4151 3823 4228; baseline -0.002 -18"><span class='ocrx_word' id='word_1_667' title='bbox 2214 4156 2352 4228; x_wconf 77' lang='lat' dir='ltr'><strong><em>facio</em></strong></span> <span class='ocrx_word' id='word_1_668' title='bbox 2394 4156 2604 4210; x_wconf 84' lang='lat' dir='ltr'><strong><em>verbum</em></strong></span> <span class='ocrx_word' id='word_1_669' title='bbox 2647 4156 2702 4209; x_wconf 84' lang='lat' dir='ltr'><strong><em>in</em></strong></span> <span class='ocrx_word' id='word_1_670' title='bbox 2732 4153 2925 4223; x_wconf 85' lang='lat' dir='ltr'><strong><em>Israel,</em></strong></span> <span class='ocrx_word' id='word_1_671' title='bbox 2964 4153 3101 4226; x_wconf 88' lang='lat' dir='ltr'><strong><em>quod</em></strong></span> <span class='ocrx_word' id='word_1_672' title='bbox 3129 4154 3417 4225; x_wconf 84' lang='lat' dir='ltr'><strong><em>quicunque</em></strong></span> <span class='ocrx_word' id='word_1_673' title='bbox 3436 4151 3684 4218; x_wconf 84' lang='lat' dir='ltr'><strong><em>audierit,</em></strong></span> <span class='ocrx_word' id='word_1_674' title='bbox 3714 4153 3823 4206; x_wconf 78' lang='lat' dir='ltr'><strong><em>tin-</em></strong></span> 
     </span>
    </p>
   </div>
   <div class='ocr_carea' id='block_1_87' title="bbox 2214 4246 2897 4317">
    <p class='ocr_par' dir='ltr' id='par_1_87' title="bbox 2214 4246 2897 4317">
     <span class='ocr_line' id='line_1_87' title="bbox 2214 4246 2897 4317; baseline 0 -16"><span class='ocrx_word' id='word_1_675' title='bbox 2214 4249 2359 4302; x_wconf 85' lang='lat' dir='ltr'><strong><em>nient</em></strong></span> <span class='ocrx_word' id='word_1_676' title='bbox 2392 4246 2559 4303; x_wconf 75' lang='lat' dir='ltr'><strong><em>amba:</em></strong></span> <span class='ocrx_word' id='word_1_677' title='bbox 2589 4263 2742 4301; x_wconf 84' lang='lat' dir='ltr'><strong><em>aures</em></strong></span> <span class='ocrx_word' id='word_1_678' title='bbox 2763 4248 2897 4317; x_wconf 83' lang='lat' dir='ltr'><strong><em>ejus.</em></strong></span> 
     </span>
    </p>
   </div>
   <div class='ocr_carea' id='block_1_88' title="bbox 2286 4338 3825 4412">
    <p class='ocr_par' dir='ltr' id='par_1_88' title="bbox 2286 4338 3825 4412">
     <span class='ocr_line' id='line_1_88' title="bbox 2286 4338 3825 4412; baseline -0.001 -17"><span class='ocrx_word' id='word_1_679' title='bbox 2286 4341 2375 4396; x_wconf 84' lang='lat' dir='ltr'><strong><em>l9.</em></strong></span> <span class='ocrx_word' id='word_1_680' title='bbox 2420 4341 2565 4396; x_wconf 90' lang='lat' dir='ltr'><strong><em>lnter</em></strong></span> <span class='ocrx_word' id='word_1_681' title='bbox 2593 4342 2735 4396; x_wconf 90' lang='lat' dir='ltr'><strong><em>dona</em></strong></span> <span class='ocrx_word' id='word_1_682' title='bbox 2783 4340 2986 4412; x_wconf 87' lang='lat' dir='ltr'><strong><em>quippe</em></strong></span> <span class='ocrx_word' id='word_1_683' title='bbox 3030 4338 3284 4395; x_wconf 88' lang='lat' dir='ltr'><strong><em>sublimia</em></strong></span> <span class='ocrx_word' id='word_1_684' title='bbox 3333 4338 3509 4394; x_wconf 91' lang='lat' dir='ltr'><strong><em>electa</em></strong></span> <span class='ocrx_word' id='word_1_685' title='bbox 3559 4351 3717 4392; x_wconf 90' lang='lat' dir='ltr'><strong><em>mens</em></strong></span> <span class='ocrx_word' id='word_1_686' title='bbox 3748 4351 3825 4393; x_wconf 86' lang='lat' dir='ltr'><strong><em>eo</em></strong></span> 
     </span>
    </p>
   </div>
   <div class='ocr_carea' id='block_1_89' title="bbox 2214 4432 3823 4503">
    <p class='ocr_par' dir='ltr' id='par_1_89' title="bbox 2214 4432 3823 4503">
     <span class='ocr_line' id='line_1_89' title="bbox 2214 4432 3823 4503; baseline -0.004 -13"><span class='ocrx_word' id='word_1_687' title='bbox 2214 4434 2426 4490; x_wconf 90' lang='lat' dir='ltr'><strong><em>cautius</em></strong></span> <span class='ocrx_word' id='word_1_688' title='bbox 2466 4436 2535 4490; x_wconf 91' lang='lat' dir='ltr'><strong><em>ab</em></strong></span> <span class='ocrx_word' id='word_1_689' title='bbox 2565 4434 2801 4490; x_wconf 90' lang='lat' dir='ltr'><strong><em>elatione</em></strong></span> <span class='ocrx_word' id='word_1_690' title='bbox 2853 4434 3239 4503; x_wconf 89' lang='lat' dir='ltr'><strong><em>compescitur,</em></strong></span> <span class='ocrx_word' id='word_1_691' title='bbox 3296 4447 3404 4503; x_wconf 90' lang='lat' dir='ltr'><strong><em>quo</em></strong></span> <span class='ocrx_word' id='word_1_692' title='bbox 3433 4447 3533 4502; x_wconf 91' lang='lat' dir='ltr'><strong><em>per</em></strong></span> <span class='ocrx_word' id='word_1_693' title='bbox 3560 4432 3823 4501; x_wconf 84' lang='lat' dir='ltr'><strong><em>omnipo-</em></strong></span> 
     </span>
    </p>
   </div>
   <div class='ocr_carea' id='block_1_90' title="bbox 2217 4521 3825 4595">
    <p class='ocr_par' dir='ltr' id='par_1_90' title="bbox 2217 4521 3825 4595">
     <span class='ocr_line' id='line_1_90' title="bbox 2217 4521 3825 4595; baseline -0.003 -15"><span class='ocrx_word' id='word_1_694' title='bbox 2217 4526 2381 4581; x_wconf 91' lang='lat' dir='ltr'><strong><em>tentis</em></strong></span> <span class='ocrx_word' id='word_1_695' title='bbox 2414 4526 2508 4581; x_wconf 92' lang='lat' dir='ltr'><strong><em>Dei</em></strong></span> <span class='ocrx_word' id='word_1_696' title='bbox 2533 4526 2803 4595; x_wconf 88' lang='lat' dir='ltr'><strong><em>justitiam</em></strong></span> <span class='ocrx_word' id='word_1_697' title='bbox 2830 4525 2993 4579; x_wconf 89' lang='lat' dir='ltr'><strong><em>etiam</em></strong></span> <span class='ocrx_word' id='word_1_698' title='bbox 3038 4524 3157 4581; x_wconf 90' lang='lat' dir='ltr'><strong><em>illos</em></strong></span> <span class='ocrx_word' id='word_1_699' title='bbox 3179 4523 3426 4595; x_wconf 89' lang='lat' dir='ltr'><strong><em>repulsos</em></strong></span> <span class='ocrx_word' id='word_1_700' title='bbox 3455 4522 3668 4592; x_wconf 90' lang='lat' dir='ltr'><strong><em>aspicit,</em></strong></span> <span class='ocrx_word' id='word_1_701' title='bbox 3722 4521 3825 4590; x_wconf 88' lang='lat' dir='ltr'><strong><em>qui</em></strong></span> 
     </span>
    </p>
   </div>
   <div class='ocr_carea' id='block_1_91' title="bbox 514 4611 3827 4688">
    <p class='ocr_par' dir='ltr' id='par_1_91' title="bbox 514 4611 3827 4688">
     <span class='ocr_line' id='line_1_91' title="bbox 514 4611 3827 4688; baseline -0.001 -20"><span class='ocrx_word' id='word_1_702' title='bbox 514 4630 691 4688; x_wconf 86' lang='lat' dir='ltr'><strong><em>quere,</em></strong></span> <span class='ocrx_word' id='word_1_703' title='bbox 721 4614 846 4682; x_wconf 92' lang='lat' dir='ltr'><strong><em>quia</em></strong></span> <span class='ocrx_word' id='word_1_704' title='bbox 874 4628 940 4669; x_wconf 94' lang='lat' dir='ltr'><strong><em>eo</em></strong></span> <span class='ocrx_word' id='word_1_705' title='bbox 976 4611 1175 4667; x_wconf 86' lang='lat' dir='ltr'><strong><em>interni</em></strong></span> <span class='ocrx_word' id='word_1_706' title='bbox 1200 4612 1412 4667; x_wconf 90' lang='lat' dir='ltr'><strong><em>auditus</em></strong></span> <span class='ocrx_word' id='word_1_707' title='bbox 1437 4612 1634 4681; x_wconf 87' lang='lat' dir='ltr'><strong><em>gaudio</em></strong></span> <span class='ocrx_word' id='word_1_708' title='bbox 1661 4613 1762 4668; x_wconf 88' lang='lat' dir='ltr'><strong><em>sibi</em></strong></span> <span class='ocrx_word' id='word_1_709' title='bbox 1788 4612 2113 4682; x_wconf 77' lang='lat' dir='ltr'><strong><em>complacet,</em></strong></span> <span class='ocrx_word' id='word_1_710' title='bbox 2144 4612 2197 4673; x_wconf 87' lang='grc' dir='ltr'><strong>Ι)</strong></span> <span class='ocrx_word' id='word_1_711' title='bbox 2222 4615 2791 4672; x_wconf 87' lang='lat' dir='ltr'><strong><em>donissublimioribus</em></strong></span> <span class='ocrx_word' id='word_1_712' title='bbox 2814 4613 2933 4669; x_wconf 82' lang='lat' dir='ltr'><strong><em>fulti</em></strong></span> <span class='ocrx_word' id='word_1_713' title='bbox 2954 4629 3075 4670; x_wconf 89' lang='lat' dir='ltr'><strong><em>esse</em></strong></span> <span class='ocrx_word' id='word_1_714' title='bbox 3096 4614 3439 4669; x_wconf 87' lang='lat' dir='ltr'><strong><em>videbantur.</em></strong></span> <span class='ocrx_word' id='word_1_715' title='bbox 3461 4614 3641 4680; x_wconf 90' lang='lat' dir='ltr'><strong><em>Quare</em></strong></span> <span class='ocrx_word' id='word_1_716' title='bbox 3670 4619 3727 4668; x_wconf 90' lang='lat' dir='ltr'><strong><em>et</em></strong></span> <span class='ocrx_word' id='word_1_717' title='bbox 3748 4611 3827 4666; x_wconf 86' lang='lat' dir='ltr'><strong><em>de</em></strong></span> 
     </span>
    </p>
   </div>
   <div class='ocr_carea' id='block_1_92' title="bbox 510 4704 2109 4775">
    <p class='ocr_par' dir='ltr' id='par_1_92' title="bbox 510 4704 2109 4775">
     <span class='ocr_line' id='line_1_92' title="bbox 510 4704 2109 4775; baseline -0.001 -16"><span class='ocrx_word' id='word_1_718' title='bbox 510 4719 619 4775; x_wconf 89' lang='lat' dir='ltr'><strong><em>quo</em></strong></span> <span class='ocrx_word' id='word_1_719' title='bbox 648 4704 700 4758; x_wconf 92' lang='lat' dir='ltr'><strong><em>in</em></strong></span> <span class='ocrx_word' id='word_1_720' title='bbox 728 4704 1084 4759; x_wconf 79' lang='lat' dir='ltr'><strong><em>exterioribus</em></strong></span> <span class='ocrx_word' id='word_1_721' title='bbox 1112 4704 1223 4759; x_wconf 90' lang='lat' dir='ltr'><strong><em>suis</em></strong></span> <span class='ocrx_word' id='word_1_722' title='bbox 1245 4704 1375 4758; x_wconf 89' lang='lat' dir='ltr'><strong><em>nihil</em></strong></span> <span class='ocrx_word' id='word_1_723' title='bbox 1406 4704 1582 4774; x_wconf 88' lang='lat' dir='ltr'><strong><em>placet</em></strong></span> <span class='ocrx_word' id='word_1_724' title='bbox 1608 4723 1622 4771; x_wconf 89' lang='lat'><strong>;</strong></span> <span class='ocrx_word' id='word_1_725' title='bbox 1654 4713 1711 4760; x_wconf 92' lang='lat' dir='ltr'><strong><em>et</em></strong></span> <span class='ocrx_word' id='word_1_726' title='bbox 1736 4719 1957 4760; x_wconf 89' lang='lat' dir='ltr'><strong><em>manere</em></strong></span> <span class='ocrx_word' id='word_1_727' title='bbox 1984 4719 2109 4759; x_wconf 91' lang='lat' dir='ltr'><strong><em>cum</em></strong></span> 
     </span>
    </p>
   </div>
   <div class='ocr_carea' id='block_1_93' title="bbox 472 4799 2111 4875">
    <p class='ocr_par' dir='ltr' id='par_1_93' title="bbox 472 4799 2111 4875">
     <span class='ocr_line' id='line_1_93' title="bbox 472 4799 2111 4875; baseline 0.001 -19"><span class='ocrx_word' id='word_1_728' title='bbox 472 4799 858 4868; x_wconf 41' lang='lat' dir='ltr'><strong><em>Icolloquente</em></strong></span> <span class='ocrx_word' id='word_1_729' title='bbox 900 4815 1083 4854; x_wconf 86' lang='lat' dir='ltr'><strong><em>secum</em></strong></span> <span class='ocrx_word' id='word_1_730' title='bbox 1124 4808 1275 4856; x_wconf 90' lang='lat' dir='ltr'><strong><em>tanto</em></strong></span> <span class='ocrx_word' id='word_1_731' title='bbox 1304 4801 1579 4857; x_wconf 86' lang='lat' dir='ltr'><strong><em>ardentius</em></strong></span> <span class='ocrx_word' id='word_1_732' title='bbox 1617 4811 1861 4872; x_wconf 90' lang='lat' dir='ltr'><strong><em>cuperet,</em></strong></span> <span class='ocrx_word' id='word_1_733' title='bbox 1907 4808 2111 4875; x_wconf 88' lang='lat' dir='ltr'><strong><em>quanto</em></strong></span> 
     </span>
    </p>
   </div>
   <div class='ocr_carea' id='block_1_94' title="bbox 512 4890 2035 4965">
    <p class='ocr_par' dir='ltr' id='par_1_94' title="bbox 512 4890 2035 4965">
     <span class='ocr_line' id='line_1_94' title="bbox 512 4890 2035 4965; baseline 0.003 -20"><span class='ocrx_word' id='word_1_734' title='bbox 512 4890 580 4945; x_wconf 91' lang='lat' dir='ltr'><strong><em>ad</em></strong></span> <span class='ocrx_word' id='word_1_735' title='bbox 605 4891 813 4946; x_wconf 88' lang='lat' dir='ltr'><strong><em>inﬁrma</em></strong></span> <span class='ocrx_word' id='word_1_736' title='bbox 836 4905 931 4946; x_wconf 89' lang='lat' dir='ltr'><strong><em>sua</em></strong></span> <span class='ocrx_word' id='word_1_737' title='bbox 960 4891 1212 4948; x_wconf 89' lang='lat' dir='ltr'><strong><em>libentius</em></strong></span> <span class='ocrx_word' id='word_1_738' title='bbox 1235 4908 1512 4963; x_wconf 91' lang='lat' dir='ltr'><strong><em>nunquam</em></strong></span> <span class='ocrx_word' id='word_1_739' title='bbox 1534 4894 1733 4965; x_wconf 89' lang='lat' dir='ltr'><strong><em>deponi</em></strong></span> <span class='ocrx_word' id='word_1_740' title='bbox 1754 4894 2035 4951; x_wconf 88' lang='lat' dir='ltr'><strong><em>voluisset.</em></strong></span> 
     </span>
    </p>
   </div>
   <div class='ocr_carea' id='block_1_95' title="bbox 589 4983 2112 5051">
    <p class='ocr_par' dir='ltr' id='par_1_95' title="bbox 589 4983 2112 5051">
     <span class='ocr_line' id='line_1_95' title="bbox 589 4983 2112 5051; baseline 0.002 -15"><span class='ocrx_word' id='word_1_741' title='bbox 589 4983 677 5037; x_wconf 82' lang='grc'><strong><em>18.</em></strong></span> <span class='ocrx_word' id='word_1_742' title='bbox 714 4983 888 5039; x_wconf 85' lang='lat' dir='ltr'><strong><em>Etiam</em></strong></span> <span class='ocrx_word' id='word_1_743' title='bbox 906 5025 921 5049; x_wconf 94' lang='lat'><strong><em>,</em></strong></span> <span class='ocrx_word' id='word_1_744' title='bbox 944 4992 1167 5041; x_wconf 89' lang='lat' dir='ltr'><strong><em>auctore</em></strong></span> <span class='ocrx_word' id='word_1_745' title='bbox 1190 4983 1324 5051; x_wconf 87' lang='lat' dir='ltr'><strong><em>Deo,</em></strong></span> <span class='ocrx_word' id='word_1_746' title='bbox 1352 5000 1475 5042; x_wconf 91' lang='lat' dir='ltr'><strong><em>cum</em></strong></span> <span class='ocrx_word' id='word_1_747' title='bbox 1504 4985 1732 5042; x_wconf 91' lang='lat' dir='ltr'><strong><em>Domino</em></strong></span> <span class='ocrx_word' id='word_1_748' title='bbox 1769 4985 1996 5041; x_wconf 91' lang='lat' dir='ltr'><strong><em>dicimus</em></strong></span> <span class='ocrx_word' id='word_1_749' title='bbox 2034 4984 2112 5039; x_wconf 71' lang='grc' dir='ltr'><strong><em>ιο.</em></strong></span> 
     </span>
    </p>
   </div>
   <div class='ocr_carea' id='block_1_96' title="bbox 513 5076 2112 5151">
    <p class='ocr_par' dir='ltr' id='par_1_96' title="bbox 513 5076 2112 5151">
     <span class='ocr_line' id='line_1_96' title="bbox 513 5076 2112 5151; baseline 0.001 -19"><span class='ocrx_word' id='word_1_750' title='bbox 513 5094 689 5151; x_wconf 86' lang='lat' dir='ltr'><strong><em>quere,</em></strong></span> <span class='ocrx_word' id='word_1_751' title='bbox 717 5078 834 5149; x_wconf 90' lang='lat' dir='ltr'><strong><em>ipso</em></strong></span> <span class='ocrx_word' id='word_1_752' title='bbox 870 5079 1111 5136; x_wconf 88' lang='lat' dir='ltr'><strong><em>donante</em></strong></span> <span class='ocrx_word' id='word_1_753' title='bbox 1145 5078 1390 5148; x_wconf 87' lang='lat' dir='ltr'><strong><em>dicimus,</em></strong></span> <span class='ocrx_word' id='word_1_754' title='bbox 1420 5078 1516 5135; x_wconf 90' lang='lat' dir='ltr'><strong><em>sed</em></strong></span> <span class='ocrx_word' id='word_1_755' title='bbox 1544 5087 1722 5134; x_wconf 88' lang='lat' dir='ltr'><strong><em>tamen</em></strong></span> <span class='ocrx_word' id='word_1_756' title='bbox 1770 5094 1879 5149; x_wconf 87' lang='lat' dir='ltr'><strong><em>quo</em></strong></span> <span class='ocrx_word' id='word_1_757' title='bbox 1913 5076 2112 5134; x_wconf 82' lang='lat' dir='ltr'><strong><em>affectu</em></strong></span> 
     </span>
    </p>
   </div>
   <div class='ocr_carea' id='block_1_97' title="bbox 516 5169 2110 5242">
    <p class='ocr_par' dir='ltr' id='par_1_97' title="bbox 516 5169 2110 5242">
     <span class='ocr_line' id='line_1_97' title="bbox 516 5169 2110 5242; baseline -0.002 -16"><span class='ocrx_word' id='word_1_758' title='bbox 516 5172 569 5226; x_wconf 89' lang='lat' dir='ltr'><strong><em>id</em></strong></span> <span class='ocrx_word' id='word_1_759' title='bbox 598 5170 649 5226; x_wconf 92' lang='lat' dir='ltr'><strong><em>ei</em></strong></span> <span class='ocrx_word' id='word_1_760' title='bbox 678 5170 1028 5242; x_wconf 88' lang='lat' dir='ltr'><strong><em>perfectiores</em></strong></span> <span class='ocrx_word' id='word_1_761' title='bbox 1069 5171 1227 5227; x_wconf 92' lang='lat' dir='ltr'><strong><em>electi</em></strong></span> <span class='ocrx_word' id='word_1_762' title='bbox 1258 5172 1440 5228; x_wconf 88' lang='lat' dir='ltr'><strong><em>dicant</em></strong></span> <span class='ocrx_word' id='word_1_763' title='bbox 1468 5170 1652 5227; x_wconf 90' lang='lat' dir='ltr'><strong><em>dicere</em></strong></span> <span class='ocrx_word' id='word_1_764' title='bbox 1686 5186 1794 5227; x_wconf 94' lang='lat' dir='ltr'><strong><em>non</em></strong></span> <span class='ocrx_word' id='word_1_765' title='bbox 1837 5169 2110 5238; x_wconf 90' lang='lat' dir='ltr'><strong><em>valemus,</em></strong></span> 
     </span>
    </p>
   </div>
   <div class='ocr_carea' id='block_1_98' title="bbox 514 5262 2114 5335">
    <p class='ocr_par' dir='ltr' id='par_1_98' title="bbox 514 5262 2114 5335">
     <span class='ocr_line' id='line_1_98' title="bbox 514 5262 2114 5335; baseline 0.001 -18"><span class='ocrx_word' id='word_1_766' title='bbox 514 5263 638 5334; x_wconf 90' lang='lat' dir='ltr'><strong><em>quia</em></strong></span> <span class='ocrx_word' id='word_1_767' title='bbox 670 5262 814 5334; x_wconf 91' lang='lat' dir='ltr'><strong><em>quod</em></strong></span> <span class='ocrx_word' id='word_1_768' title='bbox 842 5263 1089 5320; x_wconf 89' lang='lat' dir='ltr'><strong><em>desiderii</em></strong></span> <span class='ocrx_word' id='word_1_769' title='bbox 1121 5273 1204 5320; x_wconf 88' lang='lat' dir='ltr'><strong><em>est</em></strong></span> <span class='ocrx_word' id='word_1_770' title='bbox 1229 5262 1516 5321; x_wconf 68' lang='lat' dir='ltr'><strong><em>ineifabilis</em></strong></span> <span class='ocrx_word' id='word_1_771' title='bbox 1548 5280 1656 5319; x_wconf 91' lang='lat' dir='ltr'><strong><em>non</em></strong></span> <span class='ocrx_word' id='word_1_772' title='bbox 1685 5267 2006 5335; x_wconf 83' lang='lat' dir='ltr'><strong><em>exprimitur</em></strong></span> <span class='ocrx_word' id='word_1_773' title='bbox 2031 5262 2114 5318; x_wconf 94' lang='lat' dir='ltr'><strong><em>lo-</em></strong></span> 
     </span>
    </p>
   </div>
   <div class='ocr_carea' id='block_1_99' title="bbox 513 5352 2114 5426">
    <p class='ocr_par' dir='ltr' id='par_1_99' title="bbox 513 5352 2114 5426">
     <span class='ocr_line' id='line_1_99' title="bbox 513 5352 2114 5426; baseline 0.004 -19"><span class='ocrx_word' id='word_1_774' title='bbox 513 5352 731 5407; x_wconf 89' lang='lat' dir='ltr'><strong><em>cutione</em></strong></span> <span class='ocrx_word' id='word_1_775' title='bbox 760 5354 1007 5411; x_wconf 87' lang='lat' dir='ltr'><strong><em>rationis.</em></strong></span> <span class='ocrx_word' id='word_1_776' title='bbox 1038 5353 1209 5421; x_wconf 90' lang='lat' dir='ltr'><strong><em>Quem</em></strong></span> <span class='ocrx_word' id='word_1_777' title='bbox 1258 5353 1505 5426; x_wconf 86' lang='lat' dir='ltr'><strong><em>profecto</em></strong></span> <span class='ocrx_word' id='word_1_778' title='bbox 1545 5353 1798 5409; x_wconf 85' lang='lat' dir='ltr'><strong><em>affectum</em></strong></span> <span class='ocrx_word' id='word_1_779' title='bbox 1840 5355 1981 5413; x_wconf 87' lang='lat' dir='ltr'><strong><em>bene</em></strong></span> <span class='ocrx_word' id='word_1_780' title='bbox 2012 5356 2114 5414; x_wconf 85' lang='lat' dir='ltr'><strong><em>Pe-</em></strong></span> 
     </span>
    </p>
   </div>
   <div class='ocr_carea' id='block_1_100' title="bbox 516 5444 2111 5516">
    <p class='ocr_par' dir='ltr' id='par_1_100' title="bbox 516 5444 2111 5516">
     <span class='ocr_line' id='line_1_100' title="bbox 516 5444 2111 5516; baseline 0.006 -18"><span class='ocrx_word' id='word_1_781' title='bbox 516 5452 631 5499; x_wconf 86' lang='lat' dir='ltr'><strong><em>trus</em></strong></span> <span class='ocrx_word' id='word_1_782' title='bbox 681 5444 951 5513; x_wconf 90' lang='lat' dir='ltr'><strong><em>insinuat,</em></strong></span> <span class='ocrx_word' id='word_1_783' title='bbox 1008 5446 1100 5516; x_wconf 90' lang='lat' dir='ltr'><strong><em>qui</em></strong></span> <span class='ocrx_word' id='word_1_784' title='bbox 1151 5462 1274 5502; x_wconf 90' lang='lat' dir='ltr'><strong><em>cum</em></strong></span> <span class='ocrx_word' id='word_1_785' title='bbox 1332 5446 1714 5502; x_wconf 83' lang='lat' dir='ltr'><strong><em>transformato</em></strong></span> <span class='ocrx_word' id='word_1_786' title='bbox 1774 5447 2001 5505; x_wconf 87' lang='lat' dir='ltr'><strong><em>Domino</em></strong></span> <span class='ocrx_word' id='word_1_787' title='bbox 2056 5451 2111 5508; x_wconf 90' lang='lat' dir='ltr'><strong><em>in</em></strong></span> 
     </span>
    </p>
   </div>
   <div class='ocr_carea' id='block_1_101' title="bbox 514 5535 2111 5609">
    <p class='ocr_par' dir='ltr' id='par_1_101' title="bbox 514 5535 2111 5609">
     <span class='ocr_line' id='line_1_101' title="bbox 514 5535 2111 5609; baseline 0.005 -20"><span class='ocrx_word' id='word_1_788' title='bbox 514 5543 701 5591; x_wconf 92' lang='lat' dir='ltr'><strong><em>monte</em></strong></span> <span class='ocrx_word' id='word_1_789' title='bbox 729 5537 1025 5602; x_wconf 83' lang='lat' dir='ltr'><strong><em>assisteret,</em></strong></span> <span class='ocrx_word' id='word_1_790' title='bbox 1075 5535 1538 5607; x_wconf 85' lang='lat' dir='ltr'><strong><em>refulgentemque</em></strong></span> <span class='ocrx_word' id='word_1_791' title='bbox 1580 5536 1770 5593; x_wconf 82' lang='lat' dir='ltr'><strong><em>faciem</em></strong></span> <span class='ocrx_word' id='word_1_792' title='bbox 1816 5539 1929 5609; x_wconf 90' lang='lat' dir='ltr'><strong><em>ejus</em></strong></span> <span class='ocrx_word' id='word_1_793' title='bbox 1970 5540 2111 5597; x_wconf 89' lang='lat' dir='ltr'><strong><em>sicut</em></strong></span> 
     </span>
    </p>
   </div>
   <div class='ocr_carea' id='block_1_102' title="bbox 515 5627 2110 5698">
    <p class='ocr_par' dir='ltr' id='par_1_102' title="bbox 515 5627 2110 5698">
     <span class='ocr_line' id='line_1_102' title="bbox 515 5627 2110 5698; baseline 0.006 -16"><span class='ocrx_word' id='word_1_794' title='bbox 515 5627 596 5683; x_wconf 87' lang='lat' dir='ltr'><strong><em>sol</em></strong></span> <span class='ocrx_word' id='word_1_795' title='bbox 619 5637 885 5698; x_wconf 87' lang='lat' dir='ltr'><strong><em>cerneret,</em></strong></span> <span class='ocrx_word' id='word_1_796' title='bbox 917 5636 971 5683; x_wconf 89' lang='lat' dir='ltr'><strong><em>et</em></strong></span> <span class='ocrx_word' id='word_1_797' title='bbox 997 5628 1065 5681; x_wconf 88' lang='lat' dir='ltr'><strong><em>ad</em></strong></span> <span class='ocrx_word' id='word_1_798' title='bbox 1114 5629 1282 5684; x_wconf 85' lang='lat' dir='ltr'><strong><em>instar</em></strong></span> <span class='ocrx_word' id='word_1_799' title='bbox 1323 5629 1460 5685; x_wconf 78' lang='lat' dir='ltr'><strong><em>nivis</em></strong></span> <span class='ocrx_word' id='word_1_800' title='bbox 1508 5629 1742 5687; x_wconf 88' lang='lat' dir='ltr'><strong><em>albentia</em></strong></span> <span class='ocrx_word' id='word_1_801' title='bbox 1788 5633 2110 5692; x_wconf 86' lang='lat' dir='ltr'><strong><em>vestimenta</em></strong></span> 
     </span>
    </p>
   </div>
   <div class='ocr_carea' id='block_1_103' title="bbox 513 5719 2111 5792">
    <p class='ocr_par' dir='ltr' id='par_1_103' title="bbox 513 5719 2111 5792">
     <span class='ocr_line' id='line_1_103' title="bbox 513 5719 2111 5792; baseline 0.005 -16"><span class='ocrx_word' id='word_1_802' title='bbox 513 5721 629 5792; x_wconf 87' lang='lat' dir='ltr'><strong><em>ejus</em></strong></span> <span class='ocrx_word' id='word_1_803' title='bbox 658 5721 1058 5792; x_wconf 81' lang='lat' dir='ltr'><strong><em>conspexisset,</em></strong></span> <span class='ocrx_word' id='word_1_804' title='bbox 1089 5720 1205 5774; x_wconf 89' lang='lat' dir='ltr'><strong><em>ait:</em></strong></span> <span class='ocrx_word' id='word_1_805' title='bbox 1250 5719 1453 5777; x_wconf 88' lang='lat' dir='ltr'><strong><em>Bonum</em></strong></span> <span class='ocrx_word' id='word_1_806' title='bbox 1489 5732 1566 5779; x_wconf 88' lang='lat' dir='ltr'><strong><em>est</em></strong></span> <span class='ocrx_word' id='word_1_807' title='bbox 1614 5740 1706 5780; x_wconf 87' lang='lat' dir='ltr'><strong><em>nos</em></strong></span> <span class='ocrx_word' id='word_1_808' title='bbox 1757 5725 1836 5780; x_wconf 82' lang='lat' dir='ltr'><strong><em>hic</em></strong></span> <span class='ocrx_word' id='word_1_809' title='bbox 1872 5742 1984 5782; x_wconf 80' lang='lat' dir='ltr'><strong><em>esse</em></strong></span> <span class='ocrx_word' id='word_1_810' title='bbox 2015 5743 2032 5782; x_wconf 90' lang='lat'><strong><em>:</em></strong></span> <span class='ocrx_word' id='word_1_811' title='bbox 2063 5730 2111 5785; x_wconf 85' lang='lat' dir='ltr'><strong><em>si</em></strong></span> 
     </span>
    </p>
   </div>
   <div class='ocr_carea' id='block_1_104' title="bbox 586 5855 1484 5917">
    <p class='ocr_par' dir='ltr' id='par_1_104' title="bbox 586 5855 1484 5917">
     <span class='ocr_line' id='line_1_104' title="bbox 586 5855 1484 5917; baseline 0.002 -2"><span class='ocrx_word' id='word_1_812' title='bbox 586 5868 611 5897; x_wconf 72' lang='grc'>³</span> <span class='ocrx_word' id='word_1_813' title='bbox 642 5857 809 5917; x_wconf 68' lang='grc' dir='ltr'><strong><em>αξιοι.</em></strong></span> <span class='ocrx_word' id='word_1_814' title='bbox 846 5855 1141 5914; x_wconf 82' lang='lat' dir='ltr'><strong><em>terribiliter</em></strong></span> <span class='ocrx_word' id='word_1_815' title='bbox 1162 5860 1484 5917; x_wconf 81' lang='lat' dir='ltr'><strong><em>nuntiantur.</em></strong></span> 
     </span>
    </p>
   </div>
   <div class='ocr_carea' id='block_1_105' title="bbox 2215 4705 3828 4778">
    <p class='ocr_par' dir='ltr' id='par_1_105' title="bbox 2215 4705 3828 4778">
     <span class='ocr_line' id='line_1_105' title="bbox 2215 4705 3828 4778; baseline -0.002 -15"><span class='ocrx_word' id='word_1_816' title='bbox 2215 4708 2384 4765; x_wconf 90' lang='lat' dir='ltr'><strong><em>verbo</em></strong></span> <span class='ocrx_word' id='word_1_817' title='bbox 2414 4707 2560 4778; x_wconf 90' lang='lat' dir='ltr'><strong><em>quod</em></strong></span> <span class='ocrx_word' id='word_1_818' title='bbox 2587 4707 2858 4763; x_wconf 88' lang='lat' dir='ltr'><strong><em>facturum</em></strong></span> <span class='ocrx_word' id='word_1_819' title='bbox 2887 4722 2948 4763; x_wconf 89' lang='lat' dir='ltr'><strong><em>se</em></strong></span> <span class='ocrx_word' id='word_1_820' title='bbox 2970 4721 3091 4763; x_wconf 85' lang='lat' dir='ltr'><strong><em>esse</em></strong></span> <span class='ocrx_word' id='word_1_821' title='bbox 3120 4706 3379 4763; x_wconf 87' lang='lat' dir='ltr'><strong><em>Dominus</em></strong></span> <span class='ocrx_word' id='word_1_822' title='bbox 3408 4708 3669 4773; x_wconf 87' lang='lat' dir='ltr'><strong><em>minatur,</em></strong></span> <span class='ocrx_word' id='word_1_823' title='bbox 3711 4705 3828 4759; x_wconf 85' lang='lat' dir='ltr'><strong><em>tin—</em></strong></span> 
     </span>
    </p>
   </div>
   <div class='ocr_carea' id='block_1_106' title="bbox 2216 4796 3831 4871">
    <p class='ocr_par' dir='ltr' id='par_1_106' title="bbox 2216 4796 3831 4871">
     <span class='ocr_line' id='line_1_106' title="bbox 2216 4796 3831 4871; baseline -0.003 -13"><span class='ocrx_word' id='word_1_824' title='bbox 2216 4802 2333 4859; x_wconf 87' lang='lat' dir='ltr'><strong><em>nire</em></strong></span> <span class='ocrx_word' id='word_1_825' title='bbox 2374 4817 2533 4857; x_wconf 90' lang='lat' dir='ltr'><strong><em>aures</em></strong></span> <span class='ocrx_word' id='word_1_826' title='bbox 2588 4800 2922 4857; x_wconf 83' lang='lat' dir='ltr'><strong><em>audientium</em></strong></span> <span class='ocrx_word' id='word_1_827' title='bbox 2977 4798 3358 4871; x_wconf 66' lang='lat' dir='ltr'><strong><em>praedicuntur.</em></strong></span> <span class='ocrx_word' id='word_1_828' title='bbox 3414 4796 3590 4853; x_wconf 83' lang='lat' dir='ltr'><strong><em>Aures</em></strong></span> <span class='ocrx_word' id='word_1_829' title='bbox 3614 4798 3831 4868; x_wconf 81' lang='lat' dir='ltr'><strong><em>quippe</em></strong></span> 
     </span>
    </p>
   </div>
   <div class='ocr_carea' id='block_1_107' title="bbox 2217 4890 3830 4969">
    <p class='ocr_par' dir='ltr' id='par_1_107' title="bbox 2217 4890 3830 4969">
     <span class='ocr_line' id='line_1_107' title="bbox 2217 4890 3830 4969; baseline -0.004 -16"><span class='ocrx_word' id='word_1_830' title='bbox 2217 4896 2464 4969; x_wconf 90' lang='lat' dir='ltr'><strong><em>corporis</em></strong></span> <span class='ocrx_word' id='word_1_831' title='bbox 2496 4895 2755 4962; x_wconf 91' lang='lat' dir='ltr'><strong><em>tinniunt,</em></strong></span> <span class='ocrx_word' id='word_1_832' title='bbox 2797 4894 3013 4965; x_wconf 85' lang='lat' dir='ltr'><strong><em>quando</em></strong></span> <span class='ocrx_word' id='word_1_833' title='bbox 3056 4892 3383 4948; x_wconf 88' lang='lat' dir='ltr'><strong><em>intolerabili</em></strong></span> <span class='ocrx_word' id='word_1_834' title='bbox 3426 4892 3611 4945; x_wconf 87' lang='lat' dir='ltr'><strong><em>sonitu</em></strong></span> <span class='ocrx_word' id='word_1_835' title='bbox 3642 4890 3830 4961; x_wconf 63' lang='lat' dir='ltr'><strong><em>impe-</em></strong></span> 
     </span>
    </p>
   </div>
   <div class='ocr_carea' id='block_1_108' title="bbox 2217 4981 3829 5055">
    <p class='ocr_par' dir='ltr' id='par_1_108' title="bbox 2217 4981 3829 5055">
     <span class='ocr_line' id='line_1_108' title="bbox 2217 4981 3829 5055; baseline -0.005 -12"><span class='ocrx_word' id='word_1_836' title='bbox 2217 4996 2421 5045; x_wconf 88' lang='lat' dir='ltr'><strong><em>tuntur.</em></strong></span> <span class='ocrx_word' id='word_1_837' title='bbox 2449 4986 2582 5043; x_wconf 89' lang='lat' dir='ltr'><strong><em>Nam</em></strong></span> <span class='ocrx_word' id='word_1_838' title='bbox 2602 4998 2727 5043; x_wconf 88' lang='lat' dir='ltr'><strong><em>cum</em></strong></span> <span class='ocrx_word' id='word_1_839' title='bbox 2751 4985 2889 5041; x_wconf 89' lang='lat' dir='ltr'><strong><em>ultra</em></strong></span> <span class='ocrx_word' id='word_1_840' title='bbox 2909 4984 3125 5040; x_wconf 90' lang='lat' dir='ltr'><strong><em>auditus</em></strong></span> <span class='ocrx_word' id='word_1_841' title='bbox 3153 4982 3508 5055; x_wconf 89' lang='lat' dir='ltr'><strong><em>capacitatem</em></strong></span> <span class='ocrx_word' id='word_1_842' title='bbox 3530 4981 3581 5037; x_wconf 90' lang='lat' dir='ltr'><strong><em>ei</em></strong></span> <span class='ocrx_word' id='word_1_843' title='bbox 3609 4981 3829 5036; x_wconf 86' lang='lat' dir='ltr'><strong><em>clamor</em></strong></span> 
     </span>
    </p>
   </div>
   <div class='ocr_carea' id='block_1_109' title="bbox 2217 5074 3829 5148">
    <p class='ocr_par' dir='ltr' id='par_1_109' title="bbox 2217 5074 3829 5148">
     <span class='ocr_line' id='line_1_109' title="bbox 2217 5074 3829 5148; baseline -0.006 -11"><span class='ocrx_word' id='word_1_844' title='bbox 2217 5081 2538 5147; x_wconf 88' lang='lat' dir='ltr'><strong><em>infunditur,</em></strong></span> <span class='ocrx_word' id='word_1_845' title='bbox 2572 5080 2718 5136; x_wconf 88' lang='lat' dir='ltr'><strong><em>hunc</em></strong></span> <span class='ocrx_word' id='word_1_846' title='bbox 2771 5094 2934 5148; x_wconf 85' lang='lat' dir='ltr'><strong><em>quem</em></strong></span> <span class='ocrx_word' id='word_1_847' title='bbox 2962 5077 3128 5134; x_wconf 87' lang='lat' dir='ltr'><strong><em>ofﬁcii</em></strong></span> <span class='ocrx_word' id='word_1_848' title='bbox 3169 5075 3415 5146; x_wconf 86' lang='lat' dir='ltr'><strong><em>angustia</em></strong></span> <span class='ocrx_word' id='word_1_849' title='bbox 3461 5074 3702 5129; x_wconf 89' lang='lat' dir='ltr'><strong><em>sonitum</em></strong></span> <span class='ocrx_word' id='word_1_850' title='bbox 3729 5089 3829 5129; x_wconf 85' lang='lat' dir='ltr'><strong><em>re-</em></strong></span> 
     </span>
    </p>
   </div>
   <div class='ocr_carea' id='block_1_110' title="bbox 2210 5168 3829 5245">
    <p class='ocr_par' dir='ltr' id='par_1_110' title="bbox 2210 5168 3829 5245">
     <span class='ocr_line' id='line_1_110' title="bbox 2210 5168 3829 5245; baseline -0.006 -13"><span class='ocrx_word' id='word_1_851' title='bbox 2210 5175 2350 5245; x_wconf 87' lang='lat' dir='ltr'><strong><em>jicit,</em></strong></span> <span class='ocrx_word' id='word_1_852' title='bbox 2401 5176 2454 5230; x_wconf 93' lang='lat' dir='ltr'><strong><em>in</em></strong></span> <span class='ocrx_word' id='word_1_853' title='bbox 2487 5174 2741 5230; x_wconf 90' lang='lat' dir='ltr'><strong><em>tinnitmn</em></strong></span> <span class='ocrx_word' id='word_1_854' title='bbox 2769 5173 3058 5235; x_wconf 88' lang='lat' dir='ltr'><strong><em>convertit,</em></strong></span> <span class='ocrx_word' id='word_1_855' title='bbox 3107 5170 3234 5240; x_wconf 89' lang='lat' dir='ltr'><strong><em>quia</em></strong></span> <span class='ocrx_word' id='word_1_856' title='bbox 3288 5169 3417 5224; x_wconf 91' lang='lat' dir='ltr'><strong><em>dum</em></strong></span> <span class='ocrx_word' id='word_1_857' title='bbox 3470 5183 3570 5237; x_wconf 88' lang='lat' dir='ltr'><strong><em>per</em></strong></span> <span class='ocrx_word' id='word_1_858' title='bbox 3599 5168 3829 5223; x_wconf 86' lang='lat' dir='ltr'><strong><em>auriam</em></strong></span> 
     </span>
    </p>
   </div>
   <div class='ocr_carea' id='block_1_111' title="bbox 2217 5258 3830 5336">
    <p class='ocr_par' dir='ltr' id='par_1_111' title="bbox 2217 5258 3830 5336">
     <span class='ocr_line' id='line_1_111' title="bbox 2217 5258 3830 5336; baseline -0.005 -15"><span class='ocrx_word' id='word_1_859' title='bbox 2217 5274 2375 5322; x_wconf 88' lang='lat' dir='ltr'><strong><em>antra</em></strong></span> <span class='ocrx_word' id='word_1_860' title='bbox 2404 5282 2510 5322; x_wconf 82' lang='lat' dir='ltr'><strong><em>vox</em></strong></span> <span class='ocrx_word' id='word_1_861' title='bbox 2530 5266 2731 5331; x_wconf 90' lang='lat' dir='ltr'><strong><em>sibilat,</em></strong></span> <span class='ocrx_word' id='word_1_862' title='bbox 2760 5263 3071 5336; x_wconf 70' lang='lat' dir='ltr'><strong><em>quminfusa</em></strong></span> <span class='ocrx_word' id='word_1_863' title='bbox 3099 5261 3281 5325; x_wconf 89' lang='lat' dir='ltr'><strong><em>simul,</em></strong></span> <span class='ocrx_word' id='word_1_864' title='bbox 3315 5258 3384 5315; x_wconf 89' lang='lat' dir='ltr'><strong><em>ad</em></strong></span> <span class='ocrx_word' id='word_1_865' title='bbox 3414 5259 3678 5315; x_wconf 88' lang='lat' dir='ltr'><strong><em>interiora</em></strong></span> <span class='ocrx_word' id='word_1_866' title='bbox 3705 5274 3830 5313; x_wconf 83' lang='lat' dir='ltr'><strong><em>non</em></strong></span> 
     </span>
    </p>
   </div>
   <div class='ocr_carea' id='block_1_112' title="bbox 2218 5352 3832 5416">
    <p class='ocr_par' dir='ltr' id='par_1_112' title="bbox 2218 5352 3832 5416">
     <span class='ocr_line' id='line_1_112' title="bbox 2218 5352 3832 5416; baseline -0.006 0"><span class='ocrx_word' id='word_1_867' title='bbox 2218 5362 2401 5416; x_wconf 89' lang='lat' dir='ltr'><strong><em>intrat.</em></strong></span> <span class='ocrx_word' id='word_1_868' title='bbox 2435 5360 2517 5416; x_wconf 84' lang='lat' dir='ltr'><strong><em>Ad</em></strong></span> <span class='ocrx_word' id='word_1_869' title='bbox 2546 5374 2708 5416; x_wconf 91' lang='lat' dir='ltr'><strong><em>aures</em></strong></span> <span class='ocrx_word' id='word_1_870' title='bbox 2749 5373 2878 5414; x_wconf 90' lang='lat' dir='ltr'><strong><em>vero</em></strong></span> <span class='ocrx_word' id='word_1_871' title='bbox 2906 5356 3170 5413; x_wconf 90' lang='lat' dir='ltr'><strong><em>mentium</em></strong></span> <span class='ocrx_word' id='word_1_872' title='bbox 3206 5353 3562 5410; x_wconf 88' lang='lat' dir='ltr'><strong><em>intolerabilis</em></strong></span> <span class='ocrx_word' id='word_1_873' title='bbox 3608 5352 3832 5408; x_wconf 87' lang='lat' dir='ltr'><strong><em>clamor</em></strong></span> 
     </span>
    </p>
   </div>
   <div class='ocr_carea' id='block_1_113' title="bbox 2217 5441 3830 5521">
    <p class='ocr_par' dir='ltr' id='par_1_113' title="bbox 2217 5441 3830 5521">
     <span class='ocr_line' id='line_1_113' title="bbox 2217 5441 3830 5521; baseline -0.008 -12"><span class='ocrx_word' id='word_1_874' title='bbox 2217 5461 2301 5509; x_wconf 91' lang='lat' dir='ltr'><strong><em>est</em></strong></span> <span class='ocrx_word' id='word_1_875' title='bbox 2342 5451 2569 5521; x_wconf 88' lang='lat' dir='ltr'><strong><em>alicujus</em></strong></span> <span class='ocrx_word' id='word_1_876' title='bbox 2618 5450 2799 5521; x_wconf 87' lang='lat' dir='ltr'><strong><em>magni</em></strong></span> <span class='ocrx_word' id='word_1_877' title='bbox 2826 5448 3064 5521; x_wconf 86' lang='lat' dir='ltr'><strong><em>repulsio</em></strong></span> <span class='ocrx_word' id='word_1_878' title='bbox 3094 5444 3485 5518; x_wconf 84' lang='lat' dir='ltr'><strong><em>praedicatoris.</em></strong></span> <span class='ocrx_word' id='word_1_879' title='bbox 3542 5441 3830 5498; x_wconf 84' lang='lat' dir='ltr'><strong><em>Clamoris</em></strong></span> 
     </span>
    </p>
   </div>
   <div class='ocr_carea' id='block_1_114' title="bbox 2219 5530 3832 5617">
    <p class='ocr_par' dir='ltr' id='par_1_114' title="bbox 2219 5530 3832 5617">
     <span class='ocr_line' id='line_1_114' title="bbox 2219 5530 3832 5617; baseline -0.009 -16"><span class='ocrx_word' id='word_1_880' title='bbox 2219 5561 2348 5617; x_wconf 88' lang='lat' dir='ltr'><strong><em>ergo</em></strong></span> <span class='ocrx_word' id='word_1_881' title='bbox 2369 5544 2523 5603; x_wconf 83' lang='lat' dir='ltr'><strong><em>ellusi</em></strong></span> <span class='ocrx_word' id='word_1_882' title='bbox 2549 5541 2864 5612; x_wconf 90' lang='lat' dir='ltr'><strong><em>magnitudo</em></strong></span> <span class='ocrx_word' id='word_1_883' title='bbox 2894 5556 3004 5596; x_wconf 89' lang='lat' dir='ltr'><strong><em>non</em></strong></span> <span class='ocrx_word' id='word_1_884' title='bbox 3025 5541 3259 5609; x_wconf 90' lang='lat' dir='ltr'><strong><em>capitur,</em></strong></span> <span class='ocrx_word' id='word_1_885' title='bbox 3301 5537 3429 5607; x_wconf 92' lang='lat' dir='ltr'><strong><em>quia</em></strong></span> <span class='ocrx_word' id='word_1_886' title='bbox 3458 5535 3587 5589; x_wconf 91' lang='lat' dir='ltr'><strong><em>dum</em></strong></span> <span class='ocrx_word' id='word_1_887' title='bbox 3637 5530 3832 5589; x_wconf 84' lang='lat' dir='ltr'><strong><em>subli-</em></strong></span> 
     </span>
    </p>
   </div>
   <div class='ocr_carea' id='block_1_115' title="bbox 2217 5625 3830 5708">
    <p class='ocr_par' dir='ltr' id='par_1_115' title="bbox 2217 5625 3830 5708">
     <span class='ocr_line' id='line_1_115' title="bbox 2217 5625 3830 5708; baseline -0.009 -16"><span class='ocrx_word' id='word_1_888' title='bbox 2217 5637 2323 5692; x_wconf 88' lang='lat' dir='ltr'><strong><em>mia</em></strong></span> <span class='ocrx_word' id='word_1_889' title='bbox 2344 5636 2487 5693; x_wconf 91' lang='lat' dir='ltr'><strong><em>dona</em></strong></span> <span class='ocrx_word' id='word_1_890' title='bbox 2514 5634 2856 5708; x_wconf 86' lang='lat' dir='ltr'><strong><em>praedicatori</em></strong></span> <span class='ocrx_word' id='word_1_891' title='bbox 2895 5633 3131 5703; x_wconf 88' lang='lat' dir='ltr'><strong><em>reprobo</em></strong></span> <span class='ocrx_word' id='word_1_892' title='bbox 3161 5643 3428 5688; x_wconf 88' lang='lat' dir='ltr'><strong><em>concessa</em></strong></span> <span class='ocrx_word' id='word_1_893' title='bbox 3476 5625 3830 5690; x_wconf 84' lang='lat' dir='ltr'><strong><em>recoluntur,</em></strong></span> 
     </span>
    </p>
   </div>
   <div class='ocr_carea' id='block_1_116' title="bbox 2218 5719 3831 5802">
    <p class='ocr_par' dir='ltr' id='par_1_116' title="bbox 2218 5719 3831 5802">
     <span class='ocr_line' id='line_1_116' title="bbox 2218 5719 3831 5802; baseline -0.011 -15"><span class='ocrx_word' id='word_1_894' title='bbox 2218 5743 2327 5802; x_wconf 89' lang='lat' dir='ltr'><strong><em>quo</em></strong></span> <span class='ocrx_word' id='word_1_895' title='bbox 2354 5727 2548 5785; x_wconf 75' lang='lat' dir='ltr'><strong><em>divinae</em></strong></span> <span class='ocrx_word' id='word_1_896' title='bbox 2588 5726 2861 5796; x_wconf 82' lang='lat' dir='ltr'><strong><em>aequitatis</em></strong></span> <span class='ocrx_word' id='word_1_897' title='bbox 2889 5723 3143 5782; x_wconf 81' lang='lat' dir='ltr'><strong><em>examine</em></strong></span> <span class='ocrx_word' id='word_1_898' title='bbox 3190 5719 3475 5793; x_wconf 85' lang='lat' dir='ltr'><strong><em>projicitur</em></strong></span> <span class='ocrx_word' id='word_1_899' title='bbox 3504 5719 3831 5790; x_wconf 88' lang='lat' dir='ltr'><strong><em>ignoratur.</em></strong></span> 
     </span>
    </p>
   </div>
  </div>
