  <div class='ocr_page' id='page_1' title='image "/cluster/home/n/w/nwhite01/storage/ocr_20150623/79/hvd.32044015469414/074.png"; bbox 0 0 4044 6336; ppageno 0'>
   <div class='ocr_carea' id='block_1_1' title="bbox 251 345 359 404">
    <p class='ocr_par' dir='ltr' id='par_1_1' title="bbox 251 345 359 404">
     <span class='ocr_line' id='line_1_1' title="bbox 251 345 359 404; baseline -0.037 0"><span class='ocrx_word' id='word_1_1' title='bbox 251 345 359 404; x_wconf 66' lang='grc'><strong>157</strong></span> 
     </span>
    </p>
   </div>
   <div class='ocr_carea' id='block_1_2' title="bbox 1085 342 2672 408">
    <p class='ocr_par' dir='ltr' id='par_1_2' title="bbox 1085 342 2672 408">
     <span class='ocr_line' id='line_1_2' title="bbox 1085 342 2672 408; baseline 0.005 -8"><span class='ocrx_word' id='word_1_2' title='bbox 1085 344 1151 401; x_wconf 84' lang='grc' dir='ltr'><strong>ΙΝ</strong></span> <span class='ocrx_word' id='word_1_3' title='bbox 1188 344 1456 405; x_wconf 83' lang='lat' dir='ltr'><strong>PRIMUM</strong></span> <span class='ocrx_word' id='word_1_4' title='bbox 1491 345 1734 405; x_wconf 76' lang='lat' dir='ltr'><strong>REGUM</strong></span> <span class='ocrx_word' id='word_1_5' title='bbox 1772 342 2289 408; x_wconf 76' lang='lat' dir='ltr'><strong>EXPDSITIONES.</strong></span> <span class='ocrx_word' id='word_1_6' title='bbox 2331 381 2400 390; x_wconf 91' lang='lat'><strong>——</strong></span> <span class='ocrx_word' id='word_1_7' title='bbox 2438 350 2567 407; x_wconf 88' lang='lat' dir='ltr'><strong>LIB.</strong></span> <span class='ocrx_word' id='word_1_8' title='bbox 2608 353 2672 408; x_wconf 75' lang='lat' dir='ltr'><strong>Il.</strong></span> 
     </span>
    </p>
   </div>
   <div class='ocr_carea' id='block_1_3' title="bbox 3408 365 3509 425">
    <p class='ocr_par' dir='ltr' id='par_1_3' title="bbox 3408 365 3509 425">
     <span class='ocr_line' id='line_1_3' title="bbox 3408 365 3509 425; baseline 0.03 -4"><span class='ocrx_word' id='word_1_9' title='bbox 3408 365 3509 425; x_wconf 77' lang='grc'><strong>158</strong></span> 
     </span>
    </p>
   </div>
   <div class='ocr_carea' id='block_1_4' title="bbox 244 432 3510 551">
    <p class='ocr_par' dir='ltr' id='par_1_4' title="bbox 244 432 3510 551">
     <span class='ocr_line' id='line_1_4' title="bbox 244 432 3510 551; baseline 0.007 -38"><span class='ocrx_word' id='word_1_10' title='bbox 244 458 304 515; x_wconf 84' lang='lat' dir='ltr'><strong>In</strong></span> <span class='ocrx_word' id='word_1_11' title='bbox 344 432 625 513; x_wconf 79' lang='lat' dir='ltr'><strong>tinnitum</strong></span> <span class='ocrx_word' id='word_1_12' title='bbox 670 470 800 528; x_wconf 90' lang='lat' dir='ltr'><strong>ergo</strong></span> <span class='ocrx_word' id='word_1_13' title='bbox 848 456 1055 512; x_wconf 81' lang='lat' dir='ltr'><strong>aurium</strong></span> <span class='ocrx_word' id='word_1_14' title='bbox 1102 458 1283 515; x_wconf 74' lang='lat' dir='ltr'><strong>ellusae</strong></span> <span class='ocrx_word' id='word_1_15' title='bbox 1330 461 1482 518; x_wconf 81' lang='lat' dir='ltr'><strong>vocis</strong></span> <span class='ocrx_word' id='word_1_16' title='bbox 1518 461 1830 530; x_wconf 80' lang='lat' dir='ltr'><strong>magnitudo</strong></span> <span class='ocrx_word' id='word_1_17' title='bbox 1855 462 1913 523; x_wconf 78' lang='grc' dir='ltr'>Α</span> <span class='ocrx_word' id='word_1_18' title='bbox 1936 463 2061 519; x_wconf 90' lang='lat' dir='ltr'><strong>tatis</strong></span> <span class='ocrx_word' id='word_1_19' title='bbox 2100 464 2331 533; x_wconf 89' lang='lat' dir='ltr'><strong>propriae</strong></span> <span class='ocrx_word' id='word_1_20' title='bbox 2383 466 2578 535; x_wconf 85' lang='lat' dir='ltr'><strong>quibus</strong></span> <span class='ocrx_word' id='word_1_21' title='bbox 2599 481 2701 523; x_wconf 85' lang='lat' dir='ltr'><strong>nos</strong></span> <span class='ocrx_word' id='word_1_22' title='bbox 2729 470 2904 538; x_wconf 73' lang='lat' dir='ltr'><strong>poenis</strong></span> <span class='ocrx_word' id='word_1_23' title='bbox 2940 470 3109 539; x_wconf 83' lang='lat' dir='ltr'><strong>ligat?</strong></span> <span class='ocrx_word' id='word_1_24' title='bbox 3162 475 3352 535; x_wconf 87' lang='lat' dir='ltr'><strong>Merito</strong></span> <span class='ocrx_word' id='word_1_25' title='bbox 3379 496 3510 551; x_wconf 88' lang='lat' dir='ltr'><strong>ergo</strong></span> 
     </span>
    </p>
   </div>
   <div class='ocr_carea' id='block_1_5' title="bbox 242 549 1827 622">
    <p class='ocr_par' dir='ltr' id='par_1_5' title="bbox 242 549 1827 622">
     <span class='ocr_line' id='line_1_5' title="bbox 242 549 1827 622; baseline 0.001 -16"><span class='ocrx_word' id='word_1_26' title='bbox 242 549 601 616; x_wconf 69' lang='lat' dir='ltr'><strong>convertitur,</strong></span> <span class='ocrx_word' id='word_1_27' title='bbox 647 549 921 619; x_wconf 58' lang='lat' dir='ltr'><strong>quia&#39;etsi</strong></span> <span class='ocrx_word' id='word_1_28' title='bbox 951 564 1061 619; x_wconf 91' lang='lat' dir='ltr'><strong>quo</strong></span> <span class='ocrx_word' id='word_1_29' title='bbox 1112 550 1207 605; x_wconf 88' lang='lat' dir='ltr'><strong>Dei</strong></span> <span class='ocrx_word' id='word_1_30' title='bbox 1232 551 1432 619; x_wconf 91' lang='lat' dir='ltr'><strong>judicio</strong></span> <span class='ocrx_word' id='word_1_31' title='bbox 1461 552 1575 622; x_wconf 84' lang='lat' dir='ltr'><strong>liat,</strong></span> <span class='ocrx_word' id='word_1_32' title='bbox 1630 554 1827 609; x_wconf 89' lang='lat' dir='ltr'><strong>mentis</strong></span> 
     </span>
    </p>
   </div>
   <div class='ocr_carea' id='block_1_6' title="bbox 239 646 1825 717">
    <p class='ocr_par' dir='ltr' id='par_1_6' title="bbox 239 646 1825 717">
     <span class='ocr_line' id='line_1_6' title="bbox 239 646 1825 717; baseline -0.003 -12"><span class='ocrx_word' id='word_1_33' title='bbox 239 648 543 705; x_wconf 76' lang='lat' dir='ltr'><strong>intentione</strong></span> <span class='ocrx_word' id='word_1_34' title='bbox 567 660 676 701; x_wconf 90' lang='lat' dir='ltr'><strong>non</strong></span> <span class='ocrx_word' id='word_1_35' title='bbox 707 646 932 717; x_wconf 84' lang='lat' dir='ltr'><strong>capitur,</strong></span> <span class='ocrx_word' id='word_1_36' title='bbox 959 646 1085 701; x_wconf 91' lang='lat' dir='ltr'><strong>dum</strong></span> <span class='ocrx_word' id='word_1_37' title='bbox 1106 646 1194 701; x_wconf 92' lang='lat' dir='ltr'><strong>diu</strong></span> <span class='ocrx_word' id='word_1_38' title='bbox 1223 661 1321 715; x_wconf 85' lang='lat' dir='ltr'><strong>per</strong></span> <span class='ocrx_word' id='word_1_39' title='bbox 1341 647 1825 703; x_wconf 85' lang='lat' dir='ltr'><strong>considerationem</strong></span> 
     </span>
    </p>
   </div>
   <div class='ocr_carea' id='block_1_7' title="bbox 239 738 1827 811">
    <p class='ocr_par' dir='ltr' id='par_1_7' title="bbox 239 738 1827 811">
     <span class='ocr_line' id='line_1_7' title="bbox 239 738 1827 811; baseline -0.001 -16"><span class='ocrx_word' id='word_1_40' title='bbox 239 746 520 811; x_wconf 79' lang='lat' dir='ltr'><strong>pensatur,</strong></span> <span class='ocrx_word' id='word_1_41' title='bbox 576 738 739 794; x_wconf 90' lang='lat' dir='ltr'><strong>corda</strong></span> <span class='ocrx_word' id='word_1_42' title='bbox 792 738 1223 793; x_wconf 87' lang='lat' dir='ltr'><strong>consideratione</strong></span> <span class='ocrx_word' id='word_1_43' title='bbox 1252 738 1446 794; x_wconf 87' lang='lat' dir='ltr'><strong>timore</strong></span> <span class='ocrx_word' id='word_1_44' title='bbox 1476 750 1827 794; x_wconf 88' lang='lat' dir='ltr'><strong>consternan-</strong></span> 
     </span>
    </p>
   </div>
   <div class='ocr_carea' id='block_1_8' title="bbox 238 828 1828 897">
    <p class='ocr_par' dir='ltr' id='par_1_8' title="bbox 238 828 1828 897">
     <span class='ocr_line' id='line_1_8' title="bbox 238 828 1828 897; baseline -0.001 -9"><span class='ocrx_word' id='word_1_45' title='bbox 238 842 351 888; x_wconf 88' lang='lat' dir='ltr'><strong>tur.</strong></span> <span class='ocrx_word' id='word_1_46' title='bbox 403 832 563 887; x_wconf 80' lang='lat' dir='ltr'><strong>Velut</strong></span> <span class='ocrx_word' id='word_1_47' title='bbox 587 829 732 886; x_wconf 90' lang='lat' dir='ltr'><strong>enim</strong></span> <span class='ocrx_word' id='word_1_48' title='bbox 756 828 824 885; x_wconf 92' lang='lat' dir='ltr'><strong>de</strong></span> <span class='ocrx_word' id='word_1_49' title='bbox 848 829 1028 884; x_wconf 84' lang='lat' dir='ltr'><strong>clauso</strong></span> <span class='ocrx_word' id='word_1_50' title='bbox 1051 842 1258 897; x_wconf 78' lang='lat' dir='ltr'><strong>magnae</strong></span> <span class='ocrx_word' id='word_1_51' title='bbox 1286 830 1434 885; x_wconf 84' lang='lat' dir='ltr'><strong>vocis</strong></span> <span class='ocrx_word' id='word_1_52' title='bbox 1463 831 1641 885; x_wconf 87' lang='lat' dir='ltr'><strong>sonitu</strong></span> <span class='ocrx_word' id='word_1_53' title='bbox 1670 845 1828 886; x_wconf 84' lang='lat' dir='ltr'><strong>aures</strong></span> 
     </span>
    </p>
   </div>
   <div class='ocr_carea' id='block_1_9' title="bbox 237 920 1830 991">
    <p class='ocr_par' dir='ltr' id='par_1_9' title="bbox 237 920 1830 991">
     <span class='ocr_line' id='line_1_9' title="bbox 237 920 1830 991; baseline -0.001 -13"><span class='ocrx_word' id='word_1_54' title='bbox 237 923 498 987; x_wconf 86' lang='lat' dir='ltr'><strong>tinniunt,</strong></span> <span class='ocrx_word' id='word_1_55' title='bbox 522 920 741 991; x_wconf 87' lang='lat' dir='ltr'><strong>quando</strong></span> <span class='ocrx_word' id='word_1_56' title='bbox 770 920 836 975; x_wconf 93' lang='lat' dir='ltr'><strong>de</strong></span> <span class='ocrx_word' id='word_1_57' title='bbox 860 920 951 975; x_wconf 92' lang='lat' dir='ltr'><strong>diu</strong></span> <span class='ocrx_word' id='word_1_58' title='bbox 978 921 1314 976; x_wconf 88' lang='lat' dir='ltr'><strong>considerata</strong></span> <span class='ocrx_word' id='word_1_59' title='bbox 1342 935 1657 990; x_wconf 86' lang='lat' dir='ltr'><strong>magnorum</strong></span> <span class='ocrx_word' id='word_1_60' title='bbox 1681 922 1830 977; x_wconf 90' lang='lat' dir='ltr'><strong>viro-</strong></span> 
     </span>
    </p>
   </div>
   <div class='ocr_carea' id='block_1_10' title="bbox 236 1002 1828 1085">
    <p class='ocr_par' dir='ltr' id='par_1_10' title="bbox 236 1002 1828 1085">
     <span class='ocr_line' id='line_1_10' title="bbox 236 1002 1828 1085; baseline -0.002 -13"><span class='ocrx_word' id='word_1_61' title='bbox 236 1002 362 1072; x_wconf 68' lang='lat' dir='ltr'><strong>rtim</strong></span> <span class='ocrx_word' id='word_1_62' title='bbox 390 1015 774 1085; x_wconf 87' lang='lat' dir='ltr'><strong>reprobatione</strong></span> <span class='ocrx_word' id='word_1_63' title='bbox 792 1015 1058 1085; x_wconf 89' lang='lat' dir='ltr'><strong>justorum</strong></span> <span class='ocrx_word' id='word_1_64' title='bbox 1082 1014 1245 1070; x_wconf 90' lang='lat' dir='ltr'><strong>corda</strong></span> <span class='ocrx_word' id='word_1_65' title='bbox 1274 1014 1678 1084; x_wconf 90' lang='lat' dir='ltr'><strong>pertimescunt.</strong></span> <span class='ocrx_word' id='word_1_66' title='bbox 1721 1013 1828 1069; x_wconf 90' lang='lat' dir='ltr'><strong>Sed</strong></span> 
     </span>
    </p>
   </div>
   <div class='ocr_carea' id='block_1_11' title="bbox 235 1106 1827 1175">
    <p class='ocr_par' dir='ltr' id='par_1_11' title="bbox 235 1106 1827 1175">
     <span class='ocr_line' id='line_1_11' title="bbox 235 1106 1827 1175; baseline -0.003 -12"><span class='ocrx_word' id='word_1_67' title='bbox 235 1108 413 1163; x_wconf 72' lang='lat' dir='ltr'><strong>ambae</strong></span> <span class='ocrx_word' id='word_1_68' title='bbox 434 1122 591 1163; x_wconf 88' lang='lat' dir='ltr'><strong>aures</strong></span> <span class='ocrx_word' id='word_1_69' title='bbox 622 1108 819 1163; x_wconf 91' lang='lat' dir='ltr'><strong>tinnire</strong></span> <span class='ocrx_word' id='word_1_70' title='bbox 844 1106 1175 1175; x_wconf 85' lang='lat' dir='ltr'><strong>referuntur,</strong></span> <span class='ocrx_word' id='word_1_71' title='bbox 1229 1106 1450 1162; x_wconf 82' lang='lat' dir='ltr'><strong>dextera</strong></span> <span class='ocrx_word' id='word_1_72' title='bbox 1476 1107 1727 1162; x_wconf 87' lang='lat' dir='ltr'><strong>videlicet</strong></span> <span class='ocrx_word' id='word_1_73' title='bbox 1773 1114 1827 1161; x_wconf 90' lang='lat' dir='ltr'><strong>et</strong></span> 
     </span>
    </p>
   </div>
   <div class='ocr_carea' id='block_1_12' title="bbox 234 1196 1824 1269">
    <p class='ocr_par' dir='ltr' id='par_1_12' title="bbox 234 1196 1824 1269">
     <span class='ocr_line' id='line_1_12' title="bbox 234 1196 1824 1269; baseline -0.001 -15"><span class='ocrx_word' id='word_1_74' title='bbox 234 1199 481 1254; x_wconf 85' lang='lat' dir='ltr'><strong>sinistra.</strong></span> <span class='ocrx_word' id='word_1_75' title='bbox 512 1196 579 1252; x_wconf 82' lang='lat' dir='ltr'><strong>Et</strong></span> <span class='ocrx_word' id='word_1_76' title='bbox 601 1199 728 1267; x_wconf 88' lang='lat' dir='ltr'><strong>quia</strong></span> <span class='ocrx_word' id='word_1_77' title='bbox 753 1214 849 1268; x_wconf 91' lang='lat' dir='ltr'><strong>per</strong></span> <span class='ocrx_word' id='word_1_78' title='bbox 880 1198 1156 1253; x_wconf 84' lang='lat' dir='ltr'><strong>dexteram</strong></span> <span class='ocrx_word' id='word_1_79' title='bbox 1181 1206 1381 1253; x_wconf 79' lang='lat' dir='ltr'><strong>acterna</strong></span> <span class='ocrx_word' id='word_1_80' title='bbox 1410 1200 1539 1264; x_wconf 90' lang='lat' dir='ltr'><strong>vita,</strong></span> <span class='ocrx_word' id='word_1_81' title='bbox 1564 1214 1663 1269; x_wconf 92' lang='lat' dir='ltr'><strong>per</strong></span> <span class='ocrx_word' id='word_1_82' title='bbox 1692 1199 1824 1253; x_wconf 85' lang='lat' dir='ltr'><strong>sini-</strong></span> 
     </span>
    </p>
   </div>
   <div class='ocr_carea' id='block_1_13' title="bbox 234 1291 1829 1363">
    <p class='ocr_par' dir='ltr' id='par_1_13' title="bbox 234 1291 1829 1363">
     <span class='ocr_line' id='line_1_13' title="bbox 234 1291 1829 1363; baseline 0.001 -17"><span class='ocrx_word' id='word_1_83' title='bbox 234 1299 409 1347; x_wconf 82' lang='lat' dir='ltr'><strong>stram</strong></span> <span class='ocrx_word' id='word_1_84' title='bbox 428 1307 561 1348; x_wconf 90' lang='lat' dir='ltr'><strong>vero</strong></span> <span class='ocrx_word' id='word_1_85' title='bbox 588 1307 826 1363; x_wconf 78' lang='lat' dir='ltr'><strong>praesens</strong></span> <span class='ocrx_word' id='word_1_86' title='bbox 845 1291 1178 1361; x_wconf 84' lang='lat' dir='ltr'><strong>designatur,</strong></span> <span class='ocrx_word' id='word_1_87' title='bbox 1208 1300 1262 1347; x_wconf 91' lang='lat' dir='ltr'><strong>et</strong></span> <span class='ocrx_word' id='word_1_88' title='bbox 1290 1307 1387 1361; x_wconf 91' lang='lat' dir='ltr'><strong>per</strong></span> <span class='ocrx_word' id='word_1_89' title='bbox 1413 1307 1596 1349; x_wconf 90' lang='lat' dir='ltr'><strong>aurem</strong></span> <span class='ocrx_word' id='word_1_90' title='bbox 1618 1307 1681 1347; x_wconf 89' lang='lat' dir='ltr'><strong>ea</strong></span> <span class='ocrx_word' id='word_1_91' title='bbox 1708 1308 1829 1362; x_wconf 76' lang='lat' dir='ltr'><strong>quae</strong></span> 
     </span>
    </p>
   </div>
   <div class='ocr_carea' id='block_1_14' title="bbox 234 1384 1827 1454">
    <p class='ocr_par' dir='ltr' id='par_1_14' title="bbox 234 1384 1827 1454">
     <span class='ocr_line' id='line_1_14' title="bbox 234 1384 1827 1454; baseline -0.001 -14"><span class='ocrx_word' id='word_1_92' title='bbox 234 1385 489 1440; x_wconf 88' lang='lat' dir='ltr'><strong>dicuntur</strong></span> <span class='ocrx_word' id='word_1_93' title='bbox 517 1384 782 1449; x_wconf 88' lang='lat' dir='ltr'><strong>audimus,</strong></span> <span class='ocrx_word' id='word_1_94' title='bbox 808 1384 934 1454; x_wconf 91' lang='lat' dir='ltr'><strong>quid</strong></span> <span class='ocrx_word' id='word_1_95' title='bbox 961 1399 1059 1453; x_wconf 90' lang='lat' dir='ltr'><strong>per</strong></span> <span class='ocrx_word' id='word_1_96' title='bbox 1080 1384 1350 1440; x_wconf 83' lang='lat' dir='ltr'><strong>sinistram</strong></span> <span class='ocrx_word' id='word_1_97' title='bbox 1373 1399 1558 1439; x_wconf 90' lang='lat' dir='ltr'><strong>aurem</strong></span> <span class='ocrx_word' id='word_1_98' title='bbox 1615 1384 1716 1439; x_wconf 88' lang='lat' dir='ltr'><strong>nisi</strong></span> <span class='ocrx_word' id='word_1_99' title='bbox 1746 1384 1827 1439; x_wconf 92' lang='lat' dir='ltr'><strong>in-</strong></span> 
     </span>
    </p>
   </div>
   <div class='ocr_carea' id='block_1_15' title="bbox 234 1474 1828 1547">
    <p class='ocr_par' dir='ltr' id='par_1_15' title="bbox 234 1474 1828 1547">
     <span class='ocr_line' id='line_1_15' title="bbox 234 1474 1828 1547; baseline -0.001 -17"><span class='ocrx_word' id='word_1_100' title='bbox 234 1476 536 1531; x_wconf 87' lang='lat' dir='ltr'><strong>tentionem</strong></span> <span class='ocrx_word' id='word_1_101' title='bbox 564 1477 668 1546; x_wconf 71' lang='lat' dir='ltr'><strong>pia:</strong></span> <span class='ocrx_word' id='word_1_102' title='bbox 695 1475 1047 1547; x_wconf 85' lang='lat' dir='ltr'><strong>operationis,</strong></span> <span class='ocrx_word' id='word_1_103' title='bbox 1080 1483 1134 1529; x_wconf 91' lang='lat' dir='ltr'><strong>et</strong></span> <span class='ocrx_word' id='word_1_104' title='bbox 1154 1475 1282 1545; x_wconf 93' lang='lat' dir='ltr'><strong>quid</strong></span> <span class='ocrx_word' id='word_1_105' title='bbox 1306 1490 1403 1543; x_wconf 92' lang='lat' dir='ltr'><strong>per</strong></span> <span class='ocrx_word' id='word_1_106' title='bbox 1426 1489 1612 1528; x_wconf 90' lang='lat' dir='ltr'><strong>aurem</strong></span> <span class='ocrx_word' id='word_1_107' title='bbox 1640 1474 1828 1529; x_wconf 83' lang='lat' dir='ltr'><strong>dexte-</strong></span> 
     </span>
    </p>
   </div>
   <div class='ocr_carea' id='block_1_16' title="bbox 233 1567 1825 1638">
    <p class='ocr_par' dir='ltr' id='par_1_16' title="bbox 233 1567 1825 1638">
     <span class='ocr_line' id='line_1_16' title="bbox 233 1567 1825 1638; baseline 0 -15"><span class='ocrx_word' id='word_1_108' title='bbox 233 1581 359 1623; x_wconf 83' lang='lat' dir='ltr'><strong>ram</strong></span> <span class='ocrx_word' id='word_1_109' title='bbox 404 1568 506 1623; x_wconf 87' lang='lat' dir='ltr'><strong>nisi</strong></span> <span class='ocrx_word' id='word_1_110' title='bbox 557 1568 914 1623; x_wconf 91' lang='lat' dir='ltr'><strong>intentionem</strong></span> <span class='ocrx_word' id='word_1_111' title='bbox 944 1582 1191 1637; x_wconf 84' lang='lat' dir='ltr'><strong>supernae</strong></span> <span class='ocrx_word' id='word_1_112' title='bbox 1236 1567 1460 1623; x_wconf 81' lang='lat' dir='ltr'><strong>visionis</strong></span> <span class='ocrx_word' id='word_1_113' title='bbox 1489 1568 1825 1638; x_wconf 84' lang='lat' dir='ltr'><strong>accipimus?</strong></span> 
     </span>
    </p>
   </div>
   <div class='ocr_carea' id='block_1_17' title="bbox 232 1659 1825 1730">
    <p class='ocr_par' dir='ltr' id='par_1_17' title="bbox 232 1659 1825 1730">
     <span class='ocr_line' id='line_1_17' title="bbox 232 1659 1825 1730; baseline -0.001 -15"><span class='ocrx_word' id='word_1_114' title='bbox 232 1659 423 1715; x_wconf 80' lang='lat' dir='ltr'><strong>Ambae</strong></span> <span class='ocrx_word' id='word_1_115' title='bbox 444 1659 628 1730; x_wconf 88' lang='lat' dir='ltr'><strong>itaque</strong></span> <span class='ocrx_word' id='word_1_116' title='bbox 650 1660 914 1715; x_wconf 90' lang='lat' dir='ltr'><strong>audientis</strong></span> <span class='ocrx_word' id='word_1_117' title='bbox 941 1674 1097 1715; x_wconf 88' lang='lat' dir='ltr'><strong>aures</strong></span> <span class='ocrx_word' id='word_1_118' title='bbox 1120 1659 1366 1724; x_wconf 89' lang='lat' dir='ltr'><strong>tinnient,</strong></span> <span class='ocrx_word' id='word_1_119' title='bbox 1393 1660 1517 1730; x_wconf 90' lang='lat' dir='ltr'><strong>quia</strong></span> <span class='ocrx_word' id='word_1_120' title='bbox 1534 1675 1654 1714; x_wconf 90' lang='lat' dir='ltr'><strong>cum</strong></span> <span class='ocrx_word' id='word_1_121' title='bbox 1678 1675 1825 1714; x_wconf 89' lang='lat' dir='ltr'><strong>sum-</strong></span> 
     </span>
    </p>
   </div>
   <div class='ocr_carea' id='block_1_18' title="bbox 232 1752 1826 1819">
    <p class='ocr_par' dir='ltr' id='par_1_18' title="bbox 232 1752 1826 1819">
     <span class='ocr_line' id='line_1_18' title="bbox 232 1752 1826 1819; baseline 0.002 -13"><span class='ocrx_word' id='word_1_122' title='bbox 232 1766 451 1806; x_wconf 83' lang='lat' dir='ltr'><strong>morum</strong></span> <span class='ocrx_word' id='word_1_123' title='bbox 479 1752 719 1807; x_wconf 89' lang='lat' dir='ltr'><strong>virorum</strong></span> <span class='ocrx_word' id='word_1_124' title='bbox 746 1752 900 1807; x_wconf 89' lang='lat' dir='ltr'><strong>ruina</strong></span> <span class='ocrx_word' id='word_1_125' title='bbox 928 1752 1246 1819; x_wconf 87' lang='lat' dir='ltr'><strong>ostenditur,</strong></span> <span class='ocrx_word' id='word_1_126' title='bbox 1272 1752 1567 1809; x_wconf 90' lang='lat' dir='ltr'><strong>electorum</strong></span> <span class='ocrx_word' id='word_1_127' title='bbox 1598 1754 1826 1811; x_wconf 87' lang='lat' dir='ltr'><strong>intentio</strong></span> 
     </span>
    </p>
   </div>
   <div class='ocr_carea' id='block_1_19' title="bbox 1931 553 3507 626">
    <p class='ocr_par' dir='ltr' id='par_1_19' title="bbox 1931 553 3507 626">
     <span class='ocr_line' id='line_1_19' title="bbox 1931 553 3507 626; baseline 0.012 -19"><span class='ocrx_word' id='word_1_128' title='bbox 1931 553 2195 609; x_wconf 89' lang='lat' dir='ltr'><strong>audientis</strong></span> <span class='ocrx_word' id='word_1_129' title='bbox 2242 570 2399 611; x_wconf 88' lang='lat' dir='ltr'><strong>aures</strong></span> <span class='ocrx_word' id='word_1_130' title='bbox 2441 556 2695 625; x_wconf 89' lang='lat' dir='ltr'><strong>tinniunt,</strong></span> <span class='ocrx_word' id='word_1_131' title='bbox 2740 559 2864 626; x_wconf 85' lang='lat' dir='ltr'><strong>quia</strong></span> <span class='ocrx_word' id='word_1_132' title='bbox 2912 560 3165 618; x_wconf 89' lang='lat' dir='ltr'><strong>nimirum</strong></span> <span class='ocrx_word' id='word_1_133' title='bbox 3215 566 3507 625; x_wconf 91' lang='lat' dir='ltr'><strong>electorum</strong></span> 
     </span>
    </p>
   </div>
   <div class='ocr_carea' id='block_1_20' title="bbox 1929 651 3510 720">
    <p class='ocr_par' dir='ltr' id='par_1_20' title="bbox 1929 651 3510 720">
     <span class='ocr_line' id='line_1_20' title="bbox 1929 651 3510 720; baseline 0.013 -20"><span class='ocrx_word' id='word_1_134' title='bbox 1929 656 2155 715; x_wconf 88' lang='lat' dir='ltr'><strong>mentes,</strong></span> <span class='ocrx_word' id='word_1_135' title='bbox 2203 666 2323 720; x_wconf 75' lang='lat' dir='ltr'><strong>qua:</strong></span> <span class='ocrx_word' id='word_1_136' title='bbox 2350 651 2457 707; x_wconf 90' lang='lat' dir='ltr'><strong>hoc</strong></span> <span class='ocrx_word' id='word_1_137' title='bbox 2503 659 2707 707; x_wconf 91' lang='lat' dir='ltr'><strong>attente</strong></span> <span class='ocrx_word' id='word_1_138' title='bbox 2735 655 3099 720; x_wconf 87' lang='lat' dir='ltr'><strong>considerant,</strong></span> <span class='ocrx_word' id='word_1_139' title='bbox 3154 660 3220 715; x_wconf 90' lang='lat' dir='ltr'><strong>de</strong></span> <span class='ocrx_word' id='word_1_140' title='bbox 3249 670 3395 718; x_wconf 91' lang='lat' dir='ltr'><strong>tanta</strong></span> <span class='ocrx_word' id='word_1_141' title='bbox 3424 665 3510 720; x_wconf 90' lang='lat' dir='ltr'><strong>di-</strong></span> 
     </span>
    </p>
   </div>
   <div class='ocr_carea' id='block_1_21' title="bbox 1928 741 3512 816">
    <p class='ocr_par' dir='ltr' id='par_1_21' title="bbox 1928 741 3512 816">
     <span class='ocr_line' id='line_1_21' title="bbox 1928 741 3512 816; baseline 0.014 -21"><span class='ocrx_word' id='word_1_142' title='bbox 1928 741 2208 798; x_wconf 86' lang='lat' dir='ltr'><strong>strictione</strong></span> <span class='ocrx_word' id='word_1_143' title='bbox 2255 746 2698 800; x_wconf 86' lang='lat' dir='ltr'><strong>contremiscunt.</strong></span> <span class='ocrx_word' id='word_1_144' title='bbox 2756 746 2947 804; x_wconf 87' lang='lat' dir='ltr'><strong>Merito</strong></span> <span class='ocrx_word' id='word_1_145' title='bbox 2986 753 3251 811; x_wconf 87' lang='lat' dir='ltr'><strong>audientis</strong></span> <span class='ocrx_word' id='word_1_146' title='bbox 3282 757 3386 815; x_wconf 91' lang='lat' dir='ltr'><strong>hoc</strong></span> <span class='ocrx_word' id='word_1_147' title='bbox 3414 775 3512 816; x_wconf 88' lang='lat' dir='ltr'><strong>au-</strong></span> 
     </span>
    </p>
   </div>
   <div class='ocr_carea' id='block_1_22' title="bbox 1928 832 3512 908">
    <p class='ocr_par' dir='ltr' id='par_1_22' title="bbox 1928 832 3512 908">
     <span class='ocr_line' id='line_1_22' title="bbox 1928 832 3512 908; baseline 0.015 -25"><span class='ocrx_word' id='word_1_148' title='bbox 1928 844 2017 885; x_wconf 89' lang='lat' dir='ltr'><strong>res</strong></span> <span class='ocrx_word' id='word_1_149' title='bbox 2046 832 2296 899; x_wconf 53' lang='lat' dir='ltr'><strong>tinniuut,</strong></span> <span class='ocrx_word' id='word_1_150' title='bbox 2352 835 2475 903; x_wconf 88' lang='lat' dir='ltr'><strong>quia</strong></span> <span class='ocrx_word' id='word_1_151' title='bbox 2503 836 2747 905; x_wconf 89' lang='lat' dir='ltr'><strong>profecto</strong></span> <span class='ocrx_word' id='word_1_152' title='bbox 2786 838 3205 900; x_wconf 87' lang='lat' dir='ltr'><strong>immensitatem</strong></span> <span class='ocrx_word' id='word_1_153' title='bbox 3256 848 3512 908; x_wconf 90' lang='lat' dir='ltr'><strong>clamoris</strong></span> 
     </span>
    </p>
   </div>
   <div class='ocr_carea' id='block_1_23' title="bbox 1928 919 3517 996">
    <p class='ocr_par' dir='ltr' id='par_1_23' title="bbox 1928 919 3517 996">
     <span class='ocr_line' id='line_1_23' title="bbox 1928 919 3517 996; baseline 0.013 -21"><span class='ocrx_word' id='word_1_154' title='bbox 1928 919 2110 988; x_wconf 89' lang='lat' dir='ltr'><strong>habet,</strong></span> <span class='ocrx_word' id='word_1_155' title='bbox 2155 937 2316 992; x_wconf 91' lang='lat' dir='ltr'><strong>quam</strong></span> <span class='ocrx_word' id='word_1_156' title='bbox 2343 926 2513 981; x_wconf 89' lang='lat' dir='ltr'><strong>electa</strong></span> <span class='ocrx_word' id='word_1_157' title='bbox 2536 927 2697 982; x_wconf 88' lang='lat' dir='ltr'><strong>corda</strong></span> <span class='ocrx_word' id='word_1_158' title='bbox 2719 929 2805 984; x_wconf 87' lang='lat' dir='ltr'><strong>vix</strong></span> <span class='ocrx_word' id='word_1_159' title='bbox 2830 933 3118 988; x_wconf 89' lang='lat' dir='ltr'><strong>sustinent.</strong></span> <span class='ocrx_word' id='word_1_160' title='bbox 3171 933 3239 989; x_wconf 91' lang='lat' dir='ltr'><strong>Et</strong></span> <span class='ocrx_word' id='word_1_161' title='bbox 3286 936 3517 996; x_wconf 85' lang='lat' dir='ltr'><strong>dextera</strong></span> 
     </span>
    </p>
   </div>
   <div class='ocr_carea' id='block_1_24' title="bbox 1929 1012 3511 1097">
    <p class='ocr_par' dir='ltr' id='par_1_24' title="bbox 1929 1012 3511 1097">
     <span class='ocr_line' id='line_1_24' title="bbox 1929 1012 3511 1097; baseline 0.014 -33"><span class='ocrx_word' id='word_1_162' title='bbox 1929 1012 2144 1080; x_wconf 83' lang='lat' dir='ltr'><strong>quidem</strong></span> <span class='ocrx_word' id='word_1_163' title='bbox 2174 1015 2440 1070; x_wconf 90' lang='lat' dir='ltr'><strong>audientis</strong></span> <span class='ocrx_word' id='word_1_164' title='bbox 2469 1018 2615 1072; x_wconf 87' lang='lat' dir='ltr'><strong>auris</strong></span> <span class='ocrx_word' id='word_1_165' title='bbox 2646 1020 2820 1088; x_wconf 90' lang='lat' dir='ltr'><strong>tinnit,</strong></span> <span class='ocrx_word' id='word_1_166' title='bbox 2879 1024 3005 1091; x_wconf 91' lang='lat' dir='ltr'><strong>quia</strong></span> <span class='ocrx_word' id='word_1_167' title='bbox 3035 1027 3135 1081; x_wconf 88' lang='lat' dir='ltr'><strong>etsi</strong></span> <span class='ocrx_word' id='word_1_168' title='bbox 3166 1028 3511 1097; x_wconf 82' lang='lat' dir='ltr'><strong>perfectionis</strong></span> 
     </span>
    </p>
   </div>
   <div class='ocr_carea' id='block_1_25' title="bbox 1927 1106 3511 1188">
    <p class='ocr_par' dir='ltr' id='par_1_25' title="bbox 1927 1106 3511 1188">
     <span class='ocr_line' id='line_1_25' title="bbox 1927 1106 3511 1188; baseline 0.011 -28"><span class='ocrx_word' id='word_1_169' title='bbox 1927 1119 2038 1160; x_wconf 67' lang='lat' dir='ltr'><strong>sum</strong></span> <span class='ocrx_word' id='word_1_170' title='bbox 2062 1106 2253 1162; x_wconf 88' lang='lat' dir='ltr'><strong>merito</strong></span> <span class='ocrx_word' id='word_1_171' title='bbox 2276 1123 2334 1163; x_wconf 89' lang='lat' dir='ltr'><strong>se</strong></span> <span class='ocrx_word' id='word_1_172' title='bbox 2362 1111 2587 1180; x_wconf 89' lang='lat' dir='ltr'><strong>quisque</strong></span> <span class='ocrx_word' id='word_1_173' title='bbox 2615 1112 2682 1166; x_wconf 90' lang='lat' dir='ltr'><strong>ad</strong></span> <span class='ocrx_word' id='word_1_174' title='bbox 2709 1128 2941 1182; x_wconf 86' lang='lat' dir='ltr'><strong>superna</strong></span> <span class='ocrx_word' id='word_1_175' title='bbox 2960 1120 3375 1188; x_wconf 89' lang='lat' dir='ltr'><strong>contemplanda</strong></span> <span class='ocrx_word' id='word_1_176' title='bbox 3404 1123 3511 1177; x_wconf 88' lang='lat' dir='ltr'><strong>eri-</strong></span> 
     </span>
    </p>
   </div>
   <div class='ocr_carea' id='block_1_26' title="bbox 1928 1194 3513 1266">
    <p class='ocr_par' dir='ltr' id='par_1_26' title="bbox 1928 1194 3513 1266">
     <span class='ocr_line' id='line_1_26' title="bbox 1928 1194 3513 1266; baseline 0.013 -19"><span class='ocrx_word' id='word_1_177' title='bbox 1928 1194 2023 1262; x_wconf 90' lang='lat' dir='ltr'><strong>git,</strong></span> <span class='ocrx_word' id='word_1_178' title='bbox 2056 1203 2236 1251; x_wconf 89' lang='lat' dir='ltr'><strong>tamen</strong></span> <span class='ocrx_word' id='word_1_179' title='bbox 2256 1198 2325 1253; x_wconf 91' lang='lat' dir='ltr'><strong>de</strong></span> <span class='ocrx_word' id='word_1_180' title='bbox 2353 1200 2477 1253; x_wconf 81' lang='lat' dir='ltr'><strong>vitae</strong></span> <span class='ocrx_word' id='word_1_181' title='bbox 2511 1216 2621 1255; x_wconf 86' lang='lat' dir='ltr'><strong>suae</strong></span> <span class='ocrx_word' id='word_1_182' title='bbox 2644 1203 2960 1260; x_wconf 86' lang='lat' dir='ltr'><strong>celsitudine</strong></span> <span class='ocrx_word' id='word_1_183' title='bbox 3002 1222 3111 1261; x_wconf 89' lang='lat' dir='ltr'><strong>non</strong></span> <span class='ocrx_word' id='word_1_184' title='bbox 3135 1209 3375 1264; x_wconf 87' lang='lat' dir='ltr'><strong>conlidit.</strong></span> <span class='ocrx_word' id='word_1_185' title='bbox 3426 1209 3513 1266; x_wconf 87' lang='lat' dir='ltr'><strong>Si-</strong></span> 
     </span>
    </p>
   </div>
   <div class='ocr_carea' id='block_1_27' title="bbox 1927 1284 3513 1363">
    <p class='ocr_par' dir='ltr' id='par_1_27' title="bbox 1927 1284 3513 1363">
     <span class='ocr_line' id='line_1_27' title="bbox 1927 1284 3513 1363; baseline 0.011 -24"><span class='ocrx_word' id='word_1_186' title='bbox 1927 1284 2094 1340; x_wconf 85' lang='lat' dir='ltr'><strong>nistra</strong></span> <span class='ocrx_word' id='word_1_187' title='bbox 2138 1288 2302 1343; x_wconf 86' lang='lat' dir='ltr'><strong>etiam</strong></span> <span class='ocrx_word' id='word_1_188' title='bbox 2356 1289 2500 1344; x_wconf 89' lang='lat' dir='ltr'><strong>auris</strong></span> <span class='ocrx_word' id='word_1_189' title='bbox 2559 1291 2735 1357; x_wconf 90' lang='lat' dir='ltr'><strong>tinnit,</strong></span> <span class='ocrx_word' id='word_1_190' title='bbox 2789 1294 2913 1363; x_wconf 88' lang='lat' dir='ltr'><strong>quia</strong></span> <span class='ocrx_word' id='word_1_191' title='bbox 2959 1298 3061 1352; x_wconf 89' lang='lat' dir='ltr'><strong>etsi</strong></span> <span class='ocrx_word' id='word_1_192' title='bbox 3100 1297 3245 1354; x_wconf 89' lang='lat' dir='ltr'><strong>dono</strong></span> <span class='ocrx_word' id='word_1_193' title='bbox 3270 1301 3513 1356; x_wconf 76' lang='lat' dir='ltr'><strong>scientiae</strong></span> 
     </span>
    </p>
   </div>
   <div class='ocr_carea' id='block_1_28' title="bbox 1928 1374 3512 1458">
    <p class='ocr_par' dir='ltr' id='par_1_28' title="bbox 1928 1374 3512 1458">
     <span class='ocr_line' id='line_1_28' title="bbox 1928 1374 3512 1458; baseline 0.011 -28"><span class='ocrx_word' id='word_1_194' title='bbox 1928 1374 2108 1443; x_wconf 86' lang='lat' dir='ltr'><strong>habet,</strong></span> <span class='ocrx_word' id='word_1_195' title='bbox 2154 1387 2213 1433; x_wconf 93' lang='lat' dir='ltr'><strong>ut</strong></span> <span class='ocrx_word' id='word_1_196' title='bbox 2259 1382 2577 1449; x_wconf 87' lang='lat' dir='ltr'><strong>temporalia</strong></span> <span class='ocrx_word' id='word_1_197' title='bbox 2628 1383 2749 1451; x_wconf 92' lang='lat' dir='ltr'><strong>quis</strong></span> <span class='ocrx_word' id='word_1_198' title='bbox 2794 1384 3032 1453; x_wconf 85' lang='lat' dir='ltr'><strong>perfecte</strong></span> <span class='ocrx_word' id='word_1_199' title='bbox 3061 1388 3295 1458; x_wconf 87' lang='lat' dir='ltr'><strong>ordinet,</strong></span> <span class='ocrx_word' id='word_1_200' title='bbox 3328 1400 3512 1449; x_wconf 88' lang='lat' dir='ltr'><strong>tamen</strong></span> 
     </span>
    </p>
   </div>
   <div class='ocr_carea' id='block_1_29' title="bbox 1926 1466 3514 1540">
    <p class='ocr_par' dir='ltr' id='par_1_29' title="bbox 1926 1466 3514 1540">
     <span class='ocr_line' id='line_1_29' title="bbox 1926 1466 3514 1540; baseline 0.012 -19"><span class='ocrx_word' id='word_1_201' title='bbox 1926 1466 1995 1523; x_wconf 92' lang='lat' dir='ltr'><strong>de</strong></span> <span class='ocrx_word' id='word_1_202' title='bbox 2020 1470 2350 1539; x_wconf 80' lang='lat' dir='ltr'><strong>perfectione</strong></span> <span class='ocrx_word' id='word_1_203' title='bbox 2384 1474 2668 1538; x_wconf 84' lang='lat' dir='ltr'><strong>ministerii</strong></span> <span class='ocrx_word' id='word_1_204' title='bbox 2699 1476 2782 1530; x_wconf 92' lang='lat' dir='ltr'><strong>sui</strong></span> <span class='ocrx_word' id='word_1_205' title='bbox 2810 1474 3055 1534; x_wconf 80' lang='lat' dir='ltr'><strong>ﬁduciam</strong></span> <span class='ocrx_word' id='word_1_206' title='bbox 3094 1483 3297 1537; x_wconf 87' lang='lat' dir='ltr'><strong>nullam</strong></span> <span class='ocrx_word' id='word_1_207' title='bbox 3327 1483 3514 1540; x_wconf 89' lang='lat' dir='ltr'><strong>habet.</strong></span> 
     </span>
    </p>
   </div>
   <div class='ocr_carea' id='block_1_30' title="bbox 1926 1560 3516 1646">
    <p class='ocr_par' dir='ltr' id='par_1_30' title="bbox 1926 1560 3516 1646">
     <span class='ocr_line' id='line_1_30' title="bbox 1926 1560 3516 1646; baseline 0.011 -31"><span class='ocrx_word' id='word_1_208' title='bbox 1926 1560 2070 1616; x_wconf 89' lang='lat' dir='ltr'><strong>Inter</strong></span> <span class='ocrx_word' id='word_1_209' title='bbox 2091 1562 2231 1619; x_wconf 89' lang='lat' dir='ltr'><strong>dona</strong></span> <span class='ocrx_word' id='word_1_210' title='bbox 2254 1566 2452 1637; x_wconf 81' lang='lat' dir='ltr'><strong>quippe</strong></span> <span class='ocrx_word' id='word_1_211' title='bbox 2472 1568 2719 1624; x_wconf 88' lang='lat' dir='ltr'><strong>sublimia</strong></span> <span class='ocrx_word' id='word_1_212' title='bbox 2740 1573 2966 1628; x_wconf 89' lang='lat' dir='ltr'><strong>verbum</strong></span> <span class='ocrx_word' id='word_1_213' title='bbox 2995 1574 3240 1644; x_wconf 89' lang='lat' dir='ltr'><strong>audiunt,</strong></span> <span class='ocrx_word' id='word_1_214' title='bbox 3270 1576 3337 1631; x_wconf 88' lang='lat' dir='ltr'><strong>de</strong></span> <span class='ocrx_word' id='word_1_215' title='bbox 3363 1576 3516 1646; x_wconf 89' lang='lat' dir='ltr'><strong>cujus</strong></span> 
     </span>
    </p>
   </div>
   <div class='ocr_carea' id='block_1_31' title="bbox 1926 1652 3515 1737">
    <p class='ocr_par' dir='ltr' id='par_1_31' title="bbox 1926 1652 3515 1737">
     <span class='ocr_line' id='line_1_31' title="bbox 1926 1652 3515 1737; baseline 0.009 -29"><span class='ocrx_word' id='word_1_216' title='bbox 1926 1652 2163 1709; x_wconf 88' lang='lat' dir='ltr'><strong>clamore</strong></span> <span class='ocrx_word' id='word_1_217' title='bbox 2206 1657 2351 1712; x_wconf 88' lang='lat' dir='ltr'><strong>auris</strong></span> <span class='ocrx_word' id='word_1_218' title='bbox 2381 1666 2607 1728; x_wconf 88' lang='lat' dir='ltr'><strong>utraque</strong></span> <span class='ocrx_word' id='word_1_219' title='bbox 2656 1662 2908 1720; x_wconf 88' lang='lat' dir='ltr'><strong>tinnitum</strong></span> <span class='ocrx_word' id='word_1_220' title='bbox 2960 1666 3178 1735; x_wconf 91' lang='lat' dir='ltr'><strong>patitur,</strong></span> <span class='ocrx_word' id='word_1_221' title='bbox 3236 1667 3335 1721; x_wconf 90' lang='lat' dir='ltr'><strong>sub</strong></span> <span class='ocrx_word' id='word_1_222' title='bbox 3380 1683 3515 1737; x_wconf 91' lang='lat' dir='ltr'><strong>quo,</strong></span> 
     </span>
    </p>
   </div>
   <div class='ocr_carea' id='block_1_32' title="bbox 1929 1745 3518 1828">
    <p class='ocr_par' dir='ltr' id='par_1_32' title="bbox 1929 1745 3518 1828">
     <span class='ocr_line' id='line_1_32' title="bbox 1929 1745 3518 1828; baseline 0.011 -29"><span class='ocrx_word' id='word_1_223' title='bbox 1929 1745 2103 1801; x_wconf 90' lang='lat' dir='ltr'><strong>donec</strong></span> <span class='ocrx_word' id='word_1_224' title='bbox 2124 1747 2225 1802; x_wconf 91' lang='lat' dir='ltr'><strong>ista</strong></span> <span class='ocrx_word' id='word_1_225' title='bbox 2249 1749 2643 1808; x_wconf 87' lang='lat' dir='ltr'><strong>incertitudinis</strong></span> <span class='ocrx_word' id='word_1_226' title='bbox 2665 1752 2773 1807; x_wconf 89' lang='lat' dir='ltr'><strong>vita</strong></span> <span class='ocrx_word' id='word_1_227' title='bbox 2798 1754 3030 1824; x_wconf 88' lang='lat' dir='ltr'><strong>ducitur,</strong></span> <span class='ocrx_word' id='word_1_228' title='bbox 3055 1773 3253 1828; x_wconf 88' lang='lat' dir='ltr'><strong>pavere</strong></span> <span class='ocrx_word' id='word_1_229' title='bbox 3281 1775 3391 1817; x_wconf 88' lang='lat' dir='ltr'><strong>non</strong></span> <span class='ocrx_word' id='word_1_230' title='bbox 3418 1759 3518 1816; x_wconf 86' lang='lat' dir='ltr'><strong>de-</strong></span> 
     </span>
    </p>
   </div>
   <div class='ocr_carea' id='block_1_33' title="bbox 231 1835 2895 1914">
    <p class='ocr_par' dir='ltr' id='par_1_33' title="bbox 231 1835 2895 1914">
     <span class='ocr_line' id='line_1_33' title="bbox 231 1835 2895 1914; baseline 0 -18"><span class='ocrx_word' id='word_1_231' title='bbox 231 1849 469 1914; x_wconf 82' lang='lat' dir='ltr'><strong>utraque</strong></span> <span class='ocrx_word' id='word_1_232' title='bbox 491 1844 760 1911; x_wconf 87' lang='lat' dir='ltr'><strong>turbatur,</strong></span> <span class='ocrx_word' id='word_1_233' title='bbox 791 1845 917 1912; x_wconf 91' lang='lat' dir='ltr'><strong>quia</strong></span> <span class='ocrx_word' id='word_1_234' title='bbox 946 1852 1002 1898; x_wconf 90' lang='lat' dir='ltr'><strong>et</strong></span> <span class='ocrx_word' id='word_1_235' title='bbox 1029 1844 1245 1913; x_wconf 89' lang='lat' dir='ltr'><strong>paventi</strong></span> <span class='ocrx_word' id='word_1_236' title='bbox 1276 1844 1439 1899; x_wconf 91' lang='lat' dir='ltr'><strong>corde</strong></span> <span class='ocrx_word' id='word_1_237' title='bbox 1462 1844 1530 1898; x_wconf 92' lang='lat' dir='ltr'><strong>ad</strong></span> <span class='ocrx_word' id='word_1_238' title='bbox 1576 1854 1821 1901; x_wconf 85' lang='lat' dir='ltr'><strong>contem-</strong></span> <span class='ocrx_word' id='word_1_239' title='bbox 1851 1835 1899 1895; x_wconf 91' lang='lat' dir='ltr'><strong>B</strong></span> <span class='ocrx_word' id='word_1_240' title='bbox 1925 1837 2072 1893; x_wconf 87' lang='lat' dir='ltr'><strong>sinit.</strong></span> <span class='ocrx_word' id='word_1_241' title='bbox 2108 1837 2260 1894; x_wconf 90' lang='lat' dir='ltr'><strong>Unde</strong></span> <span class='ocrx_word' id='word_1_242' title='bbox 2287 1849 2344 1895; x_wconf 91' lang='lat' dir='ltr'><strong>et</strong></span> <span class='ocrx_word' id='word_1_243' title='bbox 2364 1851 2490 1910; x_wconf 89' lang='lat' dir='ltr'><strong>apte</strong></span> <span class='ocrx_word' id='word_1_244' title='bbox 2518 1842 2895 1913; x_wconf 87' lang='lat' dir='ltr'><strong>subjungitur:</strong></span> 
     </span>
    </p>
   </div>
   <div class='ocr_carea' id='block_1_34' title="bbox 230 1932 1823 2003">
    <p class='ocr_par' dir='ltr' id='par_1_34' title="bbox 230 1932 1823 2003">
     <span class='ocr_line' id='line_1_34' title="bbox 230 1932 1823 2003; baseline 0.003 -18"><span class='ocrx_word' id='word_1_245' title='bbox 230 1932 433 2003; x_wconf 84' lang='lat' dir='ltr'><strong>planda</strong></span> <span class='ocrx_word' id='word_1_246' title='bbox 478 1944 678 1990; x_wconf 86' lang='lat' dir='ltr'><strong>aeterna</strong></span> <span class='ocrx_word' id='word_1_247' title='bbox 705 1950 765 1990; x_wconf 89' lang='lat' dir='ltr'><strong>se</strong></span> <span class='ocrx_word' id='word_1_248' title='bbox 790 1934 1021 2003; x_wconf 88' lang='lat' dir='ltr'><strong>erigunt,</strong></span> <span class='ocrx_word' id='word_1_249' title='bbox 1049 1942 1104 1989; x_wconf 90' lang='lat' dir='ltr'><strong>et</strong></span> <span class='ocrx_word' id='word_1_250' title='bbox 1131 1934 1250 1989; x_wconf 83' lang='lat' dir='ltr'><strong>sine</strong></span> <span class='ocrx_word' id='word_1_251' title='bbox 1296 1934 1501 2003; x_wconf 86' lang='lat' dir='ltr'><strong>ingenti</strong></span> <span class='ocrx_word' id='word_1_252' title='bbox 1531 1933 1823 1991; x_wconf 83' lang='lat' dir='ltr'><strong>formidine</strong></span> 
     </span>
    </p>
   </div>
   <div class='ocr_carea' id='block_1_35' title="bbox 237 2024 1823 2095">
    <p class='ocr_par' dir='ltr' id='par_1_35' title="bbox 237 2024 1823 2095">
     <span class='ocr_line' id='line_1_35' title="bbox 237 2024 1823 2095; baseline 0.003 -17"><span class='ocrx_word' id='word_1_253' title='bbox 237 2024 560 2091; x_wconf 85' lang='lat' dir='ltr'><strong>temporalia</strong></span> <span class='ocrx_word' id='word_1_254' title='bbox 589 2040 695 2080; x_wconf 90' lang='lat' dir='ltr'><strong>non</strong></span> <span class='ocrx_word' id='word_1_255' title='bbox 749 2024 1060 2095; x_wconf 87' lang='lat' dir='ltr'><strong>disponunt.</strong></span> <span class='ocrx_word' id='word_1_256' title='bbox 1115 2025 1272 2081; x_wconf 82' lang='lat' dir='ltr'><strong>Hunc</strong></span> <span class='ocrx_word' id='word_1_257' title='bbox 1337 2041 1568 2095; x_wconf 89' lang='lat' dir='ltr'><strong>namque</strong></span> <span class='ocrx_word' id='word_1_258' title='bbox 1614 2027 1823 2082; x_wconf 91' lang='lat' dir='ltr'><strong>aurium</strong></span> 
     </span>
    </p>
   </div>
   <div class='ocr_carea' id='block_1_36' title="bbox 228 2099 1821 2187">
    <p class='ocr_par' dir='ltr' id='par_1_36' title="bbox 228 2099 1821 2187">
     <span class='ocr_line' id='line_1_36' title="bbox 228 2099 1821 2187; baseline 0.002 -19"><span class='ocrx_word' id='word_1_259' title='bbox 228 2099 495 2169; x_wconf 84' lang='lat' dir='ltr'><strong>tinnitum</strong></span> <span class='ocrx_word' id='word_1_260' title='bbox 549 2131 735 2186; x_wconf 89' lang='lat' dir='ltr'><strong>passus</strong></span> <span class='ocrx_word' id='word_1_261' title='bbox 782 2116 975 2183; x_wconf 88' lang='lat' dir='ltr'><strong>fuerat,</strong></span> <span class='ocrx_word' id='word_1_262' title='bbox 1054 2118 1145 2187; x_wconf 91' lang='lat' dir='ltr'><strong>qui</strong></span> <span class='ocrx_word' id='word_1_263' title='bbox 1201 2118 1430 2173; x_wconf 91' lang='lat' dir='ltr'><strong>Domino</strong></span> <span class='ocrx_word' id='word_1_264' title='bbox 1481 2118 1821 2187; x_wconf 87' lang='lat' dir='ltr'><strong>loquebatur,</strong></span> 
     </span>
    </p>
   </div>
   <div class='ocr_carea' id='block_1_37' title="bbox 228 2204 1824 2279">
    <p class='ocr_par' dir='ltr' id='par_1_37' title="bbox 228 2204 1824 2279">
     <span class='ocr_line' id='line_1_37' title="bbox 228 2204 1824 2279; baseline 0.003 -21"><span class='ocrx_word' id='word_1_265' title='bbox 228 2204 472 2260; x_wconf 86' lang='lat' dir='ltr'><strong>dicens:</strong></span> <span class='ocrx_word' id='word_1_266' title='bbox 525 2206 734 2261; x_wconf 83' lang='lat' dir='ltr'><strong>Justitia</strong></span> <span class='ocrx_word' id='word_1_267' title='bbox 780 2220 867 2262; x_wconf 86' lang='lat' dir='ltr'><strong>tua</strong></span> <span class='ocrx_word' id='word_1_268' title='bbox 909 2210 1041 2263; x_wconf 82' lang='lat' dir='ltr'><strong>sicut</strong></span> <span class='ocrx_word' id='word_1_269' title='bbox 1086 2220 1283 2264; x_wconf 81' lang='lat' dir='ltr'><strong>montes</strong></span> <span class='ocrx_word' id='word_1_270' title='bbox 1324 2208 1447 2279; x_wconf 90' lang='lat' dir='ltr'><strong>Dei,</strong></span> <span class='ocrx_word' id='word_1_271' title='bbox 1483 2209 1687 2279; x_wconf 84' lang='lat' dir='ltr'><strong>judicia</strong></span> <span class='ocrx_word' id='word_1_272' title='bbox 1736 2220 1824 2263; x_wconf 89' lang='lat' dir='ltr'><strong>tua</strong></span> 
     </span>
    </p>
   </div>
   <div class='ocr_carea' id='block_1_38' title="bbox 230 2294 1825 2372">
    <p class='ocr_par' dir='ltr' id='par_1_38' title="bbox 230 2294 1825 2372">
     <span class='ocr_line' id='line_1_38' title="bbox 230 2294 1825 2372; baseline 0.004 -24"><span class='ocrx_word' id='word_1_273' title='bbox 230 2294 456 2366; x_wconf 81' lang='lat' dir='ltr'><strong>abyssus</strong></span> <span class='ocrx_word' id='word_1_274' title='bbox 485 2299 648 2352; x_wconf 81' lang='lat' dir='ltr'><strong>multa</strong></span> <span class='ocrx_word' id='word_1_275' title='bbox 700 2298 874 2368; x_wconf 83' lang='lat' dir='ltr'><strong>(Psal.</strong></span> <span class='ocrx_word' id='word_1_276' title='bbox 903 2316 1066 2365; x_wconf 79' lang='lat' dir='ltr'><strong>xxxv,</strong></span> <span class='ocrx_word' id='word_1_277' title='bbox 1096 2300 1171 2371; x_wconf 90' lang='lat'><strong>7).</strong></span> <span class='ocrx_word' id='word_1_278' title='bbox 1223 2298 1434 2356; x_wconf 82' lang='lat' dir='ltr'><strong>Montes</strong></span> <span class='ocrx_word' id='word_1_279' title='bbox 1478 2302 1679 2372; x_wconf 85' lang='lat' dir='ltr'><strong>quippe</strong></span> <span class='ocrx_word' id='word_1_280' title='bbox 1727 2300 1825 2356; x_wconf 88' lang='lat' dir='ltr'><strong>Dei</strong></span> 
     </span>
    </p>
   </div>
   <div class='ocr_carea' id='block_1_39' title="bbox 232 2391 1823 2465">
    <p class='ocr_par' dir='ltr' id='par_1_39' title="bbox 232 2391 1823 2465">
     <span class='ocr_line' id='line_1_39' title="bbox 232 2391 1823 2465; baseline 0.004 -21"><span class='ocrx_word' id='word_1_281' title='bbox 232 2391 433 2445; x_wconf 85' lang='lat' dir='ltr'><strong>summi</strong></span> <span class='ocrx_word' id='word_1_282' title='bbox 462 2399 517 2445; x_wconf 89' lang='lat' dir='ltr'><strong>et</strong></span> <span class='ocrx_word' id='word_1_283' title='bbox 541 2392 701 2447; x_wconf 90' lang='lat' dir='ltr'><strong>electi</strong></span> <span class='ocrx_word' id='word_1_284' title='bbox 750 2394 851 2448; x_wconf 89' lang='lat' dir='ltr'><strong>viri</strong></span> <span class='ocrx_word' id='word_1_285' title='bbox 904 2393 1297 2461; x_wconf 88' lang='lat' dir='ltr'><strong>intelliguntur.</strong></span> <span class='ocrx_word' id='word_1_286' title='bbox 1349 2394 1551 2460; x_wconf 88' lang='lat' dir='ltr'><strong>Quibus</strong></span> <span class='ocrx_word' id='word_1_287' title='bbox 1576 2394 1823 2465; x_wconf 91' lang='lat' dir='ltr'><strong>profecto</strong></span> 
     </span>
    </p>
   </div>
   <div class='ocr_carea' id='block_1_40' title="bbox 231 2485 1825 2559">
    <p class='ocr_par' dir='ltr' id='par_1_40' title="bbox 231 2485 1825 2559">
     <span class='ocr_line' id='line_1_40' title="bbox 231 2485 1825 2559; baseline 0.003 -20"><span class='ocrx_word' id='word_1_288' title='bbox 231 2485 511 2541; x_wconf 89' lang='lat' dir='ltr'><strong>montibus</strong></span> <span class='ocrx_word' id='word_1_289' title='bbox 536 2486 631 2541; x_wconf 90' lang='lat' dir='ltr'><strong>Dei</strong></span> <span class='ocrx_word' id='word_1_290' title='bbox 655 2485 864 2555; x_wconf 88' lang='lat' dir='ltr'><strong>justitia</strong></span> <span class='ocrx_word' id='word_1_291' title='bbox 892 2497 1155 2557; x_wconf 72' lang='lat' dir='ltr'><strong>aequatur,</strong></span> <span class='ocrx_word' id='word_1_292' title='bbox 1178 2504 1301 2543; x_wconf 91' lang='lat' dir='ltr'><strong>cum</strong></span> <span class='ocrx_word' id='word_1_293' title='bbox 1328 2489 1494 2544; x_wconf 90' lang='lat' dir='ltr'><strong>ardua</strong></span> <span class='ocrx_word' id='word_1_294' title='bbox 1522 2490 1639 2559; x_wconf 87' lang='lat' dir='ltr'><strong>ejus</strong></span> <span class='ocrx_word' id='word_1_295' title='bbox 1669 2504 1825 2544; x_wconf 84' lang='lat' dir='ltr'><strong>man-</strong></span> 
     </span>
    </p>
   </div>
   <div class='ocr_carea' id='block_1_41' title="bbox 233 2576 1822 2654">
    <p class='ocr_par' dir='ltr' id='par_1_41' title="bbox 233 2576 1822 2654">
     <span class='ocr_line' id='line_1_41' title="bbox 233 2576 1822 2654; baseline 0.004 -22"><span class='ocrx_word' id='word_1_296' title='bbox 233 2576 360 2632; x_wconf 87' lang='lat' dir='ltr'><strong>data</strong></span> <span class='ocrx_word' id='word_1_297' title='bbox 383 2594 547 2650; x_wconf 91' lang='lat' dir='ltr'><strong>opere</strong></span> <span class='ocrx_word' id='word_1_298' title='bbox 576 2579 881 2650; x_wconf 83' lang='lat' dir='ltr'><strong>perficiunt,</strong></span> <span class='ocrx_word' id='word_1_299' title='bbox 899 2580 994 2635; x_wconf 91' lang='lat' dir='ltr'><strong>sed</strong></span> <span class='ocrx_word' id='word_1_300' title='bbox 1020 2588 1199 2636; x_wconf 91' lang='lat' dir='ltr'><strong>tamen</strong></span> <span class='ocrx_word' id='word_1_301' title='bbox 1221 2580 1401 2636; x_wconf 91' lang='lat' dir='ltr'><strong>divina</strong></span> <span class='ocrx_word' id='word_1_302' title='bbox 1424 2582 1629 2652; x_wconf 89' lang='lat' dir='ltr'><strong>judicia</strong></span> <span class='ocrx_word' id='word_1_303' title='bbox 1660 2582 1822 2654; x_wconf 91' lang='lat' dir='ltr'><strong>abys-</strong></span> 
     </span>
    </p>
   </div>
   <div class='ocr_carea' id='block_1_42' title="bbox 232 2673 1824 2743">
    <p class='ocr_par' dir='ltr' id='par_1_42' title="bbox 232 2673 1824 2743">
     <span class='ocr_line' id='line_1_42' title="bbox 232 2673 1824 2743; baseline 0.004 -16"><span class='ocrx_word' id='word_1_304' title='bbox 232 2686 331 2727; x_wconf 87' lang='lat' dir='ltr'><strong>sus</strong></span> <span class='ocrx_word' id='word_1_305' title='bbox 358 2673 525 2727; x_wconf 87' lang='lat' dir='ltr'><strong>multa</strong></span> <span class='ocrx_word' id='word_1_306' title='bbox 554 2681 697 2738; x_wconf 86' lang='lat' dir='ltr'><strong>sunt,</strong></span> <span class='ocrx_word' id='word_1_307' title='bbox 730 2674 855 2743; x_wconf 86' lang='lat' dir='ltr'><strong>quia</strong></span> <span class='ocrx_word' id='word_1_308' title='bbox 885 2675 988 2730; x_wconf 91' lang='lat' dir='ltr'><strong>etsi</strong></span> <span class='ocrx_word' id='word_1_309' title='bbox 1010 2675 1063 2729; x_wconf 88' lang='lat' dir='ltr'><strong>in</strong></span> <span class='ocrx_word' id='word_1_310' title='bbox 1089 2684 1398 2731; x_wconf 90' lang='lat' dir='ltr'><strong>sanctorum</strong></span> <span class='ocrx_word' id='word_1_311' title='bbox 1422 2676 1659 2732; x_wconf 91' lang='lat' dir='ltr'><strong>virorum</strong></span> <span class='ocrx_word' id='word_1_312' title='bbox 1689 2692 1824 2733; x_wconf 83' lang='lat' dir='ltr'><strong>ocu-</strong></span> 
     </span>
    </p>
   </div>
   <div class='ocr_carea' id='block_1_43' title="bbox 230 2760 1826 2839">
    <p class='ocr_par' dir='ltr' id='par_1_43' title="bbox 230 2760 1826 2839">
     <span class='ocr_line' id='line_1_43' title="bbox 230 2760 1826 2839; baseline 0.006 -21"><span class='ocrx_word' id='word_1_313' title='bbox 230 2760 305 2818; x_wconf 87' lang='lat' dir='ltr'><strong>lis</strong></span> <span class='ocrx_word' id='word_1_314' title='bbox 330 2774 476 2819; x_wconf 87' lang='lat' dir='ltr'><strong>recta</strong></span> <span class='ocrx_word' id='word_1_315' title='bbox 506 2773 630 2819; x_wconf 87' lang='lat' dir='ltr'><strong>sunt</strong></span> <span class='ocrx_word' id='word_1_316' title='bbox 651 2780 717 2820; x_wconf 90' lang='lat' dir='ltr'><strong>ea</strong></span> <span class='ocrx_word' id='word_1_317' title='bbox 750 2768 906 2838; x_wconf 77' lang='lat'><strong>106</strong></span> <span class='ocrx_word' id='word_1_318' title='bbox 932 2782 1051 2836; x_wconf 87' lang='lat' dir='ltr'><strong>quae</strong></span> <span class='ocrx_word' id='word_1_319' title='bbox 1073 2776 1255 2838; x_wconf 87' lang='lat' dir='ltr'><strong>agunt,</strong></span> <span class='ocrx_word' id='word_1_320' title='bbox 1286 2777 1411 2824; x_wconf 88' lang='lat' dir='ltr'><strong>ante</strong></span> <span class='ocrx_word' id='word_1_321' title='bbox 1440 2770 1826 2839; x_wconf 87' lang='lat' dir='ltr'><strong>omnipotentis</strong></span> 
     </span>
    </p>
   </div>
   <div class='ocr_carea' id='block_1_44' title="bbox 232 2848 1827 2929">
    <p class='ocr_par' dir='ltr' id='par_1_44' title="bbox 232 2848 1827 2929">
     <span class='ocr_line' id='line_1_44' title="bbox 232 2848 1827 2929; baseline 0.006 -24"><span class='ocrx_word' id='word_1_322' title='bbox 232 2848 337 2905; x_wconf 89' lang='lat' dir='ltr'><strong>Dei</strong></span> <span class='ocrx_word' id='word_1_323' title='bbox 364 2852 552 2909; x_wconf 89' lang='lat' dir='ltr'><strong>oculos</strong></span> <span class='ocrx_word' id='word_1_324' title='bbox 581 2856 760 2925; x_wconf 85' lang='lat' dir='ltr'><strong>qualia</strong></span> <span class='ocrx_word' id='word_1_325' title='bbox 808 2863 932 2911; x_wconf 88' lang='lat' dir='ltr'><strong>sunt</strong></span> <span class='ocrx_word' id='word_1_326' title='bbox 982 2858 1121 2913; x_wconf 89' lang='lat' dir='ltr'><strong>scire</strong></span> <span class='ocrx_word' id='word_1_327' title='bbox 1148 2874 1258 2914; x_wconf 88' lang='lat' dir='ltr'><strong>non</strong></span> <span class='ocrx_word' id='word_1_328' title='bbox 1286 2867 1533 2929; x_wconf 92' lang='lat' dir='ltr'><strong>possunt.</strong></span> <span class='ocrx_word' id='word_1_329' title='bbox 1593 2857 1746 2915; x_wconf 91' lang='lat' dir='ltr'><strong>Unde</strong></span> <span class='ocrx_word' id='word_1_330' title='bbox 1771 2868 1827 2916; x_wconf 91' lang='lat' dir='ltr'><strong>et</strong></span> 
     </span>
    </p>
   </div>
   <div class='ocr_carea' id='block_1_45' title="bbox 230 2940 1827 3022">
    <p class='ocr_par' dir='ltr' id='par_1_45' title="bbox 230 2940 1827 3022">
     <span class='ocr_line' id='line_1_45' title="bbox 230 2940 1827 3022; baseline 0.009 -26"><span class='ocrx_word' id='word_1_331' title='bbox 230 2940 379 2997; x_wconf 83' lang='lat' dir='ltr'><strong>bona</strong></span> <span class='ocrx_word' id='word_1_332' title='bbox 407 2958 525 3014; x_wconf 88' lang='lat' dir='ltr'><strong>quae</strong></span> <span class='ocrx_word' id='word_1_333' title='bbox 555 2948 852 3017; x_wconf 84' lang='lat' dir='ltr'><strong>praevalent</strong></span> <span class='ocrx_word' id='word_1_334' title='bbox 878 2949 1216 3006; x_wconf 89' lang='lat' dir='ltr'><strong>incessanter</strong></span> <span class='ocrx_word' id='word_1_335' title='bbox 1258 2959 1442 3020; x_wconf 89' lang='lat' dir='ltr'><strong>agunt,</strong></span> <span class='ocrx_word' id='word_1_336' title='bbox 1477 2959 1530 3008; x_wconf 87' lang='lat' dir='ltr'><strong>et</strong></span> <span class='ocrx_word' id='word_1_337' title='bbox 1559 2968 1722 3022; x_wconf 89' lang='lat' dir='ltr'><strong>super</strong></span> <span class='ocrx_word' id='word_1_338' title='bbox 1767 2968 1827 3010; x_wconf 90' lang='lat' dir='ltr'><strong>se</strong></span> 
     </span>
    </p>
   </div>
   <div class='ocr_carea' id='block_1_46' title="bbox 230 3037 1824 3116">
    <p class='ocr_par' dir='ltr' id='par_1_46' title="bbox 230 3037 1824 3116">
     <span class='ocr_line' id='line_1_46' title="bbox 230 3037 1824 3116; baseline 0.008 -29"><span class='ocrx_word' id='word_1_339' title='bbox 230 3041 515 3107; x_wconf 81' lang='lat' dir='ltr'><strong>tonantem</strong></span> <span class='ocrx_word' id='word_1_340' title='bbox 568 3037 713 3093; x_wconf 89' lang='lat' dir='ltr'><strong>illam</strong></span> <span class='ocrx_word' id='word_1_341' title='bbox 756 3039 1083 3109; x_wconf 91' lang='lat' dir='ltr'><strong>judiciorum</strong></span> <span class='ocrx_word' id='word_1_342' title='bbox 1114 3042 1364 3113; x_wconf 84' lang='lat' dir='ltr'><strong>abyssum</strong></span> <span class='ocrx_word' id='word_1_343' title='bbox 1413 3044 1824 3116; x_wconf 85' lang='lat' dir='ltr'><strong>pertimescunt,</strong></span> 
     </span>
    </p>
   </div>
   <div class='ocr_carea' id='block_1_47' title="bbox 230 3128 1825 3205">
    <p class='ocr_par' dir='ltr' id='par_1_47' title="bbox 230 3128 1825 3205">
     <span class='ocr_line' id='line_1_47' title="bbox 230 3128 1825 3205; baseline 0.01 -27"><span class='ocrx_word' id='word_1_344' title='bbox 230 3128 361 3196; x_wconf 89' lang='lat' dir='ltr'><strong>quia</strong></span> <span class='ocrx_word' id='word_1_345' title='bbox 383 3128 449 3183; x_wconf 88' lang='lat' dir='ltr'><strong>de</strong></span> <span class='ocrx_word' id='word_1_346' title='bbox 476 3128 616 3186; x_wconf 89' lang='lat' dir='ltr'><strong>facto</strong></span> <span class='ocrx_word' id='word_1_347' title='bbox 640 3131 852 3187; x_wconf 89' lang='lat' dir='ltr'><strong>Domini</strong></span> <span class='ocrx_word' id='word_1_348' title='bbox 874 3134 1043 3191; x_wconf 90' lang='lat' dir='ltr'><strong>verbo</strong></span> <span class='ocrx_word' id='word_1_349' title='bbox 1064 3135 1209 3205; x_wconf 92' lang='lat' dir='ltr'><strong>quod</strong></span> <span class='ocrx_word' id='word_1_350' title='bbox 1238 3135 1461 3192; x_wconf 89' lang='lat' dir='ltr'><strong>audiunt</strong></span> <span class='ocrx_word' id='word_1_351' title='bbox 1485 3139 1681 3194; x_wconf 88' lang='lat' dir='ltr'><strong>tinnitu</strong></span> <span class='ocrx_word' id='word_1_352' title='bbox 1703 3155 1825 3195; x_wconf 80' lang='lat' dir='ltr'><strong>ma-</strong></span> 
     </span>
    </p>
   </div>
   <div class='ocr_carea' id='block_1_48' title="bbox 229 3218 1823 3297">
    <p class='ocr_par' dir='ltr' id='par_1_48' title="bbox 229 3218 1823 3297">
     <span class='ocr_line' id='line_1_48' title="bbox 229 3218 1823 3297; baseline 0.01 -25"><span class='ocrx_word' id='word_1_353' title='bbox 229 3218 324 3288; x_wconf 87' lang='lat' dir='ltr'><strong>gni</strong></span> <span class='ocrx_word' id='word_1_354' title='bbox 359 3223 579 3277; x_wconf 89' lang='lat' dir='ltr'><strong>terroris</strong></span> <span class='ocrx_word' id='word_1_355' title='bbox 608 3238 817 3279; x_wconf 84' lang='lat' dir='ltr'><strong>eorum</strong></span> <span class='ocrx_word' id='word_1_356' title='bbox 857 3226 1024 3282; x_wconf 91' lang='lat' dir='ltr'><strong>corda</strong></span> <span class='ocrx_word' id='word_1_357' title='bbox 1074 3228 1410 3297; x_wconf 91' lang='lat' dir='ltr'><strong>quatiuntur.</strong></span> <span class='ocrx_word' id='word_1_358' title='bbox 1470 3229 1611 3297; x_wconf 89' lang='lat' dir='ltr'><strong>Apte</strong></span> <span class='ocrx_word' id='word_1_359' title='bbox 1640 3240 1823 3287; x_wconf 91' lang='lat' dir='ltr'><strong>autem</strong></span> 
     </span>
    </p>
   </div>
   <div class='ocr_carea' id='block_1_49' title="bbox 229 3314 1825 3393">
    <p class='ocr_par' dir='ltr' id='par_1_49' title="bbox 229 3314 1825 3393">
     <span class='ocr_line' id='line_1_49' title="bbox 229 3314 1825 3393; baseline 0.008 -25"><span class='ocrx_word' id='word_1_360' title='bbox 229 3326 343 3368; x_wconf 85' lang='lat' dir='ltr'><strong>non</strong></span> <span class='ocrx_word' id='word_1_361' title='bbox 365 3314 472 3369; x_wconf 89' lang='lat' dir='ltr'><strong>nisi</strong></span> <span class='ocrx_word' id='word_1_362' title='bbox 500 3315 837 3375; x_wconf 90' lang='lat' dir='ltr'><strong>audientium</strong></span> <span class='ocrx_word' id='word_1_363' title='bbox 867 3334 1027 3375; x_wconf 88' lang='lat' dir='ltr'><strong>aures</strong></span> <span class='ocrx_word' id='word_1_364' title='bbox 1050 3321 1249 3378; x_wconf 90' lang='lat' dir='ltr'><strong>tinnire</strong></span> <span class='ocrx_word' id='word_1_365' title='bbox 1277 3322 1658 3393; x_wconf 83' lang='lat' dir='ltr'><strong>praedicuntur.</strong></span> <span class='ocrx_word' id='word_1_366' title='bbox 1690 3323 1825 3380; x_wconf 89' lang='lat' dir='ltr'><strong>Nam</strong></span> 
     </span>
    </p>
   </div>
   <div class='ocr_carea' id='block_1_50' title="bbox 229 3405 1827 3480">
    <p class='ocr_par' dir='ltr' id='par_1_50' title="bbox 229 3405 1827 3480">
     <span class='ocr_line' id='line_1_50' title="bbox 229 3405 1827 3480; baseline 0.004 -17"><span class='ocrx_word' id='word_1_367' title='bbox 229 3415 287 3463; x_wconf 90' lang='lat' dir='ltr'><strong>et</strong></span> <span class='ocrx_word' id='word_1_368' title='bbox 330 3405 387 3462; x_wconf 89' lang='lat' dir='ltr'><strong>in</strong></span> <span class='ocrx_word' id='word_1_369' title='bbox 427 3406 723 3476; x_wconf 86' lang='lat' dir='ltr'><strong>Evangelio</strong></span> <span class='ocrx_word' id='word_1_370' title='bbox 773 3411 879 3467; x_wconf 92' lang='lat' dir='ltr'><strong>hoc</strong></span> <span class='ocrx_word' id='word_1_371' title='bbox 924 3412 1199 3480; x_wconf 87' lang='lat' dir='ltr'><strong>admonet,</strong></span> <span class='ocrx_word' id='word_1_372' title='bbox 1257 3412 1446 3470; x_wconf 88' lang='lat' dir='ltr'><strong>dicens</strong></span> <span class='ocrx_word' id='word_1_373' title='bbox 1483 3433 1495 3469; x_wconf 91' lang='lat'><strong>:</strong></span> <span class='ocrx_word' id='word_1_374' title='bbox 1546 3412 1827 3480; x_wconf 68' lang='lat' dir='ltr'><strong>Quilrabet</strong></span> 
     </span>
    </p>
   </div>
   <div class='ocr_carea' id='block_1_51' title="bbox 229 3501 1827 3574">
    <p class='ocr_par' dir='ltr' id='par_1_51' title="bbox 229 3501 1827 3574">
     <span class='ocr_line' id='line_1_51' title="bbox 229 3501 1827 3574; baseline 0.004 -19"><span class='ocrx_word' id='word_1_375' title='bbox 229 3517 386 3556; x_wconf 80' lang='lat' dir='ltr'><strong>aures</strong></span> <span class='ocrx_word' id='word_1_376' title='bbox 416 3501 662 3557; x_wconf 79' lang='lat' dir='ltr'><strong>audiendi</strong></span> <span class='ocrx_word' id='word_1_377' title='bbox 686 3503 860 3557; x_wconf 81' lang='lat' dir='ltr'><strong>audiat</strong></span> <span class='ocrx_word' id='word_1_378' title='bbox 882 3503 901 3574; x_wconf 88' lang='lat'>(</span> <span class='ocrx_word' id='word_1_379' title='bbox 911 3502 1032 3560; x_wconf 87' lang='lat' dir='ltr'><strong>Luc.</strong></span> <span class='ocrx_word' id='word_1_380' title='bbox 1056 3521 1165 3572; x_wconf 87' lang='lat' dir='ltr'><strong>vm,</strong></span> <span class='ocrx_word' id='word_1_381' title='bbox 1198 3504 1278 3574; x_wconf 92' lang='lat'><strong>8).</strong></span> <span class='ocrx_word' id='word_1_382' title='bbox 1308 3506 1410 3571; x_wconf 87' lang='lat' dir='ltr'><strong>Qui</strong></span> <span class='ocrx_word' id='word_1_383' title='bbox 1437 3504 1579 3560; x_wconf 89' lang='lat' dir='ltr'><strong>enim</strong></span> <span class='ocrx_word' id='word_1_384' title='bbox 1607 3516 1718 3561; x_wconf 91' lang='lat' dir='ltr'><strong>tota</strong></span> <span class='ocrx_word' id='word_1_385' title='bbox 1741 3508 1827 3562; x_wconf 85' lang='lat' dir='ltr'><strong>in-</strong></span> 
     </span>
    </p>
   </div>
   <div class='ocr_carea' id='block_1_52' title="bbox 229 3597 1827 3668">
    <p class='ocr_par' dir='ltr' id='par_1_52' title="bbox 229 3597 1827 3668">
     <span class='ocr_line' id='line_1_52' title="bbox 229 3597 1827 3668; baseline 0.003 -16"><span class='ocrx_word' id='word_1_386' title='bbox 229 3597 479 3652; x_wconf 88' lang='lat' dir='ltr'><strong>tentione</strong></span> <span class='ocrx_word' id='word_1_387' title='bbox 508 3597 577 3651; x_wconf 90' lang='lat' dir='ltr'><strong>ad</strong></span> <span class='ocrx_word' id='word_1_388' title='bbox 606 3612 669 3652; x_wconf 87' lang='lat' dir='ltr'><strong>ea</strong></span> <span class='ocrx_word' id='word_1_389' title='bbox 694 3614 813 3668; x_wconf 85' lang='lat' dir='ltr'><strong>quae</strong></span> <span class='ocrx_word' id='word_1_390' title='bbox 843 3598 971 3653; x_wconf 84' lang='lat' dir='ltr'><strong>foris</strong></span> <span class='ocrx_word' id='word_1_391' title='bbox 992 3607 1118 3654; x_wconf 87' lang='lat' dir='ltr'><strong>sunt</strong></span> <span class='ocrx_word' id='word_1_392' title='bbox 1152 3599 1398 3668; x_wconf 83' lang='lat' dir='ltr'><strong>vigilant,</strong></span> <span class='ocrx_word' id='word_1_393' title='bbox 1430 3600 1573 3655; x_wconf 87' lang='lat' dir='ltr'><strong>hunc</strong></span> <span class='ocrx_word' id='word_1_394' title='bbox 1620 3600 1827 3656; x_wconf 91' lang='lat' dir='ltr'><strong>timoris</strong></span> 
     </span>
    </p>
   </div>
   <div class='ocr_carea' id='block_1_53' title="bbox 229 3689 1827 3764">
    <p class='ocr_par' dir='ltr' id='par_1_53' title="bbox 229 3689 1827 3764">
     <span class='ocr_line' id='line_1_53' title="bbox 229 3689 1827 3764; baseline 0.004 -20"><span class='ocrx_word' id='word_1_395' title='bbox 229 3689 490 3744; x_wconf 88' lang='lat' dir='ltr'><strong>tinnitum</strong></span> <span class='ocrx_word' id='word_1_396' title='bbox 519 3691 783 3759; x_wconf 87' lang='lat' dir='ltr'><strong>nesciunt,</strong></span> <span class='ocrx_word' id='word_1_397' title='bbox 832 3693 957 3763; x_wconf 88' lang='lat' dir='ltr'><strong>quia</strong></span> <span class='ocrx_word' id='word_1_398' title='bbox 986 3708 1150 3764; x_wconf 90' lang='lat' dir='ltr'><strong>super</strong></span> <span class='ocrx_word' id='word_1_399' title='bbox 1179 3709 1238 3750; x_wconf 92' lang='lat' dir='ltr'><strong>se</strong></span> <span class='ocrx_word' id='word_1_400' title='bbox 1264 3693 1565 3749; x_wconf 90' lang='lat' dir='ltr'><strong>divinorum</strong></span> <span class='ocrx_word' id='word_1_401' title='bbox 1591 3694 1827 3764; x_wconf 89' lang='lat' dir='ltr'><strong>judicio-</strong></span> 
     </span>
    </p>
   </div>
   <div class='ocr_carea' id='block_1_54' title="bbox 228 3784 1827 3862">
    <p class='ocr_par' dir='ltr' id='par_1_54' title="bbox 228 3784 1827 3862">
     <span class='ocr_line' id='line_1_54' title="bbox 228 3784 1827 3862; baseline 0.003 -23"><span class='ocrx_word' id='word_1_402' title='bbox 228 3799 354 3839; x_wconf 89' lang='lat' dir='ltr'><strong>rum</strong></span> <span class='ocrx_word' id='word_1_403' title='bbox 386 3784 722 3841; x_wconf 83' lang='lat' dir='ltr'><strong>altitudinem</strong></span> <span class='ocrx_word' id='word_1_404' title='bbox 749 3802 1088 3858; x_wconf 88' lang='lat' dir='ltr'><strong>nequaquam</strong></span> <span class='ocrx_word' id='word_1_405' title='bbox 1118 3797 1366 3859; x_wconf 83' lang='lat' dir='ltr'><strong>pensant.</strong></span> <span class='ocrx_word' id='word_1_406' title='bbox 1425 3789 1531 3845; x_wconf 89' lang='lat' dir='ltr'><strong>Sed</strong></span> <span class='ocrx_word' id='word_1_407' title='bbox 1579 3806 1708 3846; x_wconf 91' lang='lat' dir='ltr'><strong>ecce</strong></span> <span class='ocrx_word' id='word_1_408' title='bbox 1737 3790 1827 3862; x_wconf 90' lang='lat' dir='ltr'><strong>qui</strong></span> 
     </span>
    </p>
   </div>
   <div class='ocr_carea' id='block_1_55' title="bbox 229 3876 1827 3955">
    <p class='ocr_par' dir='ltr' id='par_1_55' title="bbox 229 3876 1827 3955">
     <span class='ocr_line' id='line_1_55' title="bbox 229 3876 1827 3955; baseline 0.004 -22"><span class='ocrx_word' id='word_1_409' title='bbox 229 3876 450 3933; x_wconf 89' lang='lat' dir='ltr'><strong>subtilia</strong></span> <span class='ocrx_word' id='word_1_410' title='bbox 486 3878 578 3934; x_wconf 91' lang='lat' dir='ltr'><strong>Dei</strong></span> <span class='ocrx_word' id='word_1_411' title='bbox 602 3879 802 3949; x_wconf 89' lang='lat' dir='ltr'><strong>judicia</strong></span> <span class='ocrx_word' id='word_1_412' title='bbox 849 3897 1013 3952; x_wconf 90' lang='lat' dir='ltr'><strong>super</strong></span> <span class='ocrx_word' id='word_1_413' title='bbox 1064 3898 1124 3939; x_wconf 91' lang='lat' dir='ltr'><strong>se</strong></span> <span class='ocrx_word' id='word_1_414' title='bbox 1166 3898 1395 3955; x_wconf 90' lang='lat' dir='ltr'><strong>pensare</strong></span> <span class='ocrx_word' id='word_1_415' title='bbox 1439 3883 1632 3949; x_wconf 92' lang='lat' dir='ltr'><strong>noluit,</strong></span> <span class='ocrx_word' id='word_1_416' title='bbox 1665 3885 1733 3939; x_wconf 90' lang='lat' dir='ltr'><strong>de</strong></span> <span class='ocrx_word' id='word_1_417' title='bbox 1760 3900 1827 3939; x_wconf 91' lang='lat' dir='ltr'><strong>eo</strong></span> 
     </span>
    </p>
   </div>
   <div class='ocr_carea' id='block_1_56' title="bbox 228 3966 1826 4047">
    <p class='ocr_par' dir='ltr' id='par_1_56' title="bbox 228 3966 1826 4047">
     <span class='ocr_line' id='line_1_56' title="bbox 228 3966 1826 4047; baseline 0.006 -24"><span class='ocrx_word' id='word_1_418' title='bbox 228 3966 562 4037; x_wconf 88' lang='lat' dir='ltr'><strong>judiciorum</strong></span> <span class='ocrx_word' id='word_1_419' title='bbox 588 3973 870 4029; x_wconf 76' lang='lat' dir='ltr'><strong>sententia:</strong></span> <span class='ocrx_word' id='word_1_420' title='bbox 898 3989 1060 4045; x_wconf 89' lang='lat' dir='ltr'><strong>quam</strong></span> <span class='ocrx_word' id='word_1_421' title='bbox 1088 3984 1260 4033; x_wconf 86' lang='lat' dir='ltr'><strong>acutae</strong></span> <span class='ocrx_word' id='word_1_422' title='bbox 1290 3976 1641 4047; x_wconf 89' lang='lat' dir='ltr'><strong>replicantur.</strong></span> <span class='ocrx_word' id='word_1_423' title='bbox 1692 3976 1826 4033; x_wconf 89' lang='lat' dir='ltr'><strong>Nam</strong></span> 
     </span>
    </p>
   </div>
   <div class='ocr_carea' id='block_1_57' title="bbox 228 4057 673 4116">
    <p class='ocr_par' dir='ltr' id='par_1_57' title="bbox 228 4057 673 4116">
     <span class='ocr_line' id='line_1_57' title="bbox 228 4057 673 4116; baseline 0.004 -2"><span class='ocrx_word' id='word_1_424' title='bbox 228 4057 471 4114; x_wconf 87' lang='lat' dir='ltr'><strong>subdens</strong></span> <span class='ocrx_word' id='word_1_425' title='bbox 500 4059 628 4116; x_wconf 89' lang='lat' dir='ltr'><strong>dicit</strong></span> <span class='ocrx_word' id='word_1_426' title='bbox 660 4081 673 4115; x_wconf 89' lang='lat'><strong>:</strong></span> 
     </span>
    </p>
   </div>
   <div class='ocr_carea' id='block_1_58' title="bbox 305 4150 1828 4231">
    <p class='ocr_par' dir='ltr' id='par_1_58' title="bbox 305 4150 1828 4231">
     <span class='ocr_line' id='line_1_58' title="bbox 305 4150 1828 4231; baseline 0.006 -26"><span class='ocrx_word' id='word_1_427' title='bbox 305 4150 488 4220; x_wconf 79' lang='lat' dir='ltr'><strong>(Vers.</strong></span> <span class='ocrx_word' id='word_1_428' title='bbox 522 4150 590 4205; x_wconf 76' lang='grc'><strong>15</strong></span> <span class='ocrx_word' id='word_1_429' title='bbox 615 4161 668 4207; x_wconf 90' lang='lat' dir='ltr'><strong>et</strong></span> <span class='ocrx_word' id='word_1_430' title='bbox 698 4154 813 4225; x_wconf 74' lang='grc' dir='ltr'><strong>Μ.)</strong></span> <span class='ocrx_word' id='word_1_431' title='bbox 870 4155 1108 4211; x_wconf 68' lang='lat' dir='ltr'><strong>Praedixi</strong></span> <span class='ocrx_word' id='word_1_432' title='bbox 1137 4158 1273 4212; x_wconf 88' lang='lat' dir='ltr'><strong>enim</strong></span> <span class='ocrx_word' id='word_1_433' title='bbox 1323 4159 1459 4231; x_wconf 89' lang='lat' dir='ltr'><strong>quod</strong></span> <span class='ocrx_word' id='word_1_434' title='bbox 1498 4160 1828 4229; x_wconf 79' lang='lat' dir='ltr'><strong>judicaturus</strong></span> 
     </span>
    </p>
   </div>
   <div class='ocr_carea' id='block_1_59' title="bbox 230 4245 1829 4322">
    <p class='ocr_par' dir='ltr' id='par_1_59' title="bbox 230 4245 1829 4322">
     <span class='ocr_line' id='line_1_59' title="bbox 230 4245 1829 4322; baseline 0.004 -24"><span class='ocrx_word' id='word_1_435' title='bbox 230 4259 399 4298; x_wconf 76' lang='lat' dir='ltr'><strong>essem</strong></span> <span class='ocrx_word' id='word_1_436' title='bbox 430 4245 634 4299; x_wconf 86' lang='lat' dir='ltr'><strong>domum</strong></span> <span class='ocrx_word' id='word_1_437' title='bbox 663 4245 775 4315; x_wconf 82' lang='lat' dir='ltr'><strong>ejus</strong></span> <span class='ocrx_word' id='word_1_438' title='bbox 806 4264 964 4318; x_wconf 83' lang='lat' dir='ltr'><strong>usque</strong></span> <span class='ocrx_word' id='word_1_439' title='bbox 986 4250 1039 4302; x_wconf 85' lang='lat' dir='ltr'><strong>in</strong></span> <span class='ocrx_word' id='word_1_440' title='bbox 1067 4257 1314 4303; x_wconf 72' lang='lat' dir='ltr'><strong>aeternum</strong></span> <span class='ocrx_word' id='word_1_441' title='bbox 1337 4258 1547 4320; x_wconf 78' lang='lat' dir='ltr'><strong>prapter</strong></span> <span class='ocrx_word' id='word_1_442' title='bbox 1578 4248 1829 4322; x_wconf 82' lang='lat' dir='ltr'><strong>iniquita-</strong></span> 
     </span>
    </p>
   </div>
   <div class='ocr_carea' id='block_1_60' title="bbox 232 4338 1831 4413">
    <p class='ocr_par' dir='ltr' id='par_1_60' title="bbox 232 4338 1831 4413">
     <span class='ocr_line' id='line_1_60' title="bbox 232 4338 1831 4413; baseline 0.004 -22"><span class='ocrx_word' id='word_1_443' title='bbox 232 4345 353 4401; x_wconf 82' lang='lat' dir='ltr'><strong>tem,</strong></span> <span class='ocrx_word' id='word_1_444' title='bbox 394 4354 454 4392; x_wconf 87' lang='lat' dir='ltr'><strong>eo</strong></span> <span class='ocrx_word' id='word_1_445' title='bbox 477 4338 615 4407; x_wconf 84' lang='lat' dir='ltr'><strong>quod</strong></span> <span class='ocrx_word' id='word_1_446' title='bbox 642 4348 851 4393; x_wconf 82' lang='lat' dir='ltr'><strong>noverat</strong></span> <span class='ocrx_word' id='word_1_447' title='bbox 876 4338 1015 4410; x_wconf 79' lang='lat' dir='ltr'><strong>ﬁlios</strong></span> <span class='ocrx_word' id='word_1_448' title='bbox 1045 4357 1164 4395; x_wconf 87' lang='lat' dir='ltr'><strong>suos</strong></span> <span class='ocrx_word' id='word_1_449' title='bbox 1186 4341 1396 4412; x_wconf 82' lang='lat' dir='ltr'><strong>indigne</strong></span> <span class='ocrx_word' id='word_1_450' title='bbox 1425 4359 1595 4413; x_wconf 82' lang='lat' dir='ltr'><strong>agere,</strong></span> <span class='ocrx_word' id='word_1_451' title='bbox 1629 4352 1679 4396; x_wconf 88' lang='lat' dir='ltr'><strong>et</strong></span> <span class='ocrx_word' id='word_1_452' title='bbox 1727 4360 1831 4398; x_wconf 84' lang='lat' dir='ltr'><strong>non</strong></span> 
     </span>
    </p>
   </div>
   <div class='ocr_carea' id='block_1_61' title="bbox 228 4428 1831 4505">
    <p class='ocr_par' dir='ltr' id='par_1_61' title="bbox 228 4428 1831 4505">
     <span class='ocr_line' id='line_1_61' title="bbox 228 4428 1831 4505; baseline 0.004 -23"><span class='ocrx_word' id='word_1_453' title='bbox 228 4430 481 4499; x_wconf 82' lang='lat' dir='ltr'><strong>corripuit</strong></span> <span class='ocrx_word' id='word_1_454' title='bbox 496 4446 601 4483; x_wconf 88' lang='lat' dir='ltr'><strong>eos.</strong></span> <span class='ocrx_word' id='word_1_455' title='bbox 620 4428 649 4483; x_wconf 92' lang='grc' dir='ltr'><em>Ι</em></span> <span class='ocrx_word' id='word_1_456' title='bbox 654 4430 826 4484; x_wconf 88' lang='lat' dir='ltr'><strong>dcirco</strong></span> <span class='ocrx_word' id='word_1_457' title='bbox 830 4431 1004 4501; x_wconf 83' lang='lat' dir='ltr'><strong>juravi</strong></span> <span class='ocrx_word' id='word_1_458' title='bbox 1015 4431 1255 4503; x_wconf 41' lang='lat' dir='ltr'><strong>domui.”</strong></span> <span class='ocrx_word' id='word_1_459' title='bbox 1259 4432 1325 4487; x_wconf 88' lang='lat' dir='ltr'><strong>eli</strong></span> <span class='ocrx_word' id='word_1_460' title='bbox 1337 4434 1471 4505; x_wconf 80' lang='lat' dir='ltr'><strong>quod</strong></span> <span class='ocrx_word' id='word_1_461' title='bbox 1483 4451 1585 4489; x_wconf 85' lang='lat' dir='ltr'><strong>non</strong></span> <span class='ocrx_word' id='word_1_462' title='bbox 1597 4437 1831 4505; x_wconf 76' lang='lat' dir='ltr'><strong>expietur</strong></span> 
     </span>
    </p>
   </div>
   <div class='ocr_carea' id='block_1_62' title="bbox 227 4522 1822 4593">
    <p class='ocr_par' dir='ltr' id='par_1_62' title="bbox 227 4522 1822 4593">
     <span class='ocr_line' id='line_1_62' title="bbox 227 4522 1822 4593; baseline 0.003 -17"><span class='ocrx_word' id='word_1_463' title='bbox 227 4522 478 4593; x_wconf 78' lang='lat' dir='ltr'><strong>iniquitas</strong></span> <span class='ocrx_word' id='word_1_464' title='bbox 501 4522 678 4577; x_wconf 86' lang='lat' dir='ltr'><strong>domus</strong></span> <span class='ocrx_word' id='word_1_465' title='bbox 693 4524 803 4593; x_wconf 84' lang='lat' dir='ltr'><strong>ejus</strong></span> <span class='ocrx_word' id='word_1_466' title='bbox 842 4524 1058 4578; x_wconf 85' lang='lat' dir='ltr'><strong>victimis</strong></span> <span class='ocrx_word' id='word_1_467' title='bbox 1084 4531 1133 4578; x_wconf 79' lang='lat' dir='ltr'><strong>et</strong></span> <span class='ocrx_word' id='word_1_468' title='bbox 1163 4525 1453 4579; x_wconf 84' lang='lat' dir='ltr'><strong>muneribus</strong></span> <span class='ocrx_word' id='word_1_469' title='bbox 1479 4528 1532 4579; x_wconf 86' lang='lat' dir='ltr'><strong>in</strong></span> <span class='ocrx_word' id='word_1_470' title='bbox 1558 4535 1822 4581; x_wconf 64' lang='lat' dir='ltr'><strong>aeternum.</strong></span> 
     </span>
    </p>
   </div>
   <div class='ocr_carea' id='block_1_63' title="bbox 2001 1929 3256 2011">
    <p class='ocr_par' dir='ltr' id='par_1_63' title="bbox 2001 1929 3256 2011">
     <span class='ocr_line' id='line_1_63' title="bbox 2001 1929 3256 2011; baseline 0.009 -25"><span class='ocrx_word' id='word_1_471' title='bbox 2001 1929 2181 2001; x_wconf 73' lang='lat' dir='ltr'><strong>(Vers.</strong></span> <span class='ocrx_word' id='word_1_472' title='bbox 2210 1931 2326 2002; x_wconf 76' lang='grc'><strong>15.)</strong></span> <span class='ocrx_word' id='word_1_473' title='bbox 2374 1932 2629 1988; x_wconf 83' lang='lat' dir='ltr'><strong>Dormiuit</strong></span> <span class='ocrx_word' id='word_1_474' title='bbox 2658 1934 2873 1991; x_wconf 79' lang='lat' dir='ltr'><strong>Samuel</strong></span> <span class='ocrx_word' id='word_1_475' title='bbox 2900 1955 3059 2011; x_wconf 85' lang='lat' dir='ltr'><strong>usque</strong></span> <span class='ocrx_word' id='word_1_476' title='bbox 3085 1957 3256 2003; x_wconf 86' lang='lat' dir='ltr'><strong>mane.</strong></span> 
     </span>
    </p>
   </div>
   <div class='ocr_carea' id='block_1_64' title="bbox 1999 2020 3519 2104">
    <p class='ocr_par' dir='ltr' id='par_1_64' title="bbox 1999 2020 3519 2104">
     <span class='ocr_line' id='line_1_64' title="bbox 1999 2020 3519 2104; baseline 0.012 -29"><span class='ocrx_word' id='word_1_477' title='bbox 1999 2020 2089 2076; x_wconf 78' lang='grc'><strong>21.</strong></span> <span class='ocrx_word' id='word_1_478' title='bbox 2144 2021 2329 2094; x_wconf 83' lang='lat' dir='ltr'><strong>Usque</strong></span> <span class='ocrx_word' id='word_1_479' title='bbox 2356 2040 2515 2081; x_wconf 91' lang='lat' dir='ltr'><strong>mane</strong></span> <span class='ocrx_word' id='word_1_480' title='bbox 2544 2026 2689 2081; x_wconf 89' lang='lat' dir='ltr'><strong>enim</strong></span> <span class='ocrx_word' id='word_1_481' title='bbox 2720 2028 2922 2084; x_wconf 90' lang='lat' dir='ltr'><strong>dormit</strong></span> <span class='ocrx_word' id='word_1_482' title='bbox 2946 2033 3039 2101; x_wconf 91' lang='lat' dir='ltr'><strong>qui</strong></span> <span class='ocrx_word' id='word_1_483' title='bbox 3079 2049 3364 2104; x_wconf 88' lang='lat' dir='ltr'><strong>quousque</strong></span> <span class='ocrx_word' id='word_1_484' title='bbox 3384 2051 3519 2093; x_wconf 87' lang='lat' dir='ltr'><strong>ven-</strong></span> 
     </span>
    </p>
   </div>
   <div class='ocr_carea' id='block_1_65' title="bbox 1926 2113 3519 2194">
    <p class='ocr_par' dir='ltr' id='par_1_65' title="bbox 1926 2113 3519 2194">
     <span class='ocr_line' id='line_1_65' title="bbox 1926 2113 3519 2194; baseline 0.01 -27"><span class='ocrx_word' id='word_1_485' title='bbox 1926 2114 2034 2168; x_wconf 90' lang='lat' dir='ltr'><strong>turi</strong></span> <span class='ocrx_word' id='word_1_486' title='bbox 2056 2113 2402 2185; x_wconf 86' lang='lat' dir='ltr'><strong>Redemptori</strong></span> <span class='ocrx_word' id='word_1_487' title='bbox 2433 2117 2691 2185; x_wconf 90' lang='lat' dir='ltr'><strong>splendor</strong></span> <span class='ocrx_word' id='word_1_488' title='bbox 2713 2131 2973 2189; x_wconf 89' lang='lat' dir='ltr'><strong>appareat</strong></span> <span class='ocrx_word' id='word_1_489' title='bbox 3001 2122 3057 2177; x_wconf 90' lang='lat' dir='ltr'><strong>in</strong></span> <span class='ocrx_word' id='word_1_490' title='bbox 3085 2123 3335 2194; x_wconf 75' lang='lat' dir='ltr'><strong>incmptae</strong></span> <span class='ocrx_word' id='word_1_491' title='bbox 3362 2126 3519 2183; x_wconf 82' lang='lat' dir='ltr'><strong>bonae</strong></span> 
     </span>
    </p>
   </div>
   <div class='ocr_carea' id='block_1_66' title="bbox 1926 2205 3520 2285">
    <p class='ocr_par' dir='ltr' id='par_1_66' title="bbox 1926 2205 3520 2285">
     <span class='ocr_line' id='line_1_66' title="bbox 1926 2205 3520 2285; baseline 0.008 -25"><span class='ocrx_word' id='word_1_492' title='bbox 1926 2205 2259 2275; x_wconf 88' lang='lat' dir='ltr'><strong>operationis</strong></span> <span class='ocrx_word' id='word_1_493' title='bbox 2307 2208 2720 2264; x_wconf 91' lang='lat' dir='ltr'><strong>conversatione</strong></span> <span class='ocrx_word' id='word_1_494' title='bbox 2769 2212 3081 2281; x_wconf 89' lang='lat' dir='ltr'><strong>requiescit.</strong></span> <span class='ocrx_word' id='word_1_495' title='bbox 3141 2213 3323 2285; x_wconf 89' lang='lat' dir='ltr'><strong>Usque</strong></span> <span class='ocrx_word' id='word_1_496' title='bbox 3360 2232 3520 2274; x_wconf 82' lang='lat' dir='ltr'><strong>mane</strong></span> 
     </span>
    </p>
   </div>
   <div class='ocr_carea' id='block_1_67' title="bbox 1927 2294 3521 2377">
    <p class='ocr_par' dir='ltr' id='par_1_67' title="bbox 1927 2294 3521 2377">
     <span class='ocr_line' id='line_1_67' title="bbox 1927 2294 3521 2377; baseline 0.01 -28"><span class='ocrx_word' id='word_1_497' title='bbox 1927 2294 2144 2361; x_wconf 89' lang='lat' dir='ltr'><strong>dormit,</strong></span> <span class='ocrx_word' id='word_1_498' title='bbox 2176 2298 2265 2367; x_wconf 91' lang='lat' dir='ltr'><strong>qui</strong></span> <span class='ocrx_word' id='word_1_499' title='bbox 2283 2305 2398 2352; x_wconf 90' lang='lat' dir='ltr'><strong>tota</strong></span> <span class='ocrx_word' id='word_1_500' title='bbox 2424 2301 2705 2368; x_wconf 78' lang='lat' dir='ltr'><strong>praesentis</strong></span> <span class='ocrx_word' id='word_1_501' title='bbox 2732 2302 2855 2357; x_wconf 62' lang='lat' dir='ltr'><strong>vitm</strong></span> <span class='ocrx_word' id='word_1_502' title='bbox 2876 2312 3036 2360; x_wconf 90' lang='lat' dir='ltr'><strong>nocte</strong></span> <span class='ocrx_word' id='word_1_503' title='bbox 3063 2321 3160 2375; x_wconf 87' lang='lat' dir='ltr'><strong>per</strong></span> <span class='ocrx_word' id='word_1_504' title='bbox 3180 2308 3521 2377; x_wconf 85' lang='lat' dir='ltr'><strong>propositum</strong></span> 
     </span>
    </p>
   </div>
   <div class='ocr_carea' id='block_1_68' title="bbox 1925 2388 3520 2465">
    <p class='ocr_par' dir='ltr' id='par_1_68' title="bbox 1925 2388 3520 2465">
     <span class='ocr_line' id='line_1_68' title="bbox 1925 2388 3520 2465; baseline 0.009 -22"><span class='ocrx_word' id='word_1_505' title='bbox 1925 2388 2190 2444; x_wconf 75' lang='lat' dir='ltr'><strong>inchoatae</strong></span> <span class='ocrx_word' id='word_1_506' title='bbox 2212 2390 2433 2459; x_wconf 70' lang='lat' dir='ltr'><strong>justitia:</strong></span> <span class='ocrx_word' id='word_1_507' title='bbox 2460 2401 2766 2463; x_wconf 80' lang='lat' dir='ltr'><strong>exspectat,</strong></span> <span class='ocrx_word' id='word_1_508' title='bbox 2798 2404 2856 2449; x_wconf 92' lang='lat' dir='ltr'><strong>ut</strong></span> <span class='ocrx_word' id='word_1_509' title='bbox 2884 2397 2952 2451; x_wconf 91' lang='lat' dir='ltr'><strong>ad</strong></span> <span class='ocrx_word' id='word_1_510' title='bbox 2981 2398 3234 2465; x_wconf 87' lang='lat' dir='ltr'><strong>gaudium</strong></span> <span class='ocrx_word' id='word_1_511' title='bbox 3278 2402 3520 2457; x_wconf 78' lang='lat' dir='ltr'><strong>emeritae</strong></span> 
     </span>
    </p>
   </div>
   <div class='ocr_carea' id='block_1_69' title="bbox 1925 2480 3520 2559">
    <p class='ocr_par' dir='ltr' id='par_1_69' title="bbox 1925 2480 3520 2559">
     <span class='ocr_line' id='line_1_69' title="bbox 1925 2480 3520 2559; baseline 0.008 -26"><span class='ocrx_word' id='word_1_512' title='bbox 1925 2480 2296 2536; x_wconf 90' lang='lat' dir='ltr'><strong>retributionis</strong></span> <span class='ocrx_word' id='word_1_513' title='bbox 2308 2483 2525 2538; x_wconf 89' lang='lat' dir='ltr'><strong>claritas</strong></span> <span class='ocrx_word' id='word_1_514' title='bbox 2546 2485 2646 2539; x_wconf 89' lang='lat' dir='ltr'><strong>sibi</strong></span> <span class='ocrx_word' id='word_1_515' title='bbox 2677 2486 2929 2556; x_wconf 89' lang='lat' dir='ltr'><strong>promissi</strong></span> <span class='ocrx_word' id='word_1_516' title='bbox 2959 2485 3339 2559; x_wconf 82' lang='lat' dir='ltr'><strong>Redemptoris</strong></span> <span class='ocrx_word' id='word_1_517' title='bbox 3361 2489 3520 2546; x_wconf 70' lang='lat' dir='ltr'><strong>efful-</strong></span> 
     </span>
    </p>
   </div>
   <div class='ocr_carea' id='block_1_70' title="bbox 1926 2570 3520 2647">
    <p class='ocr_par' dir='ltr' id='par_1_70' title="bbox 1926 2570 3520 2647">
     <span class='ocr_line' id='line_1_70' title="bbox 1926 2570 3520 2647; baseline 0.007 -21"><span class='ocrx_word' id='word_1_518' title='bbox 1926 2579 2068 2640; x_wconf 84' lang='lat' dir='ltr'><strong>geat.</strong></span> <span class='ocrx_word' id='word_1_519' title='bbox 2096 2570 2332 2626; x_wconf 79' lang='lat' dir='ltr'><strong>Verbum</strong></span> <span class='ocrx_word' id='word_1_520' title='bbox 2354 2573 2496 2627; x_wconf 90' lang='lat' dir='ltr'><strong>enim</strong></span> <span class='ocrx_word' id='word_1_521' title='bbox 2519 2575 2843 2643; x_wconf 84' lang='lat' dir='ltr'><strong>promissum</strong></span> <span class='ocrx_word' id='word_1_522' title='bbox 2871 2577 2928 2629; x_wconf 88' lang='lat' dir='ltr'><strong>in</strong></span> <span class='ocrx_word' id='word_1_523' title='bbox 2957 2576 3125 2632; x_wconf 75' lang='lat' dir='ltr'><strong>Israel</strong></span> <span class='ocrx_word' id='word_1_524' title='bbox 3177 2580 3398 2647; x_wconf 89' lang='lat' dir='ltr'><strong>audivit,</strong></span> <span class='ocrx_word' id='word_1_525' title='bbox 3452 2581 3520 2637; x_wconf 89' lang='lat' dir='ltr'><strong>de</strong></span> 
     </span>
    </p>
   </div>
   <div class='ocr_carea' id='block_1_71' title="bbox 1927 2666 3517 2742">
    <p class='ocr_par' dir='ltr' id='par_1_71' title="bbox 1927 2666 3517 2742">
     <span class='ocr_line' id='line_1_71' title="bbox 1927 2666 3517 2742; baseline 0.006 -24"><span class='ocrx_word' id='word_1_526' title='bbox 1927 2678 2036 2734; x_wconf 90' lang='lat' dir='ltr'><strong>quo</strong></span> <span class='ocrx_word' id='word_1_527' title='bbox 2064 2680 2224 2720; x_wconf 87' lang='lat' dir='ltr'><strong>aures</strong></span> <span class='ocrx_word' id='word_1_528' title='bbox 2253 2666 2369 2733; x_wconf 90' lang='lat' dir='ltr'><strong>ejus</strong></span> <span class='ocrx_word' id='word_1_529' title='bbox 2399 2667 2594 2721; x_wconf 91' lang='lat' dir='ltr'><strong>tinnire</strong></span> <span class='ocrx_word' id='word_1_530' title='bbox 2611 2683 2720 2723; x_wconf 89' lang='lat' dir='ltr'><strong>non</strong></span> <span class='ocrx_word' id='word_1_531' title='bbox 2749 2668 3023 2737; x_wconf 88' lang='lat' dir='ltr'><strong>desinunt,</strong></span> <span class='ocrx_word' id='word_1_532' title='bbox 3046 2671 3171 2739; x_wconf 91' lang='lat' dir='ltr'><strong>quia</strong></span> <span class='ocrx_word' id='word_1_533' title='bbox 3190 2671 3258 2727; x_wconf 88' lang='lat' dir='ltr'><strong>de</strong></span> <span class='ocrx_word' id='word_1_534' title='bbox 3287 2687 3517 2742; x_wconf 85' lang='lat' dir='ltr'><strong>conspe-</strong></span> 
     </span>
    </p>
   </div>
   <div class='ocr_carea' id='block_1_72' title="bbox 1929 2757 3520 2834">
    <p class='ocr_par' dir='ltr' id='par_1_72' title="bbox 1929 2757 3520 2834">
     <span class='ocr_line' id='line_1_72' title="bbox 1929 2757 3520 2834; baseline 0.005 -22"><span class='ocrx_word' id='word_1_535' title='bbox 1929 2765 2017 2812; x_wconf 88' lang='lat' dir='ltr'><strong>cta</strong></span> <span class='ocrx_word' id='word_1_536' title='bbox 2071 2757 2408 2813; x_wconf 88' lang='lat' dir='ltr'><strong>districtione</strong></span> <span class='ocrx_word' id='word_1_537' title='bbox 2473 2759 2665 2815; x_wconf 86' lang='lat' dir='ltr'><strong>divinae</strong></span> <span class='ocrx_word' id='word_1_538' title='bbox 2714 2760 2935 2829; x_wconf 80' lang='lat' dir='ltr'><strong>justitiae</strong></span> <span class='ocrx_word' id='word_1_539' title='bbox 3008 2763 3215 2818; x_wconf 89' lang='lat' dir='ltr'><strong>timoris</strong></span> <span class='ocrx_word' id='word_1_540' title='bbox 3264 2766 3520 2834; x_wconf 90' lang='lat' dir='ltr'><strong>spiritum</strong></span> 
     </span>
    </p>
   </div>
   <div class='ocr_carea' id='block_1_73' title="bbox 1927 2845 3518 2925">
    <p class='ocr_par' dir='ltr' id='par_1_73' title="bbox 1927 2845 3518 2925">
     <span class='ocr_line' id='line_1_73' title="bbox 1927 2845 3518 2925; baseline 0.004 -21"><span class='ocrx_word' id='word_1_541' title='bbox 1927 2848 2125 2913; x_wconf 89' lang='lat' dir='ltr'><strong>hausit,</strong></span> <span class='ocrx_word' id='word_1_542' title='bbox 2173 2847 2275 2904; x_wconf 87' lang='lat' dir='ltr'><strong>sub</strong></span> <span class='ocrx_word' id='word_1_543' title='bbox 2305 2848 2457 2917; x_wconf 89' lang='lat' dir='ltr'><strong>cujus</strong></span> <span class='ocrx_word' id='word_1_544' title='bbox 2494 2850 2732 2918; x_wconf 90' lang='lat' dir='ltr'><strong>pondere</strong></span> <span class='ocrx_word' id='word_1_545' title='bbox 2757 2845 3037 2907; x_wconf 84' lang='lat' dir='ltr'><strong>adsaeculi</strong></span> <span class='ocrx_word' id='word_1_546' title='bbox 3076 2869 3316 2910; x_wconf 89' lang='lat' dir='ltr'><strong>amorem</strong></span> <span class='ocrx_word' id='word_1_547' title='bbox 3346 2856 3518 2925; x_wconf 84' lang='lat' dir='ltr'><strong>evigi-</strong></span> 
     </span>
    </p>
   </div>
   <div class='ocr_carea' id='block_1_74' title="bbox 1928 2938 3521 3014">
    <p class='ocr_par' dir='ltr' id='par_1_74' title="bbox 1928 2938 3521 3014">
     <span class='ocr_line' id='line_1_74' title="bbox 1928 2938 3521 3014; baseline 0.004 -20"><span class='ocrx_word' id='word_1_548' title='bbox 1928 2940 2042 2995; x_wconf 91' lang='lat' dir='ltr'><strong>lare</strong></span> <span class='ocrx_word' id='word_1_549' title='bbox 2072 2954 2179 2994; x_wconf 94' lang='lat' dir='ltr'><strong>non</strong></span> <span class='ocrx_word' id='word_1_550' title='bbox 2204 2940 2421 3009; x_wconf 89' lang='lat' dir='ltr'><strong>poterit.</strong></span> <span class='ocrx_word' id='word_1_551' title='bbox 2480 2938 2586 2995; x_wconf 88' lang='lat' dir='ltr'><strong>Sed</strong></span> <span class='ocrx_word' id='word_1_552' title='bbox 2617 2940 2844 2997; x_wconf 84' lang='lat' dir='ltr'><strong>fortasse</strong></span> <span class='ocrx_word' id='word_1_553' title='bbox 2891 2958 3059 3014; x_wconf 89' lang='lat' dir='ltr'><strong>usque</strong></span> <span class='ocrx_word' id='word_1_554' title='bbox 3085 2959 3244 2999; x_wconf 90' lang='lat' dir='ltr'><strong>mane</strong></span> <span class='ocrx_word' id='word_1_555' title='bbox 3282 2944 3521 3001; x_wconf 89' lang='lat' dir='ltr'><strong>dormire</strong></span> 
     </span>
    </p>
   </div>
   <div class='ocr_carea' id='block_1_75' title="bbox 1930 3029 3519 3099">
    <p class='ocr_par' dir='ltr' id='par_1_75' title="bbox 1930 3029 3519 3099">
     <span class='ocr_line' id='line_1_75' title="bbox 1930 3029 3519 3099; baseline 0.005 -13"><span class='ocrx_word' id='word_1_556' title='bbox 1930 3030 2144 3096; x_wconf 88' lang='lat' dir='ltr'><strong>dicitur,</strong></span> <span class='ocrx_word' id='word_1_557' title='bbox 2186 3044 2285 3099; x_wconf 93' lang='lat' dir='ltr'><strong>pro</strong></span> <span class='ocrx_word' id='word_1_558' title='bbox 2316 3029 2509 3085; x_wconf 90' lang='lat' dir='ltr'><strong>tinnitu</strong></span> <span class='ocrx_word' id='word_1_559' title='bbox 2548 3032 2694 3087; x_wconf 90' lang='lat' dir='ltr'><strong>auris</strong></span> <span class='ocrx_word' id='word_1_560' title='bbox 2718 3032 2973 3090; x_wconf 81' lang='lat' dir='ltr'><strong>dexterae.</strong></span> <span class='ocrx_word' id='word_1_561' title='bbox 3004 3034 3139 3089; x_wconf 90' lang='lat' dir='ltr'><strong>Nam</strong></span> <span class='ocrx_word' id='word_1_562' title='bbox 3169 3035 3392 3092; x_wconf 86' lang='lat' dir='ltr'><strong>dextera</strong></span> <span class='ocrx_word' id='word_1_563' title='bbox 3419 3053 3519 3094; x_wconf 78' lang='lat' dir='ltr'><strong>au-</strong></span> 
     </span>
    </p>
   </div>
   <div class='ocr_carea' id='block_1_76' title="bbox 1929 3121 3521 3193">
    <p class='ocr_par' dir='ltr' id='par_1_76' title="bbox 1929 3121 3521 3193">
     <span class='ocr_line' id='line_1_76' title="bbox 1929 3121 3521 3193; baseline 0.006 -17"><span class='ocrx_word' id='word_1_564' title='bbox 1929 3122 2005 3177; x_wconf 91' lang='lat' dir='ltr'><strong>ris</strong></span> <span class='ocrx_word' id='word_1_565' title='bbox 2036 3121 2213 3186; x_wconf 85' lang='lat' dir='ltr'><strong>tinnit,</strong></span> <span class='ocrx_word' id='word_1_566' title='bbox 2254 3124 2379 3192; x_wconf 89' lang='lat' dir='ltr'><strong>quia</strong></span> <span class='ocrx_word' id='word_1_567' title='bbox 2428 3123 2552 3177; x_wconf 88' lang='lat' dir='ltr'><strong>dum</strong></span> <span class='ocrx_word' id='word_1_568' title='bbox 2584 3123 2852 3193; x_wconf 84' lang='lat' dir='ltr'><strong>perfectus</strong></span> <span class='ocrx_word' id='word_1_569' title='bbox 2870 3128 3141 3183; x_wconf 90' lang='lat' dir='ltr'><strong>interioris</strong></span> <span class='ocrx_word' id='word_1_570' title='bbox 3160 3130 3282 3184; x_wconf 88' lang='lat' dir='ltr'><strong>vitae</strong></span> <span class='ocrx_word' id='word_1_571' title='bbox 3310 3139 3521 3187; x_wconf 87' lang='lat' dir='ltr'><strong>amator</strong></span> 
     </span>
    </p>
   </div>
   <div class='ocr_carea' id='block_1_77' title="bbox 1849 3179 3523 3289">
    <p class='ocr_par' dir='ltr' id='par_1_77' title="bbox 1849 3179 3523 3289">
     <span class='ocr_line' id='line_1_77' title="bbox 1849 3179 3523 3289; baseline 0.004 -19"><span class='ocrx_word' id='word_1_572' title='bbox 1849 3179 1895 3242; x_wconf 75' lang='lat' dir='ltr'><strong><em>C</em></strong></span> <span class='ocrx_word' id='word_1_573' title='bbox 1932 3215 2002 3271; x_wconf 90' lang='lat' dir='ltr'><strong>de</strong></span> <span class='ocrx_word' id='word_1_574' title='bbox 2047 3215 2381 3286; x_wconf 86' lang='lat' dir='ltr'><strong>perfectione</strong></span> <span class='ocrx_word' id='word_1_575' title='bbox 2433 3218 2911 3288; x_wconf 89' lang='lat' dir='ltr'><strong>contemplationis</strong></span> <span class='ocrx_word' id='word_1_576' title='bbox 2959 3221 3191 3285; x_wconf 90' lang='lat' dir='ltr'><strong>dubitat,</strong></span> <span class='ocrx_word' id='word_1_577' title='bbox 3241 3222 3411 3289; x_wconf 90' lang='lat' dir='ltr'><strong>magis</strong></span> <span class='ocrx_word' id='word_1_578' title='bbox 3457 3236 3523 3278; x_wconf 86' lang='lat' dir='ltr'><strong>ac</strong></span> 
     </span>
    </p>
   </div>
   <div class='ocr_carea' id='block_1_78' title="bbox 1928 3309 3523 3381">
    <p class='ocr_par' dir='ltr' id='par_1_78' title="bbox 1928 3309 3523 3381">
     <span class='ocr_line' id='line_1_78' title="bbox 1928 3309 3523 3381; baseline 0.003 -18"><span class='ocrx_word' id='word_1_579' title='bbox 1928 3309 2098 3378; x_wconf 85' lang='lat' dir='ltr'><strong>magis</strong></span> <span class='ocrx_word' id='word_1_580' title='bbox 2143 3309 2410 3379; x_wconf 82' lang='lat' dir='ltr'><strong>prolicere</strong></span> <span class='ocrx_word' id='word_1_581' title='bbox 2460 3311 2514 3365; x_wconf 92' lang='lat' dir='ltr'><strong>in</strong></span> <span class='ocrx_word' id='word_1_582' title='bbox 2565 3326 2628 3366; x_wconf 89' lang='lat' dir='ltr'><strong>ea</strong></span> <span class='ocrx_word' id='word_1_583' title='bbox 2682 3326 2790 3380; x_wconf 89' lang='lat' dir='ltr'><strong>qua</strong></span> <span class='ocrx_word' id='word_1_584' title='bbox 2818 3312 2983 3381; x_wconf 71' lang='lat' dir='ltr'><strong>coepit</strong></span> <span class='ocrx_word' id='word_1_585' title='bbox 3037 3313 3162 3367; x_wconf 86' lang='lat' dir='ltr'><strong>vitae</strong></span> <span class='ocrx_word' id='word_1_586' title='bbox 3191 3314 3523 3369; x_wconf 87' lang='lat' dir='ltr'><strong>sublimitate</strong></span> 
     </span>
    </p>
   </div>
   <div class='ocr_carea' id='block_1_79' title="bbox 1928 3399 3524 3472">
    <p class='ocr_par' dir='ltr' id='par_1_79' title="bbox 1928 3399 3524 3472">
     <span class='ocr_line' id='line_1_79' title="bbox 1928 3399 3524 3472; baseline 0.004 -18"><span class='ocrx_word' id='word_1_587' title='bbox 1928 3401 2153 3471; x_wconf 89' lang='lat' dir='ltr'><strong>appetit.</strong></span> <span class='ocrx_word' id='word_1_588' title='bbox 2187 3399 2293 3454; x_wconf 90' lang='lat' dir='ltr'><strong>Sed</strong></span> <span class='ocrx_word' id='word_1_589' title='bbox 2331 3401 2569 3471; x_wconf 89' lang='lat' dir='ltr'><strong>quandiu</strong></span> <span class='ocrx_word' id='word_1_590' title='bbox 2598 3402 2653 3455; x_wconf 91' lang='lat' dir='ltr'><strong>in</strong></span> <span class='ocrx_word' id='word_1_591' title='bbox 2682 3402 2785 3456; x_wconf 86' lang='lat' dir='ltr'><strong>hac</strong></span> <span class='ocrx_word' id='word_1_592' title='bbox 2810 3405 2963 3472; x_wconf 83' lang='lat'><strong>107</strong></span> <span class='ocrx_word' id='word_1_593' title='bbox 2995 3404 3210 3457; x_wconf 87' lang='lat' dir='ltr'><strong>mortali</strong></span> <span class='ocrx_word' id='word_1_594' title='bbox 3240 3419 3403 3459; x_wconf 91' lang='lat' dir='ltr'><strong>carne</strong></span> <span class='ocrx_word' id='word_1_595' title='bbox 3432 3420 3524 3459; x_wconf 91' lang='lat' dir='ltr'><strong>su-</strong></span> 
     </span>
    </p>
   </div>
   <div class='ocr_carea' id='block_1_80' title="bbox 1927 3491 3523 3561">
    <p class='ocr_par' dir='ltr' id='par_1_80' title="bbox 1927 3491 3523 3561">
     <span class='ocr_line' id='line_1_80' title="bbox 1927 3491 3523 3561; baseline 0.003 -15"><span class='ocrx_word' id='word_1_596' title='bbox 1927 3508 2067 3557; x_wconf 88' lang='lat' dir='ltr'><strong>mus,</strong></span> <span class='ocrx_word' id='word_1_597' title='bbox 2128 3491 2347 3561; x_wconf 88' lang='lat' dir='ltr'><strong>maligni</strong></span> <span class='ocrx_word' id='word_1_598' title='bbox 2377 3492 2597 3561; x_wconf 87' lang='lat' dir='ltr'><strong>spiritus</strong></span> <span class='ocrx_word' id='word_1_599' title='bbox 2645 3491 2713 3545; x_wconf 90' lang='lat' dir='ltr'><strong>ad</strong></span> <span class='ocrx_word' id='word_1_600' title='bbox 2766 3508 2974 3547; x_wconf 91' lang='lat' dir='ltr'><strong>summa</strong></span> <span class='ocrx_word' id='word_1_601' title='bbox 3018 3494 3359 3550; x_wconf 88' lang='lat' dir='ltr'><strong>tendentibus</strong></span> <span class='ocrx_word' id='word_1_602' title='bbox 3388 3496 3523 3550; x_wconf 85' lang='lat' dir='ltr'><strong>insi-</strong></span> 
     </span>
    </p>
   </div>
   <div class='ocr_carea' id='block_1_81' title="bbox 1928 3584 3521 3656">
    <p class='ocr_par' dir='ltr' id='par_1_81' title="bbox 1928 3584 3521 3656">
     <span class='ocr_line' id='line_1_81' title="bbox 1928 3584 3521 3656; baseline 0.001 -15"><span class='ocrx_word' id='word_1_603' title='bbox 1928 3586 2173 3651; x_wconf 83' lang='lat' dir='ltr'><strong>diantur;</strong></span> <span class='ocrx_word' id='word_1_604' title='bbox 2230 3593 2284 3639; x_wconf 90' lang='lat' dir='ltr'><strong>et</strong></span> <span class='ocrx_word' id='word_1_605' title='bbox 2308 3592 2368 3639; x_wconf 91' lang='lat' dir='ltr'><strong>ut</strong></span> <span class='ocrx_word' id='word_1_606' title='bbox 2414 3599 2508 3639; x_wconf 90' lang='lat' dir='ltr'><strong>eos</strong></span> <span class='ocrx_word' id='word_1_607' title='bbox 2549 3585 2618 3639; x_wconf 91' lang='lat' dir='ltr'><strong>ab</strong></span> <span class='ocrx_word' id='word_1_608' title='bbox 2644 3584 2869 3640; x_wconf 86' lang='lat' dir='ltr'><strong>internae</strong></span> <span class='ocrx_word' id='word_1_609' title='bbox 2895 3586 3079 3656; x_wconf 81' lang='lat' dir='ltr'><strong>gloriae</strong></span> <span class='ocrx_word' id='word_1_610' title='bbox 3102 3587 3309 3642; x_wconf 89' lang='lat' dir='ltr'><strong>visione</strong></span> <span class='ocrx_word' id='word_1_611' title='bbox 3344 3597 3521 3643; x_wconf 84' lang='lat' dir='ltr'><strong>retra-</strong></span> 
     </span>
    </p>
   </div>
   <div class='ocr_carea' id='block_1_82' title="bbox 1929 3678 3518 3749">
    <p class='ocr_par' dir='ltr' id='par_1_82' title="bbox 1929 3678 3518 3749">
     <span class='ocr_line' id='line_1_82' title="bbox 1929 3678 3518 3749; baseline 0.001 -17"><span class='ocrx_word' id='word_1_612' title='bbox 1929 3678 2082 3748; x_wconf 85' lang='lat' dir='ltr'><strong>hant,</strong></span> <span class='ocrx_word' id='word_1_613' title='bbox 2113 3679 2417 3747; x_wconf 84' lang='lat' dir='ltr'><strong>ineptarum</strong></span> <span class='ocrx_word' id='word_1_614' title='bbox 2466 3679 2858 3747; x_wconf 87' lang='lat' dir='ltr'><strong>cogitationum</strong></span> <span class='ocrx_word' id='word_1_615' title='bbox 2890 3678 3142 3747; x_wconf 83' lang='lat' dir='ltr'><strong>ﬁgmenta</strong></span> <span class='ocrx_word' id='word_1_616' title='bbox 3171 3690 3518 3749; x_wconf 82' lang='lat' dir='ltr'><strong>congregant,</strong></span> 
     </span>
    </p>
   </div>
   <div class='ocr_carea' id='block_1_83' title="bbox 1929 3771 3524 3843">
    <p class='ocr_par' dir='ltr' id='par_1_83' title="bbox 1929 3771 3524 3843">
     <span class='ocr_line' id='line_1_83' title="bbox 1929 3771 3524 3843; baseline 0.002 -18"><span class='ocrx_word' id='word_1_617' title='bbox 1929 3786 2049 3841; x_wconf 79' lang='lat' dir='ltr'><strong>quae</strong></span> <span class='ocrx_word' id='word_1_618' title='bbox 2071 3771 2297 3826; x_wconf 90' lang='lat' dir='ltr'><strong>internis</strong></span> <span class='ocrx_word' id='word_1_619' title='bbox 2342 3786 2530 3825; x_wconf 87' lang='lat' dir='ltr'><strong>eorum</strong></span> <span class='ocrx_word' id='word_1_620' title='bbox 2582 3771 2755 3827; x_wconf 89' lang='lat' dir='ltr'><strong>oculis</strong></span> <span class='ocrx_word' id='word_1_621' title='bbox 2780 3781 3109 3841; x_wconf 88' lang='lat' dir='ltr'><strong>proponant.</strong></span> <span class='ocrx_word' id='word_1_622' title='bbox 3163 3771 3310 3827; x_wconf 89' lang='lat' dir='ltr'><strong>Bene</strong></span> <span class='ocrx_word' id='word_1_623' title='bbox 3338 3772 3524 3843; x_wconf 87' lang='lat' dir='ltr'><strong>itaque</strong></span> 
     </span>
    </p>
   </div>
   <div class='ocr_carea' id='block_1_84' title="bbox 1929 3863 3523 3935">
    <p class='ocr_par' dir='ltr' id='par_1_84' title="bbox 1929 3863 3523 3935">
     <span class='ocr_line' id='line_1_84' title="bbox 1929 3863 3523 3935; baseline 0 -16"><span class='ocrx_word' id='word_1_624' title='bbox 1929 3864 2126 3920; x_wconf 88' lang='lat' dir='ltr'><strong>dicitur</strong></span> <span class='ocrx_word' id='word_1_625' title='bbox 2159 3882 2171 3918; x_wconf 92' lang='lat'><strong>:</strong></span> <span class='ocrx_word' id='word_1_626' title='bbox 2206 3863 2460 3919; x_wconf 87' lang='lat' dir='ltr'><strong>Dormivit</strong></span> <span class='ocrx_word' id='word_1_627' title='bbox 2489 3864 2705 3919; x_wconf 87' lang='lat' dir='ltr'><strong>Samuel</strong></span> <span class='ocrx_word' id='word_1_628' title='bbox 2728 3881 2887 3935; x_wconf 83' lang='lat' dir='ltr'><strong>usque</strong></span> <span class='ocrx_word' id='word_1_629' title='bbox 2935 3881 3107 3918; x_wconf 88' lang='lat' dir='ltr'><strong>mane.</strong></span> <span class='ocrx_word' id='word_1_630' title='bbox 3140 3863 3393 3919; x_wconf 85' lang='lat' dir='ltr'><strong>Tentatio</strong></span> <span class='ocrx_word' id='word_1_631' title='bbox 3421 3866 3523 3919; x_wconf 87' lang='lat' dir='ltr'><strong>im-</strong></span> 
     </span>
    </p>
   </div>
   <div class='ocr_carea' id='block_1_85' title="bbox 1929 3955 3522 4025">
    <p class='ocr_par' dir='ltr' id='par_1_85' title="bbox 1929 3955 3522 4025">
     <span class='ocr_line' id='line_1_85' title="bbox 1929 3955 3522 4025; baseline 0 -15"><span class='ocrx_word' id='word_1_632' title='bbox 1929 3955 2253 4010; x_wconf 89' lang='lat' dir='ltr'><strong>mundorum</strong></span> <span class='ocrx_word' id='word_1_633' title='bbox 2276 3956 2561 4024; x_wconf 88' lang='lat' dir='ltr'><strong>spirituum</strong></span> <span class='ocrx_word' id='word_1_634' title='bbox 2592 3971 2702 4011; x_wconf 79' lang='lat' dir='ltr'><strong>nox</strong></span> <span class='ocrx_word' id='word_1_635' title='bbox 2722 3964 2842 4021; x_wconf 88' lang='lat' dir='ltr'><strong>est;</strong></span> <span class='ocrx_word' id='word_1_636' title='bbox 2893 3956 2985 4024; x_wconf 92' lang='lat' dir='ltr'><strong>qui</strong></span> <span class='ocrx_word' id='word_1_637' title='bbox 3008 3970 3134 4010; x_wconf 88' lang='lat' dir='ltr'><strong>vero</strong></span> <span class='ocrx_word' id='word_1_638' title='bbox 3164 3970 3334 4025; x_wconf 88' lang='lat' dir='ltr'><strong>usque</strong></span> <span class='ocrx_word' id='word_1_639' title='bbox 3361 3969 3522 4010; x_wconf 90' lang='lat' dir='ltr'><strong>mane</strong></span> 
     </span>
    </p>
   </div>
   <div class='ocr_carea' id='block_1_86' title="bbox 1931 4048 3523 4117">
    <p class='ocr_par' dir='ltr' id='par_1_86' title="bbox 1931 4048 3523 4117">
     <span class='ocr_line' id='line_1_86' title="bbox 1931 4048 3523 4117; baseline -0.003 -13"><span class='ocrx_word' id='word_1_640' title='bbox 1931 4049 2131 4104; x_wconf 89' lang='lat' dir='ltr'><strong>dormit</strong></span> <span class='ocrx_word' id='word_1_641' title='bbox 2154 4048 2343 4105; x_wconf 89' lang='lat' dir='ltr'><strong>oculos</strong></span> <span class='ocrx_word' id='word_1_642' title='bbox 2373 4058 2486 4104; x_wconf 86' lang='lat' dir='ltr'><strong>tota</strong></span> <span class='ocrx_word' id='word_1_643' title='bbox 2515 4057 2679 4104; x_wconf 89' lang='lat' dir='ltr'><strong>nocte</strong></span> <span class='ocrx_word' id='word_1_644' title='bbox 2701 4064 2809 4102; x_wconf 93' lang='lat' dir='ltr'><strong>non</strong></span> <span class='ocrx_word' id='word_1_645' title='bbox 2837 4049 3032 4117; x_wconf 88' lang='lat' dir='ltr'><strong>aperit.</strong></span> <span class='ocrx_word' id='word_1_646' title='bbox 3072 4048 3279 4102; x_wconf 89' lang='lat' dir='ltr'><strong>Dormit</strong></span> <span class='ocrx_word' id='word_1_647' title='bbox 3304 4062 3435 4115; x_wconf 89' lang='lat' dir='ltr'><strong>ergo</strong></span> <span class='ocrx_word' id='word_1_648' title='bbox 3467 4048 3523 4101; x_wconf 89' lang='lat' dir='ltr'><strong>in</strong></span> 
     </span>
    </p>
   </div>
   <div class='ocr_carea' id='block_1_87' title="bbox 1931 4140 3525 4212">
    <p class='ocr_par' dir='ltr' id='par_1_87' title="bbox 1931 4140 3525 4212">
     <span class='ocr_line' id='line_1_87' title="bbox 1931 4140 3525 4212; baseline -0.001 -16"><span class='ocrx_word' id='word_1_649' title='bbox 1931 4151 2090 4197; x_wconf 67' lang='lat' dir='ltr'><strong>23cm</strong></span> <span class='ocrx_word' id='word_1_650' title='bbox 2146 4143 2237 4212; x_wconf 93' lang='lat' dir='ltr'><strong>qui</strong></span> <span class='ocrx_word' id='word_1_651' title='bbox 2268 4142 2522 4212; x_wconf 82' lang='lat' dir='ltr'><strong>figmenta</strong></span> <span class='ocrx_word' id='word_1_652' title='bbox 2552 4142 2855 4195; x_wconf 78' lang='lat' dir='ltr'><strong>daemonum</strong></span> <span class='ocrx_word' id='word_1_653' title='bbox 2906 4140 3228 4209; x_wconf 82' lang='lat' dir='ltr'><strong>dedignatur</strong></span> <span class='ocrx_word' id='word_1_654' title='bbox 3275 4141 3525 4210; x_wconf 87' lang='lat' dir='ltr'><strong>aspicere</strong></span> 
     </span>
    </p>
   </div>
   <div class='ocr_carea' id='block_1_88' title="bbox 1932 4231 3527 4302">
    <p class='ocr_par' dir='ltr' id='par_1_88' title="bbox 1932 4231 3527 4302">
     <span class='ocr_line' id='line_1_88' title="bbox 1932 4231 3527 4302; baseline 0.001 -17"><span class='ocrx_word' id='word_1_655' title='bbox 1932 4232 1987 4287; x_wconf 91' lang='lat' dir='ltr'><strong>in</strong></span> <span class='ocrx_word' id='word_1_656' title='bbox 2015 4235 2334 4289; x_wconf 90' lang='lat' dir='ltr'><strong>tentatione.</strong></span> <span class='ocrx_word' id='word_1_657' title='bbox 2385 4233 2523 4288; x_wconf 84' lang='lat' dir='ltr'><strong>Tota</strong></span> <span class='ocrx_word' id='word_1_658' title='bbox 2550 4240 2711 4287; x_wconf 90' lang='lat' dir='ltr'><strong>nocte</strong></span> <span class='ocrx_word' id='word_1_659' title='bbox 2742 4231 2905 4286; x_wconf 89' lang='lat' dir='ltr'><strong>etiam</strong></span> <span class='ocrx_word' id='word_1_660' title='bbox 2958 4232 3176 4299; x_wconf 91' lang='lat' dir='ltr'><strong>dormit,</strong></span> <span class='ocrx_word' id='word_1_661' title='bbox 3234 4232 3360 4302; x_wconf 89' lang='lat' dir='ltr'><strong>quia</strong></span> <span class='ocrx_word' id='word_1_662' title='bbox 3390 4233 3527 4288; x_wconf 88' lang='lat' dir='ltr'><strong>cali-</strong></span> 
     </span>
    </p>
   </div>
   <div class='ocr_carea' id='block_1_89' title="bbox 1934 4322 3520 4398">
    <p class='ocr_par' dir='ltr' id='par_1_89' title="bbox 1934 4322 3520 4398">
     <span class='ocr_line' id='line_1_89' title="bbox 1934 4322 3520 4398; baseline -0.001 -18"><span class='ocrx_word' id='word_1_663' title='bbox 1934 4326 2059 4398; x_wconf 88' lang='lat' dir='ltr'><strong>gine</strong></span> <span class='ocrx_word' id='word_1_664' title='bbox 2100 4324 2412 4381; x_wconf 89' lang='lat' dir='ltr'><strong>tentationis</strong></span> <span class='ocrx_word' id='word_1_665' title='bbox 2443 4339 2551 4378; x_wconf 89' lang='lat' dir='ltr'><strong>nou</strong></span> <span class='ocrx_word' id='word_1_666' title='bbox 2578 4324 2834 4390; x_wconf 87' lang='lat' dir='ltr'><strong>vincitur,</strong></span> <span class='ocrx_word' id='word_1_667' title='bbox 2876 4322 2973 4378; x_wconf 90' lang='lat' dir='ltr'><strong>sed</strong></span> <span class='ocrx_word' id='word_1_668' title='bbox 2998 4324 3227 4380; x_wconf 89' lang='lat' dir='ltr'><strong>viriliter</strong></span> <span class='ocrx_word' id='word_1_669' title='bbox 3265 4324 3520 4395; x_wconf 85' lang='lat' dir='ltr'><strong>sustinet,</strong></span> 
     </span>
    </p>
   </div>
   <div class='ocr_carea' id='block_1_90' title="bbox 1934 4414 3525 4488">
    <p class='ocr_par' dir='ltr' id='par_1_90' title="bbox 1934 4414 3525 4488">
     <span class='ocr_line' id='line_1_90' title="bbox 1934 4414 3525 4488; baseline -0.001 -14"><span class='ocrx_word' id='word_1_670' title='bbox 1934 4418 2108 4474; x_wconf 88' lang='lat' dir='ltr'><strong>donec</strong></span> <span class='ocrx_word' id='word_1_671' title='bbox 2147 4433 2244 4488; x_wconf 90' lang='lat' dir='ltr'><strong>per</strong></span> <span class='ocrx_word' id='word_1_672' title='bbox 2272 4417 2563 4471; x_wconf 89' lang='lat' dir='ltr'><strong>adventum</strong></span> <span class='ocrx_word' id='word_1_673' title='bbox 2605 4414 2791 4484; x_wconf 77' lang='lat' dir='ltr'><strong>gratiae</strong></span> <span class='ocrx_word' id='word_1_674' title='bbox 2819 4415 3077 4474; x_wconf 86' lang='lat' dir='ltr'><strong>claritatis</strong></span> <span class='ocrx_word' id='word_1_675' title='bbox 3121 4431 3367 4487; x_wconf 78' lang='lat' dir='ltr'><strong>supernae</strong></span> <span class='ocrx_word' id='word_1_676' title='bbox 3402 4417 3525 4473; x_wconf 89' lang='lat' dir='ltr'><strong>luce</strong></span> 
     </span>
    </p>
   </div>
   <div class='ocr_carea' id='block_1_91' title="bbox 1934 4506 3526 4581">
    <p class='ocr_par' dir='ltr' id='par_1_91' title="bbox 1934 4506 3526 4581">
     <span class='ocr_line' id='line_1_91' title="bbox 1934 4506 3526 4581; baseline -0.002 -14"><span class='ocrx_word' id='word_1_677' title='bbox 1934 4512 2196 4568; x_wconf 81' lang='lat' dir='ltr'><strong>visitetur.</strong></span> <span class='ocrx_word' id='word_1_678' title='bbox 2223 4510 2291 4563; x_wconf 91' lang='lat' dir='ltr'><strong>Et</strong></span> <span class='ocrx_word' id='word_1_679' title='bbox 2320 4519 2450 4564; x_wconf 90' lang='lat' dir='ltr'><strong>tunc</strong></span> <span class='ocrx_word' id='word_1_680' title='bbox 2476 4506 2719 4578; x_wconf 83' lang='lat' dir='ltr'><strong>profecto</strong></span> <span class='ocrx_word' id='word_1_681' title='bbox 2749 4508 2898 4564; x_wconf 88' lang='lat' dir='ltr'><strong>velut</strong></span> <span class='ocrx_word' id='word_1_682' title='bbox 2922 4523 3082 4563; x_wconf 92' lang='lat' dir='ltr'><strong>mane</strong></span> <span class='ocrx_word' id='word_1_683' title='bbox 3108 4510 3346 4579; x_wconf 85' lang='lat' dir='ltr'><strong>evigilat,</strong></span> <span class='ocrx_word' id='word_1_684' title='bbox 3399 4508 3526 4581; x_wconf 87' lang='lat' dir='ltr'><strong>quia</strong></span> 
     </span>
    </p>
   </div>
   <div class='ocr_carea' id='block_1_92' title="bbox 296 4574 3520 4686">
    <p class='ocr_par' dir='ltr' id='par_1_92' title="bbox 296 4574 3520 4686">
     <span class='ocr_line' id='line_1_92' title="bbox 296 4574 3520 4686; baseline -0.004 -17"><span class='ocrx_word' id='word_1_685' title='bbox 425 4574 1246 4686; x_wconf 57' lang='lat' dir='ltr'><strong>Quiaenin;</strong></span> <span class='ocrx_word' id='word_1_686' title='bbox 1276 4618 1580 4673; x_wconf 79' lang='lat' dir='ltr'><strong>severitatis</strong></span> <span class='ocrx_word' id='word_1_687' title='bbox 1608 4626 1823 4674; x_wconf 76' lang='lat' dir='ltr'><strong>semen-</strong></span> <span class='ocrx_word' id='word_1_688' title='bbox 1854 4574 1908 4636; x_wconf 71' lang='grc' dir='ltr'><strong><em>Β</em></strong></span> <span class='ocrx_word' id='word_1_689' title='bbox 1933 4607 2332 4663; x_wconf 87' lang='lat' dir='ltr'><strong>oblectamento</strong></span> <span class='ocrx_word' id='word_1_690' title='bbox 2360 4602 2527 4659; x_wconf 85' lang='lat' dir='ltr'><strong>refusi</strong></span> <span class='ocrx_word' id='word_1_691' title='bbox 2557 4602 2657 4657; x_wconf 90' lang='lat' dir='ltr'><strong>sibi</strong></span> <span class='ocrx_word' id='word_1_692' title='bbox 2686 4610 2809 4673; x_wconf 89' lang='lat' dir='ltr'><strong>post</strong></span> <span class='ocrx_word' id='word_1_693' title='bbox 2853 4603 3107 4658; x_wconf 90' lang='lat' dir='ltr'><strong>tenebras</strong></span> <span class='ocrx_word' id='word_1_694' title='bbox 3135 4603 3355 4658; x_wconf 89' lang='lat' dir='ltr'><strong>luminis</strong></span> <span class='ocrx_word' id='word_1_695' title='bbox 3381 4603 3520 4657; x_wconf 87' lang='lat' dir='ltr'><strong>hila-</strong></span> 
     </span>
    </p>
   </div>
   <div class='ocr_carea' id='block_1_93' title="bbox 227 4703 1824 4778">
    <p class='ocr_par' dir='ltr' id='par_1_93' title="bbox 227 4703 1824 4778">
     <span class='ocr_line' id='line_1_93' title="bbox 227 4703 1824 4778; baseline 0.006 -19"><span class='ocrx_word' id='word_1_696' title='bbox 227 4703 303 4759; x_wconf 86' lang='lat' dir='ltr'><strong>tia</strong></span> <span class='ocrx_word' id='word_1_697' title='bbox 328 4720 431 4777; x_wconf 93' lang='lat' dir='ltr'><strong>per</strong></span> <span class='ocrx_word' id='word_1_698' title='bbox 451 4706 796 4762; x_wconf 89' lang='lat' dir='ltr'><strong>clementiam</strong></span> <span class='ocrx_word' id='word_1_699' title='bbox 824 4716 1174 4778; x_wconf 89' lang='lat' dir='ltr'><strong>temperatur,</strong></span> <span class='ocrx_word' id='word_1_700' title='bbox 1224 4723 1435 4778; x_wconf 88' lang='lat' dir='ltr'><strong>magnae</strong></span> <span class='ocrx_word' id='word_1_701' title='bbox 1473 4711 1824 4768; x_wconf 85' lang='lat' dir='ltr'><strong>districtionis</strong></span> 
     </span>
    </p>
   </div>
   <div class='ocr_carea' id='block_1_94' title="bbox 226 4796 1822 4867">
    <p class='ocr_par' dir='ltr' id='par_1_94' title="bbox 226 4796 1822 4867">
     <span class='ocr_line' id='line_1_94' title="bbox 226 4796 1822 4867; baseline 0.004 -14"><span class='ocrx_word' id='word_1_702' title='bbox 226 4796 336 4854; x_wconf 84' lang='lat' dir='ltr'><strong>hoc</strong></span> <span class='ocrx_word' id='word_1_703' title='bbox 351 4797 615 4867; x_wconf 87' lang='lat' dir='ltr'><strong>judicium</strong></span> <span class='ocrx_word' id='word_1_704' title='bbox 645 4808 748 4866; x_wconf 89' lang='lat' dir='ltr'><strong>est,</strong></span> <span class='ocrx_word' id='word_1_705' title='bbox 798 4801 889 4856; x_wconf 91' lang='lat' dir='ltr'><strong>ubi</strong></span> <span class='ocrx_word' id='word_1_706' title='bbox 929 4802 1413 4859; x_wconf 82' lang='lat' dir='ltr'><strong>animadversionis</strong></span> <span class='ocrx_word' id='word_1_707' title='bbox 1442 4804 1710 4859; x_wconf 89' lang='lat' dir='ltr'><strong>sententia</strong></span> <span class='ocrx_word' id='word_1_708' title='bbox 1734 4820 1822 4860; x_wconf 90' lang='lat' dir='ltr'><strong>re-</strong></span> 
     </span>
    </p>
   </div>
   <div class='ocr_carea' id='block_1_95' title="bbox 226 4889 1821 4967">
    <p class='ocr_par' dir='ltr' id='par_1_95' title="bbox 226 4889 1821 4967">
     <span class='ocr_line' id='line_1_95' title="bbox 226 4889 1821 4967; baseline 0.005 -24"><span class='ocrx_word' id='word_1_709' title='bbox 226 4889 486 4959; x_wconf 85' lang='lat' dir='ltr'><strong>plicando</strong></span> <span class='ocrx_word' id='word_1_710' title='bbox 526 4892 805 4947; x_wconf 90' lang='lat' dir='ltr'><strong>asseritur.</strong></span> <span class='ocrx_word' id='word_1_711' title='bbox 865 4891 1124 4948; x_wconf 57' lang='lat' dir='ltr'><strong>Praedixit</strong></span> <span class='ocrx_word' id='word_1_712' title='bbox 1178 4893 1321 4949; x_wconf 89' lang='lat' dir='ltr'><strong>enim</strong></span> <span class='ocrx_word' id='word_1_713' title='bbox 1380 4896 1628 4967; x_wconf 88' lang='lat' dir='ltr'><strong>superius</strong></span> <span class='ocrx_word' id='word_1_714' title='bbox 1681 4894 1821 4959; x_wconf 87' lang='lat' dir='ltr'><strong>lleli,</strong></span> 
     </span>
    </p>
   </div>
   <div class='ocr_carea' id='block_1_96' title="bbox 231 4983 1825 5057">
    <p class='ocr_par' dir='ltr' id='par_1_96' title="bbox 231 4983 1825 5057">
     <span class='ocr_line' id='line_1_96' title="bbox 231 4983 1825 5057; baseline 0.004 -19"><span class='ocrx_word' id='word_1_715' title='bbox 231 4997 355 5038; x_wconf 89' lang='lat' dir='ltr'><strong>cum</strong></span> <span class='ocrx_word' id='word_1_716' title='bbox 388 4998 488 5054; x_wconf 91' lang='lat' dir='ltr'><strong>per</strong></span> <span class='ocrx_word' id='word_1_717' title='bbox 516 4983 691 5039; x_wconf 90' lang='lat' dir='ltr'><strong>virum</strong></span> <span class='ocrx_word' id='word_1_718' title='bbox 718 4984 835 5051; x_wconf 91' lang='lat' dir='ltr'><strong>Dei,</strong></span> <span class='ocrx_word' id='word_1_719' title='bbox 887 5001 1183 5057; x_wconf 88' lang='lat' dir='ltr'><strong>suppresso</strong></span> <span class='ocrx_word' id='word_1_720' title='bbox 1231 4987 1472 5054; x_wconf 90' lang='lat' dir='ltr'><strong>nomine,</strong></span> <span class='ocrx_word' id='word_1_721' title='bbox 1506 4988 1825 5057; x_wconf 88' lang='lat' dir='ltr'><strong>dejectionis</strong></span> 
     </span>
    </p>
   </div>
   <div class='ocr_carea' id='block_1_97' title="bbox 230 5073 1833 5145">
    <p class='ocr_par' dir='ltr' id='par_1_97' title="bbox 230 5073 1833 5145">
     <span class='ocr_line' id='line_1_97' title="bbox 230 5073 1833 5145; baseline 0.002 -15"><span class='ocrx_word' id='word_1_722' title='bbox 230 5073 352 5144; x_wconf 85' lang='lat' dir='ltr'><strong>ejus</strong></span> <span class='ocrx_word' id='word_1_723' title='bbox 375 5077 699 5131; x_wconf 89' lang='lat' dir='ltr'><strong>sententiam</strong></span> <span class='ocrx_word' id='word_1_724' title='bbox 722 5077 1009 5133; x_wconf 90' lang='lat' dir='ltr'><strong>nuntiavit.</strong></span> <span class='ocrx_word' id='word_1_725' title='bbox 1043 5078 1178 5145; x_wconf 84' lang='lat' dir='ltr'><strong>Quia</strong></span> <span class='ocrx_word' id='word_1_726' title='bbox 1201 5094 1329 5133; x_wconf 91' lang='lat' dir='ltr'><strong>vero</strong></span> <span class='ocrx_word' id='word_1_727' title='bbox 1359 5087 1415 5134; x_wconf 91' lang='lat' dir='ltr'><strong>et</strong></span> <span class='ocrx_word' id='word_1_728' title='bbox 1443 5095 1584 5134; x_wconf 91' lang='lat' dir='ltr'><strong>nunc</strong></span> <span class='ocrx_word' id='word_1_729' title='bbox 1611 5079 1751 5134; x_wconf 91' lang='lat' dir='ltr'><strong>idem</strong></span> <span class='ocrx_word' id='word_1_730' title='bbox 1773 5095 1833 5135; x_wconf 90' lang='lat' dir='ltr'><strong>se</strong></span> 
     </span>
    </p>
   </div>
   <div class='ocr_carea' id='block_1_98' title="bbox 228 5168 1834 5243">
    <p class='ocr_par' dir='ltr' id='par_1_98' title="bbox 228 5168 1834 5243">
     <span class='ocr_line' id='line_1_98' title="bbox 228 5168 1834 5243; baseline 0.004 -22"><span class='ocrx_word' id='word_1_731' title='bbox 228 5175 481 5223; x_wconf 87' lang='lat' dir='ltr'><strong>acturum</strong></span> <span class='ocrx_word' id='word_1_732' title='bbox 506 5168 671 5239; x_wconf 90' lang='lat' dir='ltr'><strong>jurat,</strong></span> <span class='ocrx_word' id='word_1_733' title='bbox 726 5171 971 5241; x_wconf 84' lang='lat' dir='ltr'><strong>profecto</strong></span> <span class='ocrx_word' id='word_1_734' title='bbox 1005 5171 1366 5228; x_wconf 87' lang='lat' dir='ltr'><strong>damnationis</strong></span> <span class='ocrx_word' id='word_1_735' title='bbox 1390 5172 1645 5242; x_wconf 91' lang='lat' dir='ltr'><strong>judicium</strong></span> <span class='ocrx_word' id='word_1_736' title='bbox 1670 5173 1834 5243; x_wconf 84' lang='lat' dir='ltr'><strong>repli-</strong></span> 
     </span>
    </p>
   </div>
   <div class='ocr_carea' id='block_1_99' title="bbox 232 5259 1832 5335">
    <p class='ocr_par' dir='ltr' id='par_1_99' title="bbox 232 5259 1832 5335">
     <span class='ocr_line' id='line_1_99' title="bbox 232 5259 1832 5335; baseline 0.005 -21"><span class='ocrx_word' id='word_1_737' title='bbox 232 5267 341 5314; x_wconf 88' lang='lat' dir='ltr'><strong>cat.</strong></span> <span class='ocrx_word' id='word_1_738' title='bbox 399 5259 515 5326; x_wconf 86' lang='lat' dir='ltr'><strong>Qua</strong></span> <span class='ocrx_word' id='word_1_739' title='bbox 556 5261 611 5315; x_wconf 90' lang='lat' dir='ltr'><strong>in</strong></span> <span class='ocrx_word' id='word_1_740' title='bbox 639 5277 701 5318; x_wconf 91' lang='lat' dir='ltr'><strong>re</strong></span> <span class='ocrx_word' id='word_1_741' title='bbox 732 5262 897 5317; x_wconf 86' lang='lat' dir='ltr'><strong>etiam</strong></span> <span class='ocrx_word' id='word_1_742' title='bbox 925 5262 1224 5319; x_wconf 88' lang='lat' dir='ltr'><strong>notandum</strong></span> <span class='ocrx_word' id='word_1_743' title='bbox 1255 5273 1338 5320; x_wconf 91' lang='lat' dir='ltr'><strong>est</strong></span> <span class='ocrx_word' id='word_1_744' title='bbox 1367 5265 1492 5335; x_wconf 92' lang='lat' dir='ltr'><strong>quia</strong></span> <span class='ocrx_word' id='word_1_745' title='bbox 1523 5266 1617 5335; x_wconf 87' lang='lat' dir='ltr'><strong>qui</strong></span> <span class='ocrx_word' id='word_1_746' title='bbox 1650 5265 1832 5335; x_wconf 90' lang='lat' dir='ltr'><strong>inique</strong></span> 
     </span>
    </p>
   </div>
   <div class='ocr_carea' id='block_1_100' title="bbox 234 5351 1831 5427">
    <p class='ocr_par' dir='ltr' id='par_1_100' title="bbox 234 5351 1831 5427">
     <span class='ocr_line' id='line_1_100' title="bbox 234 5351 1831 5427; baseline 0.006 -22"><span class='ocrx_word' id='word_1_747' title='bbox 234 5359 459 5420; x_wconf 84' lang='lat' dir='ltr'><strong>agentes</strong></span> <span class='ocrx_word' id='word_1_748' title='bbox 510 5351 649 5409; x_wconf 76' lang='lat' dir='ltr'><strong>filios</strong></span> <span class='ocrx_word' id='word_1_749' title='bbox 698 5370 808 5412; x_wconf 91' lang='lat' dir='ltr'><strong>non</strong></span> <span class='ocrx_word' id='word_1_750' title='bbox 836 5355 1118 5425; x_wconf 89' lang='lat' dir='ltr'><strong>corripuit,</strong></span> <span class='ocrx_word' id='word_1_751' title='bbox 1161 5356 1501 5427; x_wconf 87' lang='lat' dir='ltr'><strong>iniquitatem</strong></span> <span class='ocrx_word' id='word_1_752' title='bbox 1523 5355 1714 5413; x_wconf 88' lang='lat' dir='ltr'><strong>fecisse</strong></span> <span class='ocrx_word' id='word_1_753' title='bbox 1744 5374 1831 5414; x_wconf 89' lang='lat' dir='ltr'><strong>re-</strong></span> 
     </span>
    </p>
   </div>
   <div class='ocr_carea' id='block_1_101' title="bbox 231 5444 1831 5517">
    <p class='ocr_par' dir='ltr' id='par_1_101' title="bbox 231 5444 1831 5517">
     <span class='ocr_line' id='line_1_101' title="bbox 231 5444 1831 5517; baseline 0.004 -18"><span class='ocrx_word' id='word_1_754' title='bbox 231 5444 597 5515; x_wconf 86' lang='lat' dir='ltr'><strong>prehenditur</strong></span> <span class='ocrx_word' id='word_1_755' title='bbox 619 5462 738 5517; x_wconf 74' lang='lat' dir='ltr'><strong>qua:</strong></span> <span class='ocrx_word' id='word_1_756' title='bbox 776 5448 831 5503; x_wconf 92' lang='lat' dir='ltr'><strong>in</strong></span> <span class='ocrx_word' id='word_1_757' title='bbox 869 5456 1131 5503; x_wconf 85' lang='lat' dir='ltr'><strong>aeternum</strong></span> <span class='ocrx_word' id='word_1_758' title='bbox 1153 5449 1388 5505; x_wconf 90' lang='lat' dir='ltr'><strong>victimis</strong></span> <span class='ocrx_word' id='word_1_759' title='bbox 1417 5458 1475 5505; x_wconf 91' lang='lat' dir='ltr'><strong>et</strong></span> <span class='ocrx_word' id='word_1_760' title='bbox 1520 5451 1831 5507; x_wconf 89' lang='lat' dir='ltr'><strong>muneribus</strong></span> 
     </span>
    </p>
   </div>
   <div class='ocr_carea' id='block_1_102' title="bbox 233 5524 1834 5609">
    <p class='ocr_par' dir='ltr' id='par_1_102' title="bbox 233 5524 1834 5609">
     <span class='ocr_line' id='line_1_102' title="bbox 233 5524 1834 5609; baseline 0.004 -19"><span class='ocrx_word' id='word_1_761' title='bbox 233 5524 577 5607; x_wconf 68' lang='lat' dir='ltr'><strong>nequaquam</strong></span> <span class='ocrx_word' id='word_1_762' title='bbox 608 5539 875 5609; x_wconf 83' lang='lat' dir='ltr'><strong>expietur.</strong></span> <span class='ocrx_word' id='word_1_763' title='bbox 935 5538 1066 5605; x_wconf 79' lang='lat' dir='ltr'><strong>Quae</strong></span> <span class='ocrx_word' id='word_1_764' title='bbox 1096 5555 1226 5608; x_wconf 89' lang='lat' dir='ltr'><strong>ergo</strong></span> <span class='ocrx_word' id='word_1_765' title='bbox 1256 5542 1359 5595; x_wconf 88' lang='lat' dir='ltr'><strong>erit</strong></span> <span class='ocrx_word' id='word_1_766' title='bbox 1412 5541 1676 5596; x_wconf 87' lang='lat' dir='ltr'><strong>districtio</strong></span> <span class='ocrx_word' id='word_1_767' title='bbox 1725 5542 1834 5597; x_wconf 91' lang='lat' dir='ltr'><strong>ini-</strong></span> 
     </span>
    </p>
   </div>
   <div class='ocr_carea' id='block_1_103' title="bbox 234 5627 1832 5701">
    <p class='ocr_par' dir='ltr' id='par_1_103' title="bbox 234 5627 1832 5701">
     <span class='ocr_line' id='line_1_103' title="bbox 234 5627 1832 5701; baseline 0.006 -22"><span class='ocrx_word' id='word_1_768' title='bbox 234 5627 461 5696; x_wconf 91' lang='lat' dir='ltr'><strong>quitatis</strong></span> <span class='ocrx_word' id='word_1_769' title='bbox 491 5630 742 5700; x_wconf 87' lang='lat' dir='ltr'><strong>propriae,</strong></span> <span class='ocrx_word' id='word_1_770' title='bbox 770 5631 814 5685; x_wconf 90' lang='lat' dir='ltr'><strong>si</strong></span> <span class='ocrx_word' id='word_1_771' title='bbox 838 5630 1255 5686; x_wconf 87' lang='lat' dir='ltr'><strong>irremediabilis</strong></span> <span class='ocrx_word' id='word_1_772' title='bbox 1276 5632 1431 5701; x_wconf 88' lang='lat' dir='ltr'><strong>culpa</strong></span> <span class='ocrx_word' id='word_1_773' title='bbox 1454 5640 1539 5687; x_wconf 89' lang='lat' dir='ltr'><strong>est</strong></span> <span class='ocrx_word' id='word_1_774' title='bbox 1556 5633 1832 5701; x_wconf 86' lang='lat' dir='ltr'><strong>negligen-</strong></span> 
     </span>
    </p>
   </div>
   <div class='ocr_carea' id='block_1_104' title="bbox 235 5720 1833 5793">
    <p class='ocr_par' dir='ltr' id='par_1_104' title="bbox 235 5720 1833 5793">
     <span class='ocr_line' id='line_1_104' title="bbox 235 5720 1833 5793; baseline 0.004 -19"><span class='ocrx_word' id='word_1_775' title='bbox 235 5720 313 5774; x_wconf 89' lang='lat' dir='ltr'><strong>tia</strong></span> <span class='ocrx_word' id='word_1_776' title='bbox 341 5735 486 5777; x_wconf 86' lang='lat' dir='ltr'><strong>curae</strong></span> <span class='ocrx_word' id='word_1_777' title='bbox 518 5722 746 5778; x_wconf 75' lang='lat' dir='ltr'><strong>alienae?</strong></span> <span class='ocrx_word' id='word_1_778' title='bbox 774 5723 909 5779; x_wconf 86' lang='lat' dir='ltr'><strong>Nam</strong></span> <span class='ocrx_word' id='word_1_779' title='bbox 940 5723 985 5778; x_wconf 89' lang='lat' dir='ltr'><strong>si</strong></span> <span class='ocrx_word' id='word_1_780' title='bbox 1013 5723 1347 5778; x_wconf 80' lang='lat' dir='ltr'><strong>subditorum</strong></span> <span class='ocrx_word' id='word_1_781' title='bbox 1398 5733 1624 5793; x_wconf 88' lang='lat' dir='ltr'><strong>peccata</strong></span> <span class='ocrx_word' id='word_1_782' title='bbox 1654 5725 1833 5781; x_wconf 89' lang='lat' dir='ltr'><strong>incor-</strong></span> 
     </span>
    </p>
   </div>
   <div class='ocr_carea' id='block_1_105' title="bbox 233 5815 1832 5888">
    <p class='ocr_par' dir='ltr' id='par_1_105' title="bbox 233 5815 1832 5888">
     <span class='ocr_line' id='line_1_105' title="bbox 233 5815 1832 5888; baseline 0.003 -18"><span class='ocrx_word' id='word_1_783' title='bbox 233 5821 392 5885; x_wconf 85' lang='lat' dir='ltr'><strong>repta</strong></span> <span class='ocrx_word' id='word_1_784' title='bbox 423 5816 651 5885; x_wconf 72' lang='lat' dir='ltr'><strong>percurri</strong></span> <span class='ocrx_word' id='word_1_785' title='bbox 695 5827 851 5873; x_wconf 90' lang='lat' dir='ltr'><strong>reatu</strong></span> <span class='ocrx_word' id='word_1_786' title='bbox 906 5832 1007 5873; x_wconf 89' lang='lat' dir='ltr'><strong>nos</strong></span> <span class='ocrx_word' id='word_1_787' title='bbox 1063 5815 1327 5887; x_wconf 82' lang='lat' dir='ltr'><strong>obligant,</strong></span> <span class='ocrx_word' id='word_1_788' title='bbox 1384 5816 1603 5873; x_wconf 84' lang='lat' dir='ltr'><strong>audacia</strong></span> <span class='ocrx_word' id='word_1_789' title='bbox 1634 5818 1832 5888; x_wconf 86' lang='lat' dir='ltr'><strong>iniqui-</strong></span> 
     </span>
    </p>
   </div>
   <div class='ocr_carea' id='block_1_106' title="bbox 439 5937 1039 5999">
    <p class='ocr_par' dir='ltr' id='par_1_106' title="bbox 439 5937 1039 5999">
     <span class='ocr_line' id='line_1_106' title="bbox 439 5937 1039 5999; baseline 0.002 -2"><span class='ocrx_word' id='word_1_790' title='bbox 439 5937 717 5998; x_wconf 65' lang='lat' dir='ltr'><strong>Parnon.</strong></span> <span class='ocrx_word' id='word_1_791' title='bbox 762 5938 1039 5999; x_wconf 73' lang='lat' dir='ltr'><strong>LXXIX</strong></span> 
     </span>
    </p>
   </div>
   <div class='ocr_carea' id='block_1_107' title="bbox 1932 4696 3523 4768">
    <p class='ocr_par' dir='ltr' id='par_1_107' title="bbox 1932 4696 3523 4768">
     <span class='ocr_line' id='line_1_107' title="bbox 1932 4696 3523 4768; baseline -0.005 -11"><span class='ocrx_word' id='word_1_792' title='bbox 1932 4700 2118 4757; x_wconf 89' lang='lat' dir='ltr'><strong>rescit.</strong></span> <span class='ocrx_word' id='word_1_793' title='bbox 2186 4698 2351 4767; x_wconf 87' lang='lat' dir='ltr'><strong>Quasi</strong></span> <span class='ocrx_word' id='word_1_794' title='bbox 2397 4697 2655 4768; x_wconf 87' lang='lat' dir='ltr'><strong>evigilans</strong></span> <span class='ocrx_word' id='word_1_795' title='bbox 2710 4697 2911 4767; x_wconf 91' lang='lat' dir='ltr'><strong>quippe</strong></span> <span class='ocrx_word' id='word_1_796' title='bbox 2953 4705 3087 4752; x_wconf 88' lang='lat' dir='ltr'><strong>tunc</strong></span> <span class='ocrx_word' id='word_1_797' title='bbox 3116 4697 3303 4753; x_wconf 91' lang='lat' dir='ltr'><strong>oculos</strong></span> <span class='ocrx_word' id='word_1_798' title='bbox 3328 4696 3523 4766; x_wconf 89' lang='lat' dir='ltr'><strong>aperit,</strong></span> 
     </span>
    </p>
   </div>
   <div class='ocr_carea' id='block_1_108' title="bbox 1933 4788 3526 4865">
    <p class='ocr_par' dir='ltr' id='par_1_108' title="bbox 1933 4788 3526 4865">
     <span class='ocr_line' id='line_1_108' title="bbox 1933 4788 3526 4865; baseline -0.006 -16"><span class='ocrx_word' id='word_1_799' title='bbox 1933 4795 2059 4865; x_wconf 88' lang='lat' dir='ltr'><strong>quia</strong></span> <span class='ocrx_word' id='word_1_800' title='bbox 2078 4793 2254 4848; x_wconf 89' lang='lat' dir='ltr'><strong>lucem</strong></span> <span class='ocrx_word' id='word_1_801' title='bbox 2278 4806 2385 4862; x_wconf 89' lang='lat' dir='ltr'><strong>qua</strong></span> <span class='ocrx_word' id='word_1_802' title='bbox 2405 4790 2734 4861; x_wconf 86' lang='lat' dir='ltr'><strong>respergitur</strong></span> <span class='ocrx_word' id='word_1_803' title='bbox 2754 4790 3002 4845; x_wconf 82' lang='lat' dir='ltr'><strong>laetanter</strong></span> <span class='ocrx_word' id='word_1_804' title='bbox 3023 4789 3231 4859; x_wconf 89' lang='lat' dir='ltr'><strong>aspicit,</strong></span> <span class='ocrx_word' id='word_1_805' title='bbox 3260 4788 3351 4857; x_wconf 92' lang='lat' dir='ltr'><strong>qui</strong></span> <span class='ocrx_word' id='word_1_806' title='bbox 3378 4788 3526 4855; x_wconf 89' lang='lat' dir='ltr'><strong>aspi-</strong></span> 
     </span>
    </p>
   </div>
   <div class='ocr_carea' id='block_1_109' title="bbox 1936 4880 3528 4946">
    <p class='ocr_par' dir='ltr' id='par_1_109' title="bbox 1936 4880 3528 4946">
     <span class='ocr_line' id='line_1_109' title="bbox 1936 4880 3528 4946; baseline -0.006 0"><span class='ocrx_word' id='word_1_807' title='bbox 1936 4904 2063 4946; x_wconf 89' lang='lat' dir='ltr'><strong>cere</strong></span> <span class='ocrx_word' id='word_1_808' title='bbox 2113 4888 2213 4943; x_wconf 88' lang='lat' dir='ltr'><strong>sibi</strong></span> <span class='ocrx_word' id='word_1_809' title='bbox 2267 4886 2444 4941; x_wconf 90' lang='lat' dir='ltr'><strong>illatas</strong></span> <span class='ocrx_word' id='word_1_810' title='bbox 2491 4885 2741 4939; x_wconf 83' lang='lat' dir='ltr'><strong>tenebras</strong></span> <span class='ocrx_word' id='word_1_811' title='bbox 2794 4898 2903 4938; x_wconf 91' lang='lat' dir='ltr'><strong>non</strong></span> <span class='ocrx_word' id='word_1_812' title='bbox 2941 4883 3169 4938; x_wconf 90' lang='lat' dir='ltr'><strong>curavit.</strong></span> <span class='ocrx_word' id='word_1_813' title='bbox 3226 4881 3303 4935; x_wconf 90' lang='lat' dir='ltr'><strong>De</strong></span> <span class='ocrx_word' id='word_1_814' title='bbox 3333 4880 3528 4936; x_wconf 89' lang='lat' dir='ltr'><strong>tinnitu</strong></span> 
     </span>
    </p>
   </div>
   <div class='ocr_carea' id='block_1_110' title="bbox 1934 4974 3529 5054">
    <p class='ocr_par' dir='ltr' id='par_1_110' title="bbox 1934 4974 3529 5054">
     <span class='ocr_line' id='line_1_110' title="bbox 1934 4974 3529 5054; baseline -0.005 -18"><span class='ocrx_word' id='word_1_815' title='bbox 1934 4980 2153 5054; x_wconf 90' lang='lat' dir='ltr'><strong>quidem</strong></span> <span class='ocrx_word' id='word_1_816' title='bbox 2201 4980 2435 5035; x_wconf 77' lang='lat' dir='ltr'><strong>dextera:</strong></span> <span class='ocrx_word' id='word_1_817' title='bbox 2490 4977 2635 5031; x_wconf 88' lang='lat' dir='ltr'><strong>auris</strong></span> <span class='ocrx_word' id='word_1_818' title='bbox 2689 4975 2899 5032; x_wconf 91' lang='lat' dir='ltr'><strong>obtinet</strong></span> <span class='ocrx_word' id='word_1_819' title='bbox 2951 4983 3011 5031; x_wconf 90' lang='lat' dir='ltr'><strong>ut</strong></span> <span class='ocrx_word' id='word_1_820' title='bbox 3046 4975 3138 5045; x_wconf 92' lang='lat' dir='ltr'><strong>qui</strong></span> <span class='ocrx_word' id='word_1_821' title='bbox 3168 4974 3415 5046; x_wconf 90' lang='lat' dir='ltr'><strong>supernis</strong></span> <span class='ocrx_word' id='word_1_822' title='bbox 3445 4975 3529 5029; x_wconf 85' lang='lat' dir='ltr'><strong>in-</strong></span> 
     </span>
    </p>
   </div>
   <div class='ocr_carea' id='block_1_111' title="bbox 1935 5065 3524 5138">
    <p class='ocr_par' dir='ltr' id='par_1_111' title="bbox 1935 5065 3524 5138">
     <span class='ocr_line' id='line_1_111' title="bbox 1935 5065 3524 5138; baseline -0.007 -9"><span class='ocrx_word' id='word_1_823' title='bbox 1935 5073 2123 5129; x_wconf 89' lang='lat' dir='ltr'><strong>nititur</strong></span> <span class='ocrx_word' id='word_1_824' title='bbox 2164 5071 2351 5125; x_wconf 87' lang='lat' dir='ltr'><strong>videre</strong></span> <span class='ocrx_word' id='word_1_825' title='bbox 2406 5067 2639 5138; x_wconf 89' lang='lat' dir='ltr'><strong>reproba</strong></span> <span class='ocrx_word' id='word_1_826' title='bbox 2698 5066 3057 5135; x_wconf 85' lang='lat' dir='ltr'><strong>dedignetur,</strong></span> <span class='ocrx_word' id='word_1_827' title='bbox 3118 5075 3174 5122; x_wconf 89' lang='lat' dir='ltr'><strong>et</strong></span> <span class='ocrx_word' id='word_1_828' title='bbox 3236 5065 3524 5123; x_wconf 89' lang='lat' dir='ltr'><strong>certitudi-</strong></span> 
     </span>
    </p>
   </div>
   <div class='ocr_carea' id='block_1_112' title="bbox 1933 5155 3523 5236">
    <p class='ocr_par' dir='ltr' id='par_1_112' title="bbox 1933 5155 3523 5236">
     <span class='ocr_line' id='line_1_112' title="bbox 1933 5155 3523 5236; baseline -0.009 -15"><span class='ocrx_word' id='word_1_829' title='bbox 1933 5182 2053 5222; x_wconf 87' lang='lat' dir='ltr'><strong>nem</strong></span> <span class='ocrx_word' id='word_1_830' title='bbox 2077 5165 2158 5220; x_wconf 93' lang='lat' dir='ltr'><strong>sui</strong></span> <span class='ocrx_word' id='word_1_831' title='bbox 2188 5163 2461 5236; x_wconf 90' lang='lat' dir='ltr'><strong>profectus</strong></span> <span class='ocrx_word' id='word_1_832' title='bbox 2483 5160 2738 5226; x_wconf 87' lang='lat' dir='ltr'><strong>insinuat,</strong></span> <span class='ocrx_word' id='word_1_833' title='bbox 2771 5159 2897 5214; x_wconf 92' lang='lat' dir='ltr'><strong>dum</strong></span> <span class='ocrx_word' id='word_1_834' title='bbox 2928 5157 3072 5228; x_wconf 92' lang='lat' dir='ltr'><strong>quod</strong></span> <span class='ocrx_word' id='word_1_835' title='bbox 3122 5174 3258 5230; x_wconf 88' lang='lat' dir='ltr'><strong>pace</strong></span> <span class='ocrx_word' id='word_1_836' title='bbox 3301 5155 3523 5228; x_wconf 86' lang='lat' dir='ltr'><strong>proficit</strong></span> 
     </span>
    </p>
   </div>
   <div class='ocr_carea' id='block_1_113' title="bbox 1930 5250 3449 5334">
    <p class='ocr_par' dir='ltr' id='par_1_113' title="bbox 1930 5250 3449 5334">
     <span class='ocr_line' id='line_1_113' title="bbox 1930 5250 3449 5334; baseline -0.01 -17"><span class='ocrx_word' id='word_1_837' title='bbox 1930 5277 2030 5334; x_wconf 91' lang='lat' dir='ltr'><strong>per</strong></span> <span class='ocrx_word' id='word_1_838' title='bbox 2050 5268 2234 5330; x_wconf 88' lang='lat' dir='ltr'><strong>aperta</strong></span> <span class='ocrx_word' id='word_1_839' title='bbox 2264 5266 2317 5312; x_wconf 89' lang='lat' dir='ltr'><strong>et</strong></span> <span class='ocrx_word' id='word_1_840' title='bbox 2343 5256 2581 5312; x_wconf 89' lang='lat' dir='ltr'><strong>violenta</strong></span> <span class='ocrx_word' id='word_1_841' title='bbox 2607 5254 2747 5310; x_wconf 91' lang='lat' dir='ltr'><strong>bella</strong></span> <span class='ocrx_word' id='word_1_842' title='bbox 2780 5268 2887 5309; x_wconf 91' lang='lat' dir='ltr'><strong>non</strong></span> <span class='ocrx_word' id='word_1_843' title='bbox 2909 5253 3105 5323; x_wconf 91' lang='lat' dir='ltr'><strong>perdit.</strong></span> <span class='ocrx_word' id='word_1_844' title='bbox 3149 5250 3404 5321; x_wconf 67' lang='lat' dir='ltr'><strong>Sequitur</strong></span> <span class='ocrx_word' id='word_1_845' title='bbox 3437 5268 3449 5302; x_wconf 93' lang='lat'>:</span> 
     </span>
    </p>
   </div>
   <div class='ocr_carea' id='block_1_114' title="bbox 2005 5338 3342 5423">
    <p class='ocr_par' dir='ltr' id='par_1_114' title="bbox 2005 5338 3342 5423">
     <span class='ocr_line' id='line_1_114' title="bbox 2005 5338 3342 5423; baseline -0.007 -15"><span class='ocrx_word' id='word_1_846' title='bbox 2005 5353 2182 5423; x_wconf 86' lang='lat' dir='ltr'><strong>(Vers.</strong></span> <span class='ocrx_word' id='word_1_847' title='bbox 2210 5351 2323 5421; x_wconf 75' lang='grc'><strong>15.)</strong></span> <span class='ocrx_word' id='word_1_848' title='bbox 2348 5350 2419 5405; x_wconf 85' lang='lat' dir='ltr'><strong>Et</strong></span> <span class='ocrx_word' id='word_1_849' title='bbox 2444 5338 2621 5404; x_wconf 72' lang='lat' dir='ltr'><strong>timuit</strong></span> <span class='ocrx_word' id='word_1_850' title='bbox 2648 5347 2886 5403; x_wconf 87' lang='lat' dir='ltr'><strong>indicare</strong></span> <span class='ocrx_word' id='word_1_851' title='bbox 2912 5348 3161 5402; x_wconf 84' lang='lat' dir='ltr'><strong>visionem</strong></span> <span class='ocrx_word' id='word_1_852' title='bbox 3197 5344 3342 5399; x_wconf 84' lang='lat' dir='ltr'><strong>Heli.</strong></span> 
     </span>
    </p>
   </div>
   <div class='ocr_carea' id='block_1_115' title="bbox 2007 5436 3527 5513">
    <p class='ocr_par' dir='ltr' id='par_1_115' title="bbox 2007 5436 3527 5513">
     <span class='ocr_line' id='line_1_115' title="bbox 2007 5436 3527 5513; baseline -0.003 -14"><span class='ocrx_word' id='word_1_853' title='bbox 2007 5446 2096 5501; x_wconf 69' lang='grc'><strong>22.</strong></span> <span class='ocrx_word' id='word_1_854' title='bbox 2141 5445 2274 5500; x_wconf 92' lang='lat' dir='ltr'><strong>Illud</strong></span> <span class='ocrx_word' id='word_1_855' title='bbox 2331 5458 2564 5513; x_wconf 89' lang='lat' dir='ltr'><strong>namque</strong></span> <span class='ocrx_word' id='word_1_856' title='bbox 2612 5441 2661 5496; x_wconf 88' lang='lat' dir='ltr'><strong>ei</strong></span> <span class='ocrx_word' id='word_1_857' title='bbox 2712 5439 2956 5496; x_wconf 87' lang='lat' dir='ltr'><strong>indicare</strong></span> <span class='ocrx_word' id='word_1_858' title='bbox 2998 5440 3178 5494; x_wconf 90' lang='lat' dir='ltr'><strong>timuit</strong></span> <span class='ocrx_word' id='word_1_859' title='bbox 3228 5436 3374 5508; x_wconf 89' lang='lat' dir='ltr'><strong>quod</strong></span> <span class='ocrx_word' id='word_1_860' title='bbox 3422 5436 3527 5495; x_wconf 86' lang='lat' dir='ltr'><strong>sibi</strong></span> 
     </span>
    </p>
   </div>
   <div class='ocr_carea' id='block_1_116' title="bbox 1937 5528 3527 5603">
    <p class='ocr_par' dir='ltr' id='par_1_116' title="bbox 1937 5528 3527 5603">
     <span class='ocr_line' id='line_1_116' title="bbox 1937 5528 3527 5603; baseline -0.007 -8"><span class='ocrx_word' id='word_1_861' title='bbox 1937 5540 2195 5595; x_wconf 90' lang='lat' dir='ltr'><strong>Dominus</strong></span> <span class='ocrx_word' id='word_1_862' title='bbox 2220 5536 2470 5603; x_wconf 89' lang='lat' dir='ltr'><strong>ostendit,</strong></span> <span class='ocrx_word' id='word_1_863' title='bbox 2521 5544 2581 5588; x_wconf 91' lang='lat' dir='ltr'><strong>ut</strong></span> <span class='ocrx_word' id='word_1_864' title='bbox 2610 5532 2970 5588; x_wconf 85' lang='lat' dir='ltr'><strong>temeritatem</strong></span> <span class='ocrx_word' id='word_1_865' title='bbox 3015 5532 3262 5587; x_wconf 86' lang='lat' dir='ltr'><strong>humanae</strong></span> <span class='ocrx_word' id='word_1_866' title='bbox 3288 5528 3527 5586; x_wconf 73' lang='lat' dir='ltr'><strong>audaciae</strong></span> 
     </span>
    </p>
   </div>
   <div class='ocr_carea' id='block_1_117' title="bbox 1937 5624 3526 5700">
    <p class='ocr_par' dir='ltr' id='par_1_117' title="bbox 1937 5624 3526 5700">
     <span class='ocr_line' id='line_1_117' title="bbox 1937 5624 3526 5700; baseline -0.006 -11"><span class='ocrx_word' id='word_1_867' title='bbox 1937 5632 2454 5700; x_wconf 67' lang='lat' dir='ltr'><strong>refrenaretvigore</strong></span> <span class='ocrx_word' id='word_1_868' title='bbox 2475 5627 2790 5698; x_wconf 70' lang='lat' dir='ltr'><strong>disciplinm.</strong></span> <span class='ocrx_word' id='word_1_869' title='bbox 2835 5626 3064 5693; x_wconf 91' lang='lat' dir='ltr'><strong>Quidam</strong></span> <span class='ocrx_word' id='word_1_870' title='bbox 3108 5641 3342 5697; x_wconf 88' lang='lat' dir='ltr'><strong>namque</strong></span> <span class='ocrx_word' id='word_1_871' title='bbox 3388 5624 3526 5680; x_wconf 88' lang='lat' dir='ltr'><strong>adeo</strong></span> 
     </span>
    </p>
   </div>
   <div class='ocr_carea' id='block_1_118' title="bbox 1937 5718 3524 5794">
    <p class='ocr_par' dir='ltr' id='par_1_118' title="bbox 1937 5718 3524 5794">
     <span class='ocr_line' id='line_1_118' title="bbox 1937 5718 3524 5794; baseline -0.01 -13"><span class='ocrx_word' id='word_1_872' title='bbox 1937 5733 2062 5781; x_wconf 88' lang='lat' dir='ltr'><strong>sunt</strong></span> <span class='ocrx_word' id='word_1_873' title='bbox 2090 5722 2409 5794; x_wconf 84' lang='lat' dir='ltr'><strong>praecipites,</strong></span> <span class='ocrx_word' id='word_1_874' title='bbox 2454 5727 2513 5773; x_wconf 89' lang='lat' dir='ltr'><strong>ut</strong></span> <span class='ocrx_word' id='word_1_875' title='bbox 2560 5718 2628 5773; x_wconf 91' lang='lat' dir='ltr'><strong>ad</strong></span> <span class='ocrx_word' id='word_1_876' title='bbox 2686 5718 3032 5789; x_wconf 79' lang='lat' dir='ltr'><strong>praelatorum</strong></span> <span class='ocrx_word' id='word_1_877' title='bbox 3086 5732 3307 5774; x_wconf 87' lang='lat' dir='ltr'><strong>suorum</strong></span> <span class='ocrx_word' id='word_1_878' title='bbox 3336 5727 3524 5781; x_wconf 78' lang='lat' dir='ltr'><strong>repre—</strong></span> 
     </span>
    </p>
   </div>
   <div class='ocr_carea' id='block_1_119' title="bbox 1937 5802 3526 5884">
    <p class='ocr_par' dir='ltr' id='par_1_119' title="bbox 1937 5802 3526 5884">
     <span class='ocr_line' id='line_1_119' title="bbox 1937 5802 3526 5884; baseline -0.012 -10"><span class='ocrx_word' id='word_1_879' title='bbox 1937 5818 2260 5877; x_wconf 78' lang='lat' dir='ltr'><strong>liensionem</strong></span> <span class='ocrx_word' id='word_1_880' title='bbox 2294 5813 2453 5870; x_wconf 84' lang='lat' dir='ltr'><strong>facile</strong></span> <span class='ocrx_word' id='word_1_881' title='bbox 2504 5820 2788 5884; x_wconf 88' lang='lat' dir='ltr'><strong>proruant,</strong></span> <span class='ocrx_word' id='word_1_882' title='bbox 2845 5819 3007 5883; x_wconf 85' lang='lat' dir='ltr'><strong>atque</strong></span> <span class='ocrx_word' id='word_1_883' title='bbox 3044 5825 3233 5866; x_wconf 88' lang='lat' dir='ltr'><strong>eorum</strong></span> <span class='ocrx_word' id='word_1_884' title='bbox 3260 5802 3526 5861; x_wconf 79' lang='lat' dir='ltr'><strong>erratibus</strong></span> 
     </span>
    </p>
   </div>
   <div class='ocr_carea' id='block_1_120' title="bbox 3088 5926 3126 5986">
    <p class='ocr_par' dir='ltr' id='par_1_120' title="bbox 3088 5926 3126 5986">
     <span class='ocr_line' id='line_1_120' title="bbox 3088 5926 3126 5986; baseline 0 0"><span class='ocrx_word' id='word_1_885' title='bbox 3088 5926 3126 5986; x_wconf 77' lang='grc'><strong>5</strong></span> 
     </span>
    </p>
   </div>
  </div>
