4044 6336
504 382 605 440 ιω

1711 372 1953 433 SANC'I‘I
1987 367 2312 429 GREGORII
2348 366 2560 425 IAGNI

3658 360 3775 422 140

497 493 695 556 iminari
724 491 899 546 futura
934 490 1197 561 supplicia
1250 506 1359 546 non
1408 495 1724 561 pavescant.
1769 488 1871 556 Qui
1917 487 2079 542 nimi-
2109 488 2162 547 Α
2189 484 2352 540 vellet
2372 481 2610 539 obtulit?
2636 478 2743 537 Sed
2774 478 3020 552 proiecto
3048 480 3151 538 ista
3176 480 3546 554 responsionis
3582 480 3774 537 itumi-

498 601 643 652 trum,
669 583 791 655 quia
831 594 1027 639 sancta:
1079 583 1367 654 Scriptura:
1413 598 1619 638 morem
1673 582 1940 644 nesciunt,
1996 578 2079 633 lo-

430 670 445 749 ‘V'
504 694 759 747 quentem
789 678 889 732 sibi
918 677 1199 732 Dominum
1230 692 1569 747 nequaquam
1590 676 1894 731 audierunt.
1946 670 2080 724 Nam

441 762 443 765 ’
506 771 699 838 quibus
729 770 1070 839 omnipotens
1121 770 1262 825 Deus
1316 771 1539 838 loquens
1568 768 1908 839 pnelatorum
1956 778 2082 817 suo-

505 877 623 914 rum
648 876 833 929 pmnas
862 862 1113 928 insinuat,
1173 878 1235 916 ea
1264 876 1383 930 qua:
1431 862 1712 917 audierunt
1769 858 1847 913 eis
1900 856 2083 910 dicere

504 953 814 1009 formidant.
848 954 986 1009 Hinc
1030 969 1157 1025 ergo
1203 956 1608 1026 praepositorum
1646 967 1866 1008 suorum
1898 963 2083 1019 repre-

504 1045 763 1101 hensores
789 1047 1046 1115 colligant
1072 1054 1273 1116 quanta
1302 1062 1361 1104 se
1410 1044 1897 1101 inconsideratione
1947 1055 2085 1111 prae-

503 1137 744 1205 cipitent,
792 1146 846 1192 et
897 1139 1076 1208 lapsus
1122 1138 1204 1192 sui
1252 1137 1512 1207 profunda
1563 1137 1970 1206 pertimescant.
2027 1131 2086 1186 Si

503 1227 645 1281 enim
677 1228 715 1281 ii
744 1229 937 1296 quibus
968 1229 1307 1297 omnipotens
1361 1227 1502 1282 Deus
1562 1228 1799 1295 loquitur
1850 1223 2086 1294 prmlatis

503 1316 613 1372 suis
639 1317 788 1386 loqui
809 1325 1075 1383 metuunt,
1109 1319 1143 1373 ii
1173 1319 1367 1387 quibus
1397 1332 1734 1386 nequaquam
1767 1317 1975 1370 locutus
2004 1320 2088 1369 est

504 1406 644 1462 Deus
673 1409 967 1465 recondere
1011 1425 1071 1466 se
1099 1409 1198 1463 sub
1244 1408 1437 1477 linguae
1490 1423 1601 1463 sum
1630 1406 1846 1461 silentio
1884 1411 2086 1473 quanto

506 1503 711 1559 terrore
736 1498 1072 1553 debuerunt?
1112 1497 1296 1552 Timor
1320 1512 1450 1565 ergo
1478 1497 1745 1551 Samuelis
1783 1512 1891 1551 non
1921 1509 2089 1565 pavo-

502 1602 615 1643 rem
643 1588 889 1644 servilem
920 1588 1177 1655 insinuat,
1204 1590 1298 1644 sed
1322 1590 1679 1643 reverentiam
1710 1588 1945 1642 debitam
1976 1586 2089 1641 cul-

501 1680 630 1733 mini
656 1680 932 1747 pastorali.
959 1680 1094 1735 Nam
1121 1681 1222 1736 etsi
1254 1682 1532 1749 negligens
1560 1680 1880 1750 prmdicator
1906 1666 2091 1749 repre-

502 1769 813 1826 hensionem
844 1780 900 1827 et
928 1773 1102 1828 minas
1127 1788 1195 1827 ex
1220 1781 1373 1826 reatu
1398 1781 1636 1827 meretur
1665 1773 1903 1842 proprio,
1929 1773 2089 1827 timo-

2186 574 2311 629 litas
2339 574 2383 629 si
2405 573 2671 630 subtiliter
2700 572 3038 641 inspiciatur,
3076 587 3205 627 vera
3226 572 3501 628 humilitas
3528 588 3637 627 uno
3660 579 3775 630 est.

2182 670 2323 725 Vera
2376 683 2611 738 namque
2662 682 2779 722 esse
2830 667 3177 735 cognoscitur
3228 681 3348 737 qua:
3392 667 3597 723 bonum
3635 668 3774 724 obe-

2183 760 2395 815 dienliae
2426 760 2478 813 in
2526 758 2751 827 majoris
2800 758 3023 827 imperia
3050 756 3429 825 consequentia
3455 757 3769 813 comitatur.

2183 854 2323 909 Vere
2352 854 2531 923 itaque
2552 861 2695 910 esset
2722 854 2961 919 humilis,
3005 855 3053 909 si
3080 869 3203 909 sese
3238 854 3305 908 ad
3333 852 3776 908 emendationem

2184 946 2353 1015 culpae
2380 962 2477 1016 pro
2499 961 2605 1015 qua
2628 947 2955 1015 arguebatur
2978 946 3282 1001 obtulisset.
3315 944 3423 999 Sed
3459 952 3514 999 et
3541 944 3780 999 fortasse

2183 1038 2363 1092 verius
2389 1045 2534 1094 esset
2560 1037 2797 1105 humilis,
2828 1037 2873 1091 si
2900 1037 3259 1108 reprehensus
3290 1049 3631 1104 najuaquam
3663 1048 3782 1087 res-

2182 1129 2468 1199 ponderet,
2500 1127 2596 1183 sed
2626 1127 2924 1195 neglectam
2953 1127 3352 1197 correptionem
3378 1124 3623 1182 scelestis
3651 1121 3781 1179 (iiiis

2188 1220 2487 1283 adhiberet,
2540 1219 2587 1275 si
2614 1220 2700 1274 vel
2732 1228 2857 1275 tunc
2884 1220 3143 1289 pastorali
3196 1220 3316 1274 zelo
3360 1219 3656 1279 insisteret,
3714 1222 3775 1271 et

2188 1310 2581 1378 ﬂagitiosorum
2628 1310 2968 1366 sacerdotum
2994 1310 3203 1366 scelera
3234 1310 3397 1378 digna
3425 1309 3634 1367 ultione
3662 1307 3786 1361 vin-

2188 1402 2413 1457 dicaret.
2445 1401 2579 1455 Dum
2606 1415 2734 1469 ergo
2760 1401 2891 1455 dicit
2922 1419 2936 1454 :
2968 1400 3220 1455 Dominus
3253 1409 3352 1467 est,
3402 1399 3537 1469 quod
3589 1399 3785 1453 bonum

2190 1502 2266 1545 est
2291 1494 2347 1546 in
2373 1493 2533 1547 oculis
2559 1494 2666 1547 suis
2708 1492 2886 1563 faciat,
2919 1492 3200 1549 electionis
3226 1507 3337 1548 suae
3367 1492 3588 1546 verbum
3618 1505 3786 1559 aper-

2191 1582 2300 1640 tius
2342 1583 2636 1652 protulisse
2664 1584 3010 1651 cognoscitur
3049 1600 3212 1652 quam
3245 1582 3652 1653 responsionem
3679 1582 3786 1637 hu-

2190 1673 2451 1739 militatis,
2482 1674 2609 1742 quia
2632 1674 2885 1729 nimirum
2932 1674 3113 1743 potius
3164 1673 3329 1741 elegit
3366 1674 3635 1728 minarum
3685 1670 3785 1726 Dei

2192 1779 2383 1820 causas
2422 1764 2702 1821 incurrere
2751 1780 2913 1834 quam
2943 1766 3010 1819 de
3054 1765 3380 1835 perpetratis
3409 1764 3788 1833 iniquitatibus

500 1875 612 1914 rem
630 1863 1126 1931 reverentimexigit
1148 1862 1482 1931 ejusordinis
1503 1863 2085 1934 celsitudo.Sequitur:
2119 1874 2167 1934 Β
2196 1856 2334 1910 ﬁlios
2363 1856 2747 1912 wﬂdelllllal‘e-
2796 1855 2840 1910 Ο
2877 1858 3067 1925 quan“
3117 1866 3243 1913 sum
3270 1857 3445 1913 adhuc
3488 1856 3789 1913 Ῑηιίιειθηε

571 1973 747 2041 (Vcrs.
776 1973 889 2042 15.)
915 1975 1225 2047 Aperuitque
1255 1977 1387 2029 ostia
1410 1976 1589 2029 domus
1612 1975 1844 2030 Domini.

574 2062 663 2115 2'5.
696 2062 961 2128 Quidnam
993 2073 1073 2119 est
1101 2066 1243 2133 quod
1276 2065 1321 2119 is
1350 2066 1441 2134 qui
1472 2066 1621 2134 loqui
1652 2065 1849 2133 timuit,
1901 2065 2089 2119 domus

502 2151 717 2207 Domini
746 2154 885 2209 ostia
936 2156 1217 2223 reseravit,
1270 2157 1371 2210 nisi
1398 2157 1524 2226 quia
1579 2157 1801 2211 obedire
1830 2171 1935 2209 non
1961 2172 2088 2210 eru-

500 2244 638 2311 buit,
669 2246 760 2313 qui
790 2245 1031 2302 indicare
1080 2248 1251 2301 tristia
1282 2250 1534 2319 expavit?
1565 2248 1694 2301 Nam
1728 2248 1975 2317 superius
2002 2246 2088 2300 die

501 2344 647 2389 ctum
669 2345 751 2391 est
783 2356 793 2389 :
851 2338 1066 2392 Samuel
1086 2339 1373 2392 dormiebat
1417 2340 1469 2391 in
1501 2340 1689 2407 templo
1717 2338 1948 2401 Domini,
2004 2335 2088 2389 ubi

501 2434 611 2479 erat
640 2442 763 2480 arca
792 2428 904 2481 Dei.
942 2429 1079 2484 i‘uer
1107 2430 1271 2495 enim,
1297 2429 1386 2498 qui
1413 2429 1467 2483 in
1493 2428 1697 2497 templo
1725 2427 1934 2481 Domini
1964 2427 2091 2479 dor-

504 2517 666 2572 misse
704 2527 759 2574 et
785 2536 927 2576 nunc
962 2521 1203 2590 ejusdem
1235 2522 1449 2592 aperire
1479 2522 1615 2577 ostia
1648 2521 1861 2586 dicitur,
1912 2520 2091 2589 injun-

503 2618 649 2663 ctum
704 2612 1058 2668 ministerium
1107 2614 1361 2669 habuisse
1415 2613 1753 2678 ostenditur,
1815 2620 1875 2666 ut
1942 2611 2090 2666 horis

500 2705 921 2771 congruentibus
975 2706 1213 2776 aperiret
1273 2706 1444 2769 ostia,
1514 2712 1571 2760 et
1622 2706 1915 2760 obseraret.
1987 2703 2089 2771 Qui

498 2808 629 2863 ergo
677 2797 937 2854 visionem
995 2798 1233 2854 indicare
1292 2799 1536 2869 expavit,
1590 2805 1644 2854 et
1696 2799 1833 2855 ostia
1895 2798 2087 2853 domus

498 2882 710 2943 Domini
772 2888 1000 2959 aperuit,
1063 2891 1423 2945 reverentiam
1482 2891 1743 2959 magistro
1799 2890 2088 2961 dupliciter

500 2975 779 3045 impendit,
822 2980 1075 3035 videlicet
1101 2996 1231 3035 cura
1278 2982 1581 3048 ministerii,
1632 2990 1688 3037 et
1716 2982 1959 3037 custodia
2000 2981 2086 3037 lo-

501 3064 753 3121 cutionis.
802 3066 974 3132 Quam
1019 3069 1267 3138 profecto
1296 3070 1552 3140 loquendi
1596 3072 1896 3126 custodiam
1925 3086 2088 3140 quam

504 3154 753 3210 districte
808 3158 1074 3212 tenuisset
1119 3160 1442 3225 ostenditur,
1483 3161 1528 3214 si
1583 3176 1647 3215 ea
1694 3175 1812 3229 quzc
1854 3176 2089 3230 sequun-

2194 1944 2337 2012 lleli,
2389 1946 2483 2015 qui
2524 1962 2646 2001 cum
2690 1947 2984 2003 minantem
3011 1948 3111 2003 sibi
3160 1949 3589 2017 omnipotentem
3614 1946 3789 2001 Deum

2193 2035 2439 2105 quotidie
2466 2036 2531 2091 de
2552 2052 2707 2093 sacro
2748 2037 2966 2107 eloquio
2996 2038 3256 2106 sentiant,
3287 2046 3344 2093 et
3388 2047 3568 2094 tamen
3614 2036 3789 2092 homi-

2197 2128 2354 2182 nibus
2391 2126 2679 2196 displicere
2727 2127 3017 2198 trepidant,
3066 2138 3122 2185 et
3159 2128 3355 2184 divinae
3401 2127 3789 2198 indignationis

2190 2219 2364 2273 minas
2418 2218 2692 2275 incurrere
2724 2236 2830 2274 non
2862 2219 3171 2286 formidant,
3212 2229 3267 2277 et
3296 2221 3421 2277 dum
3478 2221 3789 2277 inimicitias

2192 2310 2489 2377 hominum,
2519 2312 2667 2367 velut
2708 2314 3077 2384 implacabiles
3105 2324 3374 2384 metuunt,
3406 2317 3475 2374 de
3494 2316 3590 2373 Dei
3620 2317 3790 2372 mise‘

2191 2401 2422 2457 ricordia
2447 2402 2608 2459 etiam
2632 2405 2906 2474 peccando
2936 2406 3245 2463 conﬁdunt'

2260 2513 2349 2568 26.
2410 2513 2519 2568 Sed
2566 2515 2869 2572 inordinata
2917 2518 3111 2574 ﬁducia
3163 2522 3303 2591 apud
3357 2523 3787 2593 omnipotentem

2192 2601 2363 2658 Deam
2413 2604 2664 2661 vindictze
2690 2606 2866 2662 locum
2898 2608 3099 2663 habere
3135 2616 3335 2679 potest,
3394 2610 3784 2679 indulgentiam

2192 2709 2323 2749 vero
2362 2694 2609 2752 obtinere
2636 2712 2742 2752 non
2777 2706 2978 2769 potest.
3035 2698 3351 2770 Incorrepto
3400 2703 3541 2756 enim
3590 2716 3789 2773 pecea-

2192 2791 2317 2855 tori,
2347 2800 2402 2845 et
2426 2791 2478 2846 in
2500 2793 2669 2861 culpas
2691 2808 2806 2847 sua:
2844 2794 3129 2863 proposito
3159 2794 3495 2865 perduranti,
3544 2796 3673 2864 quid
3700 2802 3791 2851 est

2192 2882 2259 2939 de
2279 2884 2504 2939 minanti
2522 2886 2620 2939 sibi
2645 2886 2755 2941 Deo
2777 2886 2957 2942 dicere
2982 2905 2996 2939 :
3028 2886 3283 2941 Dominus
3303 2897 3400 2952 est,
3432 2889 3567 2958 quod
3596 2890 3789 2944 bonum

2192 2976 2347 3029 estin
2392 2977 2556 3029 oculis
2598 2979 2707 3031 suis
2754 2980 2938 3049 faciat,
2997 2981 3098 3034 nisi
3146 2979 3214 3035 de
3255 2981 3648 3036 ordinatissima
3690 2980 3790 3036 Dei

2191 3064 2565 3121 misericordia
2604 3067 2914 3123 inordinate
2944 3067 3253 3124 conﬁdere?
3282 3072 3358 3125 De
3403 3072 3794 3142 omnipotentis

2192 3160 2395 3215 etenim
2440 3159 2536 3216 Dei
2593 3160 2967 3217 misericordia
3016 3163 3266 3219 ordinate
3294 3164 3518 3220 conﬁdit
3563 3166 3653 3234 qui
3687 3166 3794 3220 hoc

504 3256 591 3303 tur
610 3249 877 3304 subtiliter
898 3250 1268 3306 attendantur.
1300 3251 1432 3307 Nam
1456 3261 1681 3324 repente
1708 3252 2037 3308 subinfertur
2068 3268 2083 3307 :
2116 3267 2162 3330 α
2196 3251 2339 3321 quod
2362 3252 2635 3321 peccando
2656 3253 2921 3325 delinquit
2948 3256 3264 3325 paenitendo
3312 3257 3560 3325 corrigit,
3609 3255 3794 3313 ﬂendo

576 3365 750 3437 (Vers.
784 3366 1000 3437 16-18.)
1058 3366 1211 3422 Venit
1241 3385 1363 3439 ergo
1421 3366 1544 3421 Heli
1571 3368 1640 3421 ad
1679 3366 1995 3431 Samuelem,
2044 3373 2095 3419 et

499 3458 631 3512 dixit
660 3442 677 3512 ξ
732 3459 944 3513 Samuel
972 3460 1049 3530 fili
1080 3460 1169 3514 mi.
1225 3457 1326 3524 Qui
1354 3460 1619 3531 reapondit
1651 3476 1667 3512 :
1721 3457 1926 3511 Praesto
1956 3473 2088 3511 sum.

501 3550 569 3603 Et
597 3555 931 3623 interrogavit
949 3570 1063 3607 cum
1089 3569 1106 3607 :
1140 3551 1266 3616 Quis
1297 3562 1371 3607 est
1402 3569 1568 3607 sermo
1614 3568 1759 3621 quem
1788 3552 1984 3604 locutus
2015 3556 2094 3603 est

500 3641 753 3696 Dominus
776 3644 844 3695 ad
877 3653 923 3696 te
954 3662 970 3697 :
1003 3661 1114 3709 oro,
1166 3661 1231 3697 ne
1268 3645 1510 3698 cetareris
1544 3644 1689 3697 milii.
1742 3642 1873 3697 Han:
1930 3642 2091 3713 faciat

502 3732 592 3785 tibi
622 3731 782 3799 Deus,
842 3743 890 3786 et
920 3734 1029 3786 Ιιωσ
1082 3733 1260 3800 addat,
1314 3735 1360 3787 si
1417 3733 1747 3787 absconderis
1778 3750 1808 3784 α
1856 3749 1936 3785 me
1982 3748 2091 3784 ser-

501 3840 702 3877 monem
754 3841 817 3877 ea:
875 3824 1111 3879 omnibus
1170 3841 1281 3896 qua:
1330 3824 1473 3878 dicta
1526 3833 1647 3877 sunt
1695 3822 1807 3877 tibi.
1870 3822 2090 3876 Indica-

500 3918 568 3970 oit
589 3934 708 3988 ergo
737 3918 782 3971 ei
810 3917 1023 3972 Samuel
1042 3919 1309 3972 universos
1337 3933 1620 3983 sermones,
1649 3925 1697 3970 ct
1738 3932 1841 3971 non
1869 3916 2088 3971 abscon-

500 4010 575 4064 dit
603 4010 665 4063 ab
697 4027 775 4066 eo.

572 4100 662 4155 24.
715 4102 815 4168 Qui
839 4118 982 4158 enim
1014 4110 1165 4157 tanta
1193 4100 1599 4172 imprecationis
1630 4100 1881 4155 instantia
1914 4099 1978 4154 ad
2009 4099 2091 4154 lo-

500 4194 769 4262 quendum
790 4196 947 4266 108
967 4204 1186 4251 coactus
1226 4194 1505 4257 asserilur,
1532 4207 1722 4263 magna
1754 4192 2091 4247 districtione

500 4287 698 4340 silentii
725 4286 994 4355 obligatus
1018 4288 1182 4342 fuisse
1212 4287 1538 4341 declaratur.
1571 4283 1641 4338 Et
1683 4283 1809 4352 quia
1840 4299 1948 4337 non
1980 4293 2087 4336 tam

500 4391 601 4444 pro
629 4375 873 4431 custodia
916 4377 1165 4445 puritatis
1212 4392 1371 4447 quam
1403 4375 1767 4431 obstinatione
1802 4373 2090 4445 proterviae

501 4465 719 4536 quidam
749 4473 931 4521 tacere
976 4466 1203 4537 subjecti
1251 4468 1448 4534 solent,
1501 4466 1723 4522 Samuel
1770 4465 1927 4522 electi
1957 4466 2087 4519 sub-

502 4556 595 4611 diti
628 4556 853 4612 formam
886 4559 1138 4625 ostendit,
1191 4559 1283 4630 qui
1309 4568 1620 4615 reverenter
1651 4557 1838 4623 tacuit,
1885 4556 1978 4612 sed
2007 4563 2089 4610 ta-

2197 3342 2375 3410 tergit.
2410 3342 2647 3398 Peccare
2673 3357 2831 3413 ergo,
2887 3352 2943 3399 et
2964 3345 3032 3401 de
3059 3345 3157 3401 Dei
3184 3346 3456 3403 Creatoris
3502 3347 3794 3403 clementia

2196 3446 2547 3504 prtesumere,
2595 3435 2786 3506 pelago
2811 3436 3035 3505 justitias
3057 3438 3174 3507 ejus
3208 3439 3405 3509 exponi
3431 3448 3531 3493 est.
3579 3437 3670 3493 Sic
3708 3438 3797 3492 ni-

2197 3527 2393 3582 mirum
2428 3537 2653 3599 peccata
2684 3540 2992 3601 perpetrata
3051 3548 3159 3587 non
3193 3542 3405 3601 tergere
3448 3533 3791 3603 posnitendo,

2195 3628 2251 3674 et
2277 3620 2344 3675 de
2364 3621 2457 3677 Dei
2488 3622 2858 3679 misericordia
2886 3640 3232 3695 praesumere,
3258 3626 3310 3680 in
3328 3626 3591 3695 judicium
3616 3626 3797 3682 distri-

2196 3712 2390 3767 ctionis
2420 3712 2536 3781 ejus
2586 3713 2858 3769 offendere
2903 3724 3004 3771 est.
3068 3716 3201 3770 Dum
3257 3730 3385 3785 ergo
3432 3717 3552 3771 Heli
3592 3718 3705 3771 vita
3738 3719 3795 3774 in

2196 3802 2551 3870 reproborum
2595 3803 3011 3872 praedicatorum
3058 3805 3232 3861 forma
3278 3806 3625 3871 describitur,
3684 3826 3797 3864 non

2194 3891 2370 3947 solum
2404 3893 2562 3963 culpa
2594 3895 2773 3965 lapsus
2804 3897 3133 3965 ostenditur,
3194 3899 3288 3954 sed
3345 3901 3506 3955 etiam
3534 3901 3709 3970 culpm
3739 3903 3798 3958 in

2193 3984 2623 4053 praecipitatione
2668 3990 2952 4045 securitas.
3003 3990 3135 4046 Nam
3165 3992 3256 4061 qui
3298 3992 3493 4048 timore
3518 3995 3797 4064 paeniten-

2194 4073 2282 4127 tim
2298 4073 2491 4129 divina:
2513 4075 2896 4147 indignationis
2919 4082 3345 4150 magnitudinem
3361 4085 3575 4155 placare
3593 4089 3796 4157 potuit,

2195 4163 2321 4219 dum
2373 4168 2607 4235 neglexit
2642 4170 2788 4239 quod
2843 4173 3068 4241 audivit,
3122 4175 3349 4231 incurrit
3395 4178 3540 4246 quod
3571 4180 3794 4236 meruit.

2263 4288 2352 4343 27.
2397 4290 2749 4361 Omnipotens
2802 4294 2945 4350 enim
2987 4296 3149 4363 Deus,
3196 4298 3298 4353 etsi
3334 4301 3591 4368 :equitate
3611 4300 3799 4370 justus

2194 4389 2298 4447 est,
2341 4382 2703 4440 abundantior
2732 4393 2913 4442 tamen
2962 4388 3201 4443 creditur
3252 4390 3602 4446 miseratione
3640 4392 3797 4463 pius.

2195 4468 2347 4524 Unde
2376 4481 2429 4526 et
2472 4490 2569 4543 per
2622 4474 2951 4547 Prophetam
3001 4479 3235 4534 dicitur:
3276 4479 3644 4537 Miserationes
3676 4483 3798 4553 ejus

2194 4579 2347 4630 super
2367 4568 2541 4619 omnia
2571 4584 2727 4636 opera
2756 4572 2866 4639 ejus
2889 4569 3062 4643 (Psal.
3096 4586 3276 4639 cxuv,
3309 4571 3386 4642 9).
3440 4572 3575 4628 Hinc
3623 4582 3706 4629 cst
3737 4573 3798 4629 id

502 4663 626 4704 cere
655 4648 803 4717 loqui
828 4648 1007 4719 jussus
1035 4651 1272 4721 expavit.
1328 4652 1513 4720 Itaque
1544 4651 1757 4720 gemina
1788 4649 1908 4703 luce
1952 4664 2086 4704 con-
2116 4666 2171 4729 Ῑ)
2197 4656 2340 4725 quod
2364 4672 2461 4725 per
2481 4658 2668 4714 Jonam
2692 4663 3011 4733 prophetam
3059 4662 3310 4719 Ninivitis
3352 4665 3529 4721 minas
3559 4670 3797 4724 sobver—

500 4742 825 4799 versationis
879 4745 1091 4810 enituit,
1152 4744 1277 4799 dum
1302 4744 1394 4813 qui
1427 4744 1601 4798 Iilialis
1628 4743 1840 4798 timoris
1885 4742 2085 4796 virtute

498 4834 663 4902 siluit,
698 4834 951 4906 loquendi
979 4835 1265 4891 utilitatem
1296 4836 1567 4905 loquendo
1605 4835 1948 4904 conquisivit.
1980 4833 2083 4889 Se-

498 4928 675 4994 quitur
709 4946 720 4982 :

571 5030 746 5098 (Vers.
776 5025 908 5103 l8.)
937 5030 1008 5085 Et
1035 5031 1122 5085 ille
1152 5031 1459 5101 respondit:
1509 5028 1761 5083 Dominus
1808 5036 1905 5093 est,
1948 5028 2085 5098 quod

497 5122 685 5177 bonum
706 5132 780 5177 est
809 5125 863 5177 in
885 5124 1045 5178 oculis
1069 5124 1173 5177 suis
1205 5124 1386 5192 faciat.

564 5214 656 5269 ‘25.
694 5212 796 5281 Qui
826 5215 1120 5286 simplicius
1148 5228 1312 5283 quam
1339 5212 1498 5267 debet
1521 5211 1678 5267 istam
1710 5210 1826 5266 Heli
1856 5225 2085 5281 respon~

499 5307 704 5360 sionem
735 5307 1062 5372 considerat,
1083 5315 1195 5360 tam
1221 5313 1370 5360 recte
1384 5298 1528 5360 hunc
1554 5304 1896 5375 respondisse
1925 5318 2086 5374 quam

499 5387 774 5451 hu'multer
802 5406 976 5468 putat.
1028 5396 1163 5451 Nam
1212 5398 1351 5451 sicut
1400 5395 1615 5450 auditur
1661 5395 1916 5460 exterius,
1955 5394 2085 5464 quid

500 5486 752 5543 humilius
808 5490 1155 5561 respondisse
1211 5490 1425 5559 potuit,
1493 5480 1587 5560 qui
1641 5489 2083 5559 reprobatiouem

500 5596 652 5636 suam
708 5583 930 5653 audivit,
972 5591 1027 5639 et
1076 5584 1300 5638 minanti
1358 5584 1490 5653 Deo,
1550 5585 1658 5638 imo
1687 5583 2086 5653 reprobationis

500 5688 608 5728 suae
637 5676 962 5731 sententiam
984 5674 1373 5745 promulganti,
1406 5675 1669 5746 quidquid
1705 5675 1775 5731 dc
1817 5691 1876 5731 se
1906 5675 2088 5730 facere

2195 4747 2363 4802 sionis
2385 4750 2630 4817 protulit,
2670 4761 2727 4807 et
2757 4760 2933 4809 tamen
2967 4771 3181 4825 pcenam
3214 4758 3521 4813 evertendas
3554 4761 3799 4817 civitatis

2194 4842 2582 4910 pmnitentibus
2610 4845 2831 4901 indulsit
2869 4847 3049 4920 (Joan.
3083 4867 3158 4917 Ill,
3192 4850 3243 4917 1,
3273 4850 3324 4917 ‘2,
3349 4851 3506 4923 seq.).
3541 4851 3678 4909 Hinc
3709 4863 3801 4909 est

2194 4936 2338 4990 enim
2392 4938 2533 5006 quod
2565 4937 2807 4993 Ezechias
2834 4941 2945 5010 regi
2995 4940 3103 5011 (IV
3138 4940 3265 5014 Reg.
3292 4958 3383 5006 xx,
3417 4941 3468 5009 1,
3510 4942 3643 5015 seq.)
3696 4961 3803 5013 per

2195 5030 2477 5100 propheta:
2507 5032 2783 5086 oraculum
2833 5033 3022 5087 mortis
3069 5048 3233 5105 pinna.
3280 5033 3615 5102 promittitur
3648 5034 3793 5105 (lsa.

2197 5139 2417 5192 xxxvm,
2464 5126 2513 5191 1,
2535 5128 2689 5198 seq.),
2714 5127 2807 5182 sed
2837 5127 2962 5195 quia
2984 5142 3101 5190 rex,
3134 5126 3273 5181 mori
3296 5135 3567 5193 metuens,
3600 5143 3796 5182 coram

2194 5213 2423 5271 Domino
2444 5231 2503 5272 se
2562 5219 2717 5289 109
2746 5218 3075 5288 poeninentire
3102 5216 3354 5287 lacrymis
3385 5216 3598 5284 afﬂixit,
3644 5234 3800 5273 mor—

2194 5313 2453 5378 tem,qua
2476 5318 2798 5373 moreretur,
2841 5308 2983 5379 apud
3033 5322 3177 5375 eum,
3232 5322 3395 5377 quem
3427 5309 3628 5377 timuit,
3680 5326 3797 5363 nrnt

2198 5400 2422 5454 invenit.
2473 5400 2540 5454 Et
2592 5415 2752 5470 supra
2799 5399 3015 5469 quidem
3062 5413 3122 5453 se
3160 5406 3187 5436 ει
3236 5398 3493 5453 Dominus
3544 5399 3799 5454 locutam

2192 5492 2356 5548 tuisse
2386 5492 2632 5556 asseruit,
2661 5497 2719 5544 ut
2750 5490 2941 5544 domus
2967 5488 3085 5543 Heli
3116 5496 3171 5542 et
3201 5489 3371 5558 patris
3401 5489 3516 5556 ejus
3550 5489 3601 5541 in
3634 5505 3803 5543 «mns-

2194 5590 2353 5653 pectu
2374 5597 2473 5637 suo
2502 5596 2670 5650 usque
2699 5580 2751 5635 in
2778 5580 3163 5649 sempiternum
3187 5577 3539 5645 ministraret,
3573 5578 3671 5633 sed
3698 5578 3799 5646 qui

2194 5674 2261 5729 de
2282 5675 2430 5730 bono
2469 5680 2682 5744 agente,
2738 5670 2881 5727 bona
2910 5670 3124 5726 locutus
3155 5666 3351 5735 fuerat,
3404 5666 3472 5724 de
3497 5667 3665 5725 domo
3696 5683 3803 5726 re-

578 5823 597 5849 π
628 5812 790 5871 Gilot.
836 5823 891 5868 ct
933 5811 1131 5877 Vatic.,
1164 5828 1216 5866 se
1246 5812 1523 5870 Dominum
1555 5818 1779 5870 locutum
1804 5811 1962 5883 fuisse
1993 5806 2234 5865 asseruit.
