4044 6336
323 347 417 404 Hi

1164 339 1227 396 IN
1264 338 1525 398 PRIMUM
1563 339 1801 398 REGUM
1840 338 2352 399 EXPOSITIONES.
2393 368 2465 384 -ο
2502 341 2632 400 LIB.
2676 342 2744 399 ll.

3478 352 3500 407 i
3510 352 3584 408 212

319 458 485 529 proba
520 453 631 526 jam
679 453 870 509 effecta
916 451 1235 506 Sententiam
1275 454 1618 523 permutavit,
1659 454 1840 510 dicens
1861 456 1890 527 ξε
1924 459 1971 517 Α
1999 451 2261 522 gligentiae
2287 470 2394 509 suae
2414 456 2638 510 verbum
2664 458 2987 528 exponebat,
3015 457 3242 515 dicens:
3284 458 3584 537 Quicunque

319 546 475 619 Nune
497 552 669 599 autem
695 545 829 599 absit
856 543 953 597 hoc
996 560 1028 595 a
1056 559 1135 597 me
1184 542 1238 615 (I
1270 544 1399 615 Reg.
1428 559 1485 610 ιι,
1510 545 1620 615 50).
1673 546 1728 600 Si
1761 560 1890 615 ergo

316 639 456 693 bona
490 636 755 707 promissa
800 640 1021 691 revocat
1068 635 1406 705 omnipotens
1461 633 1630 702 Deus,
1685 637 1811 706 quia
1856 636 1894 691 ii

314 730 509 798 quibus
535 728 856 799 promiserat
879 727 1019 781 male
1047 733 1448 799 permutantur,
1495 736 1697 797 quanto
1728 728 1895 796 magis

313 820 577 874 minarum
633 818 855 875 eiectus
895 818 1158 884 retrahit,
1227 833 1351 873 cum
1412 820 1552 875 bene
1604 835 1895 876 conversos

310 925 407 966 eos
436 896 628 980 aspicit
654 910 849 979 quibus
871 924 971 979 pro
998 909 1246 965 admissis
1276 910 1648 979 iniquitatibus
1678 926 1895 981 pmnam

310 1001 792 1056 animadversionis
848 1000 1158 1055 intimavit?
1227 1000 1370 1068 Quid
1435 1014 1563 1070 ergo
1636 1002 1703 1057 ad
1782 1003 1896 1058 haec

310 1092 557 1157 dicimus,
613 1092 708 1161 qui
756 1091 996 1160 quotidie
1033 1091 1413 1162 delinquimus,
1442 1090 1605 1164 atqtie
1632 1094 1685 1148 in
1714 1103 1895 1149 reatus

280 1230 283 1233 .
312 1183 481 1239 nostri
524 1182 852 1252 obligatione
880 1183 1055 1237 securi
1084 1184 1307 1238 sumus?
1348 1182 1464 1239 Hoc
1501 1184 1665 1254 igitur
1696 1185 1891 1255 ipsum,

309 1274 461 1342 quod
512 1273 905 1328 districtionem
959 1274 1152 1329 divina:
1191 1274 1416 1344 justitite
1469 1292 1577 1332 non
1633 1288 1891 1344 tenemus,

312 1363 469 1419 nobis
495 1364 652 1420 valde
701 1365 999 1420 timendum
1026 1378 1127 1433 est,
1180 1369 1306 1437 quia
1341 1383 1470 1425 ecce
1489 1371 1580 1438 qui
1602 1369 1778 1424 divina
1808 1370 1893 1425 in-

309 1454 622 1525 dignatione
642 1454 924 1525 projicitur
950 1471 1050 1526 pro
1088 1457 1244 1527 culpa
1273 1466 1593 1529 perpetratae
1622 1459 1895 1530 negligen-

310 1546 401 1599 tia:
452 1546 599 1601 nullo
648 1546 843 1604 timore
891 1547 1153 1603 sollicitus
1200 1546 1366 1605 fuisse
1413 1550 1747 1619 perhibetur.
1787 1551 1895 1607 Sed

307 1639 436 1707 quia
487 1639 555 1692 ad
607 1639 859 1695 timorem
913 1641 1128 1712 reprobi
1195 1642 1564 1713 prtedicatoris
1626 1645 1893 1715 repulsio-

309 1746 434 1787 nem
460 1733 727 1800 novimus,
761 1732 921 1789 electi
946 1733 1245 1804 profectum
1275 1734 1573 1791 audiamus.
1623 1736 1756 1791 Nam
1808 1752 1895 1793 se-

308 1825 493 1893 quitur
527 1843 540 1879 :

1996 543 2201 598 solverit
2229 561 2385 599 unum
2412 563 2477 601 ex
2517 547 2777 602 mandatis
2805 549 2919 602 istis
2957 549 3182 605 minimis
3207 589 3220 615 ,
3256 558 3303 606 et
3353 554 3586 611 docuerit

1996 634 2069 688 sic
2100 635 2348 705 homines,
2378 639 2619 693 minimus
2642 638 2901 693 vocabitur
2926 640 2978 694 in
3008 657 3166 715 regno
3197 641 3474 712 caelorum;
3502 650 3587 720 qui

1996 736 2165 781 autem
2193 730 2371 798 fecerit
2400 738 2447 783 et
2476 732 2727 799 docuerit,
2775 730 2996 803 magnus
3038 731 3301 789 vocabitur
3331 737 3388 790 in
3425 754 3585 807 regno

1997 818 2238 872 caelorum
2269 818 2431 890 (Ibid.
2462 834 2514 888 v,
2550 820 2659 894 19).
2692 820 3003 878 Mandatum
3032 839 3265 897 namque
3290 842 3390 883 nec
3429 827 3587 881 mini-

1997 925 2145 966 mum
2177 914 2332 984 110
2362 912 2677 983 praedicator
2706 914 2905 982 solvit,
2939 916 3091 986 cujus
3116 916 3340 977 verbum
3370 932 3438 974 ex
3465 933 3589 973 ver-

1996 1000 2078 1057 bis
2106 1003 2351 1058 omnibus
2382 1004 2435 1058 in
2466 1013 2663 1061 terram
2687 1024 2791 1062 non
2820 1008 2981 1063 cadit.
3014 1007 3152 1064 Dum
3179 1017 3357 1065 autem
3382 1025 3447 1065 ex
3470 1026 3589 1065 om-

1997 1091 2156 1147 nibus
2188 1093 2363 1148 verbis
2401 1093 2666 1152 Samuelis
2696 1096 2915 1152 verbum
2964 1097 3017 1151 in
3061 1104 3261 1153 terram
3302 1115 3410 1155 non
3449 1101 3589 1156 ceci-

1997 1183 2138 1238 disse
2166 1183 2376 1251 dicitur,
2410 1185 2563 1255 cujus
2590 1176 2768 1243 mores
2796 1187 3033 1244 insinuat
3057 1188 3275 1265 Samuel
3304 1230 3320 1257 ,
3360 1192 3463 1246 nisi
3494 1192 3589 1261 qui

1996 1275 2189 1331 merito
2214 1284 2266 1330 et
2295 1278 2690 1347 prtedicationis
2712 1287 2766 1333 et
2795 1279 2973 1350 operis
2998 1282 3177 1350 magni
3204 1291 3329 1338 sunt
3348 1282 3402 1337 in
3422 1297 3589 1353 regno

1997 1366 2302 1421 caelorum?
2348 1367 2539 1438 Itaque
2571 1385 2639 1425 ex
2669 1371 2918 1427 omnibus
2944 1372 3123 1427 verbis
3150 1373 3265 1443 ejus
3307 1374 3360 1428 in
3390 1382 3591 1431 terram

2000 1472 2109 1513 non
2142 1460 2321 1528 cadit,
2370 1463 2497 1532 quia
2528 1478 2687 1518 omne
2716 1466 2861 1533 quod
2898 1465 3067 1520 altum
3110 1476 3308 1523 sanctae
3337 1466 3590 1524 Ecclesia:

1996 1551 2266 1620 perfectus
2313 1555 2635 1623 praedicator
2663 1555 2901 1625 loquitur
2923 1600 2939 1626 ,
2981 1558 3049 1613 ab
3088 1572 3154 1614 eo
3183 1559 3346 1613 etiam
3373 1559 3590 1615 sublimi

1994 1639 2315 1711 praedicatur
2344 1645 2775 1711 conversatione,
2803 1664 2924 1702 cum
2952 1687 2970 1715 ,
2999 1658 3148 1705 vetut
3176 1650 3229 1706 in
3275 1650 3444 1707 ardua
3467 1666 3591 1722 spe-

1995 1735 2113 1790 cula
2138 1736 2362 1806 positus,
2392 1746 2445 1792 et
2473 1738 2742 1808 sapientes
2764 1741 2930 1796 verbo
2959 1741 3152 1811 erudit,
3183 1751 3236 1798 et
3260 1743 3591 1815 simplicibus

1926 1864 1973 1924 Β
1998 1824 2119 1893 iter,
2148 1841 2244 1896 per
2270 1828 2414 1898 quod
2441 1828 2504 1882 ad
2535 1838 2792 1884 aeternam
2820 1832 3051 1901 patriam
3079 1832 3285 1903 ingredi
3312 1834 3550 1891 debeant
3570 1873 3588 1900 ,

383 1915 559 1984 (Vera.
591 1915 703 1987 19.)
743 1915 913 1973 Crevit
940 1925 1110 1973 autem
1136 1917 1381 1987 Samuel,
1422 1930 1471 1975 et
1499 1917 1756 1975 Dominus
1783 1928 1897 1975 erat
1930 1915 1970 1924 ’⁷
1999 1918 2257 1987 operibus
2284 1919 2541 1974 ostendit.
2578 1919 2732 1975 Unde
2762 1932 2813 1977 et
2845 1922 3093 1977 subditur
3120 1942 3131 1976 :

306 2026 425 2064 cum
450 2027 529 2066 eo.

380 2103 471 2158 28.
511 2102 627 2159 Hoc
655 2105 896 2174 profecto
922 2104 969 2161 si
1000 2105 1068 2160 ad
1098 2105 1379 2162 historiam
1414 2104 1631 2176 legitur,
1662 2105 1897 2161 crevisse

305 2211 450 2267 puer
477 2198 693 2253 Samuel
737 2208 893 2254 aatate
940 2199 1184 2270 corporis
1210 2200 1547 2270 designatur;
1598 2200 1642 2255 si
1679 2214 1807 2255 vero
1836 2208 1896 2254 ut

306 2297 500 2344 cetera
532 2289 756 2360 spiritali
786 2291 1198 2359 investigatione
1227 2292 1327 2346 ista
1358 2292 1740 2362 perquirimus,
1771 2305 1893 2347 cum

305 2392 374 2431 eo
393 2376 649 2434 Dominus
672 2393 791 2435 esse
811 2379 1148 2449 describitur,
1173 2382 1263 2451 qui
1288 2383 1521 2438 crevisse
1543 2394 1895 2439 memoratur.

306 2466 513 2523 Crescit
537 2477 718 2524 autem
757 2470 848 2541 qui
890 2472 944 2526 in
972 2472 1144 2527 virum
1174 2471 1471 2542 perlectum
1502 2476 1694 2528 mentis
1736 2481 1897 2530 actate

220 2636 221 2639 η
306 2560 535 2630 proiicit.
571 2559 726 2616 Unde
746 2570 801 2616 et
828 2578 925 2632 per
948 2562 1271 2633 Prophetam
1302 2564 1368 2619 de
1395 2563 1582 2620 electis
1609 2562 1897 2635 proﬁcien-

308 2652 449 2707 tibus
476 2653 669 2709 dicitur
698 2673 712 2707 :
745 2654 1089 2710 Ambulabunt
1118 2658 1180 2710 de
1208 2659 1391 2711 virtute
1417 2659 1471 2712 in
1503 2659 1741 2713 virtutem
1762 2702 1776 2727 ,
1821 2661 1897 2715 vi-

308 2745 507 2800 debitur
528 2745 668 2801 Deus
700 2748 908 2802 deorum
933 2750 985 2803 in
1011 2750 1140 2805 Sion
1175 2750 1345 2821 (Psal.
1381 2764 1610 2817 Lxxxm,
1649 2751 1726 2823 8).
1760 2751 1899 2808 Hinc

310 2838 506 2894 Paulus
535 2841 609 2894 ait
641 2858 653 2893 :
687 2839 864 2895 Donec
891 2859 1215 2897 occurramus
1245 2846 1289 2897 ei
1318 2845 1372 2897 in
1403 2846 1564 2898 virum
1594 2847 1897 2915 perfectum,

307 2932 365 2985 in
387 2948 675 2987 mensuram
688 2935 857 2988 (etatis
879 2933 1209 3004 plenitudinis
1232 2933 1421 2989 Christi
1440 2934 1657 3005 (Ep/tes.
1684 2952 1755 2993 ιν.
1786 2936 1896 3008 15).

309 3025 507 3081 Verum
552 3027 792 3082 nonnulli
832 3035 955 3083 sunt
1000 3028 1089 3098 qui
1138 3027 1266 3083 dum
1296 3027 1582 3083 virtutibus
1612 3036 1895 3096 crescunt,

309 3115 547 3172 elatione
586 3128 865 3173 corruunt.
907 3117 971 3172 Hi
1019 3118 1271 3173 nimirum
1319 3132 1565 3173 crescere
1613 3118 1897 3183 videntur,

306 3205 407 3261 sed
429 3213 605 3261 tamen
635 3222 756 3263 cum
786 3209 866 3264 eis
892 3208 1150 3263 Dominus
1180 3224 1285 3263 non
1312 3218 1413 3273 est,
1447 3209 1571 3279 quia
1602 3225 1632 3263 a
1660 3225 1719 3264 se
1750 3225 1896 3279 eum,

309 3295 419 3352 alta
445 3298 722 3355 sentiendo
751 3300 818 3354 de
842 3315 922 3368 se,
950 3298 1171 3369 ejiciunt
1193 3342 1207 3367 ,
1241 3315 1402 3370 quem
1432 3300 1484 3355 in
1515 3299 1761 3371 profectu
1784 3300 1897 3355 vir-

308 3397 486 3443 tutum
529 3390 691 3459 positi
721 3405 817 3460 per
862 3389 1220 3447 humilitatem
1250 3408 1433 3448 secum
1465 3391 1665 3447 habere
1710 3399 1901 3461 potue-

310 3491 455 3537 runt.
489 3481 585 3537 Vel
610 3482 653 3538 si
678 3498 772 3554 per
800 3484 1126 3540 exteriorem
1149 3484 1463 3554 dignitatem
1488 3485 1719 3540 crevisse
1741 3485 1905 3539 intel-

307 3573 514 3643 ligitur,
548 3575 804 3632 Dominus
833 3591 955 3632 cum
985 3591 1051 3631 eo
1081 3590 1200 3632 esse
1227 3582 1599 3641 memoratur,
1625 3576 1749 3645 quia
1776 3591 1903 3645 pro-

310 3665 455 3721 fecto
482 3666 723 3736 plerique
751 3668 805 3722 in
832 3668 1102 3722 humiliori
1134 3667 1321 3723 ordine
1351 3667 1586 3736 religiosi
1609 3673 1767 3733 sunt;
1808 3665 1904 3722 sed

311 3767 436 3812 ctuti
466 3757 642 3813 subito
670 3759 737 3813 ad
767 3759 977 3814 culmen
1003 3758 1274 3827 dignitatis
1304 3758 1681 3829 pervenerint,
1729 3758 1900 3827 prima

308 3864 481 3920 opera
511 3866 633 3906 cum
660 3849 966 3906 humilitate
993 3850 1390 3919 derelinquunt.
1426 3849 1641 3905 Samuel
1671 3850 1831 3920 igitur
1851 3860 1907 3905 et

311 3942 550 4012 prolicit,
578 3951 631 3997 et
652 3942 934 4013 proﬁciens
955 3940 1239 3997 Dominum
1267 3958 1451 3998 secum
1473 3941 1679 4009 habuit,
1699 3950 1759 3996 ut
1781 3958 1908 4014 pro-

310 4031 461 4086 fecto
486 4033 784 4089 electorum
812 4033 1222 4104 praedicatorum
1252 4047 1460 4088 morem
1491 4031 1789 4102 praeferret,
1813 4032 1907 4100 qui

312 4136 441 4178 cum
468 4123 631 4193 dona,
659 4133 715 4179 et
742 4124 1063 4195 dignitates_,
1102 4124 1298 4194 quibus
1325 4124 1534 4193 prosint
1563 4123 1682 4177 aliis
1708 4163 1721 4187 ,
1763 4137 1906 4176 asse-

312 4225 557 4286 quuntur
575 4258 589 4283 ,
633 4216 700 4273 de
740 4218 1045 4289 semetipsis
1074 4218 1288 4288 placere
1314 4217 1426 4274 Deo
1454 4234 1563 4273 non
1590 4217 1867 4287 negligunt
1891 4256 1905 4280 ,

312 4312 376 4359 et
403 4321 468 4359 ex
498 4322 566 4362 eo
590 4306 681 4362 illa
711 4323 829 4377 qua:
859 4323 956 4378 pro
987 4307 1105 4364 aliis
1132 4316 1461 4378 acceperunt
1488 4307 1627 4363 dona
1658 4305 1906 4375 multipil-

317 4406 447 4451 cant
470 4439 484 4465 ,
517 4398 657 4454 unde
686 4400 738 4455 in
769 4399 1071 4469 semetipsis
1098 4400 1388 4485 ostendunt
1416 4400 1616 4455 bonum
1638 4441 1651 4465 ,
1683 4397 1826 4469 quod
1857 4396 1908 4452 in

316 4489 401 4544 eis
426 4490 694 4561 loquendo
714 4506 1013 4565 propagare
1041 4494 1451 4565 concupiscunt.
1484 4492 1664 4560 Quare
1690 4502 1746 4549 et.
1776 4491 1909 4547 sub-

315 4579 466 4635 ditur
497 4600 510 4635 :

398 4672 574 4740 (Vers.
606 4672 719 4744 19.)
757 4671 829 4728 Et
854 4689 959 4728 non
986 4674 1168 4729 cecidit
1194 4690 1259 4729 ea:
1280 4673 1513 4728 omnibus
1539 4673 1700 4729 verbis
1722 4674 1835 4748 ejus
1857 4674 1911 4730 in

318 4770 536 4816 terram.

395 4854 483 4909 29.
526 4854 585 4909 ιη
630 4863 773 4911 terra
812 4856 1011 4927 quippe
1049 4859 1272 4913 verbum
1319 4858 1688 4927 przedicatoris
1731 4858 1909 4928 cadit,

320 4961 448 5001 cum
491 4961 555 5000 ex
593 4947 822 5017 reproba
850 4949 1217 5019 praedicatoris
1246 4954 1656 5007 conversatione
1682 4953 1910 5009 vilescit.

322 5035 481 5092 Unde
518 5045 575 5092 et
602 5038 859 5095 Veritatis
892 5056 1025 5096 voce
1056 5041 1284 5096 dicitur:
1317 5043 1399 5095 Ad
1428 5044 1647 5097 nihilum
1678 5044 1810 5097 valet
1836 5043 1915 5099 ul-

231 5191 235 5194 _
324 5140 433 5194 tra,
466 5131 567 5182 nisi
594 5139 649 5182 ut
674 5133 912 5184 mittatur
934 5134 1077 5202 foras
1102 5176 1115 5199 ,
1175 5144 1223 5187 et
1245 5134 1568 5188 conculcetur
1596 5133 1659 5187 ab
1691 5134 1917 5188 homini-

325 5220 423 5273 bus
454 5218 890 5294 (Hatth.v,1'5).
936 5222 1000 5276 Et
1045 5224 1341 5279 notandum
1388 5225 1513 5293 quia
1558 5240 1625 5279 ex
1670 5225 1920 5280 omnibus

323 5314 511 5368 verbis
540 5314 656 5383 ejus
687 5331 792 5369 non
823 5316 1085 5371 cecidisse
1111 5318 1164 5371 in
1192 5325 1388 5372 terram
1416 5317 1611 5372 dicitur
1630 5361 1645 5387 ,
1691 5325 1750 5372 ut
1796 5333 1920 5387 pro-

325 5405 476 5459 iecto
507 5420 616 5475 pne
636 5404 844 5484 licatori
874 5404 1004 5460 nihil
1036 5422 1195 5477 agere
1220 5405 1384 5463 liceat
1410 5407 1555 5478 quod
1584 5408 1707 5463 licet
1728 5422 1918 5478 repro-

326 5496 485 5552 bare.
517 5497 648 5552 Nam
677 5500 933 5569 quidquid
960 5501 1044 5568 agi
1068 5501 1335 5570 prohibet,
1366 5500 1411 5554 is
1441 5501 1684 5570 proiecto
1705 5501 1749 5555 si
1770 5500 1879 5573 agit
1899 5539 1919 5568 ,

326 5589 563 5645 verbum
594 5591 647 5644 in
679 5599 875 5646 terram
921 5591 1103 5658 cadit,
1135 5594 1259 5662 quia
1289 5594 1414 5647 dum
1447 5609 1477 5647 a
1507 5593 1760 5663 loquente
1788 5610 1921 5649 con-

328 5684 636 5751 temnitur,
685 5685 789 5744 hoc
850 5684 1129 5743 audientes
1193 5700 1529 5755 nequaquam
1578 5670 1924 5741 venerantur.

335 5776 577 5835 Verbum
605 5793 837 5848 namque
873 5775 1095 5847 aliquod
1140 5777 1193 5832 in
1219 5785 1417 5833 terram
1446 5779 1641 5835 cadere
1676 5779 1931 5849 prohibe.

330 5863 438 5922 bat
462 5869 722 5934 botulum
743 5908 761 5939 ,
795 5885 919 5933 cum
950 5870 1342 5942 negligentibus
1370 5872 1808 5942 przedicatoribus
1835 5885 1930 5927 ne-

1927 3252 1973 3317 C

2073 2006 2250 2077 (Vers.
2280 2007 2395 2079 20.)
2437 2008 2507 2063 Et
2536 2013 2771 2083 cognovit
2800 2014 3063 2067 universus
3093 2011 3263 2067 Israel
3290 2032 3321 2067 a
3350 2014 3471 2070 Dan
3501 2033 3591 2070 us-

2002 2118 2097 2174 que
2132 2100 2404 2172 Bersabee,
2447 2104 2582 2176 quod
2608 2106 2780 2176 ﬁdelis
2803 2106 3018 2163 Samuel
3049 2108 3298 2180 propheta
3322 2119 3452 2164 esset
3481 2109 3593 2165 Do-

1997 2211 2147 2249 num.

2071 2286 2159 2342 '50.
2201 2287 2340 2354 Quid
2365 2286 2505 2343 enim
2536 2302 2634 2360 per
2661 2284 2776 2345 Dan
2809 2290 2910 2345 nisi
2940 2289 3232 2361 simplices,
3259 2299 3313 2345 et
3341 2289 3468 2361 quid
3496 2304 3595 2362 per

1999 2379 2267 2436 Bersabee
2310 2381 2414 2435 nisi
2458 2382 2730 2452 sapientes
2757 2383 3149 2452 designantur?
3194 2383 3239 2439 A
3279 2382 3391 2439 Dan
3422 2398 3595 2455 usque

1999 2469 2266 2528 Bersabee
2294 2472 2465 2529 lidelis
2492 2473 2712 2530 Samuel
2753 2475 3015 2545 propheta
3061 2475 3273 2532 Domini
3303 2491 3595 2547 recognos-

1999 2566 2158 2629 citur,
2198 2565 2415 2637 quando
2445 2567 2602 2623 electi
2634 2568 2995 2638 prtedicatoris
3021 2569 3131 2624 vita
3162 2567 3495 2641 simplicibus
3522 2567 3591 2624 ad

2000 2657 2187 2714 salutis
2210 2658 2517 2727 exemplum
2538 2660 2880 2730 proponitur,
2905 2668 2961 2715 et
2987 2644 3321 2732 sapientibus
3345 2675 3442 2730 per
3463 2658 3595 2715 doc-

2000 2747 2193 2800 trinam
2216 2746 2331 2816 ejus
2351 2756 2551 2803 sanctae
2576 2747 2865 2819 Scriptura:
2886 2764 3083 2803 arcana
3106 2749 3435 2804 revelantur.
3460 2747 3597 2815 Quia

2000 2852 2130 2892 vero
2158 2837 2429 2894 Bersabee
2478 2847 2675 2909 puteus
2721 2841 2981 2909 septimus
3030 2840 3436 2910 interpretatur,
3467 2855 3597 2911 pos-

2001 2938 2128 2985 sunt
2174 2945 2271 3000 per
2300 2929 2567 2986 Bersabee
2600 2947 2707 2987 non
2745 2932 2921 2987 solum
2956 2932 3229 3003 sapientes
3251 2974 3266 3002 ,
3311 2930 3405 2988 sed
3435 2933 3598 2991 etiam

1997 3019 2127 3090 justi
2156 3020 2445 3090 designari.
2482 3020 2681 3077 Puteus
2710 3021 2853 3078 enim
2884 3023 3143 3094 septimus
3172 3022 3299 3094 quid
3328 3031 3409 3078 est
3433 3065 3447 3092 ,
3494 3022 3600 3079 nisi

2002 3112 2173 3182 gratia
2197 3112 2429 3183 Spiritus
2466 3114 2830 3185 septiformis?
2857 3113 2960 3170 Per
2988 3115 3102 3171 Dan
3129 3124 3475 3187 peccatorum
3491 3116 3602 3170 vita

2004 3204 2325 3273 ostenditur,
2350 3205 2473 3277 quia
2497 3223 2595 3278 per
2621 3216 2857 3263 veterem
2879 3208 3196 3279 prophetam
3221 3207 3414 3262 dicitur
3436 3226 3449 3261 :
3478 3205 3601 3260 Fiat

2003 3291 2124 3349 Dan
2147 3296 2354 3351 coluber
2378 3299 2433 3351 in
2463 3298 2565 3363 via,
2596 3306 2818 3353 cerastes
2839 3299 2895 3352 in
2919 3300 3121 3365 semita,
3156 3298 3400 3353 mordens
3429 3314 3600 3367 ungu-

2005 3385 2110 3439 lam
2133 3388 2265 3459 equi,
2298 3395 2357 3440 ut
2378 3388 2534 3441 cadat
2560 3405 2805 3442 ascensor
2830 3388 2940 3459 ejus
2969 3396 3106 3442 retro
3135 3387 3287 3459 (Gen.
3314 3404 3458 3455 Xth,
3487 3384 3598 3459 17).

2008 3476 2054 3530 A
2080 3477 2195 3531 Dan
2240 3478 2425 3550 itaque
2454 3495 2625 3549 usque
2670 3478 2938 3534 Bersabee
2977 3478 3194 3534 Samuel
3234 3478 3444 3534 Domini
3474 3494 3602 3549 pro-

2003 3568 2166 3640 pheta
2197 3569 2561 3639 cognoscitur,
2589 3569 2716 3624 dum
2746 3568 2905 3624 electi
2932 3568 3299 3641 prtedicatoris
3320 3568 3429 3624 vita
3451 3608 3465 3634 ,
3510 3576 3597 3624 at-

2004 3676 2110 3730 que
2139 3658 2402 3728 doctrina,
2428 3662 2805 3733 peccatoribus
2829 3670 2912 3718 est
2932 3662 3256 3719 venerabilis
3277 3705 3292 3732 ,
3326 3670 3380 3717 et
3404 3661 3597 3733 justis,

2006 3760 2067 3806 ut
2093 3752 2147 3807 in
2178 3768 2244 3808 eo
2274 3753 2526 3810 videlicet
2554 3762 2608 3810 et
2638 3754 2771 3825 lapsi
2799 3754 2997 3810 bonum
3025 3756 3281 3823 videant,
3324 3756 3377 3810 in
3407 3770 3514 3827 quo
3543 3769 3602 3810 se

2006 3844 2318 3914 pmnitendo
2350 3845 2626 3915 corrigant
2650 3888 2665 3913 ,
2698 3858 2753 3901 et
2782 3846 2910 3901 boni
2936 3847 3197 3901 mirentur
3222 3846 3346 3901 vitae
3379 3846 3603 3901 celsitu-

2007 3935 2219 4003 dinem,
2260 3936 2327 3992 ad
2354 3952 2515 4010 quam
2555 3937 2797 4010 quotidie
2838 3936 3166 4011 proﬁciendo
3195 3936 3600 3995 convalescant.

2008 4026 2265 4098 Sequitur
2298 4048 2309 4082 :

2083 4120 2259 4191 (Vers.
2291 4120 2406 4188 21.)
2447 4120 2516 4176 Et
2559 4122 2762 4175 addidit
2820 4120 3074 4176 Dominus
3120 4127 3178 4174 ut
3224 4128 3498 4191 appareret
3543 4121 3602 4174 in

2012 4212 2146 4267 Silo.
2268 4218 2271 4221 ⁷

2085 4304 2174 4359 '51.
2217 4304 2479 4376 Superius
2509 4303 2576 4359 de
2607 4310 2853 4375 tempore
2877 4302 3092 4374 reprobi
3120 4292 3351 4374 pastoris
3371 4302 3600 4357 dicitur:

2016 4393 2082 4450 In
2128 4394 2303 4449 diebus
2343 4396 2449 4449 illis
2479 4412 2583 4450 non
2612 4404 2725 4447 erat
2756 4394 2884 4449 visio
2927 4395 3224 4467 manifesta.
3254 4395 3387 4449 Cum
3424 4394 3606 4464 itaque

2015 4501 2084 4542 ex
2112 4502 2267 4542 sacro
2296 4486 2512 4555 eloquio
2541 4486 2775 4555 optimus
2806 4486 3127 4556 prtedicator
3155 4484 3477 4551 ostenditur,
3510 4499 3606 4554 ap-

1945 4594 2207 4687 l)parerc
2250 4579 2443 4633 iterum
2492 4576 2751 4632 Dominus
2800 4578 3139 4647 perhibetur,
3186 4578 3312 4645 quia
3351 4576 3607 4633 nimirum

2100 4686 2119 4687 η
2301 4669 2447 4687 ..
2804 4684 2908 4687 μω
3260 4666 3570 4687 κάμῃ-ιλ,

2021 4671 2256 4740 cognitio
2285 4669 2450 4725 divini
2496 4668 2751 4738 consilii,
2796 4684 2915 4737 quae
2954 4669 3301 4724 absconditur
3329 4666 3607 4739 reprobis,

2020 4762 2271 4835 puritatis
2300 4761 2491 4817 merito
2522 4761 2794 4816 revelatur
2823 4760 3028 4815 electis.
3063 4758 3121 4823 Si
3150 4760 3292 4815 enim
3342 4766 3398 4812 et
3427 4753 3607 4809 homi-

2019 4869 2149 4911 num
2179 4852 2402 4908 consilia
2428 4852 2532 4906 nisi
2561 4848 2917 4907 familiaribus
2947 4865 3055 4905 non
3085 4846 3396 4911 creduntur,
3430 4843 3608 4899 omni—

2021 4953 2216 5017 potens
2258 4942 2400 4999 Deus
2445 4950 2653 4998 secreta
2700 4956 2809 4996 suae
2855 4939 3218 5012 dispositionis
3267 4934 3612 4992 restimandus

2024 5049 2107 5095 est
2132 5038 2241 5094 suis
2270 5036 2578 5108 patefacere
2613 5034 2882 5090 inimicis?
2917 5033 3067 5088 Prius
3094 5045 3223 5101 ergo
3254 5030 3385 5100 justi
3420 5028 3613 5084 docto-

2020 5133 2096 5188 ris
2137 5132 2247 5186 vita
2287 5129 2629 5201 prmdicatur,
2680 5125 2874 5181 deinde
2918 5122 3187 5179 addidisse
3225 5130 3283 5176 ut
3330 5126 3616 5190 appareret

2021 5226 2282 5282 Dominus
2307 5222 2525 5289 dicitur,
2556 5221 2682 5290 quia
2705 5218 2954 5292 profecto
2982 5217 3178 5272 divinae
3204 5215 3340 5270 lucis
3373 5211 3615 5268 ostensio

2021 5318 2283 5389 reprobos
2310 5322 2365 5370 et
2391 5313 2542 5368 ﬁctos
2570 5312 2706 5381 fugit
2728 5352 2743 5378 ,
2787 5325 2906 5382 quae
2943 5323 3003 5364 se
3031 5306 3219 5363 electis
3243 5346 3258 5372 ,
3309 5312 3365 5359 et
3401 5302 3617 5361 mundis

2022 5408 2275 5464 cordibus
2319 5405 2514 5475 aperit.
2551 5402 2705 5462 Unde
2732 5411 2788 5458 et
2834 5416 2932 5471 per
2959 5399 3303 5468 semetipsam
3350 5411 3475 5451 vera
3496 5392 3618 5454 ’lux

2026 5500 2317 5570 loquendo,
2356 5514 2455 5553 nos
2477 5496 2764 5561 illuminat,
2795 5492 2980 5547 dicens
3006 5510 3018 5545 :
3051 5489 3200 5544 Beati
3228 5489 3417 5543 mundo
3441 5483 3616 5553 corde,

2026 5595 2267 5667 quoniam
2313 5594 2413 5661 ipsi
2443 5590 2609 5643 Deum
2637 5586 2877 5642 videbunt
2908 5584 3123 5655 (Matth.
3155 5601 3205 5649 v,
3240 5583 3319 5655 8).
3348 5582 3531 5653 Igitur,
3562 5585 3620 5631 ut

2029 5694 2301 5756 appareret
2330 5682 2584 5737 Dominus
2607 5720 2623 5747 ,
2671 5677 2873 5733 addidit
2900 5676 3025 5748 quia
3063 5676 3320 5731 mundum
3351 5671 3620 5743 praedica-

2032 5780 2165 5834 toris
2189 5778 2271 5833 sui
2296 5776 2509 5831 oculum
2539 5773 2690 5829 vidit.
2725 5773 2832 5829 Sed
2862 5789 2984 5829 cum
3014 5770 3219 5827 addidit
3253 5769 3321 5823 Ut
3348 5771 3618 5837 appareret

2034 5870 2088 5925 in
2120 5870 2253 5935 Silo,
2283 5868 2336 5922 in
2363 5865 2555 5923 eodem
2581 5863 2703 5921 loco
2739 5865 2888 5923 illum
2919 5862 3229 5936 apparuisse
3248 5857 3365 5915 vice
3393 5855 3493 5910 alia
3524 5852 3618 5907 de-
