  <div class='ocr_page' id='page_1' title='image "/cluster/home/n/w/nwhite01/storage/ocr_20150623/79/hvd.32044015469414/077.png"; bbox 0 0 4044 6336; ppageno 0'>
   <div class='ocr_carea' id='block_1_1' title="bbox 547 410 652 473">
    <p class='ocr_par' dir='ltr' id='par_1_1' title="bbox 547 410 652 473">
     <span class='ocr_line' id='line_1_1' title="bbox 547 410 652 473; baseline -0.038 0"><span class='ocrx_word' id='word_1_1' title='bbox 547 410 652 473; x_wconf 58' lang='lat' dir='ltr'><strong>ius</strong></span> 
     </span>
    </p>
   </div>
   <div class='ocr_carea' id='block_1_2' title="bbox 1734 402 2601 495">
    <p class='ocr_par' dir='ltr' id='par_1_2' title="bbox 1734 402 2601 495">
     <span class='ocr_line' id='line_1_2' title="bbox 1734 402 2601 495; baseline -0.005 -29"><span class='ocrx_word' id='word_1_2' title='bbox 1734 402 1975 466; x_wconf 81' lang='lat' dir='ltr'><strong>SANCTI</strong></span> <span class='ocrx_word' id='word_1_3' title='bbox 2015 408 2338 467; x_wconf 78' lang='lat' dir='ltr'><strong>GBEGORII</strong></span> <span class='ocrx_word' id='word_1_4' title='bbox 2382 404 2601 495; x_wconf 0' lang='lat' dir='ltr'><strong>MAGNIQ</strong></span> 
     </span>
    </p>
   </div>
   <div class='ocr_carea' id='block_1_3' title="bbox 3702 386 3801 454">
    <p class='ocr_par' dir='ltr' id='par_1_3' title="bbox 3702 386 3801 454">
     <span class='ocr_line' id='line_1_3' title="bbox 3702 386 3801 454; baseline 0.051 -5"><span class='ocrx_word' id='word_1_5' title='bbox 3702 386 3801 454; x_wconf 69' lang='lat' dir='ltr'><strong>ili</strong></span> 
     </span>
    </p>
   </div>
   <div class='ocr_carea' id='block_1_4' title="bbox 545 514 3809 605">
    <p class='ocr_par' dir='ltr' id='par_1_4' title="bbox 545 514 3809 605">
     <span class='ocr_line' id='line_1_4' title="bbox 545 514 3809 605; baseline -0.005 -15"><span class='ocrx_word' id='word_1_6' title='bbox 545 536 806 605; x_wconf 75' lang='lat' dir='ltr'><strong>signatur.</strong></span> <span class='ocrx_word' id='word_1_7' title='bbox 837 526 974 595; x_wconf 85' lang='lat' dir='ltr'><strong>Quia</strong></span> <span class='ocrx_word' id='word_1_8' title='bbox 1000 534 1179 582; x_wconf 91' lang='lat' dir='ltr'><strong>autem</strong></span> <span class='ocrx_word' id='word_1_9' title='bbox 1209 521 1344 580; x_wconf 82' lang='lat' dir='ltr'><strong>dixit</strong></span> <span class='ocrx_word' id='word_1_10' title='bbox 1371 518 1459 578; x_wconf 87' lang='lat' dir='ltr'><strong>ubi</strong></span> <span class='ocrx_word' id='word_1_11' title='bbox 1490 524 1756 595; x_wconf 82' lang='lat' dir='ltr'><strong>apparuit,</strong></span> <span class='ocrx_word' id='word_1_12' title='bbox 1790 539 1858 578; x_wconf 91' lang='lat' dir='ltr'><strong>ne</strong></span> <span class='ocrx_word' id='word_1_13' title='bbox 1887 522 2004 578; x_wconf 84' lang='lat' dir='ltr'><strong>ileli</strong></span> <span class='ocrx_word' id='word_1_14' title='bbox 2029 538 2121 592; x_wconf 88' lang='lat' dir='ltr'><strong>ap-</strong></span> <span class='ocrx_word' id='word_1_15' title='bbox 2150 528 2200 585; x_wconf 79' lang='grc' dir='ltr'>Α</span> <span class='ocrx_word' id='word_1_16' title='bbox 2298 524 2383 577; x_wconf 79' lang='lat'><strong>53.</strong></span> <span class='ocrx_word' id='word_1_17' title='bbox 2426 521 2533 577; x_wconf 86' lang='lat' dir='ltr'><strong>Sed</strong></span> <span class='ocrx_word' id='word_1_18' title='bbox 2563 527 2767 576; x_wconf 89' lang='lat' dir='ltr'><strong>attente</strong></span> <span class='ocrx_word' id='word_1_19' title='bbox 2809 514 3267 591; x_wconf 79' lang='lat' dir='ltr'><strong>consrderandum</strong></span> <span class='ocrx_word' id='word_1_20' title='bbox 3291 522 3374 572; x_wconf 88' lang='lat' dir='ltr'><strong>est</strong></span> <span class='ocrx_word' id='word_1_21' title='bbox 3408 516 3552 586; x_wconf 89' lang='lat' dir='ltr'><strong>quod</strong></span> <span class='ocrx_word' id='word_1_22' title='bbox 3588 519 3809 587; x_wconf 85' lang='lat' dir='ltr'><strong>subjun-</strong></span> 
     </span>
    </p>
   </div>
   <div class='ocr_carea' id='block_1_5' title="bbox 544 616 2123 698">
    <p class='ocr_par' dir='ltr' id='par_1_5' title="bbox 544 616 2123 698">
     <span class='ocr_line' id='line_1_5' title="bbox 544 616 2123 698; baseline -0.007 -16"><span class='ocrx_word' id='word_1_23' title='bbox 544 626 788 698; x_wconf 87' lang='lat' dir='ltr'><strong>paruisse</strong></span> <span class='ocrx_word' id='word_1_24' title='bbox 812 621 1141 688; x_wconf 69' lang='lat' dir='ltr'><strong>crederetur,</strong></span> <span class='ocrx_word' id='word_1_25' title='bbox 1173 620 1563 689; x_wconf 88' lang='lat' dir='ltr'><strong>subsequenter</strong></span> <span class='ocrx_word' id='word_1_26' title='bbox 1600 626 1655 673; x_wconf 92' lang='lat' dir='ltr'><strong>et</strong></span> <span class='ocrx_word' id='word_1_27' title='bbox 1699 632 1983 689; x_wconf 83' lang='lat' dir='ltr'><strong>personam</strong></span> <span class='ocrx_word' id='word_1_28' title='bbox 2006 616 2123 687; x_wconf 85' lang='lat' dir='ltr'><strong>ejus</strong></span> 
     </span>
    </p>
   </div>
   <div class='ocr_carea' id='block_1_6' title="bbox 543 708 1445 786">
    <p class='ocr_par' dir='ltr' id='par_1_6' title="bbox 543 708 1445 786">
     <span class='ocr_line' id='line_1_6' title="bbox 543 708 1445 786; baseline -0.012 -13"><span class='ocrx_word' id='word_1_29' title='bbox 543 717 631 773; x_wconf 91' lang='lat' dir='ltr'><strong>cui</strong></span> <span class='ocrx_word' id='word_1_30' title='bbox 660 712 909 786; x_wconf 73' lang='lat' dir='ltr'><strong>apparuit</strong></span> <span class='ocrx_word' id='word_1_31' title='bbox 937 710 1191 777; x_wconf 86' lang='lat' dir='ltr'><strong>ostendit,</strong></span> <span class='ocrx_word' id='word_1_32' title='bbox 1223 708 1406 764; x_wconf 91' lang='lat' dir='ltr'><strong>dicens</strong></span> <span class='ocrx_word' id='word_1_33' title='bbox 1430 726 1445 762; x_wconf 91' lang='lat'><strong>:</strong></span> 
     </span>
    </p>
   </div>
   <div class='ocr_carea' id='block_1_7' title="bbox 612 795 2122 875">
    <p class='ocr_par' dir='ltr' id='par_1_7' title="bbox 612 795 2122 875">
     <span class='ocr_line' id='line_1_7' title="bbox 612 795 2122 875; baseline -0.006 -15"><span class='ocrx_word' id='word_1_34' title='bbox 612 804 788 875; x_wconf 85' lang='lat' dir='ltr'><strong>(Vers.</strong></span> <span class='ocrx_word' id='word_1_35' title='bbox 819 802 931 870; x_wconf 74' lang='lat'><strong>21.)</strong></span> <span class='ocrx_word' id='word_1_36' title='bbox 974 799 1233 865; x_wconf 82' lang='lat' dir='ltr'><strong>Quoniam</strong></span> <span class='ocrx_word' id='word_1_37' title='bbox 1260 798 1511 853; x_wconf 78' lang='lat' dir='ltr'><strong>revelatus</strong></span> <span class='ocrx_word' id='word_1_38' title='bbox 1534 800 1699 869; x_wconf 78' lang='lat' dir='ltr'><strong>fuerat</strong></span> <span class='ocrx_word' id='word_1_39' title='bbox 1734 795 1989 855; x_wconf 89' lang='lat' dir='ltr'><strong>Dominus</strong></span> <span class='ocrx_word' id='word_1_40' title='bbox 2014 796 2122 854; x_wconf 87' lang='lat' dir='ltr'><strong>Sa-</strong></span> 
     </span>
    </p>
   </div>
   <div class='ocr_carea' id='block_1_8' title="bbox 537 888 1591 964">
    <p class='ocr_par' dir='ltr' id='par_1_8' title="bbox 537 888 1591 964">
     <span class='ocr_line' id='line_1_8' title="bbox 537 888 1591 964; baseline -0.007 -12"><span class='ocrx_word' id='word_1_41' title='bbox 537 898 694 953; x_wconf 84' lang='lat' dir='ltr'><strong>mueli</strong></span> <span class='ocrx_word' id='word_1_42' title='bbox 722 897 777 949; x_wconf 88' lang='lat' dir='ltr'><strong>in</strong></span> <span class='ocrx_word' id='word_1_43' title='bbox 799 894 936 961; x_wconf 82' lang='lat' dir='ltr'><strong>Silo,</strong></span> <span class='ocrx_word' id='word_1_44' title='bbox 951 894 1109 964; x_wconf 71' lang='lat' dir='ltr'><strong>juxta</strong></span> <span class='ocrx_word' id='word_1_45' title='bbox 1134 890 1339 946; x_wconf 78' lang='lat' dir='ltr'><strong>verbum</strong></span> <span class='ocrx_word' id='word_1_46' title='bbox 1360 888 1591 945; x_wconf 89' lang='lat' dir='ltr'><strong>Domini.</strong></span> 
     </span>
    </p>
   </div>
   <div class='ocr_carea' id='block_1_9' title="bbox 606 976 2121 1053">
    <p class='ocr_par' dir='ltr' id='par_1_9' title="bbox 606 976 2121 1053">
     <span class='ocr_line' id='line_1_9' title="bbox 606 976 2121 1053; baseline -0.005 -13"><span class='ocrx_word' id='word_1_47' title='bbox 606 987 695 1041; x_wconf 76' lang='grc'><strong>52.</strong></span> <span class='ocrx_word' id='word_1_48' title='bbox 739 985 889 1040; x_wconf 90' lang='lat' dir='ltr'><strong>Tunc</strong></span> <span class='ocrx_word' id='word_1_49' title='bbox 912 998 1143 1053; x_wconf 88' lang='lat' dir='ltr'><strong>namque</strong></span> <span class='ocrx_word' id='word_1_50' title='bbox 1169 998 1227 1037; x_wconf 90' lang='lat' dir='ltr'><strong>se</strong></span> <span class='ocrx_word' id='word_1_51' title='bbox 1248 983 1298 1037; x_wconf 92' lang='lat' dir='ltr'><strong>ei</strong></span> <span class='ocrx_word' id='word_1_52' title='bbox 1326 982 1603 1048; x_wconf 88' lang='lat' dir='ltr'><strong>revelavit,</strong></span> <span class='ocrx_word' id='word_1_53' title='bbox 1628 996 1751 1037; x_wconf 91' lang='lat' dir='ltr'><strong>cum</strong></span> <span class='ocrx_word' id='word_1_54' title='bbox 1778 981 1828 1036; x_wconf 91' lang='lat' dir='ltr'><strong>ei</strong></span> <span class='ocrx_word' id='word_1_55' title='bbox 1854 976 2121 1036; x_wconf 86' lang='lat' dir='ltr'><strong>secretum</strong></span> 
     </span>
    </p>
   </div>
   <div class='ocr_carea' id='block_1_10' title="bbox 535 1070 2121 1144">
    <p class='ocr_par' dir='ltr' id='par_1_10' title="bbox 535 1070 2121 1144">
     <span class='ocr_line' id='line_1_10' title="bbox 535 1070 2121 1144; baseline -0.006 -12"><span class='ocrx_word' id='word_1_56' title='bbox 535 1078 619 1133; x_wconf 89' lang='lat' dir='ltr'><strong>sui</strong></span> <span class='ocrx_word' id='word_1_57' title='bbox 647 1075 858 1132; x_wconf 87' lang='lat' dir='ltr'><strong>consilii</strong></span> <span class='ocrx_word' id='word_1_58' title='bbox 887 1075 955 1129; x_wconf 91' lang='lat' dir='ltr'><strong>de</strong></span> <span class='ocrx_word' id='word_1_59' title='bbox 996 1073 1302 1144; x_wconf 87' lang='lat' dir='ltr'><strong>repulsione</strong></span> <span class='ocrx_word' id='word_1_60' title='bbox 1342 1071 1560 1142; x_wconf 83' lang='lat' dir='ltr'><strong>reprobi</strong></span> <span class='ocrx_word' id='word_1_61' title='bbox 1589 1070 1953 1140; x_wconf 66' lang='lat' dir='ltr'><strong>prmdicatoris</strong></span> <span class='ocrx_word' id='word_1_62' title='bbox 1989 1086 2121 1140; x_wconf 84' lang='lat' dir='ltr'><strong>ape-</strong></span> 
     </span>
    </p>
   </div>
   <div class='ocr_carea' id='block_1_11' title="bbox 535 1162 2120 1236">
    <p class='ocr_par' dir='ltr' id='par_1_11' title="bbox 535 1162 2120 1236">
     <span class='ocr_line' id='line_1_11' title="bbox 535 1162 2120 1236; baseline -0.006 -13"><span class='ocrx_word' id='word_1_63' title='bbox 535 1171 662 1223; x_wconf 88' lang='lat' dir='ltr'><strong>ruit.</strong></span> <span class='ocrx_word' id='word_1_64' title='bbox 694 1167 848 1234; x_wconf 87' lang='lat' dir='ltr'><strong>Quod</strong></span> <span class='ocrx_word' id='word_1_65' title='bbox 870 1163 1115 1236; x_wconf 79' lang='lat' dir='ltr'><strong>prol‘ecto</strong></span> <span class='ocrx_word' id='word_1_66' title='bbox 1133 1165 1285 1233; x_wconf 81' lang='lat' dir='ltr'><strong>juxta</strong></span> <span class='ocrx_word' id='word_1_67' title='bbox 1311 1163 1537 1218; x_wconf 82' lang='lat' dir='ltr'><strong>verbum</strong></span> <span class='ocrx_word' id='word_1_68' title='bbox 1563 1162 1778 1217; x_wconf 87' lang='lat' dir='ltr'><strong>Domini</strong></span> <span class='ocrx_word' id='word_1_69' title='bbox 1801 1162 1999 1217; x_wconf 80' lang='lat' dir='ltr'><strong>factum</strong></span> <span class='ocrx_word' id='word_1_70' title='bbox 2030 1176 2120 1215; x_wconf 88' lang='lat' dir='ltr'><strong>as-</strong></span> 
     </span>
    </p>
   </div>
   <div class='ocr_carea' id='block_1_12' title="bbox 534 1251 2120 1325">
    <p class='ocr_par' dir='ltr' id='par_1_12' title="bbox 534 1251 2120 1325">
     <span class='ocr_line' id='line_1_12' title="bbox 534 1251 2120 1325; baseline -0.005 -13"><span class='ocrx_word' id='word_1_71' title='bbox 534 1259 755 1325; x_wconf 90' lang='lat' dir='ltr'><strong>seritur,</strong></span> <span class='ocrx_word' id='word_1_72' title='bbox 789 1266 848 1311; x_wconf 94' lang='lat' dir='ltr'><strong>ut</strong></span> <span class='ocrx_word' id='word_1_73' title='bbox 876 1258 979 1311; x_wconf 89' lang='lat' dir='ltr'><strong>hoc</strong></span> <span class='ocrx_word' id='word_1_74' title='bbox 1008 1256 1151 1325; x_wconf 84' lang='lat' dir='ltr'><strong>quod</strong></span> <span class='ocrx_word' id='word_1_75' title='bbox 1194 1270 1299 1309; x_wconf 91' lang='lat' dir='ltr'><strong>non</strong></span> <span class='ocrx_word' id='word_1_76' title='bbox 1337 1253 1494 1307; x_wconf 84' lang='lat' dir='ltr'><strong>valde</strong></span> <span class='ocrx_word' id='word_1_77' title='bbox 1535 1253 1779 1322; x_wconf 85' lang='lat' dir='ltr'><strong>superius</strong></span> <span class='ocrx_word' id='word_1_78' title='bbox 1815 1267 1913 1321; x_wconf 89' lang='lat' dir='ltr'><strong>per</strong></span> <span class='ocrx_word' id='word_1_79' title='bbox 1946 1251 2120 1305; x_wconf 91' lang='lat' dir='ltr'><strong>virum</strong></span> 
     </span>
    </p>
   </div>
   <div class='ocr_carea' id='block_1_13' title="bbox 534 1342 2121 1410">
    <p class='ocr_par' dir='ltr' id='par_1_13' title="bbox 534 1342 2121 1410">
     <span class='ocr_line' id='line_1_13' title="bbox 534 1342 2121 1410; baseline -0.007 -6"><span class='ocrx_word' id='word_1_80' title='bbox 534 1351 633 1405; x_wconf 88' lang='lat' dir='ltr'><strong>Dei</strong></span> <span class='ocrx_word' id='word_1_81' title='bbox 657 1350 723 1403; x_wconf 88' lang='lat' dir='ltr'><strong>ad</strong></span> <span class='ocrx_word' id='word_1_82' title='bbox 746 1348 865 1403; x_wconf 83' lang='lat' dir='ltr'><strong>lleli</strong></span> <span class='ocrx_word' id='word_1_83' title='bbox 887 1348 1085 1402; x_wconf 91' lang='lat' dir='ltr'><strong>dictum</strong></span> <span class='ocrx_word' id='word_1_84' title='bbox 1118 1346 1307 1410; x_wconf 80' lang='lat' dir='ltr'><strong>fuerat,</strong></span> <span class='ocrx_word' id='word_1_85' title='bbox 1336 1345 1501 1399; x_wconf 89' lang='lat' dir='ltr'><strong>etiam</strong></span> <span class='ocrx_word' id='word_1_86' title='bbox 1522 1344 1811 1399; x_wconf 83' lang='lat' dir='ltr'><strong>secundum</strong></span> <span class='ocrx_word' id='word_1_87' title='bbox 1843 1342 2121 1395; x_wconf 80' lang='lat' dir='ltr'><strong>historiam</strong></span> 
     </span>
    </p>
   </div>
   <div class='ocr_carea' id='block_1_14' title="bbox 534 1429 2122 1511">
    <p class='ocr_par' dir='ltr' id='par_1_14' title="bbox 534 1429 2122 1511">
     <span class='ocr_line' id='line_1_14' title="bbox 534 1429 2122 1511; baseline -0.008 -15"><span class='ocrx_word' id='word_1_88' title='bbox 534 1441 814 1511; x_wconf 86' lang='lat' dir='ltr'><strong>impletum</strong></span> <span class='ocrx_word' id='word_1_89' title='bbox 839 1454 956 1495; x_wconf 90' lang='lat' dir='ltr'><strong>esse</strong></span> <span class='ocrx_word' id='word_1_90' title='bbox 990 1437 1252 1492; x_wconf 85' lang='lat' dir='ltr'><strong>sentiatur</strong></span> <span class='ocrx_word' id='word_1_91' title='bbox 1283 1452 1294 1486; x_wconf 93' lang='lat'>:</span> <span class='ocrx_word' id='word_1_92' title='bbox 1334 1433 1403 1487; x_wconf 85' lang='lat' dir='ltr'><strong>Et</strong></span> <span class='ocrx_word' id='word_1_93' title='bbox 1431 1433 1689 1488; x_wconf 76' lang='lat' dir='ltr'><strong>suscitabo</strong></span> <span class='ocrx_word' id='word_1_94' title='bbox 1720 1432 1844 1485; x_wconf 85' lang='lat' dir='ltr'><strong>mihi</strong></span> <span class='ocrx_word' id='word_1_95' title='bbox 1881 1429 2122 1485; x_wconf 85' lang='lat' dir='ltr'><strong>sacerdo—</strong></span> 
     </span>
    </p>
   </div>
   <div class='ocr_carea' id='block_1_15' title="bbox 536 1524 2122 1602">
    <p class='ocr_par' dir='ltr' id='par_1_15' title="bbox 536 1524 2122 1602">
     <span class='ocr_line' id='line_1_15' title="bbox 536 1524 2122 1602; baseline -0.007 -16"><span class='ocrx_word' id='word_1_96' title='bbox 536 1543 637 1587; x_wconf 85' lang='lat' dir='ltr'><strong>tem</strong></span> <span class='ocrx_word' id='word_1_97' title='bbox 665 1533 868 1602; x_wconf 78' lang='lat' dir='ltr'><strong>[idelem</strong></span> <span class='ocrx_word' id='word_1_98' title='bbox 916 1532 1000 1599; x_wconf 89' lang='lat' dir='ltr'><strong>qui</strong></span> <span class='ocrx_word' id='word_1_99' title='bbox 1014 1528 1169 1601; x_wconf 75' lang='lat' dir='ltr'><strong>juxta</strong></span> <span class='ocrx_word' id='word_1_100' title='bbox 1199 1546 1287 1583; x_wconf 88' lang='lat' dir='ltr'><strong>cor</strong></span> <span class='ocrx_word' id='word_1_101' title='bbox 1308 1545 1494 1595; x_wconf 90' lang='lat' dir='ltr'><strong>meum,</strong></span> <span class='ocrx_word' id='word_1_102' title='bbox 1522 1537 1571 1581; x_wconf 93' lang='lat' dir='ltr'><strong>et</strong></span> <span class='ocrx_word' id='word_1_103' title='bbox 1599 1527 1827 1580; x_wconf 87' lang='lat' dir='ltr'><strong>animant</strong></span> <span class='ocrx_word' id='word_1_104' title='bbox 1853 1541 2017 1578; x_wconf 78' lang='lat' dir='ltr'><strong>nteant</strong></span> <span class='ocrx_word' id='word_1_105' title='bbox 2040 1524 2122 1593; x_wconf 77' lang='lat' dir='ltr'><strong>{a-</strong></span> 
     </span>
    </p>
   </div>
   <div class='ocr_carea' id='block_1_16' title="bbox 533 1616 2121 1692">
    <p class='ocr_par' dir='ltr' id='par_1_16' title="bbox 533 1616 2121 1692">
     <span class='ocr_line' id='line_1_16' title="bbox 533 1616 2121 1692; baseline -0.006 -13"><span class='ocrx_word' id='word_1_106' title='bbox 533 1627 658 1692; x_wconf 86' lang='lat' dir='ltr'><strong>ciat,</strong></span> <span class='ocrx_word' id='word_1_107' title='bbox 690 1634 741 1678; x_wconf 91' lang='lat' dir='ltr'><strong>et</strong></span> <span class='ocrx_word' id='word_1_108' title='bbox 768 1622 1049 1677; x_wconf 85' lang='lat' dir='ltr'><strong>ambulabit</strong></span> <span class='ocrx_word' id='word_1_109' title='bbox 1090 1639 1267 1676; x_wconf 80' lang='lat' dir='ltr'><strong>eorum</strong></span> <span class='ocrx_word' id='word_1_110' title='bbox 1296 1620 1503 1675; x_wconf 84' lang='lat' dir='ltr'><strong>Christo</strong></span> <span class='ocrx_word' id='word_1_111' title='bbox 1544 1637 1651 1674; x_wconf 90' lang='lat' dir='ltr'><strong>meo</strong></span> <span class='ocrx_word' id='word_1_112' title='bbox 1686 1618 1920 1672; x_wconf 88' lang='lat' dir='ltr'><strong>omnibus</strong></span> <span class='ocrx_word' id='word_1_113' title='bbox 1945 1616 2121 1670; x_wconf 87' lang='lat' dir='ltr'><strong>diebus</strong></span> 
     </span>
    </p>
   </div>
   <div class='ocr_carea' id='block_1_17' title="bbox 532 1710 2117 1789">
    <p class='ocr_par' dir='ltr' id='par_1_17' title="bbox 532 1710 2117 1789">
     <span class='ocr_line' id='line_1_17' title="bbox 532 1710 2117 1789; baseline -0.005 -18"><span class='ocrx_word' id='word_1_114' title='bbox 532 1716 589 1789; x_wconf 94' lang='grc' dir='ltr'><strong>(Ι</strong></span> <span class='ocrx_word' id='word_1_115' title='bbox 610 1716 739 1787; x_wconf 85' lang='lat' dir='ltr'><strong>Reg.</strong></span> <span class='ocrx_word' id='word_1_116' title='bbox 770 1732 828 1782; x_wconf 83' lang='lat' dir='ltr'><strong>li,</strong></span> <span class='ocrx_word' id='word_1_117' title='bbox 852 1714 968 1783; x_wconf 76' lang='lat'><strong>55).</strong></span> <span class='ocrx_word' id='word_1_118' title='bbox 1000 1713 1067 1769; x_wconf 89' lang='lat' dir='ltr'><strong>Et</strong></span> <span class='ocrx_word' id='word_1_119' title='bbox 1096 1715 1223 1768; x_wconf 86' lang='lat' dir='ltr'><strong>item</strong></span> <span class='ocrx_word' id='word_1_120' title='bbox 1250 1731 1264 1766; x_wconf 86' lang='lat'><strong>:</strong></span> <span class='ocrx_word' id='word_1_121' title='bbox 1300 1712 1509 1766; x_wconf 83' lang='lat' dir='ltr'><strong>Videbis</strong></span> <span class='ocrx_word' id='word_1_122' title='bbox 1537 1710 1774 1765; x_wconf 76' lang='lat' dir='ltr'><strong>wmulum</strong></span> <span class='ocrx_word' id='word_1_123' title='bbox 1797 1718 1938 1763; x_wconf 90' lang='lat' dir='ltr'><strong>tuum</strong></span> <span class='ocrx_word' id='word_1_124' title='bbox 1969 1713 2117 1779; x_wconf 76' lang='lat'><strong>111</strong></span> 
     </span>
    </p>
   </div>
   <div class='ocr_carea' id='block_1_18' title="bbox 528 1800 2117 1878">
    <p class='ocr_par' dir='ltr' id='par_1_18' title="bbox 528 1800 2117 1878">
     <span class='ocr_line' id='line_1_18' title="bbox 528 1800 2117 1878; baseline -0.003 -16"><span class='ocrx_word' id='word_1_125' title='bbox 528 1809 584 1862; x_wconf 86' lang='lat' dir='ltr'><strong>in</strong></span> <span class='ocrx_word' id='word_1_126' title='bbox 617 1808 802 1878; x_wconf 87' lang='lat' dir='ltr'><strong>templo</strong></span> <span class='ocrx_word' id='word_1_127' title='bbox 823 1849 837 1873; x_wconf 93' lang='lat'><strong>,</strong></span> <span class='ocrx_word' id='word_1_128' title='bbox 884 1808 941 1859; x_wconf 87' lang='lat' dir='ltr'><strong>in</strong></span> <span class='ocrx_word' id='word_1_129' title='bbox 991 1806 1241 1858; x_wconf 83' lang='lat' dir='ltr'><strong>universis</strong></span> <span class='ocrx_word' id='word_1_130' title='bbox 1280 1804 1543 1873; x_wconf 78' lang='lat' dir='ltr'><strong>prosperis</strong></span> <span class='ocrx_word' id='word_1_131' title='bbox 1579 1800 1748 1855; x_wconf 85' lang='lat' dir='ltr'><strong>Israel</strong></span> <span class='ocrx_word' id='word_1_132' title='bbox 1780 1801 1966 1872; x_wconf 89' lang='lat' dir='ltr'><strong>(lbid.,</strong></span> <span class='ocrx_word' id='word_1_133' title='bbox 1993 1800 2117 1871; x_wconf 62' lang='grc' dir='ltr'><strong>βε).</strong></span> 
     </span>
    </p>
   </div>
   <div class='ocr_carea' id='block_1_19' title="bbox 2225 609 3807 687">
    <p class='ocr_par' dir='ltr' id='par_1_19' title="bbox 2225 609 3807 687">
     <span class='ocr_line' id='line_1_19' title="bbox 2225 609 3807 687; baseline -0.003 -17"><span class='ocrx_word' id='word_1_134' title='bbox 2225 617 2409 687; x_wconf 83' lang='lat' dir='ltr'><strong>gitur:</strong></span> <span class='ocrx_word' id='word_1_135' title='bbox 2446 614 2609 668; x_wconf 74' lang='lat' dir='ltr'><strong>Juxta</strong></span> <span class='ocrx_word' id='word_1_136' title='bbox 2651 612 2853 667; x_wconf 84' lang='lat' dir='ltr'><strong>verbum</strong></span> <span class='ocrx_word' id='word_1_137' title='bbox 2892 610 3122 665; x_wconf 85' lang='lat' dir='ltr'><strong>Domini.</strong></span> <span class='ocrx_word' id='word_1_138' title='bbox 3156 609 3387 664; x_wconf 84' lang='lat' dir='ltr'><strong>Verbum</strong></span> <span class='ocrx_word' id='word_1_139' title='bbox 3429 625 3557 680; x_wconf 88' lang='lat' dir='ltr'><strong>ergo</strong></span> <span class='ocrx_word' id='word_1_140' title='bbox 3598 612 3807 670; x_wconf 84' lang='lat' dir='ltr'><strong>Domini</strong></span> 
     </span>
    </p>
   </div>
   <div class='ocr_carea' id='block_1_20' title="bbox 2226 702 3806 778">
    <p class='ocr_par' dir='ltr' id='par_1_20' title="bbox 2226 702 3806 778">
     <span class='ocr_line' id='line_1_20' title="bbox 2226 702 3806 778; baseline -0.003 -13"><span class='ocrx_word' id='word_1_141' title='bbox 2226 708 2659 778; x_wconf 84' lang='lat' dir='ltr'><strong>cognoscendum</strong></span> <span class='ocrx_word' id='word_1_142' title='bbox 2688 713 2771 761; x_wconf 91' lang='lat' dir='ltr'><strong>est</strong></span> <span class='ocrx_word' id='word_1_143' title='bbox 2794 744 2808 770; x_wconf 91' lang='lat'><strong>,</strong></span> <span class='ocrx_word' id='word_1_144' title='bbox 2859 713 3145 773; x_wconf 79' lang='lat' dir='ltr'><strong>antequam</strong></span> <span class='ocrx_word' id='word_1_145' title='bbox 3186 702 3252 757; x_wconf 86' lang='lat' dir='ltr'><strong>ad</strong></span> <span class='ocrx_word' id='word_1_146' title='bbox 3278 703 3671 772; x_wconf 88' lang='lat' dir='ltr'><strong>apparitionem</strong></span> <span class='ocrx_word' id='word_1_147' title='bbox 3699 704 3806 761; x_wconf 82' lang='lat' dir='ltr'><strong>Do-</strong></span> 
     </span>
    </p>
   </div>
   <div class='ocr_carea' id='block_1_21' title="bbox 2226 797 3808 873">
    <p class='ocr_par' dir='ltr' id='par_1_21' title="bbox 2226 797 3808 873">
     <span class='ocr_line' id='line_1_21' title="bbox 2226 797 3808 873; baseline -0.001 -15"><span class='ocrx_word' id='word_1_148' title='bbox 2226 804 2354 858; x_wconf 89' lang='lat' dir='ltr'><strong>mini</strong></span> <span class='ocrx_word' id='word_1_149' title='bbox 2383 804 2683 873; x_wconf 73' lang='lat' dir='ltr'><strong>pertingere</strong></span> <span class='ocrx_word' id='word_1_150' title='bbox 2712 815 3019 855; x_wconf 91' lang='lat' dir='ltr'><strong>mereamur</strong></span> <span class='ocrx_word' id='word_1_151' title='bbox 3040 840 3054 866; x_wconf 93' lang='lat'><strong>,</strong></span> <span class='ocrx_word' id='word_1_152' title='bbox 3106 813 3175 853; x_wconf 89' lang='lat' dir='ltr'><strong>ne</strong></span> <span class='ocrx_word' id='word_1_153' title='bbox 3202 797 3398 867; x_wconf 87' lang='lat' dir='ltr'><strong>injusla</strong></span> <span class='ocrx_word' id='word_1_154' title='bbox 3426 805 3481 853; x_wconf 90' lang='lat' dir='ltr'><strong>et</strong></span> <span class='ocrx_word' id='word_1_155' title='bbox 3518 797 3808 856; x_wconf 80' lang='lat' dir='ltr'><strong>indiscreta</strong></span> 
     </span>
    </p>
   </div>
   <div class='ocr_carea' id='block_1_22' title="bbox 2224 890 3804 965">
    <p class='ocr_par' dir='ltr' id='par_1_22' title="bbox 2224 890 3804 965">
     <span class='ocr_line' id='line_1_22' title="bbox 2224 890 3804 965; baseline -0.003 -14"><span class='ocrx_word' id='word_1_156' title='bbox 2224 896 2360 951; x_wconf 81' lang='lat' dir='ltr'><strong>visio</strong></span> <span class='ocrx_word' id='word_1_157' title='bbox 2390 896 2526 965; x_wconf 88' lang='lat' dir='ltr'><strong>ignis</strong></span> <span class='ocrx_word' id='word_1_158' title='bbox 2554 904 2609 951; x_wconf 91' lang='lat' dir='ltr'><strong>et</strong></span> <span class='ocrx_word' id='word_1_159' title='bbox 2636 894 2792 950; x_wconf 88' lang='lat' dir='ltr'><strong>nubis</strong></span> <span class='ocrx_word' id='word_1_160' title='bbox 2814 934 2830 959; x_wconf 91' lang='lat'><strong>,</strong></span> <span class='ocrx_word' id='word_1_161' title='bbox 2873 909 2981 948; x_wconf 91' lang='lat' dir='ltr'><strong>non</strong></span> <span class='ocrx_word' id='word_1_162' title='bbox 3028 892 3203 948; x_wconf 91' lang='lat' dir='ltr'><strong>solum</strong></span> <span class='ocrx_word' id='word_1_163' title='bbox 3240 890 3397 945; x_wconf 89' lang='lat' dir='ltr'><strong>nobis</strong></span> <span class='ocrx_word' id='word_1_164' title='bbox 3427 890 3804 960; x_wconf 80' lang='lat' dir='ltr'><strong>perfectionem</strong></span> 
     </span>
    </p>
   </div>
   <div class='ocr_carea' id='block_1_23' title="bbox 2226 980 3805 1048">
    <p class='ocr_par' dir='ltr' id='par_1_23' title="bbox 2226 980 3805 1048">
     <span class='ocr_line' id='line_1_23' title="bbox 2226 980 3805 1048; baseline -0.003 -8"><span class='ocrx_word' id='word_1_165' title='bbox 2226 1002 2332 1041; x_wconf 93' lang='lat' dir='ltr'><strong>non</strong></span> <span class='ocrx_word' id='word_1_166' title='bbox 2362 986 2609 1042; x_wconf 86' lang='lat' dir='ltr'><strong>ostendat</strong></span> <span class='ocrx_word' id='word_1_167' title='bbox 2632 984 2867 1041; x_wconf 72' lang='lat' dir='ltr'><strong>caelestis</strong></span> <span class='ocrx_word' id='word_1_168' title='bbox 2896 983 3120 1048; x_wconf 89' lang='lat' dir='ltr'><strong>itineris,</strong></span> <span class='ocrx_word' id='word_1_169' title='bbox 3160 980 3255 1037; x_wconf 88' lang='lat' dir='ltr'><strong>sed</strong></span> <span class='ocrx_word' id='word_1_170' title='bbox 3284 980 3352 1036; x_wconf 90' lang='lat' dir='ltr'><strong>ad</strong></span> <span class='ocrx_word' id='word_1_171' title='bbox 3380 981 3805 1036; x_wconf 85' lang='lat' dir='ltr'><strong>submersionem</strong></span> 
     </span>
    </p>
   </div>
   <div class='ocr_carea' id='block_1_24' title="bbox 2225 1073 3805 1145">
    <p class='ocr_par' dir='ltr' id='par_1_24' title="bbox 2225 1073 3805 1145">
     <span class='ocr_line' id='line_1_24' title="bbox 2225 1073 3805 1145; baseline -0.003 -14"><span class='ocrx_word' id='word_1_172' title='bbox 2225 1077 2423 1132; x_wconf 89' lang='lat' dir='ltr'><strong>erroris</strong></span> <span class='ocrx_word' id='word_1_173' title='bbox 2453 1092 2549 1131; x_wconf 92' lang='lat' dir='ltr'><strong>nos</strong></span> <span class='ocrx_word' id='word_1_174' title='bbox 2574 1076 2830 1145; x_wconf 88' lang='lat' dir='ltr'><strong>impellat.</strong></span> <span class='ocrx_word' id='word_1_175' title='bbox 2863 1074 3123 1144; x_wconf 84' lang='lat' dir='ltr'><strong>Origenes</strong></span> <span class='ocrx_word' id='word_1_176' title='bbox 3151 1074 3349 1144; x_wconf 88' lang='lat' dir='ltr'><strong>quippe</strong></span> <span class='ocrx_word' id='word_1_177' title='bbox 3383 1077 3537 1145; x_wconf 75' lang='lat'><strong>112</strong></span> <span class='ocrx_word' id='word_1_178' title='bbox 3565 1073 3695 1129; x_wconf 89' lang='lat' dir='ltr'><strong>dum</strong></span> <span class='ocrx_word' id='word_1_179' title='bbox 3714 1090 3805 1145; x_wconf 86' lang='lat' dir='ltr'><strong>ap-</strong></span> 
     </span>
    </p>
   </div>
   <div class='ocr_carea' id='block_1_25' title="bbox 2224 1165 3801 1236">
    <p class='ocr_par' dir='ltr' id='par_1_25' title="bbox 2224 1165 3801 1236">
     <span class='ocr_line' id='line_1_25' title="bbox 2224 1165 3801 1236; baseline 0 -16"><span class='ocrx_word' id='word_1_180' title='bbox 2224 1176 2504 1236; x_wconf 85' lang='lat' dir='ltr'><strong>parentem</strong></span> <span class='ocrx_word' id='word_1_181' title='bbox 2530 1166 2814 1222; x_wconf 88' lang='lat' dir='ltr'><strong>Dominum</strong></span> <span class='ocrx_word' id='word_1_182' title='bbox 2836 1165 2953 1220; x_wconf 88' lang='lat' dir='ltr'><strong>sine</strong></span> <span class='ocrx_word' id='word_1_183' title='bbox 2980 1167 3145 1220; x_wconf 87' lang='lat' dir='ltr'><strong>verbo</strong></span> <span class='ocrx_word' id='word_1_184' title='bbox 3175 1165 3387 1219; x_wconf 91' lang='lat' dir='ltr'><strong>Domini</strong></span> <span class='ocrx_word' id='word_1_185' title='bbox 3407 1166 3589 1221; x_wconf 82' lang='lat' dir='ltr'><strong>videre</strong></span> <span class='ocrx_word' id='word_1_186' title='bbox 3615 1167 3801 1234; x_wconf 88' lang='lat' dir='ltr'><strong>voluit,</strong></span> 
     </span>
    </p>
   </div>
   <div class='ocr_carea' id='block_1_26' title="bbox 2224 1257 3808 1329">
    <p class='ocr_par' dir='ltr' id='par_1_26' title="bbox 2224 1257 3808 1329">
     <span class='ocr_line' id='line_1_26' title="bbox 2224 1257 3808 1329; baseline 0 -16"><span class='ocrx_word' id='word_1_187' title='bbox 2224 1258 2483 1313; x_wconf 79' lang='lat' dir='ltr'><strong>visionem</strong></span> <span class='ocrx_word' id='word_1_188' title='bbox 2514 1259 2671 1312; x_wconf 88' lang='lat' dir='ltr'><strong>nubis</strong></span> <span class='ocrx_word' id='word_1_189' title='bbox 2696 1258 2999 1311; x_wconf 89' lang='lat' dir='ltr'><strong>inordinate</strong></span> <span class='ocrx_word' id='word_1_190' title='bbox 3024 1262 3322 1328; x_wconf 80' lang='lat' dir='ltr'><strong>conspexit,</strong></span> <span class='ocrx_word' id='word_1_191' title='bbox 3348 1265 3374 1293; x_wconf 76' lang='grc' dir='ltr'>ι</span> <span class='ocrx_word' id='word_1_192' title='bbox 3405 1257 3528 1326; x_wconf 87' lang='lat' dir='ltr'><strong>quia</strong></span> <span class='ocrx_word' id='word_1_193' title='bbox 3556 1257 3694 1327; x_wconf 83' lang='lat' dir='ltr'><strong>ignis</strong></span> <span class='ocrx_word' id='word_1_194' title='bbox 3713 1274 3808 1329; x_wconf 84' lang='lat' dir='ltr'><strong>ap-</strong></span> 
     </span>
    </p>
   </div>
   <div class='ocr_carea' id='block_1_27' title="bbox 2223 1347 3804 1418">
    <p class='ocr_par' dir='ltr' id='par_1_27' title="bbox 2223 1347 3804 1418">
     <span class='ocr_line' id='line_1_27' title="bbox 2223 1347 3804 1418; baseline 0.002 -17"><span class='ocrx_word' id='word_1_195' title='bbox 2223 1349 2543 1418; x_wconf 88' lang='lat' dir='ltr'><strong>paritionem</strong></span> <span class='ocrx_word' id='word_1_196' title='bbox 2572 1349 2800 1404; x_wconf 89' lang='lat' dir='ltr'><strong>horruit.</strong></span> <span class='ocrx_word' id='word_1_197' title='bbox 2834 1347 2967 1403; x_wconf 84' lang='lat' dir='ltr'><strong>Nam</strong></span> <span class='ocrx_word' id='word_1_198' title='bbox 2996 1348 3142 1415; x_wconf 90' lang='lat' dir='ltr'><strong>dum,</strong></span> <span class='ocrx_word' id='word_1_199' title='bbox 3176 1349 3441 1416; x_wconf 87' lang='lat' dir='ltr'><strong>abnegata</strong></span> <span class='ocrx_word' id='word_1_200' title='bbox 3471 1349 3557 1404; x_wconf 89' lang='lat' dir='ltr'><strong>vel</strong></span> <span class='ocrx_word' id='word_1_201' title='bbox 3602 1351 3804 1405; x_wconf 89' lang='lat' dir='ltr'><strong>minuta</strong></span> 
     </span>
    </p>
   </div>
   <div class='ocr_carea' id='block_1_28' title="bbox 2218 1438 3800 1511">
    <p class='ocr_par' dir='ltr' id='par_1_28' title="bbox 2218 1438 3800 1511">
     <span class='ocr_line' id='line_1_28' title="bbox 2218 1438 3800 1511; baseline 0.003 -19"><span class='ocrx_word' id='word_1_202' title='bbox 2218 1438 2427 1508; x_wconf 89' lang='lat' dir='ltr'><strong>justitia</strong></span> <span class='ocrx_word' id='word_1_203' title='bbox 2456 1440 2571 1505; x_wconf 91' lang='lat' dir='ltr'><strong>Dei,</strong></span> <span class='ocrx_word' id='word_1_204' title='bbox 2606 1438 2929 1510; x_wconf 84' lang='lat' dir='ltr'><strong>superﬂuam</strong></span> <span class='ocrx_word' id='word_1_205' title='bbox 2954 1439 3070 1509; x_wconf 89' lang='lat' dir='ltr'><strong>ejus</strong></span> <span class='ocrx_word' id='word_1_206' title='bbox 3090 1440 3433 1495; x_wconf 91' lang='lat' dir='ltr'><strong>clementiam</strong></span> <span class='ocrx_word' id='word_1_207' title='bbox 3462 1440 3800 1511; x_wconf 67' lang='lat' dir='ltr'><strong>praedicaret,</strong></span> 
     </span>
    </p>
   </div>
   <div class='ocr_carea' id='block_1_29' title="bbox 2225 1531 3806 1599">
    <p class='ocr_par' dir='ltr' id='par_1_29' title="bbox 2225 1531 3806 1599">
     <span class='ocr_line' id='line_1_29' title="bbox 2225 1531 3806 1599; baseline 0.004 -17"><span class='ocrx_word' id='word_1_208' title='bbox 2225 1531 2454 1585; x_wconf 86' lang='lat' dir='ltr'><strong>asseruit</strong></span> <span class='ocrx_word' id='word_1_209' title='bbox 2481 1531 2625 1599; x_wconf 83' lang='lat' dir='ltr'><strong>quod</strong></span> <span class='ocrx_word' id='word_1_210' title='bbox 2655 1547 2762 1586; x_wconf 89' lang='lat' dir='ltr'><strong>non</strong></span> <span class='ocrx_word' id='word_1_211' title='bbox 2790 1532 2963 1586; x_wconf 91' lang='lat' dir='ltr'><strong>solum</strong></span> <span class='ocrx_word' id='word_1_212' title='bbox 3005 1531 3253 1586; x_wconf 91' lang='lat' dir='ltr'><strong>omnibus</strong></span> <span class='ocrx_word' id='word_1_213' title='bbox 3281 1532 3546 1587; x_wconf 78' lang='lat' dir='ltr'><strong>damnatis</strong></span> <span class='ocrx_word' id='word_1_214' title='bbox 3574 1532 3806 1588; x_wconf 87' lang='lat' dir='ltr'><strong>homini-</strong></span> 
     </span>
    </p>
   </div>
   <div class='ocr_carea' id='block_1_30' title="bbox 2224 1620 3805 1692">
    <p class='ocr_par' dir='ltr' id='par_1_30' title="bbox 2224 1620 3805 1692">
     <span class='ocr_line' id='line_1_30' title="bbox 2224 1620 3805 1692; baseline 0.002 -17"><span class='ocrx_word' id='word_1_215' title='bbox 2224 1620 2322 1675; x_wconf 90' lang='lat' dir='ltr'><strong>bus</strong></span> <span class='ocrx_word' id='word_1_216' title='bbox 2351 1629 2627 1690; x_wconf 90' lang='lat' dir='ltr'><strong>parceret,</strong></span> <span class='ocrx_word' id='word_1_217' title='bbox 2679 1621 2772 1676; x_wconf 87' lang='lat' dir='ltr'><strong>sed</strong></span> <span class='ocrx_word' id='word_1_218' title='bbox 2814 1622 2974 1676; x_wconf 86' lang='lat' dir='ltr'><strong>etiam</strong></span> <span class='ocrx_word' id='word_1_219' title='bbox 3021 1621 3088 1676; x_wconf 91' lang='lat' dir='ltr'><strong>de</strong></span> <span class='ocrx_word' id='word_1_220' title='bbox 3132 1630 3333 1677; x_wconf 64' lang='lat' dir='ltr'><strong>aeterna</strong></span> <span class='ocrx_word' id='word_1_221' title='bbox 3363 1637 3519 1691; x_wconf 77' lang='lat' dir='ltr'><strong>pmua</strong></span> <span class='ocrx_word' id='word_1_222' title='bbox 3545 1622 3805 1692; x_wconf 85' lang='lat' dir='ltr'><strong>reprobos</strong></span> 
     </span>
    </p>
   </div>
   <div class='ocr_carea' id='block_1_31' title="bbox 2223 1712 3805 1784">
    <p class='ocr_par' dir='ltr' id='par_1_31' title="bbox 2223 1712 3805 1784">
     <span class='ocr_line' id='line_1_31' title="bbox 2223 1712 3805 1784; baseline 0.003 -18"><span class='ocrx_word' id='word_1_223' title='bbox 2223 1712 2441 1781; x_wconf 84' lang='lat' dir='ltr'><strong>angelos</strong></span> <span class='ocrx_word' id='word_1_224' title='bbox 2475 1713 2799 1784; x_wconf 88' lang='lat' dir='ltr'><strong>quandoque</strong></span> <span class='ocrx_word' id='word_1_225' title='bbox 2839 1714 3109 1769; x_wconf 87' lang='lat' dir='ltr'><strong>liberaret.</strong></span> <span class='ocrx_word' id='word_1_226' title='bbox 3162 1714 3404 1768; x_wconf 88' lang='lat' dir='ltr'><strong>Novatus</strong></span> <span class='ocrx_word' id='word_1_227' title='bbox 3446 1723 3627 1768; x_wconf 90' lang='lat' dir='ltr'><strong>autem</strong></span> <span class='ocrx_word' id='word_1_228' title='bbox 3672 1715 3805 1783; x_wconf 83' lang='lat' dir='ltr'><strong>ignis</strong></span> 
     </span>
    </p>
   </div>
   <div class='ocr_carea' id='block_1_32' title="bbox 2224 1805 3805 1877">
    <p class='ocr_par' dir='ltr' id='par_1_32' title="bbox 2224 1805 3805 1877">
     <span class='ocr_line' id='line_1_32' title="bbox 2224 1805 3805 1877; baseline 0.001 -19"><span class='ocrx_word' id='word_1_229' title='bbox 2224 1806 2466 1873; x_wconf 87' lang='lat' dir='ltr'><strong>aspicere</strong></span> <span class='ocrx_word' id='word_1_230' title='bbox 2495 1806 2758 1860; x_wconf 87' lang='lat' dir='ltr'><strong>visionem</strong></span> <span class='ocrx_word' id='word_1_231' title='bbox 2788 1806 3016 1876; x_wconf 87' lang='lat' dir='ltr'><strong>amplius</strong></span> <span class='ocrx_word' id='word_1_232' title='bbox 3039 1806 3256 1871; x_wconf 89' lang='lat' dir='ltr'><strong>amavit,</strong></span> <span class='ocrx_word' id='word_1_233' title='bbox 3287 1805 3379 1875; x_wconf 88' lang='lat' dir='ltr'><strong>qui</strong></span> <span class='ocrx_word' id='word_1_234' title='bbox 3409 1805 3533 1877; x_wconf 85' lang='lat' dir='ltr'><strong>du_m</strong></span> <span class='ocrx_word' id='word_1_235' title='bbox 3559 1819 3805 1860; x_wconf 81' lang='lat' dir='ltr'><strong>severam</strong></span> 
     </span>
    </p>
   </div>
   <div class='ocr_carea' id='block_1_33' title="bbox 529 1894 3807 1967">
    <p class='ocr_par' dir='ltr' id='par_1_33' title="bbox 529 1894 3807 1967">
     <span class='ocr_line' id='line_1_33' title="bbox 529 1894 3807 1967; baseline -0.001 -12"><span class='ocrx_word' id='word_1_236' title='bbox 529 1900 685 1966; x_wconf 83' lang='lat' dir='ltr'><strong>Quod</strong></span> <span class='ocrx_word' id='word_1_237' title='bbox 731 1898 777 1953; x_wconf 89' lang='lat' dir='ltr'><strong>si</strong></span> <span class='ocrx_word' id='word_1_238' title='bbox 819 1897 971 1966; x_wconf 85' lang='lat' dir='ltr'><strong>juxta</strong></span> <span class='ocrx_word' id='word_1_239' title='bbox 1016 1895 1313 1964; x_wconf 86' lang='lat' dir='ltr'><strong>spiritalem</strong></span> <span class='ocrx_word' id='word_1_240' title='bbox 1356 1894 1764 1962; x_wconf 82' lang='lat' dir='ltr'><strong>intelligentiam</strong></span> <span class='ocrx_word' id='word_1_241' title='bbox 1812 1900 2113 1963; x_wconf 87' lang='lat' dir='ltr'><strong>perscruta-</strong></span> <span class='ocrx_word' id='word_1_242' title='bbox 2148 1900 2197 1961; x_wconf 86' lang='grc' dir='ltr'><strong>Β</strong></span> <span class='ocrx_word' id='word_1_243' title='bbox 2224 1897 2608 1965; x_wconf 88' lang='lat' dir='ltr'><strong>omnipotentis</strong></span> <span class='ocrx_word' id='word_1_244' title='bbox 2636 1896 2730 1951; x_wconf 91' lang='lat' dir='ltr'><strong>Dei</strong></span> <span class='ocrx_word' id='word_1_245' title='bbox 2750 1896 3011 1967; x_wconf 87' lang='lat' dir='ltr'><strong>justitiam</strong></span> <span class='ocrx_word' id='word_1_246' title='bbox 3042 1896 3434 1966; x_wconf 88' lang='lat' dir='ltr'><strong>implacabilem</strong></span> <span class='ocrx_word' id='word_1_247' title='bbox 3466 1894 3685 1959; x_wconf 86' lang='lat' dir='ltr'><strong>diceret,</strong></span> <span class='ocrx_word' id='word_1_248' title='bbox 3712 1911 3807 1965; x_wconf 80' lang='lat' dir='ltr'><strong>spe</strong></span> 
     </span>
    </p>
   </div>
   <div class='ocr_carea' id='block_1_34' title="bbox 528 1987 2113 2061">
    <p class='ocr_par' dir='ltr' id='par_1_34' title="bbox 528 1987 2113 2061">
     <span class='ocr_line' id='line_1_34' title="bbox 528 1987 2113 2061; baseline -0.006 -13"><span class='ocrx_word' id='word_1_249' title='bbox 528 2011 670 2061; x_wconf 89' lang='lat' dir='ltr'><strong>mur,</strong></span> <span class='ocrx_word' id='word_1_250' title='bbox 711 1990 983 2061; x_wconf 92' lang='lat' dir='ltr'><strong>quomodo</strong></span> <span class='ocrx_word' id='word_1_251' title='bbox 1014 1990 1161 2043; x_wconf 89' lang='lat' dir='ltr'><strong>addit</strong></span> <span class='ocrx_word' id='word_1_252' title='bbox 1208 1989 1466 2043; x_wconf 91' lang='lat' dir='ltr'><strong>Dominus</strong></span> <span class='ocrx_word' id='word_1_253' title='bbox 1504 1996 1562 2043; x_wconf 90' lang='lat' dir='ltr'><strong>ut</strong></span> <span class='ocrx_word' id='word_1_254' title='bbox 1601 1987 1788 2042; x_wconf 87' lang='lat' dir='ltr'><strong>electis</strong></span> <span class='ocrx_word' id='word_1_255' title='bbox 1818 1994 2113 2056; x_wconf 89' lang='lat' dir='ltr'><strong>appareat,</strong></span> 
     </span>
    </p>
   </div>
   <div class='ocr_carea' id='block_1_35' title="bbox 528 2077 2117 2152">
    <p class='ocr_par' dir='ltr' id='par_1_35' title="bbox 528 2077 2117 2152">
     <span class='ocr_line' id='line_1_35' title="bbox 528 2077 2117 2152; baseline -0.006 -14"><span class='ocrx_word' id='word_1_256' title='bbox 528 2087 636 2139; x_wconf 88' lang='lat' dir='ltr'><strong>nisi</strong></span> <span class='ocrx_word' id='word_1_257' title='bbox 666 2085 791 2152; x_wconf 89' lang='lat' dir='ltr'><strong>quia</strong></span> <span class='ocrx_word' id='word_1_258' title='bbox 817 2082 909 2151; x_wconf 88' lang='lat' dir='ltr'><strong>qui</strong></span> <span class='ocrx_word' id='word_1_259' title='bbox 936 2082 1138 2136; x_wconf 88' lang='lat' dir='ltr'><strong>electos</strong></span> <span class='ocrx_word' id='word_1_260' title='bbox 1164 2095 1292 2136; x_wconf 89' lang='lat' dir='ltr'><strong>suos</strong></span> <span class='ocrx_word' id='word_1_261' title='bbox 1323 2080 1390 2135; x_wconf 88' lang='lat' dir='ltr'><strong>de</strong></span> <span class='ocrx_word' id='word_1_262' title='bbox 1418 2078 1874 2148; x_wconf 84' lang='lat' dir='ltr'><strong>contemplatione</strong></span> <span class='ocrx_word' id='word_1_263' title='bbox 1898 2077 2117 2146; x_wconf 70' lang='lat' dir='ltr'><strong>justitite</strong></span> 
     </span>
    </p>
   </div>
   <div class='ocr_carea' id='block_1_36' title="bbox 526 2168 2117 2244">
    <p class='ocr_par' dir='ltr' id='par_1_36' title="bbox 526 2168 2117 2244">
     <span class='ocr_line' id='line_1_36' title="bbox 526 2168 2117 2244; baseline -0.008 -10"><span class='ocrx_word' id='word_1_264' title='bbox 526 2195 636 2234; x_wconf 83' lang='lat' dir='ltr'><strong>suae</strong></span> <span class='ocrx_word' id='word_1_265' title='bbox 666 2178 980 2232; x_wconf 89' lang='lat' dir='ltr'><strong>mirabiliter</strong></span> <span class='ocrx_word' id='word_1_266' title='bbox 1026 2184 1228 2244; x_wconf 89' lang='lat' dir='ltr'><strong>terret,</strong></span> <span class='ocrx_word' id='word_1_267' title='bbox 1276 2175 1439 2231; x_wconf 89' lang='lat' dir='ltr'><strong>etiam</strong></span> <span class='ocrx_word' id='word_1_268' title='bbox 1487 2174 1555 2229; x_wconf 92' lang='lat' dir='ltr'><strong>de</strong></span> <span class='ocrx_word' id='word_1_269' title='bbox 1586 2172 1905 2239; x_wconf 88' lang='lat' dir='ltr'><strong>ostensione</strong></span> <span class='ocrx_word' id='word_1_270' title='bbox 1935 2168 2117 2236; x_wconf 80' lang='lat' dir='ltr'><strong>gloriae</strong></span> 
     </span>
    </p>
   </div>
   <div class='ocr_carea' id='block_1_37' title="bbox 524 2261 2112 2335">
    <p class='ocr_par' dir='ltr' id='par_1_37' title="bbox 524 2261 2112 2335">
     <span class='ocr_line' id='line_1_37' title="bbox 524 2261 2112 2335; baseline -0.006 -11"><span class='ocrx_word' id='word_1_271' title='bbox 524 2269 865 2324; x_wconf 85' lang='lat' dir='ltr'><strong>inellahiliter</strong></span> <span class='ocrx_word' id='word_1_272' title='bbox 893 2267 1182 2324; x_wconf 89' lang='lat' dir='ltr'><strong>demulcet.</strong></span> <span class='ocrx_word' id='word_1_273' title='bbox 1215 2266 1505 2335; x_wconf 45' lang='lat' dir='ltr'><strong>Quigenim</strong></span> <span class='ocrx_word' id='word_1_274' title='bbox 1554 2263 1865 2335; x_wconf 90' lang='lat' dir='ltr'><strong>apparendo</strong></span> <span class='ocrx_word' id='word_1_275' title='bbox 1909 2261 2112 2330; x_wconf 89' lang='lat' dir='ltr'><strong>justus,</strong></span> 
     </span>
    </p>
   </div>
   <div class='ocr_carea' id='block_1_38' title="bbox 523 2349 2114 2422">
    <p class='ocr_par' dir='ltr' id='par_1_38' title="bbox 523 2349 2114 2422">
     <span class='ocr_line' id='line_1_38' title="bbox 523 2349 2114 2422; baseline -0.008 -7"><span class='ocrx_word' id='word_1_276' title='bbox 523 2360 688 2415; x_wconf 89' lang='lat' dir='ltr'><strong>corda</strong></span> <span class='ocrx_word' id='word_1_277' title='bbox 713 2367 1024 2415; x_wconf 84' lang='lat' dir='ltr'><strong>sanctorum</strong></span> <span class='ocrx_word' id='word_1_278' title='bbox 1054 2367 1263 2414; x_wconf 81' lang='lat' dir='ltr'><strong>terrore</strong></span> <span class='ocrx_word' id='word_1_279' title='bbox 1292 2356 1535 2411; x_wconf 90' lang='lat' dir='ltr'><strong>concutit</strong></span> <span class='ocrx_word' id='word_1_280' title='bbox 1560 2397 1572 2417; x_wconf 92' lang='lat'><strong>,</strong></span> <span class='ocrx_word' id='word_1_281' title='bbox 1618 2361 1677 2408; x_wconf 91' lang='lat' dir='ltr'><strong>ut</strong></span> <span class='ocrx_word' id='word_1_282' title='bbox 1724 2358 1987 2422; x_wconf 89' lang='lat' dir='ltr'><strong>appareat</strong></span> <span class='ocrx_word' id='word_1_283' title='bbox 2016 2349 2114 2403; x_wconf 88' lang='lat' dir='ltr'><strong>ad-</strong></span> 
     </span>
    </p>
   </div>
   <div class='ocr_carea' id='block_1_39' title="bbox 524 2445 2115 2521">
    <p class='ocr_par' dir='ltr' id='par_1_39' title="bbox 524 2445 2115 2521">
     <span class='ocr_line' id='line_1_39' title="bbox 524 2445 2115 2521; baseline -0.004 -16"><span class='ocrx_word' id='word_1_284' title='bbox 524 2451 640 2518; x_wconf 90' lang='lat' dir='ltr'><strong>dit,</strong></span> <span class='ocrx_word' id='word_1_285' title='bbox 690 2450 906 2521; x_wconf 89' lang='lat' dir='ltr'><strong>quando</strong></span> <span class='ocrx_word' id='word_1_286' title='bbox 948 2449 1101 2506; x_wconf 88' lang='lat' dir='ltr'><strong>cordi</strong></span> <span class='ocrx_word' id='word_1_287' title='bbox 1143 2448 1331 2504; x_wconf 89' lang='lat' dir='ltr'><strong>territo</strong></span> <span class='ocrx_word' id='word_1_288' title='bbox 1382 2447 1610 2503; x_wconf 89' lang='lat' dir='ltr'><strong>dulcedo</strong></span> <span class='ocrx_word' id='word_1_289' title='bbox 1660 2445 1962 2502; x_wconf 76' lang='lat' dir='ltr'><strong>retunditur</strong></span> <span class='ocrx_word' id='word_1_290' title='bbox 2004 2458 2115 2498; x_wconf 84' lang='lat' dir='ltr'><strong>suae</strong></span> 
     </span>
    </p>
   </div>
   <div class='ocr_carea' id='block_1_40' title="bbox 522 2537 2115 2612">
    <p class='ocr_par' dir='ltr' id='par_1_40' title="bbox 522 2537 2115 2612">
     <span class='ocr_line' id='line_1_40' title="bbox 522 2537 2115 2612; baseline -0.004 -15"><span class='ocrx_word' id='word_1_291' title='bbox 522 2544 756 2605; x_wconf 78' lang='lat' dir='ltr'><strong>pietatis.</strong></span> <span class='ocrx_word' id='word_1_292' title='bbox 792 2543 924 2599; x_wconf 86' lang='lat' dir='ltr'><strong>Hinc</strong></span> <span class='ocrx_word' id='word_1_293' title='bbox 967 2551 1050 2599; x_wconf 90' lang='lat' dir='ltr'><strong>est</strong></span> <span class='ocrx_word' id='word_1_294' title='bbox 1080 2542 1223 2597; x_wconf 92' lang='lat' dir='ltr'><strong>enim</strong></span> <span class='ocrx_word' id='word_1_295' title='bbox 1250 2541 1395 2610; x_wconf 92' lang='lat' dir='ltr'><strong>quod</strong></span> <span class='ocrx_word' id='word_1_296' title='bbox 1428 2539 1599 2612; x_wconf 83' lang='lat' dir='ltr'><strong>Moysi</strong></span> <span class='ocrx_word' id='word_1_297' title='bbox 1646 2556 1754 2595; x_wconf 93' lang='lat' dir='ltr'><strong>non</strong></span> <span class='ocrx_word' id='word_1_298' title='bbox 1804 2553 2016 2607; x_wconf 87' lang='lat' dir='ltr'><strong>semper</strong></span> <span class='ocrx_word' id='word_1_299' title='bbox 2061 2537 2115 2591; x_wconf 92' lang='lat' dir='ltr'><strong>in</strong></span> 
     </span>
    </p>
   </div>
   <div class='ocr_carea' id='block_1_41' title="bbox 520 2627 2115 2705">
    <p class='ocr_par' dir='ltr' id='par_1_41' title="bbox 520 2627 2115 2705">
     <span class='ocr_line' id='line_1_41' title="bbox 520 2627 2115 2705; baseline -0.004 -17"><span class='ocrx_word' id='word_1_300' title='bbox 520 2640 644 2702; x_wconf 77' lang='lat' dir='ltr'><strong>igne</strong></span> <span class='ocrx_word' id='word_1_301' title='bbox 672 2634 953 2705; x_wconf 88' lang='lat' dir='ltr'><strong>apparuit,</strong></span> <span class='ocrx_word' id='word_1_302' title='bbox 997 2633 1091 2689; x_wconf 91' lang='lat' dir='ltr'><strong>sed</strong></span> <span class='ocrx_word' id='word_1_303' title='bbox 1122 2633 1175 2688; x_wconf 92' lang='lat' dir='ltr'><strong>in</strong></span> <span class='ocrx_word' id='word_1_304' title='bbox 1207 2634 1327 2700; x_wconf 84' lang='lat' dir='ltr'><strong>igne</strong></span> <span class='ocrx_word' id='word_1_305' title='bbox 1351 2630 1639 2701; x_wconf 90' lang='lat' dir='ltr'><strong>aliquando</strong></span> <span class='ocrx_word' id='word_1_306' title='bbox 1662 2671 1677 2698; x_wconf 91' lang='lat'><strong>,</strong></span> <span class='ocrx_word' id='word_1_307' title='bbox 1729 2628 2019 2698; x_wconf 89' lang='lat' dir='ltr'><strong>aliquando</strong></span> <span class='ocrx_word' id='word_1_308' title='bbox 2059 2627 2115 2682; x_wconf 92' lang='lat' dir='ltr'><strong>in</strong></span> 
     </span>
    </p>
   </div>
   <div class='ocr_carea' id='block_1_42' title="bbox 520 2718 2111 2795">
    <p class='ocr_par' dir='ltr' id='par_1_42' title="bbox 520 2718 2111 2795">
     <span class='ocr_line' id='line_1_42' title="bbox 520 2718 2111 2795; baseline -0.003 -17"><span class='ocrx_word' id='word_1_309' title='bbox 520 2726 683 2781; x_wconf 90' lang='lat' dir='ltr'><strong>nube.</strong></span> <span class='ocrx_word' id='word_1_310' title='bbox 714 2725 774 2781; x_wconf 87' lang='lat' dir='ltr'><strong>In</strong></span> <span class='ocrx_word' id='word_1_311' title='bbox 803 2726 925 2794; x_wconf 85' lang='lat' dir='ltr'><strong>igne</strong></span> <span class='ocrx_word' id='word_1_312' title='bbox 954 2725 1155 2795; x_wconf 89' lang='lat' dir='ltr'><strong>quippe</strong></span> <span class='ocrx_word' id='word_1_313' title='bbox 1197 2732 1375 2779; x_wconf 90' lang='lat' dir='ltr'><strong>terror</strong></span> <span class='ocrx_word' id='word_1_314' title='bbox 1399 2722 1582 2791; x_wconf 91' lang='lat' dir='ltr'><strong>judicii</strong></span> <span class='ocrx_word' id='word_1_315' title='bbox 1615 2729 1717 2777; x_wconf 92' lang='lat' dir='ltr'><strong>est.</strong></span> <span class='ocrx_word' id='word_1_316' title='bbox 1771 2719 1927 2775; x_wconf 89' lang='lat' dir='ltr'><strong>Unde</strong></span> <span class='ocrx_word' id='word_1_317' title='bbox 1966 2728 2021 2773; x_wconf 90' lang='lat' dir='ltr'><strong>et</strong></span> <span class='ocrx_word' id='word_1_318' title='bbox 2046 2718 2111 2773; x_wconf 89' lang='lat' dir='ltr'><strong>de</strong></span> 
     </span>
    </p>
   </div>
   <div class='ocr_carea' id='block_1_43' title="bbox 519 2808 2111 2885">
    <p class='ocr_par' dir='ltr' id='par_1_43' title="bbox 519 2808 2111 2885">
     <span class='ocr_line' id='line_1_43' title="bbox 519 2808 2111 2885; baseline -0.005 -15"><span class='ocrx_word' id='word_1_319' title='bbox 519 2816 757 2871; x_wconf 79' lang='lat' dir='ltr'><strong>secundo</strong></span> <span class='ocrx_word' id='word_1_320' title='bbox 785 2814 1161 2885; x_wconf 82' lang='lat' dir='ltr'><strong>Redemptoris</strong></span> <span class='ocrx_word' id='word_1_321' title='bbox 1191 2813 1361 2868; x_wconf 70' lang='lat' dir='ltr'><strong>nostri</strong></span> <span class='ocrx_word' id='word_1_322' title='bbox 1388 2812 1626 2867; x_wconf 89' lang='lat' dir='ltr'><strong>adventu</strong></span> <span class='ocrx_word' id='word_1_323' title='bbox 1654 2826 1750 2881; x_wconf 91' lang='lat' dir='ltr'><strong>per</strong></span> <span class='ocrx_word' id='word_1_324' title='bbox 1771 2808 2111 2865; x_wconf 87' lang='lat' dir='ltr'><strong>Psalmistam</strong></span> 
     </span>
    </p>
   </div>
   <div class='ocr_carea' id='block_1_44' title="bbox 520 2900 2113 2977">
    <p class='ocr_par' dir='ltr' id='par_1_44' title="bbox 520 2900 2113 2977">
     <span class='ocr_line' id='line_1_44' title="bbox 520 2900 2113 2977; baseline -0.003 -18"><span class='ocrx_word' id='word_1_325' title='bbox 520 2905 710 2960; x_wconf 88' lang='lat' dir='ltr'><strong>dicitur</strong></span> <span class='ocrx_word' id='word_1_326' title='bbox 755 2926 770 2961; x_wconf 89' lang='lat'><strong>:</strong></span> <span class='ocrx_word' id='word_1_327' title='bbox 818 2905 963 2977; x_wconf 82' lang='lat' dir='ltr'><strong>Ignis</strong></span> <span class='ocrx_word' id='word_1_328' title='bbox 995 2915 1116 2959; x_wconf 90' lang='lat' dir='ltr'><strong>ante</strong></span> <span class='ocrx_word' id='word_1_329' title='bbox 1146 2923 1260 2959; x_wconf 88' lang='lat' dir='ltr'><strong>eum</strong></span> <span class='ocrx_word' id='word_1_330' title='bbox 1300 2903 1536 2975; x_wconf 77' lang='lat' dir='ltr'><strong>prwlbit,</strong></span> <span class='ocrx_word' id='word_1_331' title='bbox 1584 2912 1632 2959; x_wconf 89' lang='lat' dir='ltr'><strong>et</strong></span> <span class='ocrx_word' id='word_1_332' title='bbox 1661 2903 1715 2957; x_wconf 83' lang='lat' dir='ltr'><strong>in</strong></span> <span class='ocrx_word' id='word_1_333' title='bbox 1757 2902 1971 2955; x_wconf 86' lang='lat' dir='ltr'><strong>circuitu</strong></span> <span class='ocrx_word' id='word_1_334' title='bbox 2001 2900 2113 2971; x_wconf 84' lang='lat' dir='ltr'><strong>ejus</strong></span> 
     </span>
    </p>
   </div>
   <div class='ocr_carea' id='block_1_45' title="bbox 521 2992 2111 3066">
    <p class='ocr_par' dir='ltr' id='par_1_45' title="bbox 521 2992 2111 3066">
     <span class='ocr_line' id='line_1_45' title="bbox 521 2992 2111 3066; baseline -0.003 -18"><span class='ocrx_word' id='word_1_335' title='bbox 521 3002 794 3066; x_wconf 79' lang='lat' dir='ltr'><strong>tempestas</strong></span> <span class='ocrx_word' id='word_1_336' title='bbox 821 2996 993 3049; x_wconf 86' lang='lat' dir='ltr'><strong>valida</strong></span> <span class='ocrx_word' id='word_1_337' title='bbox 1026 2995 1195 3051; x_wconf 82' lang='lat' dir='ltr'><strong>(Psal.</strong></span> <span class='ocrx_word' id='word_1_338' title='bbox 1230 3010 1374 3058; x_wconf 73' lang='grc' dir='ltr'><strong>χιιι,</strong></span> <span class='ocrx_word' id='word_1_339' title='bbox 1408 2994 1485 3063; x_wconf 77' lang='lat'><strong>5).</strong></span> <span class='ocrx_word' id='word_1_340' title='bbox 1520 2992 1579 3047; x_wconf 88' lang='lat' dir='ltr'><strong>In</strong></span> <span class='ocrx_word' id='word_1_341' title='bbox 1602 2992 1743 3047; x_wconf 91' lang='lat' dir='ltr'><strong>nube</strong></span> <span class='ocrx_word' id='word_1_342' title='bbox 1766 3000 1946 3045; x_wconf 89' lang='lat' dir='ltr'><strong>autem</strong></span> <span class='ocrx_word' id='word_1_343' title='bbox 1978 3005 2111 3059; x_wconf 89' lang='lat' dir='ltr'><strong>pro-</strong></span> 
     </span>
    </p>
   </div>
   <div class='ocr_carea' id='block_1_46' title="bbox 521 3078 2113 3157">
    <p class='ocr_par' dir='ltr' id='par_1_46' title="bbox 521 3078 2113 3157">
     <span class='ocr_line' id='line_1_46' title="bbox 521 3078 2113 3157; baseline -0.003 -14"><span class='ocrx_word' id='word_1_344' title='bbox 521 3097 686 3144; x_wconf 87' lang='lat' dir='ltr'><strong>tectio</strong></span> <span class='ocrx_word' id='word_1_345' title='bbox 717 3078 1079 3143; x_wconf 83' lang='lat' dir='ltr'><strong>miserationis</strong></span> <span class='ocrx_word' id='word_1_346' title='bbox 1108 3087 1444 3157; x_wconf 84' lang='lat' dir='ltr'><strong>exprimitur,</strong></span> <span class='ocrx_word' id='word_1_347' title='bbox 1475 3085 1600 3155; x_wconf 89' lang='lat' dir='ltr'><strong>quia</strong></span> <span class='ocrx_word' id='word_1_348' title='bbox 1626 3084 1869 3154; x_wconf 91' lang='lat' dir='ltr'><strong>ejusdem</strong></span> <span class='ocrx_word' id='word_1_349' title='bbox 1900 3092 2113 3153; x_wconf 90' lang='lat' dir='ltr'><strong>protec-</strong></span> 
     </span>
    </p>
   </div>
   <div class='ocr_carea' id='block_1_47' title="bbox 521 3173 2112 3245">
    <p class='ocr_par' dir='ltr' id='par_1_47' title="bbox 521 3173 2112 3245">
     <span class='ocr_line' id='line_1_47' title="bbox 521 3173 2112 3245; baseline -0.004 -10"><span class='ocrx_word' id='word_1_350' title='bbox 521 3181 686 3237; x_wconf 89' lang='lat' dir='ltr'><strong>tionis</strong></span> <span class='ocrx_word' id='word_1_351' title='bbox 715 3196 824 3236; x_wconf 68' lang='lat' dir='ltr'><strong>suae</strong></span> <span class='ocrx_word' id='word_1_352' title='bbox 851 3179 1275 3234; x_wconf 88' lang='lat' dir='ltr'><strong>blandimentum</strong></span> <span class='ocrx_word' id='word_1_353' title='bbox 1308 3178 1495 3232; x_wconf 88' lang='lat' dir='ltr'><strong>electis</strong></span> <span class='ocrx_word' id='word_1_354' title='bbox 1519 3176 1627 3230; x_wconf 90' lang='lat' dir='ltr'><strong>suis</strong></span> <span class='ocrx_word' id='word_1_355' title='bbox 1655 3173 1976 3245; x_wconf 87' lang='lat' dir='ltr'><strong>promittens</strong></span> <span class='ocrx_word' id='word_1_356' title='bbox 2006 3174 2112 3228; x_wconf 82' lang='lat' dir='ltr'><strong>Do-</strong></span> 
     </span>
    </p>
   </div>
   <div class='ocr_carea' id='block_1_48' title="bbox 2221 1986 3805 2063">
    <p class='ocr_par' dir='ltr' id='par_1_48' title="bbox 2221 1986 3805 2063">
     <span class='ocr_line' id='line_1_48' title="bbox 2221 1986 3805 2063; baseline -0.006 -15"><span class='ocrx_word' id='word_1_357' title='bbox 2221 1994 2387 2048; x_wconf 68' lang='lat' dir='ltr'><strong>venia:</strong></span> <span class='ocrx_word' id='word_1_358' title='bbox 2426 1992 2821 2063; x_wconf 64' lang='lat' dir='ltr'><strong>consequentiae</strong></span> <span class='ocrx_word' id='word_1_359' title='bbox 2851 2000 2905 2045; x_wconf 92' lang='lat' dir='ltr'><strong>et</strong></span> <span class='ocrx_word' id='word_1_360' title='bbox 2934 1989 3263 2061; x_wconf 71' lang='lat' dir='ltr'><strong>pmnilentia:</strong></span> <span class='ocrx_word' id='word_1_361' title='bbox 3308 2002 3469 2042; x_wconf 91' lang='lat' dir='ltr'><strong>omne</strong></span> <span class='ocrx_word' id='word_1_362' title='bbox 3510 1986 3805 2041; x_wconf 86' lang='lat' dir='ltr'><strong>remedium</strong></span> 
     </span>
    </p>
   </div>
   <div class='ocr_carea' id='block_1_49' title="bbox 2216 2076 3804 2155">
    <p class='ocr_par' dir='ltr' id='par_1_49' title="bbox 2216 2076 3804 2155">
     <span class='ocr_line' id='line_1_49' title="bbox 2216 2076 3804 2155; baseline -0.006 -14"><span class='ocrx_word' id='word_1_363' title='bbox 2216 2086 2593 2155; x_wconf 84' lang='lat' dir='ltr'><strong>peccatoribus</strong></span> <span class='ocrx_word' id='word_1_364' title='bbox 2622 2082 2863 2139; x_wconf 89' lang='lat' dir='ltr'><strong>abstulit.</strong></span> <span class='ocrx_word' id='word_1_365' title='bbox 2894 2082 3003 2137; x_wconf 88' lang='lat' dir='ltr'><strong>Nec</strong></span> <span class='ocrx_word' id='word_1_366' title='bbox 3032 2081 3241 2136; x_wconf 84' lang='lat' dir='ltr'><strong>Novato</strong></span> <span class='ocrx_word' id='word_1_367' title='bbox 3268 2079 3448 2147; x_wconf 88' lang='lat' dir='ltr'><strong>igitur,</strong></span> <span class='ocrx_word' id='word_1_368' title='bbox 3481 2092 3583 2132; x_wconf 92' lang='lat' dir='ltr'><strong>nec</strong></span> <span class='ocrx_word' id='word_1_369' title='bbox 3612 2076 3690 2132; x_wconf 90' lang='lat' dir='ltr'><strong>illi</strong></span> <span class='ocrx_word' id='word_1_370' title='bbox 3716 2077 3804 2131; x_wconf 90' lang='lat' dir='ltr'><strong>alii</strong></span> 
     </span>
    </p>
   </div>
   <div class='ocr_carea' id='block_1_50' title="bbox 2218 2168 3809 2247">
    <p class='ocr_par' dir='ltr' id='par_1_50' title="bbox 2218 2168 3809 2247">
     <span class='ocr_line' id='line_1_50' title="bbox 2218 2168 3809 2247; baseline -0.005 -17"><span class='ocrx_word' id='word_1_371' title='bbox 2218 2177 2475 2232; x_wconf 90' lang='lat' dir='ltr'><strong>Dominus</strong></span> <span class='ocrx_word' id='word_1_372' title='bbox 2506 2176 2787 2247; x_wconf 88' lang='lat' dir='ltr'><strong>apparuit,</strong></span> <span class='ocrx_word' id='word_1_373' title='bbox 2821 2175 2949 2245; x_wconf 92' lang='lat' dir='ltr'><strong>quia</strong></span> <span class='ocrx_word' id='word_1_374' title='bbox 2980 2182 3208 2242; x_wconf 89' lang='lat' dir='ltr'><strong>uterque</strong></span> <span class='ocrx_word' id='word_1_375' title='bbox 3249 2186 3436 2226; x_wconf 90' lang='lat' dir='ltr'><strong>eorum</strong></span> <span class='ocrx_word' id='word_1_376' title='bbox 3477 2170 3632 2238; x_wconf 84' lang='lat' dir='ltr'><strong>juxta</strong></span> <span class='ocrx_word' id='word_1_377' title='bbox 3665 2168 3809 2238; x_wconf 87' lang='lat' dir='ltr'><strong>quod</strong></span> 
     </span>
    </p>
   </div>
   <div class='ocr_carea' id='block_1_51' title="bbox 2215 2262 3805 2340">
    <p class='ocr_par' dir='ltr' id='par_1_51' title="bbox 2215 2262 3805 2340">
     <span class='ocr_line' id='line_1_51' title="bbox 2215 2262 3805 2340; baseline -0.009 -15"><span class='ocrx_word' id='word_1_378' title='bbox 2215 2285 2313 2340; x_wconf 89' lang='lat' dir='ltr'><strong>per</strong></span> <span class='ocrx_word' id='word_1_379' title='bbox 2340 2270 2622 2324; x_wconf 87' lang='lat' dir='ltr'><strong>veritatem</strong></span> <span class='ocrx_word' id='word_1_380' title='bbox 2654 2268 2797 2322; x_wconf 89' lang='lat' dir='ltr'><strong>sacri</strong></span> <span class='ocrx_word' id='word_1_381' title='bbox 2841 2265 3038 2335; x_wconf 91' lang='lat' dir='ltr'><strong>eloquii</strong></span> <span class='ocrx_word' id='word_1_382' title='bbox 3078 2263 3347 2329; x_wconf 90' lang='lat' dir='ltr'><strong>cernitur,</strong></span> <span class='ocrx_word' id='word_1_383' title='bbox 3381 2262 3805 2331; x_wconf 81' lang='lat' dir='ltr'><strong>omnipotentem</strong></span> 
     </span>
    </p>
   </div>
   <div class='ocr_carea' id='block_1_52' title="bbox 2217 2352 3807 2428">
    <p class='ocr_par' dir='ltr' id='par_1_52' title="bbox 2217 2352 3807 2428">
     <span class='ocr_line' id='line_1_52' title="bbox 2217 2352 3807 2428; baseline -0.008 -12"><span class='ocrx_word' id='word_1_384' title='bbox 2217 2362 2504 2417; x_wconf 90' lang='lat' dir='ltr'><strong>Dominum</strong></span> <span class='ocrx_word' id='word_1_385' title='bbox 2540 2377 2648 2416; x_wconf 93' lang='lat' dir='ltr'><strong>non</strong></span> <span class='ocrx_word' id='word_1_386' title='bbox 2680 2358 2979 2428; x_wconf 87' lang='lat' dir='ltr'><strong>conspexit.</strong></span> <span class='ocrx_word' id='word_1_387' title='bbox 3016 2355 3167 2411; x_wconf 90' lang='lat' dir='ltr'><strong>Tunc</strong></span> <span class='ocrx_word' id='word_1_388' title='bbox 3216 2369 3345 2423; x_wconf 84' lang='lat' dir='ltr'><strong>ergo</strong></span> <span class='ocrx_word' id='word_1_389' title='bbox 3388 2353 3541 2423; x_wconf 92' lang='lat' dir='ltr'><strong>juxta</strong></span> <span class='ocrx_word' id='word_1_390' title='bbox 3584 2352 3807 2407; x_wconf 79' lang='lat' dir='ltr'><strong>verbum</strong></span> 
     </span>
    </p>
   </div>
   <div class='ocr_carea' id='block_1_53' title="bbox 2216 2443 3805 2520">
    <p class='ocr_par' dir='ltr' id='par_1_53' title="bbox 2216 2443 3805 2520">
     <span class='ocr_line' id='line_1_53' title="bbox 2216 2443 3805 2520; baseline -0.007 -14"><span class='ocrx_word' id='word_1_391' title='bbox 2216 2451 2477 2506; x_wconf 89' lang='lat' dir='ltr'><strong>Dominus</strong></span> <span class='ocrx_word' id='word_1_392' title='bbox 2502 2458 2748 2520; x_wconf 83' lang='lat' dir='ltr'><strong>apparet,</strong></span> <span class='ocrx_word' id='word_1_393' title='bbox 2782 2464 2903 2504; x_wconf 91' lang='lat' dir='ltr'><strong>cum</strong></span> <span class='ocrx_word' id='word_1_394' title='bbox 2931 2462 2995 2502; x_wconf 87' lang='lat' dir='ltr'><strong>ea</strong></span> <span class='ocrx_word' id='word_1_395' title='bbox 3023 2446 3333 2502; x_wconf 85' lang='lat' dir='ltr'><strong>ostensione</strong></span> <span class='ocrx_word' id='word_1_396' title='bbox 3358 2460 3419 2501; x_wconf 90' lang='lat' dir='ltr'><strong>se</strong></span> <span class='ocrx_word' id='word_1_397' title='bbox 3454 2443 3625 2499; x_wconf 89' lang='lat' dir='ltr'><strong>menti</strong></span> <span class='ocrx_word' id='word_1_398' title='bbox 3652 2455 3805 2497; x_wconf 85' lang='lat' dir='ltr'><strong>reve-</strong></span> 
     </span>
    </p>
   </div>
   <div class='ocr_carea' id='block_1_54' title="bbox 2212 2533 3806 2614">
    <p class='ocr_par' dir='ltr' id='par_1_54' title="bbox 2212 2533 3806 2614">
     <span class='ocr_line' id='line_1_54' title="bbox 2212 2533 3806 2614; baseline -0.003 -19"><span class='ocrx_word' id='word_1_399' title='bbox 2212 2541 2308 2609; x_wconf 90' lang='lat' dir='ltr'><strong>lat,</strong></span> <span class='ocrx_word' id='word_1_400' title='bbox 2340 2558 2501 2614; x_wconf 90' lang='lat' dir='ltr'><strong>quam</strong></span> <span class='ocrx_word' id='word_1_401' title='bbox 2530 2557 2698 2599; x_wconf 73' lang='lat' dir='ltr'><strong>sacrm</strong></span> <span class='ocrx_word' id='word_1_402' title='bbox 2727 2540 3019 2610; x_wconf 69' lang='lat' dir='ltr'><strong>Scriptura:</strong></span> <span class='ocrx_word' id='word_1_403' title='bbox 3048 2536 3181 2594; x_wconf 82' lang='lat' dir='ltr'><strong>ﬁdes</strong></span> <span class='ocrx_word' id='word_1_404' title='bbox 3201 2553 3309 2593; x_wconf 92' lang='lat' dir='ltr'><strong>non</strong></span> <span class='ocrx_word' id='word_1_405' title='bbox 3330 2537 3609 2608; x_wconf 87' lang='lat' dir='ltr'><strong>reprobat.</strong></span> <span class='ocrx_word' id='word_1_406' title='bbox 3654 2533 3806 2590; x_wconf 87' lang='lat' dir='ltr'><strong>Unde</strong></span> 
     </span>
    </p>
   </div>
   <div class='ocr_carea' id='block_1_55' title="bbox 2216 2631 2833 2703">
    <p class='ocr_par' dir='ltr' id='par_1_55' title="bbox 2216 2631 2833 2703">
     <span class='ocr_line' id='line_1_55' title="bbox 2216 2631 2833 2703; baseline -0.01 -14"><span class='ocrx_word' id='word_1_407' title='bbox 2216 2642 2271 2689; x_wconf 90' lang='lat' dir='ltr'><strong>et</strong></span> <span class='ocrx_word' id='word_1_408' title='bbox 2298 2642 2423 2703; x_wconf 88' lang='lat' dir='ltr'><strong>apte</strong></span> <span class='ocrx_word' id='word_1_409' title='bbox 2454 2631 2791 2699; x_wconf 89' lang='lat' dir='ltr'><strong>subjungitur</strong></span> <span class='ocrx_word' id='word_1_410' title='bbox 2819 2647 2833 2683; x_wconf 89' lang='lat'><strong>:</strong></span> 
     </span>
    </p>
   </div>
   <div class='ocr_carea' id='block_1_56' title="bbox 2288 2718 3806 2793">
    <p class='ocr_par' dir='ltr' id='par_1_56' title="bbox 2288 2718 3806 2793">
     <span class='ocr_line' id='line_1_56' title="bbox 2288 2718 3806 2793; baseline -0.006 -15"><span class='ocrx_word' id='word_1_411' title='bbox 2288 2722 2461 2793; x_wconf 84' lang='lat' dir='ltr'><strong>(Vers.</strong></span> <span class='ocrx_word' id='word_1_412' title='bbox 2494 2721 2609 2791; x_wconf 76' lang='grc'><strong>21.)</strong></span> <span class='ocrx_word' id='word_1_413' title='bbox 2652 2719 2722 2775; x_wconf 83' lang='lat' dir='ltr'><strong>Et</strong></span> <span class='ocrx_word' id='word_1_414' title='bbox 2743 2720 2875 2776; x_wconf 82' lang='lat' dir='ltr'><strong>venit</strong></span> <span class='ocrx_word' id='word_1_415' title='bbox 2902 2737 3069 2776; x_wconf 84' lang='lat' dir='ltr'><strong>sermo</strong></span> <span class='ocrx_word' id='word_1_416' title='bbox 3090 2718 3348 2777; x_wconf 73' lang='lat' dir='ltr'><strong>Samuelis</strong></span> <span class='ocrx_word' id='word_1_417' title='bbox 3376 2722 3432 2774; x_wconf 81' lang='lat' dir='ltr'><strong>in</strong></span> <span class='ocrx_word' id='word_1_418' title='bbox 3456 2718 3696 2772; x_wconf 86' lang='lat' dir='ltr'><strong>universo</strong></span> <span class='ocrx_word' id='word_1_419' title='bbox 3720 2729 3806 2771; x_wconf 79' lang='lat' dir='ltr'><strong>rs-</strong></span> 
     </span>
    </p>
   </div>
   <div class='ocr_carea' id='block_1_57' title="bbox 2216 2814 2365 2867">
    <p class='ocr_par' dir='ltr' id='par_1_57' title="bbox 2216 2814 2365 2867">
     <span class='ocr_line' id='line_1_57' title="bbox 2216 2814 2365 2867; baseline -0.007 0"><span class='ocrx_word' id='word_1_420' title='bbox 2216 2814 2365 2867; x_wconf 85' lang='lat' dir='ltr'><strong>raeli.</strong></span> 
     </span>
    </p>
   </div>
   <div class='ocr_carea' id='block_1_58' title="bbox 2288 2900 3803 2973">
    <p class='ocr_par' dir='ltr' id='par_1_58' title="bbox 2288 2900 3803 2973">
     <span class='ocr_line' id='line_1_58' title="bbox 2288 2900 3803 2973; baseline -0.003 -14"><span class='ocrx_word' id='word_1_421' title='bbox 2288 2904 2375 2959; x_wconf 70' lang='grc'><strong>54.</strong></span> <span class='ocrx_word' id='word_1_422' title='bbox 2418 2902 2801 2958; x_wconf 71' lang='lat' dir='ltr'><strong>llzereticorum</strong></span> <span class='ocrx_word' id='word_1_423' title='bbox 2830 2902 3029 2973; x_wconf 90' lang='lat' dir='ltr'><strong>quippe</strong></span> <span class='ocrx_word' id='word_1_424' title='bbox 3048 2916 3227 2957; x_wconf 91' lang='lat' dir='ltr'><strong>sermo</strong></span> <span class='ocrx_word' id='word_1_425' title='bbox 3258 2917 3369 2956; x_wconf 93' lang='lat' dir='ltr'><strong>non</strong></span> <span class='ocrx_word' id='word_1_426' title='bbox 3396 2901 3564 2956; x_wconf 88' lang='lat' dir='ltr'><strong>venit.</strong></span> <span class='ocrx_word' id='word_1_427' title='bbox 3610 2900 3803 2954; x_wconf 83' lang='lat' dir='ltr'><strong>Novati</strong></span> 
     </span>
    </p>
   </div>
   <div class='ocr_carea' id='block_1_59' title="bbox 2217 2990 3805 3063">
    <p class='ocr_par' dir='ltr' id='par_1_59' title="bbox 2217 2990 3805 3063">
     <span class='ocr_line' id='line_1_59' title="bbox 2217 2990 3805 3063; baseline -0.005 -13"><span class='ocrx_word' id='word_1_428' title='bbox 2217 2996 2357 3050; x_wconf 88' lang='lat' dir='ltr'><strong>cnim</strong></span> <span class='ocrx_word' id='word_1_429' title='bbox 2385 3010 2564 3049; x_wconf 90' lang='lat' dir='ltr'><strong>sermo</strong></span> <span class='ocrx_word' id='word_1_430' title='bbox 2592 2994 2709 3061; x_wconf 83' lang='lat' dir='ltr'><strong>fuit,</strong></span> <span class='ocrx_word' id='word_1_431' title='bbox 2738 2993 2858 3063; x_wconf 86' lang='lat' dir='ltr'><strong>quia</strong></span> <span class='ocrx_word' id='word_1_432' title='bbox 2884 2994 3058 3063; x_wconf 91' lang='lat' dir='ltr'><strong>justus</strong></span> <span class='ocrx_word' id='word_1_433' title='bbox 3085 2992 3227 3047; x_wconf 91' lang='lat' dir='ltr'><strong>Deus</strong></span> <span class='ocrx_word' id='word_1_434' title='bbox 3253 2992 3422 3048; x_wconf 87' lang='lat' dir='ltr'><strong>semel</strong></span> <span class='ocrx_word' id='word_1_435' title='bbox 3444 2992 3609 3061; x_wconf 89' lang='lat' dir='ltr'><strong>lapsis</strong></span> <span class='ocrx_word' id='word_1_436' title='bbox 3637 2990 3805 3046; x_wconf 81' lang='lat' dir='ltr'><strong>ﬁdeli-</strong></span> 
     </span>
    </p>
   </div>
   <div class='ocr_carea' id='block_1_60' title="bbox 2215 3083 3805 3158">
    <p class='ocr_par' dir='ltr' id='par_1_60' title="bbox 2215 3083 3805 3158">
     <span class='ocr_line' id='line_1_60' title="bbox 2215 3083 3805 3158; baseline -0.004 -15"><span class='ocrx_word' id='word_1_437' title='bbox 2215 3089 2315 3143; x_wconf 90' lang='lat' dir='ltr'><strong>bus</strong></span> <span class='ocrx_word' id='word_1_438' title='bbox 2344 3102 2679 3158; x_wconf 88' lang='lat' dir='ltr'><strong>nequaquam</strong></span> <span class='ocrx_word' id='word_1_439' title='bbox 2710 3087 2901 3158; x_wconf 87' lang='lat' dir='ltr'><strong>parcit.</strong></span> <span class='ocrx_word' id='word_1_440' title='bbox 2933 3084 3176 3154; x_wconf 89' lang='lat' dir='ltr'><strong>Origenis</strong></span> <span class='ocrx_word' id='word_1_441' title='bbox 3212 3100 3389 3139; x_wconf 90' lang='lat' dir='ltr'><strong>sermo</strong></span> <span class='ocrx_word' id='word_1_442' title='bbox 3420 3083 3518 3137; x_wconf 80' lang='lat' dir='ltr'><strong>fuit</strong></span> <span class='ocrx_word' id='word_1_443' title='bbox 3546 3084 3672 3152; x_wconf 87' lang='lat' dir='ltr'><strong>quia</strong></span> <span class='ocrx_word' id='word_1_444' title='bbox 3702 3084 3805 3136; x_wconf 57' lang='lat' dir='ltr'><strong>mi.</strong></span> 
     </span>
    </p>
   </div>
   <div class='ocr_carea' id='block_1_61' title="bbox 2216 3174 3805 3245">
    <p class='ocr_par' dir='ltr' id='par_1_61' title="bbox 2216 3174 3805 3245">
     <span class='ocr_line' id='line_1_61' title="bbox 2216 3174 3805 3245; baseline -0.004 -10"><span class='ocrx_word' id='word_1_445' title='bbox 2216 3180 2447 3236; x_wconf 88' lang='lat' dir='ltr'><strong>sericors</strong></span> <span class='ocrx_word' id='word_1_446' title='bbox 2492 3179 2746 3234; x_wconf 91' lang='lat' dir='ltr'><strong>Dominus</strong></span> <span class='ocrx_word' id='word_1_447' title='bbox 2776 3179 2973 3233; x_wconf 90' lang='lat' dir='ltr'><strong>nullam</strong></span> <span class='ocrx_word' id='word_1_448' title='bbox 3005 3188 3308 3233; x_wconf 89' lang='lat' dir='ltr'><strong>creaturam</strong></span> <span class='ocrx_word' id='word_1_449' title='bbox 3348 3174 3666 3230; x_wconf 87' lang='lat' dir='ltr'><strong>rationalem</strong></span> <span class='ocrx_word' id='word_1_450' title='bbox 3707 3191 3805 3245; x_wconf 86' lang='lat' dir='ltr'><strong>pe-</strong></span> 
     </span>
    </p>
   </div>
   <div class='ocr_carea' id='block_1_62' title="bbox 523 3266 2111 3345">
    <p class='ocr_par' dir='ltr' id='par_1_62' title="bbox 523 3267 2109 3337">
     <span class='ocr_line' id='line_1_62' title="bbox 523 3267 2109 3337; baseline -0.006 -10"><span class='ocrx_word' id='word_1_451' title='bbox 523 3275 719 3337; x_wconf 87' lang='lat' dir='ltr'><strong>minus,</strong></span> <span class='ocrx_word' id='word_1_452' title='bbox 753 3273 827 3334; x_wconf 76' lang='lat' dir='ltr'><strong>ait</strong></span> <span class='ocrx_word' id='word_1_453' title='bbox 859 3290 872 3324; x_wconf 90' lang='lat'><strong>:</strong></span> <span class='ocrx_word' id='word_1_454' title='bbox 909 3270 1050 3325; x_wconf 89' lang='lat' dir='ltr'><strong>Tunc</strong></span> <span class='ocrx_word' id='word_1_455' title='bbox 1080 3270 1317 3325; x_wconf 86' lang='lat' dir='ltr'><strong>videbunt</strong></span> <span class='ocrx_word' id='word_1_456' title='bbox 1350 3267 1396 3321; x_wconf 85' lang='lat' dir='ltr'><em>F</em></span> <span class='ocrx_word' id='word_1_457' title='bbox 1400 3268 1545 3323; x_wconf 88' lang='lat' dir='ltr'><strong>ilium</strong></span> <span class='ocrx_word' id='word_1_458' title='bbox 1575 3267 1798 3322; x_wconf 80' lang='lat' dir='ltr'><strong>hominis</strong></span> <span class='ocrx_word' id='word_1_459' title='bbox 1828 3267 2109 3320; x_wconf 77' lang='lat' dir='ltr'><strong>venientem</strong></span> 
     </span>
    </p>
   </div>
   <div class='ocr_carea' id='block_1_63' title="bbox 2218 3266 3807 3345">
    <p class='ocr_par' dir='ltr' id='par_1_63' title="bbox 2218 3266 3807 3342">
     <span class='ocr_line' id='line_1_63' title="bbox 2218 3266 3807 3342; baseline -0.005 -15"><span class='ocrx_word' id='word_1_460' title='bbox 2218 3273 2323 3327; x_wconf 91' lang='lat' dir='ltr'><strong>rire</strong></span> <span class='ocrx_word' id='word_1_461' title='bbox 2352 3287 2448 3342; x_wconf 88' lang='lat' dir='ltr'><strong>per</strong></span> <span class='ocrx_word' id='word_1_462' title='bbox 2473 3280 2729 3326; x_wconf 62' lang='lat' dir='ltr'><strong>aeternam</strong></span> <span class='ocrx_word' id='word_1_463' title='bbox 2753 3270 3165 3325; x_wconf 89' lang='lat' dir='ltr'><strong>&#39;damnationem</strong></span> <span class='ocrx_word' id='word_1_464' title='bbox 3195 3268 3343 3322; x_wconf 84' lang='lat' dir='ltr'><strong>sinit.</strong></span> <span class='ocrx_word' id='word_1_465' title='bbox 3378 3266 3485 3321; x_wconf 89' lang='lat' dir='ltr'><strong>Sed</strong></span> <span class='ocrx_word' id='word_1_466' title='bbox 3516 3267 3642 3335; x_wconf 87' lang='lat' dir='ltr'><strong>quia</strong></span> <span class='ocrx_word' id='word_1_467' title='bbox 3674 3281 3807 3320; x_wconf 88' lang='lat' dir='ltr'><strong>con-</strong></span> 
     </span>
    </p>
   </div>
   <div class='ocr_carea' id='block_1_64' title="bbox 516 3355 2107 3427">
    <p class='ocr_par' dir='ltr' id='par_1_64' title="bbox 516 3355 2107 3427">
     <span class='ocr_line' id='line_1_64' title="bbox 516 3355 2107 3427; baseline -0.004 -11"><span class='ocrx_word' id='word_1_468' title='bbox 516 3363 569 3416; x_wconf 88' lang='lat' dir='ltr'><strong>in</strong></span> <span class='ocrx_word' id='word_1_469' title='bbox 600 3361 732 3415; x_wconf 86' lang='lat' dir='ltr'><strong>nube</strong></span> <span class='ocrx_word' id='word_1_470' title='bbox 762 3360 953 3427; x_wconf 80' lang='lat' dir='ltr'><strong>(Marc.</strong></span> <span class='ocrx_word' id='word_1_471' title='bbox 986 3376 1099 3427; x_wconf 86' lang='lat' dir='ltr'><strong>xm,</strong></span> <span class='ocrx_word' id='word_1_472' title='bbox 1132 3358 1234 3426; x_wconf 73' lang='lat'><strong>26;</strong></span> <span class='ocrx_word' id='word_1_473' title='bbox 1267 3356 1376 3413; x_wconf 83' lang='lat' dir='ltr'><strong>Luc</strong></span> <span class='ocrx_word' id='word_1_474' title='bbox 1406 3373 1513 3423; x_wconf 84' lang='lat' dir='ltr'><strong>xxi,</strong></span> <span class='ocrx_word' id='word_1_475' title='bbox 1545 3355 1657 3425; x_wconf 73' lang='lat'><strong>27).</strong></span> <span class='ocrx_word' id='word_1_476' title='bbox 1686 3355 1744 3409; x_wconf 92' lang='lat' dir='ltr'><strong>ln</strong></span> <span class='ocrx_word' id='word_1_477' title='bbox 1775 3355 1897 3425; x_wconf 84' lang='lat' dir='ltr'><strong>igne</strong></span> <span class='ocrx_word' id='word_1_478' title='bbox 1926 3356 2107 3424; x_wconf 82' lang='lat' dir='ltr'><strong>itaque</strong></span> 
     </span>
    </p>
   </div>
   <div class='ocr_carea' id='block_1_65' title="bbox 515 3447 2106 3525">
    <p class='ocr_par' dir='ltr' id='par_1_65' title="bbox 515 3447 2106 3525">
     <span class='ocr_line' id='line_1_65' title="bbox 515 3447 2106 3525; baseline -0.004 -18"><span class='ocrx_word' id='word_1_479' title='bbox 515 3461 593 3512; x_wconf 76' lang='lat' dir='ltr'><strong>et,</strong></span> <span class='ocrx_word' id='word_1_480' title='bbox 620 3455 761 3509; x_wconf 91' lang='lat' dir='ltr'><strong>nube</strong></span> <span class='ocrx_word' id='word_1_481' title='bbox 785 3469 886 3525; x_wconf 90' lang='lat' dir='ltr'><strong>per</strong></span> <span class='ocrx_word' id='word_1_482' title='bbox 914 3456 1125 3508; x_wconf 87' lang='lat' dir='ltr'><strong>deserta</strong></span> <span class='ocrx_word' id='word_1_483' title='bbox 1167 3451 1535 3521; x_wconf 82' lang='lat' dir='ltr'><strong>gradientibus</strong></span> <span class='ocrx_word' id='word_1_484' title='bbox 1565 3447 1821 3504; x_wconf 90' lang='lat' dir='ltr'><strong>Dominus</strong></span> <span class='ocrx_word' id='word_1_485' title='bbox 1862 3457 2106 3518; x_wconf 87' lang='lat' dir='ltr'><strong>apparet,</strong></span> 
     </span>
    </p>
   </div>
   <div class='ocr_carea' id='block_1_66' title="bbox 517 3538 2111 3612">
    <p class='ocr_par' dir='ltr' id='par_1_66' title="bbox 517 3538 2111 3612">
     <span class='ocr_line' id='line_1_66' title="bbox 517 3538 2111 3612; baseline -0.001 -18"><span class='ocrx_word' id='word_1_486' title='bbox 517 3545 641 3612; x_wconf 89' lang='lat' dir='ltr'><strong>quia</strong></span> <span class='ocrx_word' id='word_1_487' title='bbox 672 3551 883 3599; x_wconf 86' lang='lat' dir='ltr'><strong>mentes</strong></span> <span class='ocrx_word' id='word_1_488' title='bbox 911 3541 1398 3611; x_wconf 87' lang='lat' dir='ltr'><strong>contemplantium</strong></span> <span class='ocrx_word' id='word_1_489' title='bbox 1437 3556 1497 3595; x_wconf 91' lang='lat' dir='ltr'><strong>se</strong></span> <span class='ocrx_word' id='word_1_490' title='bbox 1528 3540 1581 3594; x_wconf 90' lang='lat' dir='ltr'><strong>in</strong></span> <span class='ocrx_word' id='word_1_491' title='bbox 1612 3539 1711 3594; x_wconf 89' lang='lat' dir='ltr'><strong>hac</strong></span> <span class='ocrx_word' id='word_1_492' title='bbox 1739 3538 1911 3594; x_wconf 86' lang='lat' dir='ltr'><strong>exsilii</strong></span> <span class='ocrx_word' id='word_1_493' title='bbox 1954 3553 2111 3608; x_wconf 87' lang='lat' dir='ltr'><strong>pere-</strong></span> 
     </span>
    </p>
   </div>
   <div class='ocr_carea' id='block_1_67' title="bbox 517 3628 2111 3700">
    <p class='ocr_par' dir='ltr' id='par_1_67' title="bbox 517 3628 2111 3700">
     <span class='ocr_line' id='line_1_67' title="bbox 517 3628 2111 3700; baseline -0.003 -14"><span class='ocrx_word' id='word_1_494' title='bbox 517 3634 820 3700; x_wconf 86' lang='lat' dir='ltr'><strong>grinatione</strong></span> <span class='ocrx_word' id='word_1_495' title='bbox 842 3672 857 3695; x_wconf 93' lang='lat'><strong>,</strong></span> <span class='ocrx_word' id='word_1_496' title='bbox 889 3632 990 3685; x_wconf 78' lang='lat' dir='ltr'><strong>etsi</strong></span> <span class='ocrx_word' id='word_1_497' title='bbox 1020 3631 1307 3699; x_wconf 88' lang='lat' dir='ltr'><strong>aliquando</strong></span> <span class='ocrx_word' id='word_1_498' title='bbox 1337 3638 1505 3685; x_wconf 89' lang='lat' dir='ltr'><strong>terret</strong></span> <span class='ocrx_word' id='word_1_499' title='bbox 1533 3629 1601 3683; x_wconf 89' lang='lat' dir='ltr'><strong>de</strong></span> <span class='ocrx_word' id='word_1_500' title='bbox 1622 3628 1828 3697; x_wconf 88' lang='lat' dir='ltr'><strong>justitia</strong></span> <span class='ocrx_word' id='word_1_501' title='bbox 1852 3669 1865 3693; x_wconf 94' lang='lat'><strong>,</strong></span> <span class='ocrx_word' id='word_1_502' title='bbox 1910 3642 2111 3695; x_wconf 84' lang='lat' dir='ltr'><strong>pavore</strong></span> 
     </span>
    </p>
   </div>
   <div class='ocr_carea' id='block_1_68' title="bbox 518 3718 2108 3793">
    <p class='ocr_par' dir='ltr' id='par_1_68' title="bbox 518 3718 2108 3793">
     <span class='ocr_line' id='line_1_68' title="bbox 518 3718 2108 3793; baseline -0.003 -16"><span class='ocrx_word' id='word_1_503' title='bbox 518 3724 759 3792; x_wconf 89' lang='lat' dir='ltr'><strong>dejectas</strong></span> <span class='ocrx_word' id='word_1_504' title='bbox 809 3724 966 3791; x_wconf 87' lang='lat' dir='ltr'><strong>erigit</strong></span> <span class='ocrx_word' id='word_1_505' title='bbox 1012 3722 1378 3777; x_wconf 88' lang='lat' dir='ltr'><strong>blandimento</strong></span> <span class='ocrx_word' id='word_1_506' title='bbox 1428 3720 1797 3793; x_wconf 85' lang='lat' dir='ltr'><strong>protectionis.</strong></span> <span class='ocrx_word' id='word_1_507' title='bbox 1848 3718 2108 3773; x_wconf 91' lang='lat' dir='ltr'><strong>Dominus</strong></span> 
     </span>
    </p>
   </div>
   <div class='ocr_carea' id='block_1_69' title="bbox 520 3810 2106 3884">
    <p class='ocr_par' dir='ltr' id='par_1_69' title="bbox 520 3810 2106 3884">
     <span class='ocr_line' id='line_1_69' title="bbox 520 3810 2106 3884; baseline -0.003 -16"><span class='ocrx_word' id='word_1_508' title='bbox 520 3814 702 3884; x_wconf 90' lang='lat' dir='ltr'><strong>itaque</strong></span> <span class='ocrx_word' id='word_1_509' title='bbox 730 3813 966 3868; x_wconf 86' lang='lat' dir='ltr'><strong>Samueli</strong></span> <span class='ocrx_word' id='word_1_510' title='bbox 1000 3814 1276 3883; x_wconf 89' lang='lat' dir='ltr'><strong>apparuit,</strong></span> <span class='ocrx_word' id='word_1_511' title='bbox 1310 3821 1365 3867; x_wconf 90' lang='lat' dir='ltr'><strong>et</strong></span> <span class='ocrx_word' id='word_1_512' title='bbox 1388 3854 1402 3879; x_wconf 95' lang='lat'><strong>,</strong></span> <span class='ocrx_word' id='word_1_513' title='bbox 1436 3822 1493 3866; x_wconf 92' lang='lat' dir='ltr'><strong>ut</strong></span> <span class='ocrx_word' id='word_1_514' title='bbox 1520 3819 1840 3883; x_wconf 88' lang='lat' dir='ltr'><strong>appareret,</strong></span> <span class='ocrx_word' id='word_1_515' title='bbox 1866 3810 2106 3879; x_wconf 89' lang='lat' dir='ltr'><strong>addidit,</strong></span> 
     </span>
    </p>
   </div>
   <div class='ocr_carea' id='block_1_70' title="bbox 517 3907 2105 3977">
    <p class='ocr_par' dir='ltr' id='par_1_70' title="bbox 517 3907 2105 3977">
     <span class='ocr_line' id='line_1_70' title="bbox 517 3907 2105 3977; baseline 0 -16"><span class='ocrx_word' id='word_1_516' title='bbox 517 3909 643 3977; x_wconf 87' lang='lat' dir='ltr'><strong>quia</strong></span> <span class='ocrx_word' id='word_1_517' title='bbox 673 3908 767 3976; x_wconf 87' lang='lat' dir='ltr'><strong>qui</strong></span> <span class='ocrx_word' id='word_1_518' title='bbox 794 3909 860 3962; x_wconf 90' lang='lat' dir='ltr'><strong>ab</strong></span> <span class='ocrx_word' id='word_1_519' title='bbox 895 3909 1194 3963; x_wconf 90' lang='lat' dir='ltr'><strong>electorum</strong></span> <span class='ocrx_word' id='word_1_520' title='bbox 1224 3908 1496 3964; x_wconf 89' lang='lat' dir='ltr'><strong>mentibus</strong></span> <span class='ocrx_word' id='word_1_521' title='bbox 1534 3909 1589 3963; x_wconf 91' lang='lat' dir='ltr'><strong>in</strong></span> <span class='ocrx_word' id='word_1_522' title='bbox 1619 3907 1740 3977; x_wconf 86' lang='lat' dir='ltr'><strong>igne</strong></span> <span class='ocrx_word' id='word_1_523' title='bbox 1770 3908 1988 3962; x_wconf 90' lang='lat' dir='ltr'><strong>terroris</strong></span> <span class='ocrx_word' id='word_1_524' title='bbox 2018 3922 2105 3961; x_wconf 87' lang='lat' dir='ltr'><strong>as-</strong></span> 
     </span>
    </p>
   </div>
   <div class='ocr_carea' id='block_1_71' title="bbox 514 3996 2105 4067">
    <p class='ocr_par' dir='ltr' id='par_1_71' title="bbox 514 3996 2105 4067">
     <span class='ocr_line' id='line_1_71' title="bbox 514 3996 2105 4067; baseline 0 -16"><span class='ocrx_word' id='word_1_525' title='bbox 514 3998 740 4067; x_wconf 86' lang='lat' dir='ltr'><strong>picitur,</strong></span> <span class='ocrx_word' id='word_1_526' title='bbox 783 3999 836 4052; x_wconf 92' lang='lat' dir='ltr'><strong>in</strong></span> <span class='ocrx_word' id='word_1_527' title='bbox 885 3998 1028 4053; x_wconf 90' lang='lat' dir='ltr'><strong>nube</strong></span> <span class='ocrx_word' id='word_1_528' title='bbox 1075 3998 1238 4052; x_wconf 92' lang='lat' dir='ltr'><strong>etiam</strong></span> <span class='ocrx_word' id='word_1_529' title='bbox 1266 3997 1565 4053; x_wconf 89' lang='lat' dir='ltr'><strong>dulcedinis</strong></span> <span class='ocrx_word' id='word_1_530' title='bbox 1611 3996 1913 4052; x_wconf 87' lang='lat' dir='ltr'><strong>exhibetur.</strong></span> <span class='ocrx_word' id='word_1_531' title='bbox 1968 3997 2105 4065; x_wconf 85' lang='lat' dir='ltr'><strong>ignis</strong></span> 
     </span>
    </p>
   </div>
   <div class='ocr_carea' id='block_1_72' title="bbox 514 4088 2106 4159">
    <p class='ocr_par' dir='ltr' id='par_1_72' title="bbox 514 4088 2106 4159">
     <span class='ocr_line' id='line_1_72' title="bbox 514 4088 2106 4159; baseline 0.001 -18"><span class='ocrx_word' id='word_1_532' title='bbox 514 4104 751 4159; x_wconf 87' lang='lat' dir='ltr'><strong>namque</strong></span> <span class='ocrx_word' id='word_1_533' title='bbox 777 4089 1040 4145; x_wconf 90' lang='lat' dir='ltr'><strong>visionem</strong></span> <span class='ocrx_word' id='word_1_534' title='bbox 1071 4089 1219 4144; x_wconf 92' lang='lat' dir='ltr'><strong>intus</strong></span> <span class='ocrx_word' id='word_1_535' title='bbox 1244 4089 1473 4155; x_wconf 91' lang='lat' dir='ltr'><strong>viderat,</strong></span> <span class='ocrx_word' id='word_1_536' title='bbox 1507 4090 1597 4159; x_wconf 89' lang='lat' dir='ltr'><strong>qui</strong></span> <span class='ocrx_word' id='word_1_537' title='bbox 1623 4089 1903 4143; x_wconf 86' lang='lat' dir='ltr'><strong>nuntiabat</strong></span> <span class='ocrx_word' id='word_1_538' title='bbox 1942 4088 2106 4156; x_wconf 79' lang='lat' dir='ltr'><strong>foris,</strong></span> 
     </span>
    </p>
   </div>
   <div class='ocr_carea' id='block_1_73' title="bbox 514 4181 2106 4253">
    <p class='ocr_par' dir='ltr' id='par_1_73' title="bbox 514 4181 2106 4253">
     <span class='ocr_line' id='line_1_73' title="bbox 514 4181 2106 4253; baseline 0.001 -18"><span class='ocrx_word' id='word_1_539' title='bbox 514 4181 695 4237; x_wconf 85' lang='lat' dir='ltr'><strong>dicens</strong></span> <span class='ocrx_word' id='word_1_540' title='bbox 722 4201 733 4235; x_wconf 90' lang='lat'>:</span> <span class='ocrx_word' id='word_1_541' title='bbox 779 4182 1030 4236; x_wconf 89' lang='lat' dir='ltr'><strong>Sanctum</strong></span> <span class='ocrx_word' id='word_1_542' title='bbox 1059 4191 1107 4236; x_wconf 87' lang='lat' dir='ltr'><strong>et</strong></span> <span class='ocrx_word' id='word_1_543' title='bbox 1158 4183 1381 4237; x_wconf 84' lang='lat' dir='ltr'><strong>terribile</strong></span> <span class='ocrx_word' id='word_1_544' title='bbox 1430 4200 1614 4237; x_wconf 85' lang='lat' dir='ltr'><strong>nomen</strong></span> <span class='ocrx_word' id='word_1_545' title='bbox 1662 4183 1772 4253; x_wconf 86' lang='lat' dir='ltr'><strong>ejus</strong></span> <span class='ocrx_word' id='word_1_546' title='bbox 1805 4181 1977 4253; x_wconf 86' lang='lat' dir='ltr'><strong>(Psal.</strong></span> <span class='ocrx_word' id='word_1_547' title='bbox 2010 4199 2106 4251; x_wconf 81' lang='lat' dir='ltr'><strong>cx,</strong></span> 
     </span>
    </p>
   </div>
   <div class='ocr_carea' id='block_1_74' title="bbox 517 4270 2104 4343">
    <p class='ocr_par' dir='ltr' id='par_1_74' title="bbox 517 4270 2104 4343">
     <span class='ocr_line' id='line_1_74' title="bbox 517 4270 2104 4343; baseline 0.003 -21"><span class='ocrx_word' id='word_1_548' title='bbox 517 4270 629 4339; x_wconf 81' lang='grc'><strong>10).</strong></span> <span class='ocrx_word' id='word_1_549' title='bbox 662 4272 717 4325; x_wconf 82' lang='grc'><strong>111</strong></span> <span class='ocrx_word' id='word_1_550' title='bbox 750 4273 870 4339; x_wconf 86' lang='lat' dir='ltr'><strong>igne</strong></span> <span class='ocrx_word' id='word_1_551' title='bbox 898 4273 1027 4327; x_wconf 90' lang='lat' dir='ltr'><strong>item</strong></span> <span class='ocrx_word' id='word_1_552' title='bbox 1060 4289 1183 4329; x_wconf 91' lang='lat' dir='ltr'><strong>eum</strong></span> <span class='ocrx_word' id='word_1_553' title='bbox 1208 4274 1377 4330; x_wconf 88' lang='lat' dir='ltr'><strong>visum</strong></span> <span class='ocrx_word' id='word_1_554' title='bbox 1406 4274 1692 4330; x_wconf 85' lang='lat' dir='ltr'><strong>ostendere</strong></span> <span class='ocrx_word' id='word_1_555' title='bbox 1722 4275 1960 4343; x_wconf 86' lang='lat' dir='ltr'><strong>cupiens,</strong></span> <span class='ocrx_word' id='word_1_556' title='bbox 1994 4274 2104 4327; x_wconf 88' lang='lat' dir='ltr'><strong>ait:</strong></span> 
     </span>
    </p>
   </div>
   <div class='ocr_carea' id='block_1_75' title="bbox 521 4361 2107 4435">
    <p class='ocr_par' dir='ltr' id='par_1_75' title="bbox 521 4361 2107 4435">
     <span class='ocr_line' id='line_1_75' title="bbox 521 4361 2107 4435; baseline 0.003 -21"><span class='ocrx_word' id='word_1_557' title='bbox 521 4361 703 4415; x_wconf 82' lang='lat' dir='ltr'><strong>Venite</strong></span> <span class='ocrx_word' id='word_1_558' title='bbox 751 4371 799 4415; x_wconf 81' lang='lat' dir='ltr'><strong>et</strong></span> <span class='ocrx_word' id='word_1_559' title='bbox 835 4365 997 4419; x_wconf 87' lang='lat' dir='ltr'><strong>videte</strong></span> <span class='ocrx_word' id='word_1_560' title='bbox 1027 4384 1183 4435; x_wconf 85' lang='lat' dir='ltr'><strong>opera</strong></span> <span class='ocrx_word' id='word_1_561' title='bbox 1208 4366 1446 4430; x_wconf 84' lang='lat' dir='ltr'><strong>Domini,</strong></span> <span class='ocrx_word' id='word_1_562' title='bbox 1493 4365 1738 4420; x_wconf 85' lang='lat' dir='ltr'><strong>terribilis</strong></span> <span class='ocrx_word' id='word_1_563' title='bbox 1781 4368 1836 4419; x_wconf 88' lang='lat' dir='ltr'><strong>in</strong></span> <span class='ocrx_word' id='word_1_564' title='bbox 1880 4365 2107 4419; x_wconf 72' lang='lat' dir='ltr'><strong>consiliis</strong></span> 
     </span>
    </p>
   </div>
   <div class='ocr_carea' id='block_1_76' title="bbox 466 4456 2106 4529">
    <p class='ocr_par' dir='ltr' id='par_1_76' title="bbox 466 4456 2106 4529">
     <span class='ocr_line' id='line_1_76' title="bbox 466 4456 2106 4529; baseline 0.002 -22"><span class='ocrx_word' id='word_1_565' title='bbox 466 4496 487 4507; x_wconf 75' lang='lat'><strong>-</strong></span> <span class='ocrx_word' id='word_1_566' title='bbox 516 4471 666 4524; x_wconf 83' lang='lat' dir='ltr'><strong>super</strong></span> <span class='ocrx_word' id='word_1_567' title='bbox 715 4457 851 4525; x_wconf 83' lang='lat' dir='ltr'><strong>ﬁlios</strong></span> <span class='ocrx_word' id='word_1_568' title='bbox 881 4458 1145 4512; x_wconf 84' lang='lat' dir='ltr'><strong>hominum</strong></span> <span class='ocrx_word' id='word_1_569' title='bbox 1192 4458 1361 4527; x_wconf 86' lang='lat' dir='ltr'><strong>(Psal.</strong></span> <span class='ocrx_word' id='word_1_570' title='bbox 1403 4475 1536 4523; x_wconf 75' lang='lat' dir='ltr'><strong>va,</strong></span> <span class='ocrx_word' id='word_1_571' title='bbox 1586 4457 1663 4529; x_wconf 82' lang='lat'><strong>5).</strong></span> <span class='ocrx_word' id='word_1_572' title='bbox 1697 4456 1801 4512; x_wconf 86' lang='lat' dir='ltr'><strong>Sed</strong></span> <span class='ocrx_word' id='word_1_573' title='bbox 1827 4458 1917 4525; x_wconf 86' lang='lat' dir='ltr'><strong>qui</strong></span> <span class='ocrx_word' id='word_1_574' title='bbox 1958 4457 2005 4511; x_wconf 85' lang='lat' dir='ltr'><strong>ci</strong></span> <span class='ocrx_word' id='word_1_575' title='bbox 2052 4456 2106 4511; x_wconf 93' lang='lat' dir='ltr'><strong>in</strong></span> 
     </span>
    </p>
   </div>
   <div class='ocr_carea' id='block_1_77' title="bbox 515 4544 2105 4618">
    <p class='ocr_par' dir='ltr' id='par_1_77' title="bbox 515 4544 2105 4618">
     <span class='ocr_line' id='line_1_77' title="bbox 515 4544 2105 4618; baseline 0.004 -21"><span class='ocrx_word' id='word_1_576' title='bbox 515 4544 636 4611; x_wconf 87' lang='lat' dir='ltr'><strong>igne</strong></span> <span class='ocrx_word' id='word_1_577' title='bbox 666 4548 935 4614; x_wconf 87' lang='lat' dir='ltr'><strong>apparuit,</strong></span> <span class='ocrx_word' id='word_1_578' title='bbox 965 4557 1022 4601; x_wconf 90' lang='lat' dir='ltr'><strong>ut</strong></span> <span class='ocrx_word' id='word_1_579' title='bbox 1050 4558 1333 4617; x_wconf 82' lang='lat' dir='ltr'><strong>appareret</strong></span> <span class='ocrx_word' id='word_1_580' title='bbox 1363 4548 1595 4616; x_wconf 89' lang='lat' dir='ltr'><strong>addidit,</strong></span> <span class='ocrx_word' id='word_1_581' title='bbox 1625 4550 1751 4618; x_wconf 91' lang='lat' dir='ltr'><strong>quia</strong></span> <span class='ocrx_word' id='word_1_582' title='bbox 1783 4550 2105 4604; x_wconf 89' lang='lat' dir='ltr'><strong>suavitatem</strong></span> 
     </span>
    </p>
   </div>
   <div class='ocr_carea' id='block_1_78' title="bbox 2214 3350 3803 3432">
    <p class='ocr_par' dir='ltr' id='par_1_78' title="bbox 2214 3350 3803 3432">
     <span class='ocr_line' id='line_1_78' title="bbox 2214 3350 3803 3432; baseline -0.006 -13"><span class='ocrx_word' id='word_1_583' title='bbox 2214 3363 2357 3419; x_wconf 86' lang='lat' dir='ltr'><strong>versi</strong></span> <span class='ocrx_word' id='word_1_584' title='bbox 2386 3363 2453 3417; x_wconf 89' lang='lat' dir='ltr'><strong>ad</strong></span> <span class='ocrx_word' id='word_1_585' title='bbox 2484 3363 2766 3417; x_wconf 91' lang='lat' dir='ltr'><strong>Dominum</strong></span> <span class='ocrx_word' id='word_1_586' title='bbox 2807 3371 3123 3432; x_wconf 89' lang='lat' dir='ltr'><strong>peccatores</strong></span> <span class='ocrx_word' id='word_1_587' title='bbox 3170 3350 3508 3430; x_wconf 86' lang='lat' dir='ltr'><strong>nequaquam</strong></span> <span class='ocrx_word' id='word_1_588' title='bbox 3535 3364 3803 3427; x_wconf 88' lang='lat' dir='ltr'><strong>pereunt,</strong></span> 
     </span>
    </p>
   </div>
   <div class='ocr_carea' id='block_1_79' title="bbox 2213 3449 3807 3525">
    <p class='ocr_par' dir='ltr' id='par_1_79' title="bbox 2213 3449 3807 3525">
     <span class='ocr_line' id='line_1_79' title="bbox 2213 3449 3807 3525; baseline -0.006 -13"><span class='ocrx_word' id='word_1_589' title='bbox 2213 3465 2269 3514; x_wconf 90' lang='lat' dir='ltr'><strong>et</strong></span> <span class='ocrx_word' id='word_1_590' title='bbox 2295 3456 2462 3512; x_wconf 90' lang='lat' dir='ltr'><strong>semel</strong></span> <span class='ocrx_word' id='word_1_591' title='bbox 2492 3456 2627 3525; x_wconf 88' lang='lat' dir='ltr'><strong>lapsi</strong></span> <span class='ocrx_word' id='word_1_592' title='bbox 2673 3454 2849 3524; x_wconf 88' lang='lat' dir='ltr'><strong>angeli</strong></span> <span class='ocrx_word' id='word_1_593' title='bbox 2896 3462 2949 3508; x_wconf 91' lang='lat' dir='ltr'><strong>et</strong></span> <span class='ocrx_word' id='word_1_594' title='bbox 2978 3454 3033 3507; x_wconf 91' lang='lat' dir='ltr'><strong>in</strong></span> <span class='ocrx_word' id='word_1_595' title='bbox 3062 3460 3285 3523; x_wconf 84' lang='lat' dir='ltr'><strong>peccato</strong></span> <span class='ocrx_word' id='word_1_596' title='bbox 3314 3466 3412 3505; x_wconf 92' lang='lat' dir='ltr'><strong>suo</strong></span> <span class='ocrx_word' id='word_1_597' title='bbox 3448 3449 3645 3505; x_wconf 91' lang='lat' dir='ltr'><strong>mortui</strong></span> <span class='ocrx_word' id='word_1_598' title='bbox 3678 3464 3807 3518; x_wconf 86' lang='lat' dir='ltr'><strong>pec-</strong></span> 
     </span>
    </p>
   </div>
   <div class='ocr_carea' id='block_1_80' title="bbox 2212 3540 3806 3613">
    <p class='ocr_par' dir='ltr' id='par_1_80' title="bbox 2212 3540 3806 3613">
     <span class='ocr_line' id='line_1_80' title="bbox 2212 3540 3806 3613; baseline -0.004 -12"><span class='ocrx_word' id='word_1_599' title='bbox 2212 3554 2425 3601; x_wconf 89' lang='lat' dir='ltr'><strong>catores</strong></span> <span class='ocrx_word' id='word_1_600' title='bbox 2471 3559 2741 3613; x_wconf 90' lang='lat' dir='ltr'><strong>nunquam</strong></span> <span class='ocrx_word' id='word_1_601' title='bbox 2790 3544 3084 3609; x_wconf 88' lang='lat' dir='ltr'><strong>salvantur,</strong></span> <span class='ocrx_word' id='word_1_602' title='bbox 3128 3542 3507 3597; x_wconf 67' lang='lat' dir='ltr'><strong>haereticorum</strong></span> <span class='ocrx_word' id='word_1_603' title='bbox 3560 3540 3806 3611; x_wconf 82' lang='lat' dir='ltr'><strong>profecto</strong></span> 
     </span>
    </p>
   </div>
   <div class='ocr_carea' id='block_1_81' title="bbox 2211 3634 3807 3705">
    <p class='ocr_par' dir='ltr' id='par_1_81' title="bbox 2211 3634 3807 3705">
     <span class='ocr_line' id='line_1_81' title="bbox 2211 3634 3807 3705; baseline -0.005 -11"><span class='ocrx_word' id='word_1_604' title='bbox 2211 3654 2390 3694; x_wconf 89' lang='lat' dir='ltr'><strong>sermo</strong></span> <span class='ocrx_word' id='word_1_605' title='bbox 2413 3654 2520 3694; x_wconf 92' lang='lat' dir='ltr'><strong>non</strong></span> <span class='ocrx_word' id='word_1_606' title='bbox 2548 3638 2709 3693; x_wconf 86' lang='lat' dir='ltr'><strong>venit.</strong></span> <span class='ocrx_word' id='word_1_607' title='bbox 2737 3636 2927 3691; x_wconf 90' lang='lat' dir='ltr'><strong>Sermo</strong></span> <span class='ocrx_word' id='word_1_608' title='bbox 2957 3636 3117 3705; x_wconf 89' lang='lat' dir='ltr'><strong>igitur</strong></span> <span class='ocrx_word' id='word_1_609' title='bbox 3138 3635 3403 3690; x_wconf 90' lang='lat' dir='ltr'><strong>Samuelis</strong></span> <span class='ocrx_word' id='word_1_610' title='bbox 3431 3634 3577 3688; x_wconf 89' lang='lat' dir='ltr'><strong>venit</strong></span> <span class='ocrx_word' id='word_1_611' title='bbox 3605 3636 3656 3687; x_wconf 93' lang='lat' dir='ltr'><strong>in</strong></span> <span class='ocrx_word' id='word_1_612' title='bbox 3685 3634 3807 3688; x_wconf 92' lang='lat' dir='ltr'><strong>uni-</strong></span> 
     </span>
    </p>
   </div>
   <div class='ocr_carea' id='block_1_82' title="bbox 2212 3726 3807 3798">
    <p class='ocr_par' dir='ltr' id='par_1_82' title="bbox 2212 3726 3807 3798">
     <span class='ocr_line' id='line_1_82' title="bbox 2212 3726 3807 3798; baseline -0.004 -12"><span class='ocrx_word' id='word_1_613' title='bbox 2212 3746 2370 3787; x_wconf 88' lang='lat' dir='ltr'><strong>verso</strong></span> <span class='ocrx_word' id='word_1_614' title='bbox 2400 3730 2579 3784; x_wconf 88' lang='lat' dir='ltr'><strong>lsraeli</strong></span> <span class='ocrx_word' id='word_1_615' title='bbox 2602 3772 2616 3798; x_wconf 96' lang='lat'><strong>,</strong></span> <span class='ocrx_word' id='word_1_616' title='bbox 2647 3729 2773 3797; x_wconf 90' lang='lat' dir='ltr'><strong>quia</strong></span> <span class='ocrx_word' id='word_1_617' title='bbox 2806 3728 3055 3783; x_wconf 88' lang='lat' dir='ltr'><strong>catholici</strong></span> <span class='ocrx_word' id='word_1_618' title='bbox 3098 3728 3199 3781; x_wconf 91' lang='lat' dir='ltr'><strong>viri</strong></span> <span class='ocrx_word' id='word_1_619' title='bbox 3231 3726 3538 3797; x_wconf 72' lang='lat' dir='ltr'><strong>prmdicatio</strong></span> <span class='ocrx_word' id='word_1_620' title='bbox 3564 3726 3807 3795; x_wconf 84' lang='lat' dir='ltr'><strong>comple-</strong></span> 
     </span>
    </p>
   </div>
   <div class='ocr_carea' id='block_1_83' title="bbox 2211 3817 3802 3890">
    <p class='ocr_par' dir='ltr' id='par_1_83' title="bbox 2211 3817 3802 3890">
     <span class='ocr_line' id='line_1_83' title="bbox 2211 3817 3802 3890; baseline -0.004 -14"><span class='ocrx_word' id='word_1_621' title='bbox 2211 3830 2320 3888; x_wconf 90' lang='lat' dir='ltr'><strong>tur,</strong></span> <span class='ocrx_word' id='word_1_622' title='bbox 2352 3836 2471 3890; x_wconf 76' lang='lat' dir='ltr'><strong>qua:</strong></span> <span class='ocrx_word' id='word_1_623' title='bbox 2511 3821 2563 3875; x_wconf 91' lang='lat' dir='ltr'><strong>in</strong></span> <span class='ocrx_word' id='word_1_624' title='bbox 2593 3820 2823 3875; x_wconf 89' lang='lat' dir='ltr'><strong>veritate</strong></span> <span class='ocrx_word' id='word_1_625' title='bbox 2858 3820 2998 3873; x_wconf 88' lang='lat' dir='ltr'><strong>sacri</strong></span> <span class='ocrx_word' id='word_1_626' title='bbox 3028 3818 3226 3888; x_wconf 91' lang='lat' dir='ltr'><strong>eloquii</strong></span> <span class='ocrx_word' id='word_1_627' title='bbox 3258 3825 3404 3872; x_wconf 89' lang='lat' dir='ltr'><strong>recte</strong></span> <span class='ocrx_word' id='word_1_628' title='bbox 3430 3817 3802 3885; x_wconf 89' lang='lat' dir='ltr'><strong>cognoscitur.</strong></span> 
     </span>
    </p>
   </div>
   <div class='ocr_carea' id='block_1_84' title="bbox 2211 3908 3807 3981">
    <p class='ocr_par' dir='ltr' id='par_1_84' title="bbox 2211 3908 3807 3981">
     <span class='ocr_line' id='line_1_84' title="bbox 2211 3908 3807 3981; baseline -0.004 -12"><span class='ocrx_word' id='word_1_629' title='bbox 2211 3914 2279 3969; x_wconf 87' lang='lat' dir='ltr'><strong>Et</strong></span> <span class='ocrx_word' id='word_1_630' title='bbox 2304 3913 2600 3969; x_wconf 89' lang='lat' dir='ltr'><strong>notandum</strong></span> <span class='ocrx_word' id='word_1_631' title='bbox 2624 3912 2750 3981; x_wconf 90' lang='lat' dir='ltr'><strong>quia</strong></span> <span class='ocrx_word' id='word_1_632' title='bbox 2779 3912 2895 3981; x_wconf 89' lang='lat' dir='ltr'><strong>ejus</strong></span> <span class='ocrx_word' id='word_1_633' title='bbox 2922 3927 3099 3967; x_wconf 89' lang='lat' dir='ltr'><strong>sermo</strong></span> <span class='ocrx_word' id='word_1_634' title='bbox 3128 3911 3342 3967; x_wconf 88' lang='lat' dir='ltr'><strong>venisse</strong></span> <span class='ocrx_word' id='word_1_635' title='bbox 3364 3910 3578 3976; x_wconf 87' lang='lat' dir='ltr'><strong>dicitur,</strong></span> <span class='ocrx_word' id='word_1_636' title='bbox 3602 3910 3691 3965; x_wconf 89' lang='lat' dir='ltr'><strong>cui</strong></span> <span class='ocrx_word' id='word_1_637' title='bbox 3721 3908 3807 3962; x_wconf 87' lang='lat' dir='ltr'><strong>vi-</strong></span> 
     </span>
    </p>
   </div>
   <div class='ocr_carea' id='block_1_85' title="bbox 2211 4002 3807 4075">
    <p class='ocr_par' dir='ltr' id='par_1_85' title="bbox 2211 4002 3807 4075">
     <span class='ocr_line' id='line_1_85' title="bbox 2211 4002 3807 4075; baseline -0.005 -12"><span class='ocrx_word' id='word_1_638' title='bbox 2211 4010 2422 4063; x_wconf 90' lang='lat' dir='ltr'><strong>sionem</strong></span> <span class='ocrx_word' id='word_1_639' title='bbox 2451 4022 2601 4061; x_wconf 90' lang='lat' dir='ltr'><strong>suam</strong></span> <span class='ocrx_word' id='word_1_640' title='bbox 2630 4006 2885 4060; x_wconf 87' lang='lat' dir='ltr'><strong>Dominus</strong></span> <span class='ocrx_word' id='word_1_641' title='bbox 2912 4005 3177 4060; x_wconf 89' lang='lat' dir='ltr'><strong>addidisse</strong></span> <span class='ocrx_word' id='word_1_642' title='bbox 3209 4005 3537 4075; x_wconf 90' lang='lat' dir='ltr'><strong>perhibetur,</strong></span> <span class='ocrx_word' id='word_1_643' title='bbox 3564 4002 3693 4072; x_wconf 91' lang='lat' dir='ltr'><strong>quia</strong></span> <span class='ocrx_word' id='word_1_644' title='bbox 3720 4002 3807 4056; x_wconf 87' lang='lat' dir='ltr'><strong>ni-</strong></span> 
     </span>
    </p>
   </div>
   <div class='ocr_carea' id='block_1_86' title="bbox 2210 4094 3807 4168">
    <p class='ocr_par' dir='ltr' id='par_1_86' title="bbox 2210 4094 3807 4168">
     <span class='ocr_line' id='line_1_86' title="bbox 2210 4094 3807 4168; baseline -0.003 -15"><span class='ocrx_word' id='word_1_645' title='bbox 2210 4098 2405 4155; x_wconf 91' lang='lat' dir='ltr'><strong>mirum</strong></span> <span class='ocrx_word' id='word_1_646' title='bbox 2428 4098 2541 4167; x_wconf 86' lang='lat' dir='ltr'><strong>ejus</strong></span> <span class='ocrx_word' id='word_1_647' title='bbox 2570 4098 2875 4168; x_wconf 66' lang='lat' dir='ltr'><strong>praidicatio</strong></span> <span class='ocrx_word' id='word_1_648' title='bbox 2901 4114 3031 4153; x_wconf 87' lang='lat' dir='ltr'><strong>vera</strong></span> <span class='ocrx_word' id='word_1_649' title='bbox 3057 4106 3159 4167; x_wconf 90' lang='lat' dir='ltr'><strong>est,</strong></span> <span class='ocrx_word' id='word_1_650' title='bbox 3192 4098 3277 4152; x_wconf 92' lang='lat' dir='ltr'><strong>cui</strong></span> <span class='ocrx_word' id='word_1_651' title='bbox 3307 4097 3386 4153; x_wconf 90' lang='lat' dir='ltr'><strong>sic</strong></span> <span class='ocrx_word' id='word_1_652' title='bbox 3426 4096 3619 4150; x_wconf 63' lang='lat' dir='ltr'><strong>divina:</strong></span> <span class='ocrx_word' id='word_1_653' title='bbox 3637 4094 3807 4163; x_wconf 88' lang='lat' dir='ltr'><strong>justi-</strong></span> 
     </span>
    </p>
   </div>
   <div class='ocr_carea' id='block_1_87' title="bbox 2212 4184 3808 4256">
    <p class='ocr_par' dir='ltr' id='par_1_87' title="bbox 2212 4184 3808 4256">
     <span class='ocr_line' id='line_1_87' title="bbox 2212 4184 3808 4256; baseline -0.003 -13"><span class='ocrx_word' id='word_1_654' title='bbox 2212 4191 2298 4243; x_wconf 71' lang='lat' dir='ltr'><strong>tim</strong></span> <span class='ocrx_word' id='word_1_655' title='bbox 2334 4196 2511 4244; x_wconf 89' lang='lat' dir='ltr'><strong>terror</strong></span> <span class='ocrx_word' id='word_1_656' title='bbox 2541 4188 2861 4254; x_wconf 89' lang='lat' dir='ltr'><strong>ostenditur,</strong></span> <span class='ocrx_word' id='word_1_657' title='bbox 2893 4196 2953 4241; x_wconf 92' lang='lat' dir='ltr'><strong>ut</strong></span> <span class='ocrx_word' id='word_1_658' title='bbox 2980 4186 3324 4256; x_wconf 85' lang='lat' dir='ltr'><strong>benignitatis</strong></span> <span class='ocrx_word' id='word_1_659' title='bbox 3366 4185 3480 4254; x_wconf 88' lang='lat' dir='ltr'><strong>ejus</strong></span> <span class='ocrx_word' id='word_1_660' title='bbox 3519 4184 3808 4239; x_wconf 86' lang='lat' dir='ltr'><strong>abundans</strong></span> 
     </span>
    </p>
   </div>
   <div class='ocr_carea' id='block_1_88' title="bbox 2210 4274 3808 4348">
    <p class='ocr_par' dir='ltr' id='par_1_88' title="bbox 2210 4274 3808 4348">
     <span class='ocr_line' id='line_1_88' title="bbox 2210 4274 3808 4348; baseline -0.003 -15"><span class='ocrx_word' id='word_1_661' title='bbox 2210 4279 2381 4348; x_wconf 89' lang='lat' dir='ltr'><strong>gratia</strong></span> <span class='ocrx_word' id='word_1_662' title='bbox 2410 4294 2518 4333; x_wconf 93' lang='lat' dir='ltr'><strong>non</strong></span> <span class='ocrx_word' id='word_1_663' title='bbox 2546 4278 2782 4344; x_wconf 84' lang='lat' dir='ltr'><strong>celetur;</strong></span> <span class='ocrx_word' id='word_1_664' title='bbox 2823 4277 3078 4332; x_wconf 85' lang='lat' dir='ltr'><strong>videlicet</strong></span> <span class='ocrx_word' id='word_1_665' title='bbox 3116 4287 3173 4331; x_wconf 92' lang='lat' dir='ltr'><strong>ut</strong></span> <span class='ocrx_word' id='word_1_666' title='bbox 3197 4284 3433 4332; x_wconf 90' lang='lat' dir='ltr'><strong>mentem</strong></span> <span class='ocrx_word' id='word_1_667' title='bbox 3465 4275 3693 4330; x_wconf 87' lang='lat' dir='ltr'><strong>videntis</strong></span> <span class='ocrx_word' id='word_1_668' title='bbox 3721 4274 3808 4329; x_wconf 89' lang='lat' dir='ltr'><strong>sic</strong></span> 
     </span>
    </p>
   </div>
   <div class='ocr_carea' id='block_1_89' title="bbox 2210 4364 3807 4439">
    <p class='ocr_par' dir='ltr' id='par_1_89' title="bbox 2210 4364 3807 4439">
     <span class='ocr_line' id='line_1_89' title="bbox 2210 4364 3807 4439; baseline -0.004 -14"><span class='ocrx_word' id='word_1_669' title='bbox 2210 4379 2498 4439; x_wconf 89' lang='lat' dir='ltr'><strong>conspecta</strong></span> <span class='ocrx_word' id='word_1_670' title='bbox 2527 4368 2727 4423; x_wconf 88' lang='lat' dir='ltr'><strong>veritas</strong></span> <span class='ocrx_word' id='word_1_671' title='bbox 2756 4376 2988 4435; x_wconf 89' lang='lat' dir='ltr'><strong>terreat,</strong></span> <span class='ocrx_word' id='word_1_672' title='bbox 3033 4376 3089 4422; x_wconf 92' lang='lat' dir='ltr'><strong>ut</strong></span> <span class='ocrx_word' id='word_1_673' title='bbox 3119 4370 3278 4423; x_wconf 89' lang='lat' dir='ltr'><strong>etiam</strong></span> <span class='ocrx_word' id='word_1_674' title='bbox 3310 4376 3527 4424; x_wconf 90' lang='lat' dir='ltr'><strong>ostensa</strong></span> <span class='ocrx_word' id='word_1_675' title='bbox 3553 4364 3807 4435; x_wconf 84' lang='lat' dir='ltr'><strong>benigni-</strong></span> 
     </span>
    </p>
   </div>
   <div class='ocr_carea' id='block_1_90' title="bbox 2210 4457 3807 4530">
    <p class='ocr_par' dir='ltr' id='par_1_90' title="bbox 2210 4457 3807 4530">
     <span class='ocr_line' id='line_1_90' title="bbox 2210 4457 3807 4530; baseline -0.004 -12"><span class='ocrx_word' id='word_1_676' title='bbox 2210 4473 2293 4518; x_wconf 88' lang='lat' dir='ltr'><strong>tas</strong></span> <span class='ocrx_word' id='word_1_677' title='bbox 2337 4471 2572 4518; x_wconf 90' lang='lat' dir='ltr'><strong>mentem</strong></span> <span class='ocrx_word' id='word_1_678' title='bbox 2602 4460 2844 4516; x_wconf 81' lang='lat' dir='ltr'><strong>territam</strong></span> <span class='ocrx_word' id='word_1_679' title='bbox 2893 4462 2948 4515; x_wconf 91' lang='lat' dir='ltr'><strong>in</strong></span> <span class='ocrx_word' id='word_1_680' title='bbox 2992 4459 3421 4530; x_wconf 87' lang='lat' dir='ltr'><strong>desperationem</strong></span> <span class='ocrx_word' id='word_1_681' title='bbox 3451 4457 3645 4515; x_wconf 83' lang='lat' dir='ltr'><strong>cadere</strong></span> <span class='ocrx_word' id='word_1_682' title='bbox 3691 4473 3807 4512; x_wconf 87' lang='lat' dir='ltr'><strong>non</strong></span> 
     </span>
    </p>
   </div>
   <div class='ocr_carea' id='block_1_91' title="bbox 2210 4551 3806 4624">
    <p class='ocr_par' dir='ltr' id='par_1_91' title="bbox 2210 4551 3806 4624">
     <span class='ocr_line' id='line_1_91' title="bbox 2210 4551 3806 4624; baseline -0.003 -14"><span class='ocrx_word' id='word_1_683' title='bbox 2210 4554 2515 4624; x_wconf 89' lang='lat' dir='ltr'><strong>permittat;</strong></span> <span class='ocrx_word' id='word_1_684' title='bbox 2548 4560 2607 4607; x_wconf 92' lang='lat' dir='ltr'><strong>ut</strong></span> <span class='ocrx_word' id='word_1_685' title='bbox 2635 4552 2714 4607; x_wconf 89' lang='lat' dir='ltr'><strong>sic</strong></span> <span class='ocrx_word' id='word_1_686' title='bbox 2741 4551 2809 4607; x_wconf 90' lang='lat' dir='ltr'><strong>de</strong></span> <span class='ocrx_word' id='word_1_687' title='bbox 2836 4552 3169 4619; x_wconf 80' lang='lat' dir='ltr'><strong>benignitate</strong></span> <span class='ocrx_word' id='word_1_688' title='bbox 3199 4559 3508 4622; x_wconf 63' lang='lat' dir='ltr'><strong>praesumat,</strong></span> <span class='ocrx_word' id='word_1_689' title='bbox 3534 4558 3806 4622; x_wconf 86' lang='lat' dir='ltr'><strong>quatenus</strong></span> 
     </span>
    </p>
   </div>
   <div class='ocr_carea' id='block_1_92' title="bbox 513 4634 3384 4715">
    <p class='ocr_par' dir='ltr' id='par_1_92' title="bbox 513 4634 3384 4715">
     <span class='ocr_line' id='line_1_92' title="bbox 513 4634 3384 4715; baseline 0.003 -27"><span class='ocrx_word' id='word_1_690' title='bbox 513 4634 718 4701; x_wconf 60' lang='lat' dir='ltr'><strong>gloriae,</strong></span> <span class='ocrx_word' id='word_1_691' title='bbox 752 4645 806 4690; x_wconf 90' lang='lat' dir='ltr'><strong>et</strong></span> <span class='ocrx_word' id='word_1_692' title='bbox 832 4638 1127 4693; x_wconf 91' lang='lat' dir='ltr'><strong>dulcedinis</strong></span> <span class='ocrx_word' id='word_1_693' title='bbox 1158 4655 1285 4705; x_wconf 72' lang='lat' dir='ltr'><strong>sum,</strong></span> <span class='ocrx_word' id='word_1_694' title='bbox 1318 4639 1366 4693; x_wconf 90' lang='lat' dir='ltr'><strong>ei</strong></span> <span class='ocrx_word' id='word_1_695' title='bbox 1397 4640 1561 4694; x_wconf 91' lang='lat' dir='ltr'><strong>etiam</strong></span> <span class='ocrx_word' id='word_1_696' title='bbox 1588 4641 1653 4695; x_wconf 90' lang='lat' dir='ltr'><strong>de</strong></span> <span class='ocrx_word' id='word_1_697' title='bbox 1682 4641 1827 4697; x_wconf 89' lang='lat' dir='ltr'><strong>nube</strong></span> <span class='ocrx_word' id='word_1_698' title='bbox 1851 4643 2103 4712; x_wconf 85' lang='lat' dir='ltr'><strong>propina-</strong></span> <span class='ocrx_word' id='word_1_699' title='bbox 2130 4654 2183 4715; x_wconf 73' lang='grc' dir='ltr'><strong>ι)</strong></span> <span class='ocrx_word' id='word_1_700' title='bbox 2208 4647 2275 4701; x_wconf 92' lang='lat' dir='ltr'><strong>ad</strong></span> <span class='ocrx_word' id='word_1_701' title='bbox 2306 4644 2761 4715; x_wconf 71' lang='lat' dir='ltr'><strong>praevaricationis</strong></span> <span class='ocrx_word' id='word_1_702' title='bbox 2790 4658 2978 4697; x_wconf 88' lang='lat' dir='ltr'><strong>ausum</strong></span> <span class='ocrx_word' id='word_1_703' title='bbox 3008 4659 3117 4699; x_wconf 92' lang='lat' dir='ltr'><strong>non</strong></span> <span class='ocrx_word' id='word_1_704' title='bbox 3144 4651 3384 4714; x_wconf 91' lang='lat' dir='ltr'><strong>proruat.</strong></span> 
     </span>
    </p>
   </div>
   <div class='ocr_carea' id='block_1_93' title="bbox 510 4726 2094 4801">
    <p class='ocr_par' dir='ltr' id='par_1_93' title="bbox 510 4726 2094 4801">
     <span class='ocr_line' id='line_1_93' title="bbox 510 4726 2094 4801; baseline 0.006 -23"><span class='ocrx_word' id='word_1_705' title='bbox 510 4726 605 4779; x_wconf 87' lang='lat' dir='ltr'><strong>vit.</strong></span> <span class='ocrx_word' id='word_1_706' title='bbox 635 4726 813 4793; x_wconf 90' lang='lat' dir='ltr'><strong>Quare</strong></span> <span class='ocrx_word' id='word_1_707' title='bbox 840 4738 895 4783; x_wconf 90' lang='lat' dir='ltr'><strong>et</strong></span> <span class='ocrx_word' id='word_1_708' title='bbox 922 4730 1271 4795; x_wconf 90' lang='lat' dir='ltr'><strong>exhilaratus,</strong></span> <span class='ocrx_word' id='word_1_709' title='bbox 1298 4731 1389 4801; x_wconf 89' lang='lat' dir='ltr'><strong>qui</strong></span> <span class='ocrx_word' id='word_1_710' title='bbox 1419 4732 1642 4787; x_wconf 89' lang='lat' dir='ltr'><strong>territus</strong></span> <span class='ocrx_word' id='word_1_711' title='bbox 1673 4732 1885 4799; x_wconf 88' lang='lat' dir='ltr'><strong>fuerat,</strong></span> <span class='ocrx_word' id='word_1_712' title='bbox 1918 4735 2053 4788; x_wconf 85' lang='lat' dir='ltr'><strong>dixit</strong></span> <span class='ocrx_word' id='word_1_713' title='bbox 2081 4752 2094 4788; x_wconf 88' lang='lat'><strong>:</strong></span> 
     </span>
    </p>
   </div>
   <div class='ocr_carea' id='block_1_94' title="bbox 513 4815 2101 4897">
    <p class='ocr_par' dir='ltr' id='par_1_94' title="bbox 513 4815 2101 4897">
     <span class='ocr_line' id='line_1_94' title="bbox 513 4815 2101 4897; baseline 0.008 -28"><span class='ocrx_word' id='word_1_714' title='bbox 513 4815 682 4881; x_wconf 80' lang='lat' dir='ltr'><strong>Quam</strong></span> <span class='ocrx_word' id='word_1_715' title='bbox 729 4837 920 4892; x_wconf 81' lang='lat' dir='ltr'><strong>magna</strong></span> <span class='ocrx_word' id='word_1_716' title='bbox 968 4823 1239 4877; x_wconf 86' lang='lat' dir='ltr'><strong>multitudo</strong></span> <span class='ocrx_word' id='word_1_717' title='bbox 1295 4823 1584 4879; x_wconf 77' lang='lat' dir='ltr'><strong>dulcedinis</strong></span> <span class='ocrx_word' id='word_1_718' title='bbox 1642 4835 1779 4890; x_wconf 73' lang='lat' dir='ltr'><strong>tute,</strong></span> <span class='ocrx_word' id='word_1_719' title='bbox 1828 4826 2051 4882; x_wconf 89' lang='lat' dir='ltr'><strong>Domine</strong></span> <span class='ocrx_word' id='word_1_720' title='bbox 2085 4869 2101 4897; x_wconf 93' lang='lat'><strong>,</strong></span> 
     </span>
    </p>
   </div>
   <div class='ocr_carea' id='block_1_95' title="bbox 511 4910 2106 4986">
    <p class='ocr_par' dir='ltr' id='par_1_95' title="bbox 511 4910 2106 4986">
     <span class='ocr_line' id='line_1_95' title="bbox 511 4910 2106 4986; baseline 0.009 -27"><span class='ocrx_word' id='word_1_721' title='bbox 511 4923 665 4976; x_wconf 87' lang='lat' dir='ltr'><strong>quam</strong></span> <span class='ocrx_word' id='word_1_722' title='bbox 693 4910 1003 4966; x_wconf 81' lang='lat' dir='ltr'><strong>abscondisti</strong></span> <span class='ocrx_word' id='word_1_723' title='bbox 1042 4914 1331 4969; x_wconf 86' lang='lat' dir='ltr'><strong>timentibus</strong></span> <span class='ocrx_word' id='word_1_724' title='bbox 1374 4924 1420 4970; x_wconf 89' lang='lat' dir='ltr'><strong>te</strong></span> <span class='ocrx_word' id='word_1_725' title='bbox 1451 4916 1623 4986; x_wconf 86' lang='lat' dir='ltr'><strong>(Psal.</strong></span> <span class='ocrx_word' id='word_1_726' title='bbox 1659 4934 1786 4984; x_wconf 81' lang='lat' dir='ltr'><strong>xxx,</strong></span> <span class='ocrx_word' id='word_1_727' title='bbox 1821 4918 1936 4986; x_wconf 76' lang='grc'><strong>20).</strong></span> <span class='ocrx_word' id='word_1_728' title='bbox 1970 4916 2106 4974; x_wconf 84' lang='lat' dir='ltr'><strong>Hinc</strong></span> 
     </span>
    </p>
   </div>
   <div class='ocr_carea' id='block_1_96' title="bbox 512 4997 2106 5075">
    <p class='ocr_par' dir='ltr' id='par_1_96' title="bbox 512 4997 2106 5075">
     <span class='ocr_line' id='line_1_96' title="bbox 512 4997 2106 5075; baseline 0.011 -26"><span class='ocrx_word' id='word_1_729' title='bbox 512 4997 642 5053; x_wconf 92' lang='lat' dir='ltr'><strong>item</strong></span> <span class='ocrx_word' id='word_1_730' title='bbox 671 5003 901 5057; x_wconf 88' lang='lat' dir='ltr'><strong>additam</strong></span> <span class='ocrx_word' id='word_1_731' title='bbox 932 5007 1325 5075; x_wconf 90' lang='lat' dir='ltr'><strong>apparitionem</strong></span> <span class='ocrx_word' id='word_1_732' title='bbox 1348 5008 1642 5075; x_wconf 85' lang='lat' dir='ltr'><strong>admirans,</strong></span> <span class='ocrx_word' id='word_1_733' title='bbox 1668 5011 1744 5064; x_wconf 88' lang='lat' dir='ltr'><strong>ait</strong></span> <span class='ocrx_word' id='word_1_734' title='bbox 1771 5029 1783 5063; x_wconf 77' lang='grc' dir='ltr'>ε</span> <span class='ocrx_word' id='word_1_735' title='bbox 1818 5011 1987 5074; x_wconf 81' lang='lat' dir='ltr'><strong>Quam</strong></span> <span class='ocrx_word' id='word_1_736' title='bbox 2013 5011 2106 5066; x_wconf 90' lang='lat' dir='ltr'><strong>bo-</strong></span> 
     </span>
    </p>
   </div>
   <div class='ocr_carea' id='block_1_97' title="bbox 510 5089 2103 5172">
    <p class='ocr_par' dir='ltr' id='par_1_97' title="bbox 510 5089 2103 5172">
     <span class='ocr_line' id='line_1_97' title="bbox 510 5089 2103 5172; baseline 0.009 -32"><span class='ocrx_word' id='word_1_737' title='bbox 510 5104 610 5143; x_wconf 87' lang='lat' dir='ltr'><strong>nus</strong></span> <span class='ocrx_word' id='word_1_738' title='bbox 629 5089 795 5148; x_wconf 89' lang='lat' dir='ltr'><strong>Israel</strong></span> <span class='ocrx_word' id='word_1_739' title='bbox 822 5092 963 5149; x_wconf 82' lang='lat' dir='ltr'><strong>Deus</strong></span> <span class='ocrx_word' id='word_1_740' title='bbox 990 5097 1054 5151; x_wconf 88' lang='lat' dir='ltr'><strong>iis</strong></span> <span class='ocrx_word' id='word_1_741' title='bbox 1077 5097 1164 5167; x_wconf 86' lang='lat' dir='ltr'><strong>qui</strong></span> <span class='ocrx_word' id='word_1_742' title='bbox 1191 5106 1329 5151; x_wconf 84' lang='lat' dir='ltr'><strong>recto</strong></span> <span class='ocrx_word' id='word_1_743' title='bbox 1347 5107 1465 5151; x_wconf 90' lang='lat' dir='ltr'><strong>sunt</strong></span> <span class='ocrx_word' id='word_1_744' title='bbox 1480 5099 1633 5153; x_wconf 87' lang='lat' dir='ltr'><strong>corde</strong></span> <span class='ocrx_word' id='word_1_745' title='bbox 1650 5099 1823 5172; x_wconf 90' lang='lat' dir='ltr'><strong>(Psal.</strong></span> <span class='ocrx_word' id='word_1_746' title='bbox 1843 5118 2006 5167; x_wconf 81' lang='lat' dir='ltr'><strong>Lxxu,</strong></span> <span class='ocrx_word' id='word_1_747' title='bbox 2026 5098 2103 5172; x_wconf 81' lang='grc'><strong>1),</strong></span> 
     </span>
    </p>
   </div>
   <div class='ocr_carea' id='block_1_98' title="bbox 2277 4729 3807 4805">
    <p class='ocr_par' dir='ltr' id='par_1_98' title="bbox 2277 4729 3807 4805">
     <span class='ocr_line' id='line_1_98' title="bbox 2277 4729 3807 4805; baseline -0.004 -14"><span class='ocrx_word' id='word_1_748' title='bbox 2277 4736 2404 4793; x_wconf 79' lang='lat' dir='ltr'><strong>Haec</strong></span> <span class='ocrx_word' id='word_1_749' title='bbox 2451 4745 2630 4791; x_wconf 86' lang='lat' dir='ltr'><strong>autem</strong></span> <span class='ocrx_word' id='word_1_750' title='bbox 2674 4736 2729 4790; x_wconf 92' lang='lat' dir='ltr'><strong>in</strong></span> <span class='ocrx_word' id='word_1_751' title='bbox 2778 4734 3016 4790; x_wconf 85' lang='lat' dir='ltr'><strong>secundo</strong></span> <span class='ocrx_word' id='word_1_752' title='bbox 3062 4734 3243 4790; x_wconf 91' lang='lat' dir='ltr'><strong>libello</strong></span> <span class='ocrx_word' id='word_1_753' title='bbox 3294 4733 3573 4805; x_wconf 83' lang='lat' dir='ltr'><strong>praesentis</strong></span> <span class='ocrx_word' id='word_1_754' title='bbox 3616 4729 3807 4801; x_wconf 82' lang='lat' dir='ltr'><strong>operis</strong></span> 
     </span>
    </p>
   </div>
   <div class='ocr_carea' id='block_1_99' title="bbox 2205 4827 3804 4900">
    <p class='ocr_par' dir='ltr' id='par_1_99' title="bbox 2205 4827 3804 4900">
     <span class='ocr_line' id='line_1_99' title="bbox 2205 4827 3804 4900; baseline -0.004 -15"><span class='ocrx_word' id='word_1_755' title='bbox 2205 4830 2476 4900; x_wconf 91' lang='lat' dir='ltr'><strong>disputata</strong></span> <span class='ocrx_word' id='word_1_756' title='bbox 2508 4827 2797 4896; x_wconf 81' lang='lat' dir='ltr'><strong>sufﬁciant,</strong></span> <span class='ocrx_word' id='word_1_757' title='bbox 2824 4835 2884 4882; x_wconf 93' lang='lat' dir='ltr'><strong>ut</strong></span> <span class='ocrx_word' id='word_1_758' title='bbox 2908 4828 3035 4883; x_wconf 90' lang='lat' dir='ltr'><strong>dum</strong></span> <span class='ocrx_word' id='word_1_759' title='bbox 3066 4842 3129 4883; x_wconf 89' lang='lat' dir='ltr'><strong>ea</strong></span> <span class='ocrx_word' id='word_1_760' title='bbox 3172 4841 3293 4897; x_wconf 66' lang='lat' dir='ltr'><strong>quae</strong></span> <span class='ocrx_word' id='word_1_761' title='bbox 3329 4835 3626 4897; x_wconf 78' lang='lat' dir='ltr'><strong>sequuntur</strong></span> <span class='ocrx_word' id='word_1_762' title='bbox 3651 4839 3804 4880; x_wconf 88' lang='lat' dir='ltr'><strong>novo</strong></span> 
     </span>
    </p>
   </div>
   <div class='ocr_carea' id='block_1_100' title="bbox 2206 4918 3809 4994">
    <p class='ocr_par' dir='ltr' id='par_1_100' title="bbox 2206 4918 3809 4994">
     <span class='ocr_line' id='line_1_100' title="bbox 2206 4918 3809 4994; baseline -0.004 -18"><span class='ocrx_word' id='word_1_763' title='bbox 2206 4922 2471 4994; x_wconf 89' lang='lat' dir='ltr'><strong>principio</strong></span> <span class='ocrx_word' id='word_1_764' title='bbox 2500 4920 2757 4975; x_wconf 91' lang='lat' dir='ltr'><strong>inchoare</strong></span> <span class='ocrx_word' id='word_1_765' title='bbox 2800 4918 3178 4989; x_wconf 85' lang='lat' dir='ltr'><strong>disponimus,</strong></span> <span class='ocrx_word' id='word_1_766' title='bbox 3222 4918 3435 4974; x_wconf 88' lang='lat' dir='ltr'><strong>dicendi</strong></span> <span class='ocrx_word' id='word_1_767' title='bbox 3481 4918 3644 4974; x_wconf 87' lang='lat' dir='ltr'><strong>etiam</strong></span> <span class='ocrx_word' id='word_1_768' title='bbox 3683 4924 3809 4971; x_wconf 86' lang='lat' dir='ltr'><strong>stu-</strong></span> 
     </span>
    </p>
   </div>
   <div class='ocr_carea' id='block_1_101' title="bbox 2209 5011 3189 5085">
    <p class='ocr_par' dir='ltr' id='par_1_101' title="bbox 2209 5011 3189 5085">
     <span class='ocr_line' id='line_1_101' title="bbox 2209 5011 3189 5085; baseline -0.005 -15"><span class='ocrx_word' id='word_1_769' title='bbox 2209 5015 2357 5071; x_wconf 91' lang='lat' dir='ltr'><strong>dium</strong></span> <span class='ocrx_word' id='word_1_770' title='bbox 2383 5028 2483 5085; x_wconf 87' lang='lat' dir='ltr'><strong>per</strong></span> <span class='ocrx_word' id='word_1_771' title='bbox 2510 5011 2856 5069; x_wconf 86' lang='lat' dir='ltr'><strong>devotionem</strong></span> <span class='ocrx_word' id='word_1_772' title='bbox 2878 5017 3189 5067; x_wconf 89' lang='lat' dir='ltr'><strong>renovetur.</strong></span> 
     </span>
    </p>
   </div>
   <div class='ocr_carea' id='block_1_102' title="bbox 590 5200 2654 5302">
    <p class='ocr_par' dir='ltr' id='par_1_102' title="bbox 590 5200 2654 5302">
     <span class='ocr_line' id='line_1_102' title="bbox 590 5200 2654 5302; baseline 0.002 -21"><span class='ocrx_word' id='word_1_773' title='bbox 590 5233 615 5261; x_wconf 77' lang='grc' dir='ltr'><strong>ιι</strong></span> <span class='ocrx_word' id='word_1_774' title='bbox 633 5225 709 5281; x_wconf 90' lang='lat' dir='ltr'><strong>De</strong></span> <span class='ocrx_word' id='word_1_775' title='bbox 729 5204 917 5284; x_wconf 88' lang='lat' dir='ltr'><strong>iisdem</strong></span> <span class='ocrx_word' id='word_1_776' title='bbox 937 5226 1229 5297; x_wconf 86' lang='lat' dir='ltr'><strong>Gregorius</strong></span> <span class='ocrx_word' id='word_1_777' title='bbox 1248 5229 1358 5298; x_wconf 86' lang='lat' dir='ltr'><strong>agit</strong></span> <span class='ocrx_word' id='word_1_778' title='bbox 1378 5228 1471 5285; x_wconf 89' lang='lat' dir='ltr'><strong>lib.</strong></span> <span class='ocrx_word' id='word_1_779' title='bbox 1494 5245 1657 5287; x_wconf 77' lang='lat' dir='ltr'><strong>xxxxv</strong></span> <span class='ocrx_word' id='word_1_780' title='bbox 1681 5229 1893 5302; x_wconf 84' lang='lat' dir='ltr'><strong>Moral.,</strong></span> <span class='ocrx_word' id='word_1_781' title='bbox 1916 5200 2079 5288; x_wconf 56' lang='lat' dir='ltr'><strong>num.</strong></span> <span class='ocrx_word' id='word_1_782' title='bbox 2096 5229 2185 5300; x_wconf 78' lang='lat'><strong>58,</strong></span> <span class='ocrx_word' id='word_1_783' title='bbox 2215 5229 2307 5287; x_wconf 89' lang='lat' dir='ltr'><strong>ubi</strong></span> <span class='ocrx_word' id='word_1_784' title='bbox 2333 5229 2458 5287; x_wconf 88' lang='lat' dir='ltr'><strong>vide</strong></span> <span class='ocrx_word' id='word_1_785' title='bbox 2477 5234 2654 5285; x_wconf 86' lang='lat' dir='ltr'><strong>notas.</strong></span> 
     </span>
    </p>
   </div>
   <div class='ocr_carea' id='block_1_103' title="bbox 524 5385 3771 5420">
    <p class='ocr_par' dir='ltr' id='par_1_103' title="bbox 524 5385 3771 5420">
     <span class='ocr_line' id='line_1_103' title="bbox 524 5385 3771 5420; baseline -0.004 -2"><span class='ocrx_word' id='word_1_786' title='bbox 524 5385 3771 5420; x_wconf 58' lang='lat' dir='ltr'><strong>mw</strong></span> 
     </span>
    </p>
   </div>
   <div class='ocr_carea' id='block_1_104' title="bbox 1662 5518 2651 5605">
    <p class='ocr_par' dir='ltr' id='par_1_104' title="bbox 1662 5518 2651 5605">
     <span class='ocr_line' id='line_1_104' title="bbox 1662 5518 2651 5605; baseline -0.01 -2"><span class='ocrx_word' id='word_1_787' title='bbox 1662 5519 2016 5605; x_wconf 75' lang='lat' dir='ltr'><strong>LIBER</strong></span> <span class='ocrx_word' id='word_1_788' title='bbox 2093 5518 2651 5604; x_wconf 81' lang='lat' dir='ltr'><strong>TERTIUS.</strong></span> 
     </span>
    </p>
   </div>
   <div class='ocr_carea' id='block_1_105' title="bbox 930 5682 1678 5754">
    <p class='ocr_par' dir='ltr' id='par_1_105' title="bbox 930 5682 1678 5754">
     <span class='ocr_line' id='line_1_105' title="bbox 930 5682 1678 5754; baseline 0 -11"><span class='ocrx_word' id='word_1_789' title='bbox 930 5684 1081 5754; x_wconf 73' lang='grc'><strong>111</strong></span> <span class='ocrx_word' id='word_1_790' title='bbox 1121 5682 1352 5740; x_wconf 86' lang='lat' dir='ltr'><strong>CAPUT</strong></span> <span class='ocrx_word' id='word_1_791' title='bbox 1388 5683 1678 5743; x_wconf 82' lang='lat' dir='ltr'><strong>PRIMUM.</strong></span> 
     </span>
    </p>
   </div>
   <div class='ocr_carea' id='block_1_106' title="bbox 584 5763 2094 5846">
    <p class='ocr_par' dir='ltr' id='par_1_106' title="bbox 584 5763 2094 5846">
     <span class='ocr_line' id='line_1_106' title="bbox 584 5763 2094 5846; baseline 0.009 -25"><span class='ocrx_word' id='word_1_792' title='bbox 584 5763 639 5822; x_wconf 76' lang='lat' dir='ltr'><strong>l.</strong></span> <span class='ocrx_word' id='word_1_793' title='bbox 679 5765 810 5823; x_wconf 90' lang='lat' dir='ltr'><strong>Cum</strong></span> <span class='ocrx_word' id='word_1_794' title='bbox 838 5784 1006 5825; x_wconf 84' lang='lat' dir='ltr'><strong>sacrae</strong></span> <span class='ocrx_word' id='word_1_795' title='bbox 1034 5773 1271 5830; x_wconf 75' lang='lat' dir='ltr'><strong>historia:</strong></span> <span class='ocrx_word' id='word_1_796' title='bbox 1312 5792 1501 5832; x_wconf 91' lang='lat' dir='ltr'><strong>sensus</strong></span> <span class='ocrx_word' id='word_1_797' title='bbox 1545 5775 1773 5846; x_wconf 89' lang='lat' dir='ltr'><strong>qualiter</strong></span> <span class='ocrx_word' id='word_1_798' title='bbox 1801 5777 2094 5834; x_wconf 90' lang='lat' dir='ltr'><strong>electorum</strong></span> 
     </span>
    </p>
   </div>
   <div class='ocr_carea' id='block_1_107' title="bbox 517 5856 2094 5940">
    <p class='ocr_par' dir='ltr' id='par_1_107' title="bbox 517 5856 2094 5940">
     <span class='ocr_line' id='line_1_107' title="bbox 517 5856 2094 5940; baseline 0.01 -27"><span class='ocrx_word' id='word_1_799' title='bbox 517 5856 752 5916; x_wconf 87' lang='lat' dir='ltr'><strong>moribus</strong></span> <span class='ocrx_word' id='word_1_800' title='bbox 788 5864 1099 5919; x_wconf 86' lang='lat' dir='ltr'><strong>conveniret</strong></span> <span class='ocrx_word' id='word_1_801' title='bbox 1131 5867 1369 5923; x_wconf 84' lang='lat' dir='ltr'><strong>studiose</strong></span> <span class='ocrx_word' id='word_1_802' title='bbox 1398 5885 1788 5940; x_wconf 59' lang='lat' dir='ltr'><strong>quiererenius,</strong></span> <span class='ocrx_word' id='word_1_803' title='bbox 1823 5869 2094 5939; x_wconf 67' lang='lat' dir='ltr'><strong>allegoriae</strong></span> 
     </span>
    </p>
   </div>
   <div class='ocr_carea' id='block_1_108' title="bbox 2202 5685 3808 5759">
    <p class='ocr_par' dir='ltr' id='par_1_108' title="bbox 2202 5685 3808 5759">
     <span class='ocr_line' id='line_1_108' title="bbox 2202 5685 3808 5759; baseline 0.002 -16"><span class='ocrx_word' id='word_1_804' title='bbox 2202 5685 2446 5743; x_wconf 88' lang='lat' dir='ltr'><strong>ordinem</strong></span> <span class='ocrx_word' id='word_1_805' title='bbox 2472 5693 2721 5755; x_wconf 82' lang='lat' dir='ltr'><strong>repetere</strong></span> <span class='ocrx_word' id='word_1_806' title='bbox 2747 5687 3067 5757; x_wconf 85' lang='lat' dir='ltr'><strong>exponendo</strong></span> <span class='ocrx_word' id='word_1_807' title='bbox 3093 5689 3421 5746; x_wconf 86' lang='lat' dir='ltr'><strong>distulimus.</strong></span> <span class='ocrx_word' id='word_1_808' title='bbox 3468 5687 3541 5745; x_wconf 91' lang='lat' dir='ltr'><strong>Ut</strong></span> <span class='ocrx_word' id='word_1_809' title='bbox 3567 5703 3701 5759; x_wconf 89' lang='lat' dir='ltr'><strong>ergo</strong></span> <span class='ocrx_word' id='word_1_810' title='bbox 3729 5704 3808 5747; x_wconf 79' lang='lat' dir='ltr'><strong>ea</strong></span> 
     </span>
    </p>
   </div>
   <div class='ocr_carea' id='block_1_109' title="bbox 2201 5779 3811 5853">
    <p class='ocr_par' dir='ltr' id='par_1_109' title="bbox 2201 5779 3811 5853">
     <span class='ocr_line' id='line_1_109' title="bbox 2201 5779 3811 5853; baseline 0.004 -20"><span class='ocrx_word' id='word_1_811' title='bbox 2201 5796 2321 5849; x_wconf 74' lang='lat' dir='ltr'><strong>qua:</strong></span> <span class='ocrx_word' id='word_1_812' title='bbox 2349 5779 2592 5834; x_wconf 88' lang='lat' dir='ltr'><strong>omisisse</strong></span> <span class='ocrx_word' id='word_1_813' title='bbox 2620 5780 2893 5835; x_wconf 90' lang='lat' dir='ltr'><strong>cernimur</strong></span> <span class='ocrx_word' id='word_1_814' title='bbox 2920 5783 3284 5852; x_wconf 81' lang='lat' dir='ltr'><strong>suppleamus,</strong></span> <span class='ocrx_word' id='word_1_815' title='bbox 3319 5782 3580 5853; x_wconf 71' lang='lat' dir='ltr'><strong>quaeritur</strong></span> <span class='ocrx_word' id='word_1_816' title='bbox 3609 5800 3623 5835; x_wconf 86' lang='lat'><strong>:</strong></span> <span class='ocrx_word' id='word_1_817' title='bbox 3655 5782 3811 5848; x_wconf 87' lang='lat' dir='ltr'><strong>Quid</strong></span> 
     </span>
    </p>
   </div>
   <div class='ocr_carea' id='block_1_110' title="bbox 2200 5874 3818 5945">
    <p class='ocr_par' dir='ltr' id='par_1_110' title="bbox 2200 5874 3818 5945">
     <span class='ocr_line' id='line_1_110' title="bbox 2200 5874 3818 5945; baseline 0.004 -14"><span class='ocrx_word' id='word_1_818' title='bbox 2200 5885 2285 5932; x_wconf 87' lang='lat' dir='ltr'><strong>est</strong></span> <span class='ocrx_word' id='word_1_819' title='bbox 2310 5874 2451 5945; x_wconf 89' lang='lat' dir='ltr'><strong>quod</strong></span> <span class='ocrx_word' id='word_1_820' title='bbox 2476 5876 2600 5930; x_wconf 88' lang='lat' dir='ltr'><strong>dum</strong></span> <span class='ocrx_word' id='word_1_821' title='bbox 2629 5876 2846 5932; x_wconf 88' lang='lat' dir='ltr'><strong>Samuel</strong></span> <span class='ocrx_word' id='word_1_822' title='bbox 2872 5880 3174 5936; x_wconf 89' lang='lat' dir='ltr'><strong>ministrare</strong></span> <span class='ocrx_word' id='word_1_823' title='bbox 3204 5878 3430 5936; x_wconf 86' lang='lat' dir='ltr'><strong>Domino</strong></span> <span class='ocrx_word' id='word_1_824' title='bbox 3458 5894 3648 5936; x_wconf 87' lang='lat' dir='ltr'><strong>coram</strong></span> <span class='ocrx_word' id='word_1_825' title='bbox 3676 5878 3818 5937; x_wconf 79' lang='lat' dir='ltr'><strong>Heli</strong></span> 
     </span>
    </p>
   </div>
  </div>
