4044 6336
319 418 426 476 145

1148 405 1217 465 ΙΝ
1254 406 1513 465 PRIMUM
1556 403 1800 463 REGUM
1840 398 2352 462 EXPOSITIONES.
2389 433 2463 449 —-
2499 405 2628 463 LIB.
2668 404 2755 462 Ill.

3492 409 3605 465 146‘

315 544 676 607 memoratur,
695 533 964 608 pretiosus
974 540 1159 591 'sermo
1180 531 1389 589 Domini
1410 546 1529 587 esse
1549 524 1905 585 describitur?
1932 523 1987 584 Δ
2010 524 2237 579 credidit
2264 526 2331 582 ad
2360 534 2628 582 tormenta
2649 527 2915 597 pervenit.
2948 525 3180 599 Tempus
3206 542 3439 600 namque
3469 537 3597 585 tunc

314 632 445 695 Sed,
474 630 615 687 sicut
637 628 886 697 superius
914 635 998 681 est
1038 626 1238 681 dictum
1256 666 1271 692 ,
1313 639 1410 696 per
1437 621 1742 679 Samuelem
1770 634 1906 690 pra:-

316 724 586 779 dicatores
614 727 815 775 sanctae
837 718 1109 783 Ecclesiae,
1141 733 1238 789 per
1275 715 1393 771 Heli
1427 717 1589 771 etiam
1616 714 1775 771 electi
1806 728 1904 784 pa-

315 824 430 873 tres
459 813 766 869 testamenti
792 813 994 868 veteris
1038 810 1406 879 designantur.
1456 808 1597 865 Puer
1637 823 1765 878 ergo
1806 808 1907 864 Sa-

315 908 462 968 muel
504 904 845 962 ministrabat
886 904 1112 960 Domino
1140 918 1327 959 coram
1372 901 1523 969 Heli,
1574 917 1696 957 cum
1736 916 1909 956 novus

315 1000 601 1056 doctorum
649 998 784 1053 ordo
830 996 1205 1068 Redemptoris
1244 996 1403 1051 ﬁdem
1448 995 1789 1067 prmdicabat.
1832 993 1941 1049 De

315 1107 427 1162 quo
479 1091 731 1146 nimirum
780 1090 1081 1146 ministerio
1132 1089 1329 1145 Paulus
1376 1089 1636 1159 loquitur,
1674 1088 1905 1143 dicens:

320 1180 566 1247 Quondiu
602 1200 715 1238 sum
754 1183 983 1253 gentium
1020 1183 1284 1252 apostolus
1308 1221 1323 1247 ,
1373 1182 1713 1237 ministerium
1742 1196 1910 1234 meum

316 1278 674 1347 honoriﬁcabo
720 1275 900 1348 (Rom.
931 1292 1007 1339 xi,
1041 1273 1152 1344 i5).
1202 1274 1340 1329 Hinc
1369 1274 1561 1328 iterum
1595 1273 1762 1329 dicit:
1795 1271 1910 1326 He-

315 1368 447 1422 brari
468 1376 608 1433 sunt,
650 1376 699 1421 et
727 1382 859 1439 ego:
907 1365 1170 1421 Israelita:
1197 1375 1318 1421 sunt
1342 1407 1357 1434 ,
1403 1374 1452 1418 et
1491 1381 1584 1436 ego
1625 1381 1643 1417 :
1687 1362 1911 1416 ministri

315 1459 509 1515 Christi
532 1468 670 1527 sunt,
701 1469 749 1514 et
778 1478 871 1532 ego
897 1458 985 1531 (Il
1010 1460 1131 1514 Cor.
1162 1475 1235 1523 x1,
1268 1458 1381 1530 2'2).
1422 1462 1577 1528 112
1607 1456 1913 1510 Ministrare

315 1567 449 1623 ergo
478 1553 711 1608 Domino
729 1595 745 1621 ,
776 1553 832 1607 in
860 1552 1101 1608 laborem
1128 1551 1524 1623 praedicationis
1554 1565 1779 1621 pergere
1805 1558 1910 1606 est.

316 1644 475 1713 Quod
502 1645 749 1717 profecto
784 1648 1143 1703 ministerium
1180 1646 1400 1702 Samuel
1436 1661 1618 1701 coram
1648 1645 1768 1701 Heli
1798 1646 1909 1701 Do-

317 1737 466 1792 mino
491 1737 820 1807 impendisse
841 1738 1038 1794 dicitur
1061 1778 1077 1803 ,
1109 1739 1235 1809 quia
1262 1738 1522 1810 quidquid
1553 1738 1621 1794 de
1650 1739 1912 1809 religione

317 1840 476 1881 nova:
506 1825 667 1894 ﬁdei,
701 1841 876 1883 novus
904 1827 1316 1898 praedicatorum
1338 1828 1472 1884 ordo
1500 1830 1765 1893 asseruit,
1807 1829 1913 1884 hoc

2009 629 2128 674 erat
2152 635 2259 689 quo
2283 620 2328 675 is
2353 622 2444 690 qui
2471 622 2750 676 emebatur
2775 637 2974 687 sermo,
3006 638 3114 678 non
3146 632 3171 660 ει
3202 632 3330 695 typo
3359 622 3583 689 ﬁgurata

2008 712 2321 767 moralitatis
2339 754 2353 779 ,
2378 714 2470 769 sed
2507 723 2706 785 aperta:
2732 714 3017 771 locutionis
3042 724 3310 786 praecepto
3340 716 3598 771 hortaba-

2008 813 2117 874 tur,
2152 806 2338 864 dicens
2371 828 2383 862 :
2418 808 2515 875 Qui
2554 811 2660 864 vult
2697 811 2873 865 venire
2912 798 3027 881 post
3065 828 3175 877 me,
3223 812 3369 865 tollat
3401 827 3601 864 crucem

2008 919 2154 961 suam
2181 906 2433 973 quotidie,
2465 915 2515 959 et
2541 915 2780 977 sequatur
2817 922 2897 959 me
2921 904 3135 974 (Matth.
3170 922 3275 969 xvn,
3320 903 3432 974 24).
3463 902 3601 959 Ilinc

2010 994 2139 1049 item
2168 995 2331 1050 dicit:
2366 995 2465 1060 Qui
2496 996 2663 1050 autem
2687 1006 2830 1051 amat
2850 1006 3052 1068 patrem
3092 1006 3181 1049 aut
3224 1004 3441 1049 matrem
3483 993 3601 1064 plus

2012 1101 2165 1157 quam
2202 1104 2303 1151 me,
2328 1104 2431 1142 non
2461 1096 2537 1142 est
2565 1106 2645 1142 me
2669 1088 2853 1160 dignus
2885 1084 3053 1162 (Ibid.
3072 1129 3087 1155 ,
3115 1105 3181 1154 x,
3212 1088 3325 1158 57).
3357 1086 3426 1141 Et
3453 1104 3468 1143 ε
3502 1086 3602 1151 Qui

2011 1194 2117 1232 non
2162 1180 2535 1233 renuntiaverit
2573 1178 2805 1233 omnibus
2847 1196 2959 1251 qua:
2998 1179 3257 1247 possidet,
3302 1194 3405 1232 non
3436 1184 3604 1246 potest

2010 1286 2155 1325 meus
2196 1288 2306 1325 esse
2335 1272 2615 1339 discipulus
2648 1271 2797 1342 (Luc.
2824 1289 2940 1337 xiv,
2992 1272 3105 1334 55).
3136 1271 3321 1341 itaque
3349 1284 3471 1324 cum
3501 1268 3605 1321 mi-

2013 1362 2293 1417 nisterium
2313 1363 2575 1417 Samuelis
2597 1365 2875 1429 asseritur,
2900 1366 3169 1434 pretiosus
3190 1352 3367 1417 sermo
3390 1362 3603 1417 Domini

2013 1470 2135 1511 esse
2160 1456 2502 1526 perhibetur,
2542 1458 2663 1527 quia
2695 1457 2937 1526 profecto
2967 1458 3107 1511 inter
3136 1456 3286 1510 initia
3328 1455 3483 1521 ﬁdei,
3526 1454 3605 1508 illi

2013 1550 2108 1620 qui
2132 1551 2542 1621 praedicantibus
2571 1561 2787 1606 aeterna:
2825 1552 2951 1605 vitae
2992 1550 3305 1606 doctoribus
3351 1549 3601 1605 credide—

2012 1651 2159 1709 runt,
2209 1658 2309 1712 pro
2362 1652 2591 1713 accepto
2636 1644 2805 1698 verbo
2848 1642 2971 1697 ﬁdei
3002 1644 3179 1713 magni
3212 1642 3410 1696 laboris
3438 1656 3603 1711 opera

2014 1733 2337 1805 expendisse
2381 1734 2636 1790 credendi
2676 1742 2821 1790 sunt.
2866 1733 2935 1788 Et
2974 1735 3099 1803 quia
3149 1733 3404 1789 Judaicus
3432 1748 3608 1803 popu-

2012 1825 2096 1884 lus
2119 1827 2232 1897 jam
2270 1827 2451 1884 lumen
2491 1826 2684 1882 divinae
2731 1825 3054 1897 cognitionis
3094 1826 3376 1891 amiserat,
3423 1824 3607 1895 sequi-

316 1922 545 1980 Patrum
616 1933 863 1981 veterum
937 1926 1258 1983 auctoritate
1320 1926 1633 1993 roboravit.»
1686 1924 1914 1981 Domino
1948 1903 1997 1965 Β
2022 1928 2152 1976 tur:

316 2016 523 2086 quippe
544 2015 882 2072 ministrabat
900 2015 1140 2085 Samuel,
1164 2018 1381 2087 quando
1404 2034 1575 2073 novus
1595 2018 1916 2088 praedicator

316 2109 621 2174 asserebat,
648 2108 831 2164 dicens
858 2126 872 2163 :
902 2108 1035 2166 Dico
1063 2112 1200 2165 enim
1228 2109 1491 2165 Christum
1518 2111 1548 2165 J
1556 2129 1700 2166 esum
1728 2112 1917 2166 minis-

326 2208 470 2255 trum
499 2200 662 2271 fuisse
689 2202 1087 2258 circumcisionis
1116 2213 1326 2274 propter
1346 2205 1608 2259 veritatem
1636 2204 1758 2274 Dei,
1787 2223 1914 2277 gen-

321 2300 401 2346 tes
440 2299 615 2346 autem
656 2309 807 2365 super
832 2296 1188 2350 misericordia
1226 2297 1482 2353 honorare
1509 2296 1676 2351 Deum
1718 2298 1909 2369 (Rom.

322 2398 411 2446 xv,
440 2383 521 2455 8).
552 2385 655 2452 Qui
704 2387 948 2457 profecto
990 2397 1050 2444 ut
1072 2389 1460 2459 ministeriumf,
1507 2391 1651 2460 quod
1688 2391 1917 2447 Domino

331 2474 642 2541 exhibebat,
677 2493 862 2532 coram
892 2478 1011 2534 Heli
1031 2496 1247 2552 quoque
1275 2482 1638 2551 impenderet,
1674 2483 1948 2554 adjunxit,

330 2565 559 2622 dicens:
591 2567 744 2624 Sicut
770 2571 1031 2642 scriptum
1071 2582 1154 2629 est
1180 2592 1193 2628 :
1224 2573 1477 2643 Laudate,
1509 2592 1684 2630 omnes
1709 2586 1913 2647 gentes,
1960 2614 1965 2619 -

322 2656 625 2726 Dominum,
646 2670 695 2715 et
713 2663 1005 2718 collaudate
1026 2682 1160 2732 eum,
1185 2685 1359 2721 omnes
1380 2669 1555 2739 populi
1580 2668 1751 2739 (Psal.
1772 2685 1914 2734 cxvr,

331 2751 406 2821 i).
440 2751 507 2805 Et
537 2760 595 2807 ut
621 2768 682 2808 se
710 2756 909 2811 arctius
935 2772 1116 2812 coram
1144 2757 1263 2814 Heli
1292 2760 1345 2813 in
1369 2760 1667 2814 ministerio
1700 2760 1916 2815 Domini

327 2842 623 2910 cohiberet,
679 2846 965 2915 adjunxit:
1016 2848 1190 2904 Isaias
1237 2853 1375 2906 enim
1403 2853 1570 2906 dicit:
1600 2851 1719 2906 Erit
1760 2854 1915 2908 radix

327 2932 497 3004 Iesse,
518 2938 604 3006 qui
632 2929 875 3011 eisurget
901 2929 1081 3011 regere
1105 2951 1298 3013 gentes,
1320 2945 1374 2997 in
1399 2960 1514 2998 eum
1543 2952 1718 3016 gentes
1745 2962 1917 3013 spera-

325 3025 452 3081 bunt
483 3028 657 3101 (Rom.
682 3046 771 3097 xv,
802 3031 904 3099 12;
933 3050 999 3087 ea:
1022 3032 1132 3088 Isa.
1160 3050 1235 3103 xl,
1269 3034 1378 3105 10).
1411 3035 1552 3091 Puer
1571 3036 1789 3092 Samuel
1808 3037 1914 3091 Do-

326 3120 478 3175 mino
500 3121 857 3190 ministrabat,
888 3140 1008 3180 cum
1039 3125 1319 3181 dominicae
1350 3125 1782 3184 Resurrectionis
1801 3129 1913 3196 gloo

325 3213 463 3269 riam
494 3218 647 3288 113
674 3216 866 3273 Petrus
891 3229 1177 3284 assereret,
1211 3220 1396 3275 dicens
1426 3240 1437 3273 :
1468 3222 1646 3276 Jesum
1671 3220 1908 3277 Nazare-

324 3322 452 3361 num
476 3309 639 3362 virum
660 3311 1002 3381 approbatum
1024 3329 1057 3365 α
1081 3313 1192 3367 Deo
1231 3315 1282 3367 in
1314 3312 1453 3369 vobis
1475 3316 1637 3384 signis
1660 3324 1709 3369 et
1732 3316 1913 3387 prodi-

330 3400 453 3470 giis,
488 3401 734 3456 traditum
755 3419 849 3473 per
870 3420 1053 3459 manus
1077 3405 1353 3476 impiorum
1379 3408 1741 3473 interemistis;
1786 3409 1921 3463 hunc

330 3490 474 3545 Deus
500 3494 762 3549 suscitauit
789 3511 822 3547 a
849 3497 1063 3551 mortuis
1091 3499 1350 3567 prae/inito
1381 3500 1593 3554 consilio
1623 3504 1773 3556 tertia
1797 3502 1880 3555 die
1901 3539 1916 3565 ,

327 3584 463 3637 sicut
489 3584 806 3654 impossibile
830 3595 941 3641 erat
970 3589 1129 3642 teneri
1149 3605 1265 3643 eum
1285 3589 1547 3645 doloribus
1570 3592 1764 3662 inferni
1781 3591 1916 3664 (Act.

330 3692 389 3742 ll,
420 3675 510 3743 22,
540 3680 701 3749 seq.).

395 3770 452 3824 2.
485 3769 592 3825 Sed
618 3772 724 3828 hoc
753 3774 1144 3843 ministerium,
1192 3777 1334 3848 quod
1380 3776 1612 3834 Domino
1656 3780 1919 3851 exhibuit,

327 3860 492 3915 etiam
519 3876 700 3917 coram
730 3863 852 3920 Heli
880 3866 1149 3933 exhibuit,
1181 3869 1306 3937 quia
1350 3869 1650 3937 subjunxit,
1685 3870 1871 3927 dicens
1903 3888 1916 3926 ;

328 3948 502 4004 David
535 3952 671 4007 enim
695 3954 860 4009 dicit:
890 3953 1150 4020 Quoniam
1192 3974 1298 4013 non
1328 3959 1647 4026 derelinques
1691 3963 1921 4016 animam

331 4060 499 4099 meam
521 4046 575 4100 in
604 4048 838 4119 inferno,
860 4066 952 4103 nec
981 4049 1130 4105 dabis
1175 4063 1409 4107 sanctum
1445 4061 1585 4108 tuum
1610 4055 1781 4109 videre
1808 4072 1922 4109 cor-

329 4137 620 4206 ruptionem
648 4137 782 4209 (Act.
813 4156 879 4204 Il,
908 4139 1012 4207 27;
1068 4141 1214 4198 I’sal.
1248 4160 1349 4210 xv,
1396 4143 1506 4215 10).
1557 4145 1752 4202 Coram
1801 4145 1922 4201 Heli

330 4225 517 4296 itaque
540 4227 760 4285 Samuel
787 4231 1092 4289 ministrare
1136 4234 1364 4290 Domino
1393 4245 1519 4306 apte
1545 4237 1767 4301 dicitur,
1796 4238 1922 4306 quia

332 4317 491 4373 electi
539 4327 736 4375 sanctae
783 4319 1034 4378 Ecclesia:
1082 4325 1492 4394 przedicatores,
1547 4328 1673 4383 dum
1720 4336 1919 4382 statum

333 4424 487 4464 novre
517 4409 638 4465 ﬁalei
664 4410 1000 4481 praedicando
1030 4416 1326 4484 erigerent,
1355 4418 1500 4489 quod
1534 4418 1741 4475 ratione
1770 4438 1919 4478 asse-

332 4516 457 4557 rere
481 4504 660 4558 conati
690 4512 832 4570 sunt,
860 4503 1079 4561 Patrum
1110 4518 1354 4564 veterum
1384 4513 1705 4568 auctoritate
1742 4513 1921 4571 ﬁrma-

332 4602 546 4648 verunt.

1942 3290 1989 3353 Β

2091 2013 2137 2087 (Ι
2160 2013 2297 2084 Reg.
2325 2015 2394 2081 5,
2430 2012 2506 2084 1.)
2537 2010 2605 2067 In
2642 2011 2824 2068 diebus
2851 2012 2958 2068 illis
2995 2028 3100 2067 non
3134 2018 3247 2066 erat
3285 2011 3412 2069 visio
3437 2011 3608 2065 mani~

2020 2110 2176 2179 festa.

2090 2209 2144 2263 4.
2186 2207 2465 2263 Manifesta
2489 2222 2725 2278 namque
2769 2208 2906 2264 visio
2952 2208 3069 2278 ejus
3107 2214 3279 2276 esset,
3324 2207 3369 2261 si
3412 2205 3467 2260 in
3497 2204 3608 2261 Re-

2018 2301 2354 2371 demptorem
2372 2344 2386 2368 ,
2417 2315 2578 2370 quem
2608 2300 2674 2356 ad
2700 2301 3061 2357 visitationem
3087 2315 3239 2356 suam
3266 2298 3482 2355 venisse
3507 2314 3607 2353 au-

2020 2394 2221 2460 dierat,
2257 2392 2591 2449 credidisset.
2648 2392 2725 2449 De
2771 2408 2876 2464 qua
2919 2393 3172 2449 nimirum
3222 2391 3340 2463 ejus
3368 2390 3612 2447 czecitate

2018 2484 2358 2554 subjungitur
2386 2502 2398 2538 :

2093 2577 2269 2649 (Vers.
2298 2576 2377 2648 2.)
2405 2576 2633 2632 Factum
2658 2586 2738 2633 est
2765 2586 2965 2644 autem,
3008 2577 3133 2633 Heli
3153 2578 3366 2651 jacebat
3413 2578 3468 2632 in
3498 2577 3610 2632 loco

2020 2688 2134 2739 suo,
2158 2688 2250 2726 nec
2268 2679 2467 2743 poterat
2488 2672 2659 2727 videre
2686 2672 2949 2726 lucernam
2976 2670 3094 2739 Dei,
3117 2679 3393 2743 antequam
3414 2671 3612 2738 exstin-

2019 2775 2276 2836 gueretur.

2091 2861 2239 2915 Visio
2269 2876 2502 2930 namque
2524 2860 2643 2915 l‘leli
2669 2859 2950 2914 manifesta
2973 2873 3086 2913 non
3114 2863 3215 2922 est,
3246 2856 3371 2924 quia
3400 2848 3612 2906 Judaeu-

2020 2968 2137 3007 rum
2162 2952 2521 3007 sacerdotium
2562 2953 2615 3006 in
2646 2950 2884 3021 perﬁdiae
2928 2961 3039 3005 suae
3068 2946 3313 3002 caecitate
3342 2941 3612 3012 sepultum

2020 3054 2120 3101 est.
2150 3044 2268 3099 Heli
2301 3058 2429 3113 ergo
2469 3044 2615 3114 jacet
2642 3044 2697 3098 in
2727 3043 2847 3099 loco
2873 3056 3006 3109 suo,
3035 3040 3161 3109 quia
3189 3044 3246 3094 et
3273 3037 3507 3091 litteram
3535 3033 3614 3088 le-

2019 3140 2098 3208 gis
2119 3139 2318 3206 habet,
2350 3146 2405 3193 et
2442 3139 2493 3192 in
2523 3139 2643 3207 lege
2672 3144 2728 3193 et
2776 3136 3055 3207 prophetis
3082 3150 3193 3190 non
3220 3132 3385 3187 habet
3411 3138 3611 3187 statum

2019 3234 2266 3297 luminis,
2296 3233 2391 3288 sed
2438 3233 2644 3303 lapsum
2684 3232 2959 3287 caecitatis.
3005 3229 3183 3285 Locus
3209 3241 3442 3295 namque
3470 3222 3611 3290 Heli,

2024 3328 2276 3382 videlicet
2314 3326 2525 3381 Judaici
2573 3326 2974 3396 prmdicatoris,
3004 3338 3159 3378 sacra
3202 3322 3292 3375 lex
3331 3328 3430 3375 est.
3477 3318 3613 3383 Quia

2025 3433 2155 3487 ergo
2180 3417 2463 3471 Judaicum
2511 3416 2874 3471 sacerdotium
2915 3415 3090 3468 adhuc
3134 3426 3344 3467 sacram
3373 3408 3613 3477 Scriptu-

2024 3524 2140 3563 ram
2166 3509 2350 3573 habet,
2384 3508 2438 3561 in
2468 3508 2587 3561 loco
2615 3521 2712 3562 suo
2739 3512 2841 3561 est.
2870 3505 2938 3559 Et
2980 3504 3104 3574 quia
3130 3503 3386 3557 virtutem
3415 3505 3614 3555 sancta:

2024 3599 2316 3669 Scriptum
2342 3599 2592 3653 nesciens
2634 3597 2701 3651 ad
2730 3606 2931 3651 statum
2962 3595 3085 3650 ﬁdei
3110 3610 3218 3650 non
3246 3591 3501 3662 erigitur,
3532 3589 3613 3644 ni-

2023 3694 2221 3747 mirum
2251 3692 2305 3746 in
2336 3692 2456 3746 loco
2490 3705 2588 3745 suo
2618 3696 2921 3765 nonstare,
2948 3687 3041 3743 sed
3064 3686 3249 3756 jacere
3276 3683 3612 3756 perhibetur.

2024 3781 2159 3851 Quia
2186 3782 2317 3836 item
2365 3795 2533 3851 usque
2563 3779 2632 3833 ad
2661 3777 2847 3834 mundi
2892 3776 3051 3834 ﬁnem
3081 3778 3356 3849 projectus
3383 3782 3500 3839 est,
3532 3772 3616 3826 lu-

2023 3889 2240 3930 cernam
2288 3872 2384 3928 Dci
2413 3872 2598 3928 videre
2627 3887 2736 3927 non
2780 3886 2939 3942 posse
2980 3878 3330 3926 memoratur.
3385 3865 3535 3921 Unde
3562 3872 3613 3918 et

2024 3982 2146 4023 cum
2173 3966 2415 4035 quotidie
2441 3973 2575 4021 tota
2598 3972 2783 4021 sancta
2803 3963 3048 4019 Ecclesia
3068 3959 3462 4032 prtedicationis
3489 3958 3615 4010 hor-

2024 4065 2262 4111 tamenta
2290 4055 2601 4124 suscipiant,
2635 4070 2757 4109 cum
2784 4061 2865 4107 tot
2890 4067 3059 4107 sacrae
3088 4051 3209 4104 ﬁdei
3231 4046 3614 4105 assertionibus

2023 4148 2193 4203 Judaei
2218 4148 2344 4203 victi
2371 4163 2481 4202 non
2511 4146 2764 4210 credant,
2812 4143 2941 4213 quid
2968 4143 3108 4196 aliud
3129 4180 3146 4207 ,
3198 4140 3301 4196 nisi
3328 4140 3432 4193 hoc
3470 4137 3614 4206 quod

2025 4242 2081 4297 in
2109 4247 2293 4297 sancta
2316 4240 2592 4310 Scriptura
2629 4237 2789 4308 115I
2836 4237 2903 4291 de
2946 4236 3023 4290 eis
3052 4235 3308 4303 legimus,
3357 4240 3414 4287 et
3451 4232 3614 4287 etiam

2023 4350 2123 4406 per
2165 4334 2593 4404 experimentum
2624 4337 2901 4394 tenemus,
2946 4328 3073 4398 quia
3100 4327 3351 4383 videlicet
3388 4326 3616 4396 projecti

2023 4433 2169 4489 sunt,
2196 4440 2300 4478 non
2332 4423 2506 4477 solum
2534 4429 2596 4476 ut
2621 4437 2731 4476 non
2758 4420 3006 4487 videant,
3038 4420 3132 4476 sed
3156 4420 3315 4474 etiam
3344 4427 3405 4473 ut
3434 4418 3614 4473 videre

2024 4532 2132 4571 non
2159 4515 2398 4584 possint?
2444 4512 2597 4567 Unde
2636 4522 2692 4567 et
2731 4512 2960 4581 apostoli
3006 4511 3334 4581 superﬂuum
3375 4511 3613 4565 laborem

2025 4611 2338 4676 reputantes
2366 4618 2554 4657 eorum
2582 4603 2673 4672 qui
2700 4602 2883 4657 videre
2920 4617 3027 4656 non
3056 4610 3335 4672 poterant,
3386 4602 3440 4655 in
3471 4600 3614 4653 Acti-

405 4686 458 4740 5.
490 4685 556 4743 Et
589 4696 716 4745 tunc
745 4691 959 4761 quidem
988 4708 1166 4749 sermo
1208 4693 1418 4750 Domini
1447 4698 1714 4767 pretiosus
1763 4696 1925 4756 fuisse
1951 4676 2004 4736 Ῑ)
2028 4700 2129 4754 bus
2178 4697 2287 4751 suis
2316 4695 2501 4750 dicunt
2533 4712 2543 4744 :
2582 4694 2717 4757 Quia
2747 4694 2990 4765 indignos
3038 4709 3125 4747 vos
3179 4693 3371 4764 fecistis
3408 4699 3614 4743 (eterna:

333 4779 664 4850 perhibetur.
708 4780 950 4841 Pretiosa
1006 4786 1204 4856 quippe
1248 4803 1335 4843 res
1386 4803 1552 4859 parvo
1598 4793 1772 4860 pretio
1818 4794 1923 4847 emi

333 4886 441 4925 non
472 4881 668 4941 potest.
702 4871 941 4930 Pretium
971 4886 1150 4933 autem
1170 4918 1186 4946 ,
1232 4894 1341 4949 quo
1363 4896 1540 4937 sermo
1580 4882 1677 4939 Dei
1706 4885 1923 4952 emitur,

334 4961 490 5018 labor
513 4972 594 5019 est
639 4977 838 5022 sanctae
867 4970 1216 5039 operationis.
1248 4970 1409 5025 Velut
1449 4976 1588 5027 enim
1619 4990 1731 5029 rem
1761 4991 1922 5044 quam

332 5054 535 5110 habere
559 5057 807 5113 volumus
836 5060 1010 5129 pretio
1050 5061 1301 5131 emimus,
1333 5077 1453 5116 cum
1495 5079 1592 5133 per
1618 5079 1923 5122 sermonem

336 5150 731 5218 praedicationis
759 5166 919 5221 quem
949 5154 1242 5225 accipimus
1288 5156 1530 5211 laborem
1560 5159 1737 5227 operis
1764 5160 1917 5212 exhi-

335 5241 545 5296 bemus.
580 5243 728 5299 Tunc
756 5255 937 5301 autem
966 5256 1082 5303 erat
1111 5263 1288 5304 sermo
1328 5249 1627 5320 pretiosus,
1659 5266 1779 5305 cum
1825 5267 1923 5321 pro

335 5331 695 5401 qualicunque
738 5335 923 5392 labore
950 5339 1129 5408 operis
1157 5356 1263 5394 non
1294 5340 1550 5408 dabatur,
1599 5358 1719 5398 cum
1750 5345 1924 5399 omnis

337 5423 431 5493 qui
454 5433 753 5494 emptorem
800 5432 1067 5486 sermonis
1094 5433 1448 5488 interticiebat
1472 5434 1787 5504 obsequium
1813 5436 1924 5493 Deo

336 5530 398 5571 se
434 5524 689 5585 praastare
717 5521 1007 5590 cogitabat.
1058 5521 1137 5578 Eo
1167 5525 1327 5592 igitur
1376 5534 1615 5594 tempore
1661 5529 1926 5584 sermonis

339 5617 557 5680 emptor
580 5611 749 5668 multo
797 5616 970 5685 pretio
999 5618 1176 5685 eguit,
1225 5619 1349 5687 quia
1375 5620 1492 5674 sine
1517 5634 1711 5687 magno
1742 5622 1926 5677 labore

337 5702 565 5759 verbum
608 5705 730 5762 ﬁdei
777 5724 995 5765 servare
1023 5724 1131 5765 non
1159 5712 1365 5780 potuit,
1414 5714 1505 5782 qui
1553 5729 1652 5783 pro
1681 5729 1747 5769 eo
1782 5715 1925 5783 quod

2022 4795 2156 4857 vitm,
2190 4807 2304 4844 ecce
2332 4786 2671 4844 convertimur
2701 4788 2768 4841 ad
2794 4797 2967 4858 gentes
3009 4786 3145 4858 (Act.
3178 4803 3300 4852 xm,
3350 4783 3464 4851 46).
3510 4782 3615 4836 Sed

2022 4886 2114 4955 qui
2137 4883 2320 4938 videre
2338 4897 2443 4936 non
2472 4895 2629 4951 posse
2651 4880 2853 4934 relatus
2874 4886 2977 4943 est,
3010 4878 3103 4931 Dei
3130 4878 3348 4931 lucerna
3368 4880 3613 4928 vocatur.

2023 4978 2319 5050 Synagogze
2374 4987 2611 5041 namque
2656 4970 3010 5025 ministerium
3059 4967 3155 5021 Dei
3211 4958 3429 5020 lucerna
3484 4962 3623 5031 fuit,

2024 5069 2239 5141 quando
2268 5070 2322 5122 in
2352 5066 2537 5121 electis
2560 5063 2807 5117 Patribus
2846 5069 2900 5116 et
2923 5076 3020 5131 per
3048 5074 3188 5113 verae
3219 5055 3585 5127 przedicationi
3606 5072 3627 5108 s

2027 5161 2239 5225 lumen,
2289 5165 2344 5213 et
2388 5172 2485 5227 per
2521 5155 2732 5211 venturi
2779 5150 3173 5222 Redemptoris
3201 5148 3612 5219 promissionem

2029 5253 2182 5308 luxit.
2217 5251 2345 5317 Quae
2374 5247 2616 5319 profecto
2666 5247 2917 5312 lucerna,
2957 5243 3294 5297 ministrante
3342 5237 3614 5301 Samuele,

2029 5346 2201 5401 videri
2231 5360 2337 5399 non
2366 5342 2569 5414 potuit,
2601 5340 2725 5409 quia
2752 5348 2997 5407 tempore
3020 5349 3170 5405 novre
3199 5331 3614 5403 prmdicationis,

2032 5438 2328 5509 Synagogte
2357 5434 2722 5505 magisterium
2751 5445 2964 5502 poenam
2992 5435 3265 5500 perpetuae
3295 5423 3613 5494 repulsionis

2033 5531 2277 5586 incurrit.

2104 5623 2157 5677 5.
2190 5621 2258 5675 Et
2286 5619 2577 5676 notandum
2600 5616 2727 5686 quia
2758 5630 2864 5670 non
2894 5613 3115 5679 dicitur,
3149 5612 3329 5668 lucere
3375 5625 3481 5663 non
3513 5623 3608 5675 po-

2033 5723 2192 5782 terat,
2226 5712 2351 5784 quia
2397 5708 2641 5781 profecto
2670 5706 2845 5765 adhuc
2892 5706 3073 5762 lumen
3098 5712 3299 5761 sanctae
3328 5700 3607 5769 Scriptura

416 5937 444 5967 ι
484 5927 687 5987 Vitiose
707 5929 763 5985 in
790 5927 955 5985 Gilot.
1000 5939 1055 5986 et
1083 5929 1252 5987 Vatis.
1287 5938 1405 6000 typo
1454 5930 1689 6003 ﬁgurata:
1737 5929 2087 5986 mortalitatis.
