4044 6336
427 449 530 506 M7

1624 427 1865 489 SANCTI
1903 420 2225 480 GBEGORII
2262 418 2474 477 IAGNI

3574 410 3681 467 “8

427 576 528 632 pro
552 556 708 614 nobis
733 562 935 627 portat,
960 552 1057 609 sed
1082 548 1229 622 quod
1253 552 1434 619 portat
1471 545 1702 615 ignorat.
1754 530 1908 632 Unde
1946 541 2002 590 et

2128 552 2344 608 lelictum
2361 550 2509 605 estin
2544 547 2715 614 nobis,
2744 545 2882 618 quod
2914 546 3117 617 judicia
3160 544 3357 600 habent
3397 544 3535 599 inter
3567 561 3678 601 nos.

427 628 715 718 antequam
743 646 1195 712 exstingueretur,
1228 638 1410 696 videre
1453 653 1562 693 non
1589 647 1747 705 posse
1788 628 2000 685 dicitur.

427 739 674 796 Nondum
705 736 850 794 enim
894 720 1288 804 exstinguitur,
1333 739 1388 786 et
1424 729 1609 785 videre
1654 739 1761 780 non
1803 727 2002 792 potest,

427 833 553 903 quia
580 840 745 898 certe,
776 840 835 887 ut
852 830 965 901 jam
992 827 1122 896 dixi,
1148 828 1327 882 lumen
1353 824 1508 893 gerit,
1539 819 1681 890 quod
1702 832 1808 873 non
1832 822 2006 873 atten—

426 918 524 989 dit,
552 930 678 978 ante
706 921 847 977 enim
872 934 1031 991 quam
1059 917 1446 984 exstinguatur,
1481 920 1588 974 est,
1622 908 1796 963 donec
1839 905 2002 961 lucet.

426 1013 494 1068 Et
522 1014 646 1084 quia
672 1014 740 1068 ah
768 1027 834 1067 eo
865 1024 1033 1079 usque
1060 1008 1128 1063 ad
1156 1005 1339 1062 mundi
1369 1003 1528 1057 linem
1557 1013 1707 1055 sacra
1730 995 2005 1064 Scriptura

425 1123 539 1163 non
584 1106 818 1171 tollitur,
850 1104 894 1159 si
924 1113 1214 1172 antequam
1258 1096 1656 1164 exstinguatur,
1689 1105 1798 1144 non
1836 1084 2004 1152 videt,

426 1215 549 1256 cum
574 1198 758 1255 mundi
788 1198 895 1253 ﬁne
921 1196 1225 1253 extenditur
1262 1193 1315 1247 in
1344 1190 1605 1246 cmcitate.
1637 1184 1792 1253 Quod
1832 1182 1877 1237 si
1913 1196 2004 1236 ac-

426 1293 613 1350 censio
637 1292 754 1360 ejus
781 1288 1014 1346 refertur
1040 1285 1111 1342 ad
1158 1284 1329 1340 zelum
1359 1280 1623 1352 perﬁdim,
1668 1277 1867 1333 idcirco
1900 1291 2007 1329 non

425 1392 607 1456 potest
640 1381 854 1446 videre,
883 1379 1007 1449 quia
1036 1393 1143 1433 non
1166 1374 1542 1443 exstinguitur.
1573 1371 1707 1425 Nam
1758 1369 1803 1425 si
1831 1368 2007 1435 ignem

426 1475 664 1547 perﬁdiae
684 1473 751 1529 de
770 1481 948 1528 mente
968 1469 1349 1537 exstingueret,
1364 1465 1544 1519 ablato
1562 1460 1849 1531 impietatis
1866 1458 2010 1526 zelo,

425 1567 495 1622 ad
522 1565 775 1637 placitum
797 1578 937 1620 vera:
959 1560 1086 1617 ﬁdei
1115 1561 1295 1615 lumen
1324 1556 1521 1612 mentis
1544 1553 1728 1609 oculos
1750 1551 2005 1622 aperiret.

424 1656 531 1711 Sed
560 1655 687 1711 dum
712 1654 891 1709 videre
936 1667 1044 1709 non
1070 1665 1227 1722 posse
1257 1647 1448 1703 dicitur
1466 1686 1481 1713 ,
1530 1643 1744 1711 indigna
1790 1640 2010 1696 lucerna

423 1747 767 1819 perhibetur,
799 1752 853 1799 et
881 1742 949 1797 ad
978 1739 1266 1798 videndum
1296 1751 1358 1792 ea
1379 1749 1497 1805 qua:
1526 1734 1687 1803 digna
1707 1739 1789 1787 est
1815 1730 2010 1803 quteri-

427 1849 535 1899 tur.
566 1841 699 1896 Nam
728 1837 930 1906 subdit,
962 1837 1145 1892 dicens
1175 1851 1192 1891 :

2107 645 2279 712 Quare
2314 661 2418 699 non
2462 642 2629 715 magis
2667 640 2903 711 fraudem
2942 639 3178 706 patimini
3221 636 3270 708 (Ι
3322 636 3445 692 Car.
3468 652 3557 705 v1,
3588 637 3684 707 7)?

2104 735 2350 791 Dormire
2372 734 2570 803 quippe
2606 732 2663 786 in
2705 730 2907 799 templo
2936 729 3031 784 Dei
3061 744 3168 784 non
3198 742 3358 797 posse
3384 742 3686 797 conspexe-

2104 835 2208 893 rat,
2237 842 2373 895 quos
2388 824 2711 895 judiciorum
2727 820 3014 891 occupatio
3037 835 3068 873 a
3089 818 3316 889 spiritali
3335 817 3688 873 meditatione

2103 917 2435 973 retrahebat.
2482 916 2764 972 Dormiens
2791 928 2921 983 ergo
2950 913 3005 969 in
3033 912 3236 982 templo
3260 919 3484 967 vocatus
3512 927 3544 966 a
3574 911 3685 967 Do-

2105 1010 2253 1065 mino
2298 1009 2523 1077 dicitur,
2565 1008 2691 1078 quia
2721 1006 2811 1062 ille
2842 1014 2965 1061 tunc
2991 1005 3189 1062 doctor
3217 1004 3285 1059 ad
3311 1002 3691 1072 cognoscenda

2106 1101 2287 1156 divina
2312 1109 2519 1157 secreta
2554 1105 2859 1168 assumptus
2887 1106 2999 1163 est,
3046 1096 3140 1165 qui
3183 1111 3279 1165 per
3305 1095 3483 1151 cordis
3513 1094 3692 1148 inten-

2106 1189 2311 1245 tionem
2337 1206 2441 1246 non
2464 1189 2519 1244 in
2540 1186 2917 1253 exterioribus,
2945 1185 3041 1243 sed
3060 1186 3113 1242 in
3135 1184 3481 1242 interioribus
3509 1197 3694 1240 mora-

2106 1280 2285 1338 batur.
2332 1281 2583 1351 Sequitur
2614 1299 2627 1335 :

2182 1372 2367 1443 (Vers.
2417 1371 2488 1435 4,
2540 1369 2630 1441 5.)
2678 1368 2778 1435 Qui
2825 1368 3173 1440 respondens,
3214 1367 3291 1421 ait
3333 1382 3352 1421 :
3399 1364 3537 1422 Ecce
3574 1381 3692 1435 ego.

2111 1463 2181 1519 Et
2228 1465 2450 1521 cucurrit
2506 1465 2575 1519 ad
2623 1463 2746 1519 [leti
2787 1471 2836 1518 et
2875 1462 3009 1517 dixit
3062 1475 3081 1515 :
3145 1459 3355 1519 Vacasti
3400 1458 3539 1513 enim
3591 1472 3695 1513 me.

2114 1558 2215 1624 Qui
2271 1559 2405 1615 dixit
2450 1576 2468 1613 .'
2518 1556 2644 1614 Non
2685 1558 2859 1615 uocaui
2923 1564 3013 1624 te,
3057 1555 3138 1625 ﬁli
3196 1556 3301 1621 mi,
3350 1561 3601 1610 revertere
3645 1562 3700 1608 et

2112 1652 2298 1709 dormi.

2182 1746 2234 1800 8.
2275 1745 2382 1803 Cur
2426 1746 2470 1801 is
2498 1744 2590 1815 qui
2629 1752 2913 1801 vocantem
2949 1758 3010 1799 se
3039 1740 3324 1798 Dominum
3354 1737 3596 1804 audivit,
3626 1738 3699 1792 ad

2111 1839 2231 1895 Heli
2260 1838 2517 1905 cucurrit,
2549 1836 2648 1892 nisi
2676 1836 2805 1906 quia
2829 1850 2889 1892 se
2935 1835 3005 1890 ab
3031 1832 3153 1890 Heli
3179 1839 3429 1889 vocatum
3458 1829 3702 1899 putavit?

497 1954 673 2025 (Vers.
700 1952 779 2021 '5.)
808 1950 1021 2007 Samuel
1032 1957 1219 2023 autem
1262 1944 1544 2001 dormiebat
1592 1944 1648 1997 in
1674 1946 1861 2013 tempto
1897 1940 2011 1995 Do-
2038 1908 2087 1973 Β
2113 1930 2181 1988 Et
2204 1932 2329 2002 quia
2357 1931 2749 2001 explanationis
2779 1928 2969 1999 typicae
2998 1926 3241 1983 ordinem
3273 1932 3536 1987 tenemus,
3565 1936 3707 1989 quo-

425 2046 573 2109 mini,
597 2044 684 2111 ubi
704 2052 817 2098 erat
836 2059 960 2097 arca
979 2041 1211 2107 Domini,
1234 2049 1284 2095 et
1306 2044 1505 2095 vocavit
1522 2035 1777 2091 Dominus
1794 2034 2010 2091 Samue-

425 2137 546 2191 lem.

497 2227 552 2281 6.
585 2225 914 2283 Conﬁrmata
937 2226 1178 2281 cineitate
1218 2222 1373 2290 Heli,
1404 2218 1710 2277 Samuelem
1759 2215 2013 2273 Dominus

424 2319 675 2385 vocavit,
723 2320 885 2390 quia,
934 2318 1191 2375 damnato
1232 2315 1541 2372 Judteorum
1579 2310 1914 2376 sacerdotio,
1946 2308 2016 2365 ad

428 2409 691 2480 majorem
719 2410 946 2479 gratiam
977 2424 1175 2467 novum
1203 2407 1620 2479 praedicatorum
1650 2402 1894 2459 ordinem
1923 2416 2014 2456 as-

427 2503 675 2572 sumpsit.
707 2502 814 2556 Sed
842 2501 933 2570 qui
961 2500 1210 2571 exposuit
1235 2514 1395 2569 quem
1415 2496 1647 2561 vocavit,
1680 2493 1823 2551 unde
1852 2492 2016 2549 etiam

427 2603 648 2650 vocaret
687 2593 922 2676 ostendit
927 2632 952 2676 J
994 2592 1119 2661 quia
1150 2592 1207 2647 in
1238 2589 1438 2660 templo
1475 2587 1723 2653 Domini,
1764 2586 1853 2640 ubi
1900 2595 2018 2638 erat

427 2702 586 2753 arca,
612 2677 919 2745 Samuetem
945 2686 1185 2745 dormire
1226 2683 1522 2754 perhibuit.
1564 2679 1846 2749 Templum
1875 2677 2018 2732 enim

427 2777 523 2832 Dei
554 2786 637 2833 est
664 2778 815 2832 locus
846 2778 932 2832 ubi
961 2777 1169 2831 habitat
1201 2776 1358 2829 Deus.
1394 2772 1550 2828 Unde
1575 2780 1631 2827 et
1664 2787 1759 2842 per
1787 2769 2016 2824 Psalmi-

426 2878 566 2926 stam
590 2873 787 2926 dieitur
810 2888 823 2925 z
855 2868 1106 2925 Dominus
1134 2869 1190 2923 in
1212 2867 1399 2938 templo
1420 2872 1601 2920 sancto
1626 2880 1737 2930 suo,
1766 2862 2019 2916 Dominus

427 2963 484 3017 in
505 2962 629 3018 caelo
658 2963 805 3018 sedes
831 2964 943 3033 ejus
968 2960 1144 3033 (Psal.
1177 2976 1242 3027 x,
1264 2957 1341 3025 5).
1373 2957 1543 3025 Quem
1572 2954 1815 3028 profecto
1838 2954 2018 3009 locum

427 3057 628 3113 Paulus
656 3056 912 3118 insinuat,
943 3054 1171 3119 dicens:
1204 3051 1473 3123 Templum
1503 3050 1603 3105 Dei
1648 3057 1881 3104 sanctum
1921 3053 2020 3115 est,

428 3146 565 3215 quod
586 3146 710 3200 estis
730 3161 819 3207 vos
862 3142 919 3215 (Ι
946 3144 1066 3205 Cor.
1116 3158 1206 3210 ru,
1246 3142 1359 3211 17).
1409 3140 1689 3211 Templum
1719 3140 1897 3208 itaque
1924 3137 2021 3193 Dei

429 3241 853 3310 uniuscujusque
880 3248 962 3295 est
993 3238 1173 3299 anima
1218 3236 1396 3292 electi.
1431 3235 1712 3304 Templum
1758 3233 1848 3288 ubi
1897 3248 2019 3287 arca

429 3332 524 3388 Dei
551 3331 866 3388 reconditur
893 3346 1047 3386 mens
1070 3337 1154 3385 est
1172 3371 1189 3396 ,
1217 3327 1269 3383 in
1299 3342 1403 3397 qua
1429 3326 1594 3381 divini
1621 3325 1821 3394 eloquii
1841 3339 2022 3380 sacra—
2051 3295 2097 3359 ο

429 3432 612 3481 ments
640 3439 738 3495 per
785 3421 1199 3492 intelligentiam
1246 3428 1611 3475 reservantur.
1640 3416 1778 3483 Quid
1818 3430 1947 3485 ergo
1974 3415 2025 3471 ei

430 3516 574 3573 aliud
596 3516 833 3572 dormire
860 3515 915 3571 in
945 3513 1179 3585 templo,
1208 3512 1311 3567 nisi
1354 3527 1450 3581 per
1478 3509 1794 3565 intentionis
1838 3519 2024 3564 custo-

432 3608 576 3665 diam
601 3611 657 3664 in
678 3609 896 3679 prepria
925 3604 1410 3677 circumspectione
1434 3602 1761 3674 persistere?
1808 3600 2027 3658 Samuel

433 3700 616 3770 itaque
637 3698 940 3754 dormiebat
988 3698 1041 3753 in
1090 3696 1289 3766 templo
1332 3695 1465 3762 Dei,
1498 3694 1798 3765 quianon:
1843 3694 2028 3761 gratim

435 3781 805 3859 unusquisque
830 3786 1169 3858 praedicator,
1194 3786 1322 3841 dum
1344 3792 1536 3840 cuncta
1559 3800 1679 3853 quae
1702 3783 1884 3839 mundi
1906 3790 2031 3838 sunt

437 3878 676 3951 perfecte
700 3876 1046 3947 contempsit,
1073 3875 1128 3931 in
1149 3874 1337 3930 electa:
1362 3889 1471 3929 sua:
1492 3874 1686 3929 mentis
1706 3873 1890 3928 intima
1921 3872 2027 3927 cir-

442 3970 847 4041 cumspectione
884 3967 1168 4039 requievit.
1194 3965 1264 4023 Et
1300 3965 1427 4037 quia
1471 3965 1526 4021 in
1563 3964 1917 4021 sacramentis
1945 3964 2029 4019 di-

440 4063 581 4141 vinae
611 4061 905 4133 Scriptura:
947 4060 1188 4118 eruditus
1212 4058 1333 4128 fuit,
1366 4058 1421 4114 in
1463 4058 1668 4129 templo
1702 4058 2027 4127 dormiebat,

440 4158 532 4214 ubi
558 4166 677 4213 erat
702 4172 849 4215 arca.

511 4250 562 4302 7.
587 4249 656 4306 Et
700 4246 999 4305 notandum
1044 4248 1170 4318 quia
1216 4260 1326 4301 non
1371 4244 1567 4300 dicitur
1613 4243 1900 4312 dormivit,
1939 4245 2033 4299 sed

442 4340 766 4407 dormiebat,
812 4339 938 4408 quia
966 4338 1220 4393 nimirum
1244 4336 1493 4393 eamdem
1542 4336 1736 4393 mentis
1783 4352 1893 4391 suae
1922 4337 2029 4391 cir-

445 4431 904 4502 cumspectionem
920 4446 1052 4518 ‘non
1080 4430 1133 4484 in
1166 4432 1392 4485 transitu
1434 4445 1651 4486 servare
1678 4429 1909 4496 studuit,
1939 4428 2033 4485 sed

446 4524 502 4579 in
548 4524 902 4579 diuturnitate
949 4522 1384 4592 perseverantia.
1435 4522 1669 4577 Sumnus
1713 4523 1894 4591 itaque
1936 4520 2035 4576 Sa-

2114 2026 2278 2081 modo
2301 2024 2417 2079 llcli
2442 2031 2682 2095 putatur,
2707 2037 2830 2077 cum
2858 2028 3055 2076 vocato
3076 2033 3248 2089 puero
3269 2018 3409 2073 Deus
3428 2014 3703 2083 loquitur?

2115 2118 2222 2175 Sed
2262 2130 2599 2186 quaecunque
2628 2116 2681 2170 in
2721 2112 3013 2183 Scripturis
3057 2110 3257 2172 sanctis
3300 2107 3487 2163 Patres
3533 2107 3707 2161 nostri

2116 2218 2328 2265 veteres
2374 2207 2538 2263 locuti
2564 2212 2711 2273 sunt,
2755 2203 2827 2260 ad
2855 2202 2974 2260 Heli
3010 2201 3317 2258 referuntur
3347 2198 3704 2255 locutionem.

2118 2302 2219 2370 Qui
2245 2300 2664 2369 nimirum,quia
2693 2313 2724 2353 a
2748 2295 3050 2365 semetipsis
3071 2308 3180 2350 non
3207 2301 3334 2350 sunt
3358 2292 3553 2357 locuti,
3578 2290 3708 2345 dum

2118 2393 2261 2449 Deus
2286 2408 2383 2463 per
2409 2406 2503 2448 eos
2531 2405 2651 2461 quae
2681 2388 2853 2444 voluit
2876 2388 3087 2443 locutus
3110 2393 3214 2451 est,
3243 2399 3307 2441 ea
3334 2399 3453 2454 qua:
3478 2384 3533 2438 in
3561 2381 3709 2438 Scri-

2118 2483 2291 2556 pturis
2318 2481 2520 2536 sanctis
2548 2478 2762 2534 auditur
2788 2492 2895 2533 vox
2922 2475 3019 2530 Dei
3039 2489 3161 2531 esse
3189 2472 3552 2543 cognoscitur,
3585 2484 3707 2540 qua:

2120 2590 2216 2645 per
2243 2572 2361 2629 Heli
2392 2569 2685 2643 profertur.
2710 2570 2849 2625 Puer
2876 2573 3081 2635 autem,
3107 2563 3252 2634 quia,
3283 2564 3538 2632 loquente
3570 2561 3706 2626 Deo,

2122 2665 2189 2719 ad
2218 2663 2337 2718 Heli
2367 2660 2639 2727 cucurrit,
2668 2674 2858 2715 vocem
2886 2656 3131 2727 profecto
3164 2654 3306 2711 Deus
3334 2654 3452 2709 Heli
3478 2652 3710 2711 similem

2122 2754 2365 2827 protulit.
2405 2751 2543 2819 Quid
2586 2764 2714 2820 ergo
2743 2759 2826 2805 est
2854 2750 2999 2820 quod
3026 2747 3220 2803 divinte
3268 2745 3558 2801 locutionis
3604 2760 3711 2800 vox

2124 2850 2191 2905 ab
2223 2848 2343 2904 lleli
2369 2861 2505 2902 voce
2524 2852 2659 2901 'non
2688 2843 2898 2909 diﬁcrt,
2932 2842 3033 2898 nisi
3061 2842 3187 2911 quia
3216 2848 3270 2895 et
3300 2855 3395 2910 per
3416 2837 3603 2895 Patres
3622 2852 3715 2893 ve-

2124 2950 2270 2997 teres
2324 2938 2441 3010 ipse
2487 2937 2817 2994 locutionem
2860 2934 3102 3008 profert?
3150 2933 3269 2989 Vox
3314 2946 3549 3001 namque
3595 2929 3717 2987 Heli

2124 3032 2221 3088 Dei
2242 3045 2361 3087 esse
2389 3028 2755 3099 cognoscitur,
2778 3026 3035 3097 quoniam
3048 3023 3218 3095 electi
3243 3022 3430 3077 Patres
3452 3018 3719 3091 quidquid

2124 3141 2223 3197 per
2248 3139 2400 3179 sacra
2444 3121 2658 3191 eloquia
2686 3121 3014 3190 loquuntur,
3043 3133 3152 3173 non
3193 3131 3223 3170 a
3264 3115 3602 3186 senietipsis,
3623 3112 3721 3170 sed

2128 3236 2159 3275 a
2186 3219 2415 3275 Domino
2442 3222 2785 3286 acceperunt.
2820 3212 2975 3269 Unde
3004 3220 3060 3269 et
3088 3212 3144 3267 in
3171 3208 3455 3281 prOphetis
3477 3223 3571 3277 per
3598 3222 3719 3263 om-

2128 3330 2253 3370 nem
2300 3312 2414 3367 fere
2458 3308 2783 3366 locutionem
2824 3307 3088 3377 repetitur
3130 3322 3143 3359 :
3186 3300 3316 3357 Htec
3358 3300 3483 3355 dicit
3534 3296 3721 3353 Domi-

2129 3423 2248 3475 nus,
2276 3411 2335 3458 ut
2361 3418 2425 3458 ea
2470 3415 2588 3473 qua:
2629 3399 2905 3472 propheta:
2942 3396 3163 3454 oraculo
3190 3410 3295 3450 vox
3336 3397 3555 3448 resonat
3591 3403 3721 3444 sen-

2127 3496 2323 3551 tiamus
2343 3508 2452 3551 non
2482 3507 2603 3549 esse
2636 3490 2906 3561 loquentis
2932 3486 3195 3553 hominis,
3222 3482 3319 3543 sed
3357 3478 3722 3555 praecipientis

2129 3586 2248 3643 Dei.

2202 3678 2251 3731 9.
2278 3676 2583 3747 Aliquando
2614 3682 2793 3730 autem
2817 3686 2916 3743 per
2932 3670 3266 3741 Scripturam
3296 3668 3535 3738 loquitur
3558 3666 3725 3734 Deus,

2131 3768 2421 3840 aliquando
2460 3784 2556 3838 per
2585 3766 2851 3823 occultam
2894 3762 3322 3834 inspirationem.
3374 3760 3728 3817 Revelatione

2132 3868 2311 3913 autem
2339 3857 2549 3913 occulta
2575 3856 2830 3925 loquitur,
2863 3870 2984 3911 cum
3013 3854 3198 3909 electa:
3227 3852 3393 3907 menti
3427 3867 3525 3922 per
3550 3848 3727 3920 Spiri-

2131 3958 2278 4019 tum,
2309 3959 2401 4005 aut
2444 3948 2684 4017 agenda,
2735 3954 2826 4002 aut
2854 3945 3096 4003 docenda
3129 3943 3453 4015 panduntur.
3502 3940 3725 3997 Samuel

2133 4046 2345 4114 itaque,
2370 4058 2493 4099 cum
2522 4048 2806 4096 vocantem
2835 4054 2895 4095 se
2921 4038 3207 4094 Dominum
3237 4035 3473 4097 audivit,
3512 4032 3579 4089 ad
3601 4031 3724 4087 lleli

2134 4135 2400 4199 cucurrit,
2448 4134 2573 4205 quia
2612 4132 2819 4188 electus
2882 4127 3017 4185 ordo
3062 4127 3477 4199 praedicatorum
3522 4133 3726 4179 sancta:

2123 4226 2389 4284 ‘Ecclesim
2418 4227 2521 4282 hoc
2543 4224 2709 4295 quod,
2736 4224 2849 4278 Deo
2871 4221 3165 4282 revelante,
3189 4224 3541 4287 cognoverat,
3561 4214 3729 4284 quale

2133 4330 2274 4379 esset
2309 4321 2365 4376 in
2402 4334 2559 4376 sacro
2608 4318 2822 4388 eloquio
2860 4314 3222 4387 perquircbat.
3268 4311 3473 4387 Regula
3513 4311 3722 4379 quippe

2134 4420 2297 4467 rectae
2321 4410 2685 4479 intelligentiae
2712 4409 2765 4462 in
2787 4406 3079 4476 Scriptura:
3100 4418 3267 4460 sacrae
3291 4402 3443 4458 libris
3467 4416 3731 4470 expressa

2136 4512 2218 4560 est
2238 4547 2254 4573 ,
2307 4503 2433 4575 quia
2463 4502 2642 4556 divina
2682 4499 2907 4555 consilia
2936 4498 3009 4553 ibi
3057 4512 3153 4569 per
3178 4494 3513 4551 venerabiles
3540 4492 3736 4547 Patres

447 4615 642 4671 rnuelis
688 4584 983 4684 perfectum
1026 4614 1210 4669 mundi
1271 4622 1639 4685 contemptum
1686 4584 1932 4682 designat
1979 4614 2033 4668 in
2065 4666 2113 4685 ﬁ
2138 4603 2353 4652 nostros
2375 4594 2621 4665 exposita
2659 4598 2804 4660 sunt,
2835 4592 2925 4659 qui
2952 4589 3212 4659 Spiritum
3240 4594 3483 4642 sanctum
3524 4584 3736 4640 habue-

446 4712 632 4762 mente
658 4666 915 4759 droctoris.
960 4702 1172 4758 Dormit
1215 4716 1343 4771 ergo
1375 4666 1693 4773 praedicator
1723 4702 1779 4757 in
1804 4666 2023 4772 templo,

2142 4698 2287 4744 runt.
2320 4689 2552 4742 Vocatus
2580 4699 2709 4754 ergo
2741 4694 2765 4720 τί
2799 4690 2908 4738 tam
2947 4682 3144 4753 saepius
3171 4695 3201 4735 a
3231 4678 3461 4733 Domino
3488 4676 3733 4743 Samuel,

448 4800 610 4865 dum,
662 4795 879 4867 repulsa
908 4810 939 4850 a
980 4810 1039 4851 se
1081 4794 1296 4864 penitus
1342 4794 1611 4850 mundana
1638 4793 2032 4861 sollicitudine,

450 4904 569 4946 sese
596 4904 692 4960 per
716 4886 1206 4945 considerationem
1234 4900 1411 4941 rerum
1457 4885 1817 4954 spiritualium
1846 4900 2037 4941 recon-

449 4981 529 5035 dit
555 4980 610 5035 in
656 4989 858 5038 mente.
904 4978 1073 5049 Hujus
1116 4992 1350 5048 namque
1373 4977 1550 5032 somni
1580 4978 1813 5047 quietem
1845 4975 2039 5032 Petrus

452 5070 720 5139 elegerat,
766 5086 889 5129 cum
918 5070 1131 5127 dicebat
1172 5086 1184 5121 :
1229 5066 1355 5123 Non
1399 5075 1477 5122 est
1523 5068 1711 5123 bonum
1753 5068 2036 5139 relinquere

457 5167 614 5236 115
640 5152 847 5219 uerbum
872 5162 970 5217 Dei
992 5203 1010 5231 ,
1056 5170 1106 5217 et
1137 5160 1434 5217 ministrare
1474 5162 1665 5215 mensis
1696 5161 1830 5230 (Act.
1858 5175 1930 5227 v1,
1961 5158 2039 5231 2).

453 5256 591 5313 Hinc
618 5255 767 5313 Jetro
818 5254 1107 5313 Madianita
1134 5254 1358 5326 Moysen
1391 5260 1675 5322 cognatum
1721 5266 1875 5307 suum
1898 5251 2044 5320 juste

454 5349 652 5417 arguit,
683 5348 872 5406 dicens
902 5366 915 5402 :
947 5349 1120 5403 Stulto
1150 5346 1322 5402 labore
1348 5348 1664 5401 consumeris
1692 5355 1774 5411 tu;
1807 5346 1895 5399 sed
1920 5348 2044 5402 audi

456 5437 609 5490 verba
627 5455 770 5505 mea,
819 5447 868 5493 et
901 5427 998 5493 οἴει
1038 5438 1289 5493 Dominus
1321 5446 1505 5491 tecum.
1532 5435 1654 5491 Esto
1683 5446 1732 5489 tu
1772 5438 1959 5507 populo
1988 5440 2041 5493 in

456 5528 520 5580 iis
544 5543 656 5598 qua:
677 5529 743 5581 ad
770 5528 932 5581 Deum
963 5529 1237 5597 pertinent,
1267 5537 1321 5579 ut
1343 5528 1536 5596 referas
1558 5541 1671 5595 qua:
1715 5526 1955 5579 dicuntur
1975 5526 2044 5581 ad

461 5632 576 5669 eum
605 5617 809 5687 (Exod.
833 5617 1108 5683 “111,18,
1142 5615 1263 5686 19).
1315 5616 1453 5671 Hinc
1504 5614 1698 5671 Paulus
1746 5616 1813 5671 ad
1858 5618 2043 5687 templi

462 5724 708 5765 somnum
743 5708 1052 5766 Corinthios
1094 5716 1340 5776 revocat,
1384 5706 1567 5763 dicens
1616 5723 1629 5760 :
1668 5706 1790 5762 Jam
1835 5708 2041 5775 quidem

541 5921 565 5948 ο
606 5910 796 5981 Gilot.,
819 5910 1137 5981 jantsazpius
1176 5926 1208 5962 α
1238 5908 1460 5966 Domino
1486 5910 1723 5966 Samuel.

2143 4780 2209 4835 ad
2244 4779 2360 4834 Heli
2388 4776 2657 4840 cucurrit,
2695 4776 2821 4845 quia
2847 4774 2979 4829 ordo
3020 4772 3433 4843 przedicatorum
3482 4769 3539 4823 in
3582 4766 3734 4824 omni

2142 4869 2289 4941 quod
2331 4868 2556 4939 spiritali
2596 4868 2927 4924 revelatione
2977 4866 3161 4927 didicit
3209 4864 3428 4920 Patrum
3476 4871 3729 4916 veterum

2145 4956 2289 5017 dicta
2318 4960 2618 5028 consuluit,
2645 4969 2702 5014 ut
2730 4967 2859 5014 tunc
2887 4958 3102 5014 demum
3130 4974 3161 5012 a
3185 4956 3413 5013 Domino
3439 4954 3541 5010 sibi
3566 4953 3736 5010 fuisse

2144 5055 2441 5111 revelatum
2468 5054 2750 5121 crederet,
2788 5068 2910 5109 cum
2939 5052 3006 5108 ab
3050 5067 3117 5107 eo
3145 5051 3289 5124 quod
3317 5051 3372 5105 in
3402 5065 3556 5104 sacra
3587 5049 3736 5104 Scri-

2148 5154 2305 5217 ptura
2336 5145 2546 5214 legebat
2575 5159 2912 5217 nequaquam
2945 5143 3159 5200 diﬁerre
3196 5142 3559 5212 cognovisset.
3598 5140 3737 5195 Nam

2148 5237 2305 5294 facile
2331 5238 2531 5293 fallitur
2560 5238 2653 5310 qui
2695 5240 2799 5294 hoc
2843 5237 2986 5309 quod
3017 5236 3229 5293 occulta
3270 5234 3738 5305 contemplatione

2150 5333 2353 5401 colligit
2374 5333 2427 5386 in
2450 5333 2704 5402 praeclara
2734 5338 2932 5385 sanctae
2954 5330 3247 5401 Scriptura:
3288 5328 3519 5384 veritate
3560 5327 3739 5382 nescit

2148 5425 2416 5480 discutere
2462 5424 2622 5493 quale
2660 5423 2749 5477 sit.
2802 5421 2953 5477 Unde
3000 5430 3056 5477 et
3100 5420 3389 5492 Apostolus
3426 5420 3733 5482 denuntiat,

2149 5521 2332 5576 dicens
2374 5539 2386 5573 :

2147 5613 2237 5687 (II
2264 5612 2382 5668 Cor.
2411 5629 2485 5678 x1,
2514 5611 2624 5683 14).
2667 5609 2948 5677 Quomodo
2977 5617 3158 5663 autem
3186 5606 3321 5661 falsa
3351 5606 3405 5659 in
3432 5620 3574 5659 vene
3599 5604 3738 5658 lucis

2146 5708 2391 5764 claritate
2419 5705 2835 5763 discernuntur?
2864 5703 2945 5759 Ad
2972 5700 3090 5759 Heli
3138 5714 3267 5772 ergo
3295 5698 3466 5756 currit
3487 5696 3738 5764 Samuel,

2439 5519 2801 5590 Transﬁgurat
2845 5534 2899 5571 se
2954 5516 3179 5572 Satanas
3219 5516 3273 5569 in
3316 5514 3555 5583 angelum
3605 5512 3737 5565 lucis
3798 5510 3819 5521 “
