4044 6336
292 444 394 503 149

1113 440 1177 495 ΙΝ
1217 439 1477 496 PRIMUM
1520 437 1758 496 HEGUM
1798 440 2308 502 EXPOSITIONES.
2349 474 2418 489 -—
2458 446 2591 503 LIB.
2629 447 2716 502 lll.

3441 449 3541 511 150

288 558 503 631 quoties
531 571 562 610 a
592 554 819 611 Domino
842 558 1091 619 vocatur,
1122 553 1247 622 quia
1272 554 1445 608 sancti
1467 554 1865 623 pmdicatores,
1893 559 1949 619 Α
1970 556 2193 612 minime
2217 566 2460 627 possunt.
2491 558 2631 625 Quid
2658 567 2740 615 est
2768 572 2896 629 ergo
2922 561 3103 643 dicere
3127 563 3254 621 Non
3278 574 3327 621 to
3346 575 3541 640 vocavi,

286 672 355 710 ne
387 653 533 708 falsa:
561 651 696 706 lucis
741 650 971 718 imagine
1000 649 1052 703 in
1082 649 1269 705 intima
1298 650 1749 725 contemplatione
1776 651 1875 704 fal-

284 748 482 812 lantur,
516 745 734 800 modum
778 743 999 797 occultat
1027 743 1371 799 revelationis
1400 744 1453 799 in
1490 745 1647 817 118
1687 752 1872 815 aperta

284 836 579 904 Scriptura:
608 839 807 888 sancta:
828 832 1055 888 veritate
1100 832 1411 889 discutiunt.

354 894 441 979 id.
502 925 635 991 Quia
672 925 726 978 in
772 938 832 979 re
878 922 1224 992 quaerendum
1280 932 1363 980 est
1424 926 1698 996 quomodo
1752 894 1913 982 Heli}

282 1019 465 1073 dicere
493 1025 769 1090 competat
794 1034 806 1070 :
838 1016 963 1071 Non
988 1025 1036 1070 te
1061 1019 1233 1070 vocavi
1251 1055 1266 1080 ,
1298 1018 1379 1087 fili
1412 1020 1501 1072 mi.
1532 1018 1639 1075 Sed
1685 1018 1872 1074 Patres

282 1110 483 1173 nostri,
531 1109 622 1177 qui
653 1123 749 1177 per
784 1120 995 1162 sacrum
1032 1108 1305 1177 eloquium
1353 1109 1510 1164 novis
1549 1110 1869 1178 [medicato-

279 1202 426 1257 ribus
452 1202 747 1269 loquuntur
766 1238 782 1264 ,
810 1214 916 1253 non
947 1214 1040 1253 eos
1068 1206 1299 1265 vocant,
1348 1200 1440 1255 sed
1470 1202 1645 1269 qualis
1672 1203 1743 1256 sit
1783 1202 1867 1256 in-

279 1303 433 1350 terna
471 1309 659 1349 eorum
688 1293 948 1348 revelatio
993 1293 1252 1349 indicant.
1303 1293 1511 1349 Vocare
1548 1296 1747 1349 etenim
1773 1296 1866 1349 Dei

278 1388 579 1443 electorum
631 1400 851 1439 suorum
902 1393 1111 1439 mentes
1161 1384 1488 1455 aSpiratione
1534 1400 1645 1439 suae
1681 1387 1866 1453 gratias

277 1478 521 1533 excitare
575 1483 675 1530 est.
728 1475 947 1545 Antiqui
985 1489 1114 1529 vero
1160 1473 1348 1530 Patres
1395 1489 1494 1543 per
1532 1473 1865 1544 Scripturam

277 1568 494 1639 quidem
544 1581 751 1623 sacram
800 1567 1126 1635 loquuntur,
1176 1564 1271 1621 sed
1319 1574 1497 1620 tamen
1538 1566 1867 1636 aspiratione

277 1660 471 1715 divinae
498 1659 685 1726 gratia:
730 1657 894 1713 corda
935 1656 1266 1712 audientium
1306 1657 1542 1712 excitare
1582 1672 1689 1712 non
1739 1674 1865 1728 pos-

275 1758 420 1804 sunt.
449 1748 707 1803 Consulta
752 1762 882 1817 ergo
927 1761 1080 1803 sacra
1124 1747 1369 1816 eloquia,
1402 1747 1529 1802 dum
1575 1763 1635 1803 se
1662 1748 1862 1803 donum

274 1839 566 1908 spiritualis
608 1838 795 1908 gratiae
824 1838 952 1891 dare
981 1852 1087 1891 non
1117 1851 1278 1908 posse
1318 1846 1345 1876 ει
1374 1836 1646 1905 indicant,
1676 1846 1863 1894 aucto-

1973 647 2077 701 nisi
2101 648 2423 705 desiderium
2451 651 2714 706 donorum
2755 652 3070 720 spiritalium
3118 668 3220 723 ego
3247 671 3356 713 non
3380 658 3543 715 dedi?

1972 735 2108 792 Nam
2136 738 2180 793 si
2208 754 2357 793 saera
2388 740 2660 809 Scriptura
2680 780 2695 805 ,
2720 747 2813 796 aut
2839 741 3029 810 aliquis
3052 744 3375 814 scriptorum
3402 748 3540 805 dona

1972 831 2229 900 spiritalia
2255 831 2539 901 conferret,
2570 842 2835 905 quotquot
2862 849 3015 892 saera
3041 837 3253 907 eloquia
3280 839 3540 909 legerent,

1971 931 2237 993 quotquot
2273 934 2473 981 sanctae
2496 925 2783 997 Scriptum
2812 936 3129 987 tractatorea
3156 934 3417 1001 audirent,
3447 936 3539 991 do-

1970 1014 2054 1068 nis
2090 1015 2416 1082 spiritalibus
2470 1028 2829 1074 ornarentur-
2860 1022 3013 1077 Nunc
3058 1039 3187 1079 vero
3225 1040 3345 1081 cum
3390 1028 3542 1082 multi

1968 1117 2175 1157 sacram
2206 1104 2535 1174 Scripturam
2554 1108 2751 1177 legant,
2772 1120 2826 1165 et
2847 1120 3141 1171 tractantes
3168 1116 3543 1186 praedicatores

1968 1196 2213 1262 audiant,
2247 1205 2301 1251 et
2330 1206 2451 1266 post
2475 1200 2707 1255 studium
2746 1202 3022 1272 lectionis,
3056 1214 3112 1261 et
3151 1208 3543 1277 praedicationis

1968 1287 2429 1355 adhortationem,
2461 1292 2549 1345 alii
2574 1292 2623 1345 in
2655 1293 2879 1362 pristino
2902 1295 3098 1366 frigore
3128 1298 3378 1354 vitiorum
3416 1316 3544 1357 suo-

1967 1394 2084 1433 rum
2115 1388 2459 1445 remaneant,
2489 1382 2579 1435 alii
2609 1397 2705 1452 per
2729 1385 2956 1452 gratiam
2982 1387 3035 1442 in
3065 1404 3303 1445 amorem
3329 1400 3545 1448 sancta-

1966 1485 2085 1524 rum
2132 1471 2387 1526 virtutum
2433 1470 2704 1540 ferveant;
2755 1486 2941 1544 aperte
2994 1478 3161 1549 liquet
3208 1482 3332 1551 quia
3387 1485 3543 1555 117

1966 1559 2101 1615 ordo
2130 1560 2349 1615 Patrum
2379 1564 2765 1619 venerabilium
2798 1566 2939 1621 dona
2983 1570 3137 1626 nobis
3165 1572 3421 1629 virtutum
3447 1590 3542 1643 per

1966 1653 2137 1708 editas
2185 1652 2485 1724 Scripturas
2529 1657 2795 1723 ostendit,
2844 1658 2938 1713 sed
2979 1674 3219 1717 amorem
3264 1664 3541 1733 virtutum,

1965 1758 2100 1813 quas
2127 1744 2380 1812 insinuat,
2414 1746 2560 1801 solus
2588 1747 2743 1803 nobis
2782 1749 3032 1804 conditor
3057 1752 3259 1807 tribuit.
3286 1754 3463 1820 Quare
3486 1764 3542 1811 et

1965 1833 2194 1889 Jacobus
2215 1836 2302 1905 pic
2318 1836 2589 1903 admonet,
2615 1838 2799 1895 dicens
2832 1858 2846 1893 :
2886 1840 3053 1897 Omne
3075 1844 3249 1899 datum
3271 1849 3539 1919 optimum,

275 1930 435 1984 ritate
462 1930 727 1985 Samuelis
764 1943 889 1984 sese
928 1928 1047 1983 Heli
1084 1930 1233 1984 velut
1269 1929 1587 1997 quibusdam
1629 1932 1860 1987 locutio-
1892 1948 1941 2008 Β
1967 1933 2017 1979 et
2040 1942 2187 1980 omne
2226 1926 2415 1981 donum
2437 1931 2715 2001 perfectum
2741 1929 3009 1985 demiratum
3032 1942 3140 2003 est,
3170 1936 3483 1993 descendens
3513 1956 3546 1992 a

276 2022 435 2075 nibus
464 2029 744 2077 excusant.
786 2019 890 2075 Sed
936 2021 1042 2075 hoc
1070 2020 1351 2085 nimirum,
1384 2022 1529 2090 quod
1576 2022 1707 2077 dare
1753 2040 1865 2079 non

275 2122 541 2182 possunt,
572 2112 843 2171 insinuare
869 2112 1100 2180 qualiter
1136 2113 1340 2181 acquiri
1381 2113 1576 2169 debeat
1618 2123 1859 2183 possunt.

276 2202 439 2258 Unde
463 2212 519 2257 et
547 2202 666 2258 Heli
708 2218 838 2260 voce
866 2203 933 2258 ad
961 2204 1267 2259 Samuelem
1297 2204 1493 2260 dicitur
1521 2224 1534 2260 :
1569 2206 1859 2275 Revertere,

274 2302 325 2348 et
354 2294 541 2348 dormi.

347 2387 435 2440 11.
465 2386 603 2453 Quid
636 2394 716 2441 est
741 2386 883 2455 quod
910 2395 1160 2442 vocatum
1186 2401 1414 2457 puerum
1441 2388 1619 2445 redire
1647 2389 1764 2446 Heli
1794 2390 1863 2445 ad

275 2492 520 2533 somnum
571 2478 831 2547 praecipit,
864 2478 965 2533 nisi
994 2478 1117 2548 quia
1159 2479 1597 2548 pmdicatoribus
1626 2480 1865 2534 ostendit

275 2577 335 2623 ut
363 2568 429 2622 ad
470 2567 872 2637 percipiendum
916 2569 1115 2624 donum
1158 2569 1385 2624 interna:
1427 2571 1613 2639 gratiae
1660 2585 1721 2625 se
1767 2585 1865 2640 per

276 2660 471 2717 mentis
498 2659 736 2728 quietem
777 2660 998 2729 parent?
1025 2657 1089 2712 Et
1117 2661 1412 2715 notandum
1462 2662 1587 2730 quia
1618 2660 1814 2715 dicitur
1843 2678 1857 2715 :

276 2751 563 2806 Revertere.
614 2750 830 2806 Samuel
877 2766 1111 2821 namque
1152 2754 1441 2807 revertitur
1487 2769 1609 2807 cum
1657 2753 1862 2809 electus

278 2842 598 2913 praedicator
624 2857 656 2896 a
701 2842 1052 2897 meditatione
1080 2843 1221 2898 sacri
1249 2843 1448 2913 eloquii
1474 2843 1543 2897 ad
1588 2850 1859 2897 secretum

280 2936 422 2990 redit
442 2937 662 2991 interna:
690 2936 1183 3007 contemplationis.
1214 2936 1483 2992 Reversus
1503 2951 1630 3005 ergo
1660 2934 1861 2989 dormi-

277 3028 387 3093 vit,
414 3028 540 3096 quia
568 3028 623 3081 in
660 3027 886 3083 interna:
927 3029 1401 3099 contemplationis
1442 3028 1742 3083 intentione
1769 3038 1859 3079 re.

276 3121 501 3191 quievit.
533 3120 652 3187 Quo
695 3121 751 3175 in
782 3120 901 3178 loco
930 3121 1094 3177 etiam
1123 3124 1228 3177 hoc
1255 3121 1551 3177 notandum
1580 3130 1663 3177 est
1682 3161 1697 3187 ,
1728 3124 1858 3193 quia

277 3212 496 3269 Samuel
525 3228 555 3267 a
585 3213 813 3268 Domino
842 3220 926 3268 ter
973 3221 1227 3279 vocatur,
1278 3222 1360 3270 ter
1400 3214 1594 3269 iterum
1632 3214 1699 3270 ab
1740 3216 1859 3271 Heli

277 3306 515 3362 dormire
543 3307 849 3377 praecipitur
878 3324 891 3360 :

350 3398 447 3455 i9.
472 3401 609 3468 Quid
634 3402 868 3467 esthoc,
902 3401 1004 3455 nisi
1030 3401 1155 3471 quia
1196 3408 1305 3456 tres
1333 3402 1529 3469 gradus
1557 3402 1863 3457 dilectionis

278 3510 421 3561 esse,
448 3496 560 3563 ipsa
585 3493 823 3548 Veritate
847 3493 1097 3557 docente,
1125 3492 1442 3547 didicimus?
1467 3492 1658 3563 Diliges
1680 3493 1863 3546 Domi-

277 3604 403 3642 num
433 3585 599 3640 Deum
628 3594 850 3638 tuumea:
882 3591 985 3638 toto
1016 3584 1169 3638 corde
1204 3594 1308 3649 tuo.
1339 3593 1387 3635 et
1427 3600 1491 3636 ea:
1538 3592 1641 3636 tota
1688 3586 1863 3635 anima

280 3686 389 3743 tua,
419 3683 469 3729 et
497 3691 563 3729 ea:
590 3683 695 3729 tota
720 3675 905 3728 virtute
934 3683 1019 3727 tua
1049 3672 1260 3744 (Matth.
1294 3687 1431 3737 un,
1465 3672 1573 3742 l7).
1603 3671 1708 3726 Sed
1736 3674 1865 3741 quid

276 3766 332 3821 in
359 3765 524 3822 corde
549 3765 868 3835 accipimus,
920 3764 1021 3817 nisi
1066 3762 1391 3817 consilium?
1419 3760 1559 3828 Quid
1588 3770 1767 3817 autem
1810 3764 1866 3819 in

1888 3327 1936 3389 C

1968 2016 2126 2072 Patre
2152 2018 2399 2072 luminum
2430 2019 2566 2091 (Jac.
2599 2038 2634 2087 ι,
2662 2020 2774 2091 i7).
2803 2020 2938 2078 Hinc
2964 2023 3159 2080 Paulus
3208 2028 3283 2081 ait
3317 2045 3330 2082 :
3362 2028 3545 2101 Neque

1966 2112 2053 2183 qui
2076 2112 2277 2180 plantat
2304 2120 2379 2166 est
2409 2112 2621 2183 aliquid,
2652 2114 2742 2169 sed
2763 2116 2846 2184 qui
2866 2117 3236 2171 incrementum
3264 2119 3373 2185 dat,
3399 2117 3543 2175 Deus

1967 2199 2022 2272 (I
2050 2200 2168 2255 Cor.
2222 2218 2305 2266 lli,
2351 2200 2425 2272 '7).
2456 2202 2593 2268 Quid
2619 2210 2701 2258 est
2748 2218 2877 2274 ergo
2916 2206 3058 2260 aliud
3099 2206 3317 2263 dicere:
3348 2206 3469 2263 Non
3500 2219 3546 2265 te

1963 2295 2157 2359 vocavi,
2177 2293 2276 2347 nisi
2298 2301 2483 2362 aperta
2508 2293 2808 2350 eruditione
2828 2296 3112 2351 ostendere
3133 2297 3257 2367 quia
3272 2297 3375 2353 hoc
3400 2299 3545 2368 quod

1964 2380 2136 2436 fidelis
2165 2384 2341 2437 anima
2366 2384 2432 2438 ad
2477 2398 2712 2454 superna
2747 2385 3010 2441 desideria
3038 2388 3288 2457 erigitur,
3336 2404 3403 2445 ex
3430 2391 3544 2445 sola

1966 2470 2159 2525 divinae
2208 2474 2392 2541 gratim
2434 2474 2699 2530 inlusione
2748 2478 3071 2545 generatur?
3109 2476 3242 2543 Quia
3287 2492 3415 2548 ergo
3459 2487 3543 2534 ter

1962 2570 2191 2617 vocatur
2214 2578 2243 2617 a
2276 2563 2536 2632 Domino,
2570 2573 2654 2620 ter
2701 2566 2767 2621 ad
2812 2567 3185 2623 dormiendum
3226 2583 3257 2624 a
3286 2569 3543 2638 magistro

1963 2654 2163 2707 reverti
2186 2655 2505 2724 praecipitur,
2533 2663 2641 2711 tres
2664 2657 2754 2711 ille
2772 2658 2966 2725 gradus
2989 2658 3289 2714 dilectionis
3307 2660 3543 2715 insinuat

1964 2746 2193 2815 qualiter
2221 2747 2583 2815 acquirantur.
2617 2747 2750 2801 Nam
2771 2749 2893 2818 quia
2919 2749 3069 2804 cordi
3087 2749 3364 2805 consilium
3388 2758 3541 2820 apta-

1964 2836 2160 2903 vimus,
2192 2837 2470 2891 consilium
2504 2852 2632 2892 vero
2667 2839 2910 2894 invenire
2936 2842 3217 2895 veritatem
3246 2840 3540 2908 desiderat,

1964 2941 2189 2995 magnus
2214 2927 2399 2995 utique
2428 2943 2590 2997 sopor
2610 2937 2693 2983 est
2718 2932 3071 2995 necessarius,
3099 2946 3166 2985 ne
3187 2932 3333 3001 prius
3356 2946 3541 2988 amans

1965 3017 2179 3087 cvigilet
2206 3032 2367 3088 quam
2394 3019 2615 3088 qumsita
2651 3019 2849 3075 veritas
2872 3021 3193 3076 inveniatur.
3226 3021 3545 3077 Revertatur

1964 3124 2092 3179 ergo
2124 3126 2287 3181 puer,
2316 3119 2371 3165 et
2398 3111 2658 3179 dormiat,
2692 3121 2750 3168 ut
2778 3115 2869 3183 qui
2905 3116 3146 3172 'veritatis
3175 3117 3348 3171 lucem
3396 3117 3543 3171 inve-

1964 3205 2081 3259 nire
2107 3203 2395 3270 desiderat,
2426 3219 2522 3275 per
2548 3206 2784 3274 quietem
2806 3216 3016 3274 caveat,
3038 3216 3096 3262 ut
3119 3208 3185 3262 ad
3214 3223 3273 3263 se
3298 3223 3542 3264 errorum

1966 3294 2217 3349 tenebras
2244 3310 2351 3348 non
2394 3294 2655 3350 admittat.
2692 3296 2940 3353 Secundo
2987 3300 3149 3353 etiam
3186 3299 3447 3367 dormiat,
3489 3306 3547 3353 ut

1968 3385 2169 3439 amoris
2190 3386 2507 3454 obsequium
2535 3388 2893 3456 omnipotenti
2930 3389 3039 3444 Deo
3089 3406 3156 3445 ex
3202 3399 3315 3445 tota
3364 3399 3545 3445 mente

1965 3476 2267 3545 impendat,
2314 3486 2372 3530 ut
2401 3478 2539 3531 bona
2570 3493 2687 3546 qua:
2715 3487 2860 3533 amat
2889 3496 3022 3550 pura
3052 3482 3395 3551 simplicitate
3429 3483 3546 3537 nul-

1965 3565 2126 3634 loque
2155 3566 2417 3621 malorum
2455 3567 2723 3624 velamine
2751 3570 3056 3639 pallientur.
3100 3572 3256 3639 Quod
3303 3573 3547 3644 profecto

1965 3659 2089 3729 quia
2115 3674 2221 3713 non
2246 3660 2346 3714 nisi
2370 3673 2559 3729 magna
2586 3663 2925 3719 discretionis
2954 3666 3247 3721 subtilitate
3276 3667 3548 3735 cognosci-

1966 3759 2073 3816 tur,
2096 3761 2318 3807 vocatus
2338 3768 2474 3822 puer
2493 3768 2521 3807 a
2545 3754 2772 3811 Domino
2794 3755 2859 3810 ab
2878 3754 2997 3812 Heli
3017 3758 3211 3812 reverti
3240 3766 3299 3811 ut
3320 3757 3550 3812 dormiat

276 3866 492 3923 mente,
528 3855 629 3911 nisi
670 3855 1035 3911 voluntatem?
1072 3852 1209 3919 Quid
1256 3866 1385 3907 vero
1420 3852 1475 3906 in
1505 3853 1731 3921 virtute,
1762 3853 1863 3907 nisi
1959 3846 2196 3915 jubetur.
2229 3848 2359 3902 Nam
2386 3849 2429 3904 si
2462 3849 2696 3906 dormire
2718 3868 2816 3923 pro
2848 3853 3188 3910 ascendendo
3218 3854 3320 3910 isto
3350 3855 3550 3912 amoris

275 3950 480 4004 amoris
536 3946 746 4003 affectio
796 3946 1148 4015 designatur?
1192 3944 1297 3999 Sed
1339 3952 1394 3998 et
1434 3960 1530 4015 per
1582 3946 1863 4001 consilium

278 4039 410 4109 quid
430 4038 574 4092 aliud
602 4054 761 4107 quam
785 4038 1025 4092 veritatis
1051 4036 1422 4091 certitudinem
1448 4037 1864 4107 investigamus?

278 4131 351 4185 Et
377 4146 477 4200 per
507 4130 839 4183 voluntatem
885 4127 1011 4198 quid
1041 4127 1355 4196 diligentes,
1386 4128 1487 4181 nisi
1530 4128 1668 4181 bona
1708 4128 1867 4183 valde

274 4220 742 4291 concupiscimus?
773 4220 878 4274 Per
904 4218 1243 4274 atl‘ectionem
1272 4218 1399 4287 quid
1427 4219 1525 4273 nisi
1552 4220 1664 4273 veri
1688 4220 1863 4289 gaudii

276 4312 690 4386 perfruitionem
732 4310 1056 4379 querimus?
1098 4308 1202 4363 Per
1226 4309 1423 4378 gradus
1460 4323 1691 4378 namque
1727 4309 1862 4363 dile-

272 4406 476 4463 ctionis
494 4405 560 4459 ad
582 4418 789 4457 summa
816 4402 1166 4467 sustollimur,
1187 4417 1310 4457 cum
1336 4402 1513 4457 cordis
1540 4401 1707 4457 nostri
1734 4415 1865 4454 con-

272 4499 400 4554 silio
429 4498 628 4552 veritas
662 4495 963 4561 revelatur,
1013 4503 1067 4549 et
1104 4496 1368 4550 voluntati
1410 4496 1607 4549 mentis
1651 4494 1865 4549 bonitas

273 4607 409 4647 vera
440 4590 782 4658 conceditur,
812 4595 971 4658 atque
998 4586 1266 4643 allectioni
1303 4588 1515 4643 virtutis
1545 4595 1741 4641 nostrae
1765 4601 1862 4656 per

1964 3939 2131 4008 gradu“
2154 3941 2393 4010 negligit,
2417 3942 2519 3997 hoc
2541 3943 2685 4013 quod
2709 3944 2777 3999 de
2797 3945 2996 4001 virtute
3017 3946 3223 4017 appetit
3245 3962 3351 4001 non
3374 3947 3549 4017 acqui-

1964 4032 2063 4097 rit,
2099 4032 2220 4098 quia
2245 4032 2343 4085 etsi
2370 4032 2478 4099 jam
2506 4033 2668 4099 bona,
2696 4034 2804 4089 Deo
2831 4036 3099 4104 aspirante
3118 4078 3131 4101 ,
3158 4053 3338 4091 amare
3361 4053 3549 4107 possu-

1964 4136 2111 4186 mus,
2144 4121 2243 4174 nisi
2272 4135 2461 4189 magna
2495 4123 2693 4177 mentis
2720 4123 2901 4190 quiete
2929 4125 3110 4192 qualia
3138 4125 3244 4178 sint
3273 4126 3383 4194 ipsa
3408 4125 3549 4180 bona

1965 4228 2082 4282 qua:
2104 4214 2347 4269 volumus
2368 4230 2473 4269 non
2503 4214 2873 4283 dijudicamus.
2909 4214 3013 4269 Tcr
3042 4229 3169 4284 ergo
3193 4216 3257 4269 ad
3281 4217 3549 4271 dormien-

1965 4304 2091 4358 dum
2121 4303 2337 4359 Samuel
2361 4305 2610 4369 mittitur,
2650 4306 2773 4374 quia
2805 4304 3048 4376 profecto
3092 4321 3263 4363 novus
3293 4309 3550 4378 praedica-

1966 4402 2144 4449 torum
2175 4397 2307 4451 ordo
2337 4404 2395 4450 ut
2423 4412 2486 4451 ex
2520 4405 2632 4452 tota
2661 4398 2858 4456 virtute
2901 4401 3085 4470 diligat
3114 4402 3449 4457 admonetur.
3482 4401 3551 4458 Et

1966 4487 2091 4555 quia
2121 4489 2371 4543 virtutem
2398 4489 2464 4543 ad
2505 4489 2843 4546 allectionem
2870 4494 3148 4548 retulimus
3168 4537 3181 4559 ,
3215 4493 3428 4549 affectio
3454 4509 3550 4548 au-

1967 4587 2075 4633 tem
2121 4581 2315 4633 mentis
2361 4581 2427 4636 de
2472 4584 2666 4652 gaudio
2712 4585 2935 4655 Spiritali
2962 4586 3266 4657 perficitur,
3301 4602 3547 4658 magnam

274 4682 609 4739 inlusionem
631 4679 824 4735 divinm
848 4678 1033 4749 gratia:
1061 4678 1304 4747 spiritale
1324 4688 1379 4733 et
1398 4692 1584 4732 verum
1614 4677 1863 4748 gaudium
1894 4712 1946 4774 Β
1969 4671 2143 4726 somni
2172 4672 2405 4742 quietem
2432 4671 2647 4729 Samuel
2671 4674 2883 4741 habuit;
2912 4686 2967 4731 et
2990 4677 3115 4731 dum
3136 4678 3430 4748 spiritualia
3452 4692 3550 4747 per

318 4780 445 4826 atur

318 4780 445 4826 atur

275 4774 313 4829 ὁ
356 4861 447 4915 i5.
480 4861 584 4915 Ter
612 4861 774 4929 igitur
800 4867 883 4915 est
910 4858 1128 4915 Samuel
1150 4866 1375 4915 vocatus
1404 4873 1435 4913 a
1457 4858 1704 4923 Domino,
1735 4859 1861 4929 quia

275 4956 412 5011 dum
456 4954 587 5009 ordo
634 4954 1042 5024 praedicatorum
1089 4952 1233 5007 rudis
1279 4952 1454 5006 adhuc
1502 4950 1753 5007 Ecclesiae
1799 4950 1866 5006 ad

276 5062 518 5118 superna
549 5061 609 5103 se
636 5046 809 5101 studia
860 5044 1134 5109 extendit,
1162 5053 1218 5097 et
1244 5042 1522 5097 veritatem
1552 5041 1617 5096 de
1660 5042 1868 5097 ratione

277 5140 513 5204 consilii,
546 5148 600 5195 et
624 5139 923 5194 bonitatem
954 5138 1023 5193 de
1050 5137 1315 5192 electione
1343 5136 1664 5202 voluntatis,
1698 5145 1749 5190 et
1770 5151 1863 5191 ve-

277 5246 404 5288 rum
449 5231 698 5299 gaudium
730 5229 955 5300 appetiit
986 5229 1051 5283 de
1096 5228 1391 5283 intentione
1418 5225 1733 5282 allectionis.
1767 5226 1872 5281 Ter

277 5322 451 5379 etiam
481 5321 548 5375 ad
578 5320 695 5376 Heli
719 5328 940 5377 vocatus
968 5320 1219 5385 accessit,
1272 5321 1395 5388 quia
1438 5320 1503 5373 de
1533 5320 1679 5373 omni
1706 5334 1871 5389 appe-

277 5415 389 5470 titu
415 5428 513 5466 suo
542 5427 749 5466 sacram
782 5411 1111 5480 Scripturam
1142 5409 1503 5465 meditationis
1533 5409 1874 5463 festinatione

278 5501 581 5560 consuluit.
616 5500 723 5555 Ter
750 5502 899 5566 item,
933 5501 1056 5570 quia
1081 5501 1147 5554 ab
1178 5515 1243 5555 eo
1272 5515 1379 5554 non
1410 5510 1696 5554 vocaretur
1724 5498 1873 5553 audi-

279 5594 398 5656 vit,
446 5593 573 5663 quia
620 5592 928 5647 meditando
970 5591 1153 5647 didicit
1192 5591 1334 5661 quod
1376 5589 1561 5645 Patres
1607 5590 1775 5645 nostri
1805 5589 1872 5643 ad

281 5685 648 5742 eruditionem
678 5694 917 5740 nostram
942 5698 1093 5741 sacra
1123 5686 1275 5741 nobis
1303 5686 1514 5755 eloquia
1540 5686 1734 5755 scripta
1767 5691 1874 5738 tra-

285 5775 572 5843 diderunt;
622 5783 995 5834 verumtamen
1036 5777 1178 5835 dona
1227 5778 1381 5835 nobis
1444 5778 1702 5849 spiritalia
1748 5778 1877 5833 dare

366 5920 393 5948 ιι
431 5907 611 5978 Guss.,
627 5910 884 5981 judicant.

1972 4762 2204 4831 quietem
2234 4762 2365 4817 ordo
2382 4764 2789 4833 przedicatorum
2811 4773 2989 4822 certus
3010 4767 3211 4834 didicit,
3243 4770 3341 4823 sub
3370 4768 3549 4837 Specie

1970 4850 2084 4906 veri
2115 4852 2290 4921 gaudii
2338 4852 2589 4921 gaudium
2638 4862 2953 4909 extraneum
2998 4872 3107 4911 non
3155 4856 3379 4925 recepit.
3416 4854 3549 4909 Nam

1970 4943 2111 4998 sicut
2139 4943 2205 4997 de
2226 4943 2514 4999 virtutibus
2537 4945 2764 5010 caeteris,
2789 4946 2862 4999 ita
2881 4953 2934 4999 et
2958 4945 3022 5000 de
3045 4946 3289 5016 proiectu
3309 4952 3548 4999 contem-

1972 5036 2223 5107 plationis
2246 5054 2398 5094 mens
2427 5038 2839 5109 contemplantis
2868 5038 3181 5109 plerumque
3210 5037 3437 5092 inaniter
3463 5037 3549 5092 hi-

1973 5128 2211 5183 larescit.
2241 5128 2496 5185 Dormivit
2522 5146 2642 5200 ergo
2663 5132 2846 5185 iterum
2884 5129 3117 5194 Samuel,
3147 5127 3272 5198 quia
3299 5128 3550 5183 nimirum

1974 5224 2105 5279 ordo
2129 5223 2407 5279 doctorum
2435 5227 2536 5281 nisi
2566 5237 2724 5282 caute
2768 5242 2826 5283 se
2853 5227 2907 5281 in
2947 5225 3404 5297 contemplatione
3449 5226 3552 5279 cir-

1974 5319 2351 5399 cumspiceret,
2382 5320 2667 5390 aliquando
2698 5337 2837 5377 vane
2873 5320 3154 5391 gaudendo
3181 5334 3239 5373 se
3262 5333 3391 5372 vero
3421 5332 3552 5386 gau-

1975 5409 2063 5465 dio
2092 5412 2323 5479 gaudere
2352 5413 2703 5467 existimaret.
2724 5411 2902 5465 Primo
2924 5412 3103 5480 itaque
3125 5409 3399 5477 dormivit,
3425 5409 3548 5478 quia

1977 5500 2101 5556 dum
2128 5504 2514 5571 cognoscendm
2546 5503 2756 5557 veritati
2801 5502 3033 5556 animum
3065 5501 3324 5569 intendit,
3357 5514 3545 5569 magna

1979 5594 2187 5648 consilii
2232 5597 2520 5650 subtilitate
2560 5610 2783 5649 erronea
2839 5603 3031 5649 cuncta
3087 5594 3411 5664 reprobavit.
3454 5591 3548 5646 Se-

1981 5684 2456 5759 cundo'dormivit,
2495 5685 2620 5754 quia
2667 5700 2785 5739 cum
2835 5684 3165 5740 conditorem
3218 5684 3439 5751 diligere
3480 5696 3549 5735 ex

1982 5784 2093 5831 tota
2124 5785 2302 5831 mente
2328 5776 2530 5843 didicit,
2562 5792 2753 5845 magna
2782 5777 2921 5848 apud
2965 5792 3023 5833 se
3066 5776 3253 5848 quiete
3288 5768 3549 5840 disposuit
