4044 6336
481 446 576 501 151

1690 437 1930 498 SANCTI
1968 431 2290 492 GREGORII
2330 430 2543 490 MAGNI

3630 434 3732 490 139.

480 565 539 612 ιιι
561 555 717 612 bonis
744 568 864 624 qua:
889 558 1113 624 cuperet
1161 551 1338 624 aliqua
1366 550 1600 623 reproba
1628 566 1735 606 non
1776 550 2042 606 misceret.
2077 568 2127 628 Δ
2225 543 2401 615 (Vers.
2433 541 2513 614 9.)
2540 541 2807 597 Intellexit
2823 556 2945 614 ergo
2967 540 3089 597 Heli
3109 542 3230 613 quia
3251 539 3503 599 Dominus
3532 556 3736 605 vocaret

479 649 663 704 Tertio
692 648 853 703 etiam
883 646 1170 712 dormivit,
1190 653 1250 700 ut
1299 646 1424 700 dum
1455 660 1760 716 supremum
1800 642 2052 713 gaudium

474 740 547 793 de
597 738 775 793 divina
820 736 1273 806 contemplatione
1313 738 1643 807 perciperet,
1687 750 1879 789 vanam
1918 735 2053 789 laeti-

492 832 623 887 tiam
651 830 940 901 reprobare
966 829 1209 884 consulta
1236 838 1415 884 mente
1432 830 1712 899 potuisset.
1726 826 1791 880 Et
1804 828 1927 896 quia
1948 827 2053 881 hoc

484 921 552 976 de
583 921 830 978 Samuele
857 921 1033 977 adhuc
1061 920 1375 993 proliciente
1422 921 1644 988 dicitur,
1683 929 1808 991 apte
1833 918 2053 989 subjun-

472 1010 614 1079 gitur
643 1030 655 1065 :

552 1148 729 1220 (Vers.
747 1145 825 1213 '7.)
852 1143 1018 1199 Porro
1042 1144 1255 1199 Samuel
1286 1146 1497 1199 necdum
1519 1144 1711 1199 sciebat
1750 1142 2049 1213 Dominum,

472 1259 565 1298 nec
594 1241 845 1296 revelatus
876 1240 921 1293 ei
962 1240 1131 1310 fuerat
1161 1254 1327 1293 sermo
1357 1237 1591 1292 Domini.

549 1354 636 1408 M.
671 1351 955 1408 Dominum
997 1363 1227 1417 namque
1266 1359 1289 1386 ιι
1322 1357 1451 1403 tunc
1478 1348 1611 1403 ordo
1642 1348 2052 1417 praedicatorum

472 1446 663 1500 nesciit
692 1459 756 1499 ea
805 1441 1135 1513 perfectione
1164 1455 1266 1510 qua
1296 1450 1483 1511 postea
1521 1440 1769 1510 profecit.
1802 1440 1898 1495 Vel
1943 1442 2053 1495 for-

470 1544 616 1592 tasse
664 1536 863 1591 idcirco
911 1535 1118 1590 nescire
1170 1534 1453 1589 Dominum
1499 1533 1722 1600 dicitur,
1774 1534 1896 1603 quia
1944 1533 2051 1587 alta

472 1637 528 1685 et
552 1627 815 1699 profunda
845 1642 963 1697 quze
1013 1633 1239 1682 noverat
1282 1625 1505 1680 infirmis
1534 1626 1707 1680 adhuc
1737 1633 1793 1679 et
1833 1625 2052 1680 rudibus

470 1719 806 1775 auditoribus
833 1733 941 1774 non
975 1717 1264 1788 pandebat.
1298 1715 1451 1772 Unde
1488 1724 1542 1771 et
1571 1717 1875 1771 volentibus
1909 1717 2051 1771 diem

469 1809 725 1865 dominici
752 1810 1018 1866 adventus
1048 1822 1342 1877 agnoscere
1366 1823 1428 1862 ea
1456 1822 1574 1876 quin
1597 1808 1777 1861 omnia
1806 1816 2050 1873 noverat,

2152 651 2388 705 puerum.

2228 724 2466 779 15.11am
2490 728 2534 779 si
2561 740 2669 779 non
2690 723 3034 794 intelligeret,
3048 738 3144 794 per
3160 738 3312 779 sacra
3333 726 3551 795 eloquia
3580 729 3629 783 ei
3653 744 3737 785 sa-

2152 815 2278 870 lutis
2292 814 2516 870 consilia
2540 830 2877 886 nequaquam
2901 815 3276 872 ministrasset.
3293 815 3567 873 lntellexit
3589 836 3742 875 nam-

2153 923 2282 979 que,
2306 909 2431 978 quia
2460 909 2723 979 praevidit.
2763 909 3029 978 Quidquid
3058 910 3200 965 enim
3232 911 3576 981 omnipotens
3599 911 3743 970 Deus

2151 1003 2207 1059 in
2226 1004 2627 1059 constructione
2649 1001 2839 1057 futura:
2860 1002 3113 1058 Ecclesia:
3142 1019 3299 1073 agere
3321 1005 3608 1075 disposuit,
3637 1006 3743 1060 hoc

2153 1095 2425 1150 veterbus
2454 1095 2703 1149 Patribus
2732 1110 2829 1164 per
2869 1103 3116 1149 sanctum
3159 1097 3453 1165 prophetia:
3495 1097 3742 1166 spiritum

2152 1188 2431 1242 revelavit.
2487 1187 2619 1241 Nam
2650 1203 2747 1257 per
2777 1187 2940 1243 Amos
2980 1187 3294 1257 prophetam
3337 1188 3538 1243 dicitur
3570 1207 3583 1241 :
3616 1188 3743 1244 Non

2154 1280 2309 1349 faciet
2355 1278 2605 1333 Dominus
2658 1278 2795 1333 Deus
2838 1278 3077 1345 verbum,
3127 1280 3263 1352 quod
3298 1297 3401 1335 non
3442 1282 3743 1337 rerelarerit

2153 1370 2311 1422 servis
2358 1371 2464 1422 suis
2493 1369 2755 1439 prophetis
2788 1370 2987 1440 (Amos.
3021 1386 3098 1432 nt,
3134 1371 3210 1439 7).
3241 1370 3378 1437 Quid
3423 1372 3566 1425 enim
3597 1372 3744 1427 aliud

2152 1469 2313 1525 quam
2336 1472 2597 1512 novorum
2620 1458 3024 1527 praedicatorum
3044 1460 3381 1515 vocationem
3400 1461 3745 1517 intellexerat

2153 1552 2243 1621 qui
2280 1551 2535 1607 dicebat:
2586 1553 2693 1608 Pro
2740 1554 2971 1625 patribus
3021 1556 3118 1609 tuis
3166 1556 3277 1609 nati
3316 1564 3434 1610 sunt
3482 1554 3575 1607 tibi
3620 1554 3743 1623 filii,

2152 1646 2430 1698 constitues
2474 1662 2556 1699 eos
2596 1648 2849 1717 principes
2892 1664 3045 1718 super
3088 1665 3291 1703 omnem
3329 1659 3519 1701 terram
3562 1646 3738 1717 (Psal.

2155 1749 2299 1799 xuv,
2332 1735 2443 1805 17).
2477 1734 2585 1791 Sed
2638 1738 2688 1791 ei
2736 1752 2897 1805 quem
2928 1739 3226 1792 vocandum
3272 1738 3536 1793 intellexit
3580 1738 3742 1793 etiam

2152 1827 2439 1881 consilium
2470 1828 2915 1893 subministravit,
2948 1828 3134 1886 dicens
3162 1847 3175 1882 :

466 1907 525 1955 et
561 1899 798 1954 indicare
827 1899 1075 1964 nolebat,
1108 1897 1319 1952 Veritas
1340 1897 1469 1951 dicit
1503 1915 1515 1948 :
1548 1896 1627 1950 De
1652 1898 1735 1951 die
1765 1906 1933 1951 autem
1959 1898 2049 1951 illa

2229 1918 2404 1989 (Vers.
2437 1918 2515 1991 9.)
2560 1919 2698 1974 Vade
2724 1930 2773 1974 et
2809 1921 2999 1986 dormi,
3045 1930 3097 1976 et
3146 1923 3190 1976 si
3220 1922 3458 1993 deinceps
3486 1925 3744 1977 vocarerit

464 1997 515 2045 et
554 1991 699 2045 hora.
722 2006 871 2044 nemo
901 1990 1016 2053 scit,
1066 2004 1227 2058 neque
1256 1988 1429 2058 angeli
1475 1989 1620 2054 caelo,
1668 2005 1827 2059 neque
1856 1987 2049 2055 Filius,

466 2082 569 2136 nisi
598 2082 737 2136 solus
765 2081 926 2135 Pater
953 2080 1142 2149 (Marc.
1163 2097 1276 2148 xm,
1306 2080 1415 2152 52).
1447 2080 1584 2148 Quid
1615 2091 1696 2137 est
1718 2083 1862 2151 quod
1883 2084 2059 2139 sciens

467 2174 649 2227 omnia
675 2172 841 2227 Filius
864 2172 1056 2241 judicii
1085 2172 1227 2227 diem
1267 2174 1457 2238 nescit,
1496 2174 1653 2245 118
1680 2173 1781 2228 nisi
1818 2175 1943 2243 quia
1973 2173 2055 2228 in-

468 2269 552 2316 ter
580 2271 771 2316 cuncta
799 2277 918 2333 qua:
948 2272 1200 2331 noverat,
1232 2263 1372 2319 diem
1402 2265 1597 2333 sciens,
1630 2265 1905 2321 nesciebat
1932 2281 2054 2321 eum

470 2360 529 2407 ut
569 2353 795 2418 diceret,
829 2354 922 2409 sed
966 2354 1083 2423 ejus
1112 2363 1323 2425 tempus
1350 2363 1405 2410 et
1449 2356 1765 2425 qualitatem
1806 2356 2055 2411 sciebat?

466 2442 605 2499 Hinc
638 2444 872 2499 Joannes
900 2444 1163 2515 Baptista,
1195 2446 1286 2515 qui
1315 2445 1599 2501 Dominum
1626 2446 1863 2515 perfecte
1888 2462 2056 2501 nove-

466 2542 584 2602 rat,
610 2534 679 2590 ad
707 2550 828 2590 eum
858 2536 1009 2605 quasi
1051 2536 1297 2592 nesciens
1326 2535 1613 2605 discipulos
1650 2537 1924 2604 mittebat,
1974 2536 2055 2591 di-

466 2640 594 2680 cens
629 2641 641 2679 :
678 2624 755 2678 Tu
784 2642 837 2679 es
869 2629 953 2692 qui
980 2635 1219 2681 venturus
1263 2644 1350 2692 es,
1398 2645 1467 2681 an
1498 2628 1656 2681 alium
1702 2637 2053 2696 exspectamus

466 2715 618 2788 (Luc.
635 2732 729 2785 vn,
753 2716 881 2788 20)?
898 2718 1059 2773 Velut
1086 2720 1230 2773 enim
1256 2720 1537 2786 Dominum
1562 2722 1807 2775 nesciens
1837 2720 2054 2774 Samuel

462 2809 812 2879 praedicabat,
854 2824 973 2864 cum
1012 2811 1337 2879 evangelista
1378 2810 1677 2877 Mattbaeus,
1717 2812 2053 2867 divinitatem

466 2897 843 2969 Redemptoris
870 2900 1211 2970 prmteriens,
1244 2916 1274 2955 a
1304 2900 1419 2957 sola
1461 2902 1792 2957 humanitate
1825 2900 1941 2970 ejus
1972 2902 2053 2955 in-

466 2988 680 3043 choavit
700 3032 716 3057 ,
748 2991 931 3057 dicens
958 3010 970 3042 :
1005 2990 1156 3044 Liber
1186 2992 1530 3061 generationis
1569 2991 1691 3046 Jesu
1722 2992 1912 3046 Christi
1954 2994 2053 3063 ﬁlii

466 3078 659 3146 David,
692 3082 791 3150 ﬁlii
820 3082 1081 3136 Abraham
1111 3084 1324 3153 (Matth.
1352 3102 1389 3153 ι,
1424 3085 1474 3152 1,
1502 3087 1654 3157 seq.).
1705 3085 1811 3139 Sed
1848 3086 2051 3141 sciebat

469 3171 715 3239 profecto
745 3173 1050 3240 Dominum,
1080 3183 1134 3229 et
1156 3176 1423 3230 revelatus
1452 3186 1568 3230 erat
1592 3177 1643 3231 ei
1670 3192 1847 3231 sermo
1872 3178 2051 3231 Domi-

467 3260 556 3325 ni,
588 3272 707 3316 cum
756 3260 1009 3329 Joannes,
1050 3264 1380 3320 divinitatem
1412 3267 1527 3335 ejus
1574 3267 1680 3320 alta
1728 3269 2047 3337 exponendo

464 3350 782 3421 suscipiens,
813 3354 888 3405 ait
923 3372 934 3405 :
968 3353 1036 3407 In
1065 3356 1317 3425 principio
1338 3366 1449 3409 erat
1478 3356 1717 3423 Verbum,
1739 3367 1786 3410 et
1826 3358 2046 3412 Verbum

461 3452 575 3496 erat
615 3444 755 3513 apud
792 3444 977 3511 Deum,
1008 3456 1059 3499 et
1098 3446 1235 3500 Deus
1274 3457 1385 3501 erat
1418 3447 1639 3501 Verbum
1671 3448 1847 3520 (Joan.
1896 3465 1932 3516 ι,
1972 3448 2042 3521 1).

463 3531 751 3589 Nesciebat
774 3534 1075 3603 Dominum,
1100 3552 1221 3591 cum
1246 3537 1441 3591 Paulus
1467 3538 1794 3607 loqueretur,
1822 3537 2004 3593 dicens
2028 3556 2040 3591 :

463 3618 662 3675 Factus
690 3638 803 3675 sum
838 3625 1012 3677 omnia
1042 3625 1294 3691 omnibus,
1342 3635 1397 3679 ut
1426 3644 1600 3681 omnes
1632 3630 1850 3697 facerem
1877 3628 2044 3682 salvos

463 3709 519 3781 (Ι
551 3710 669 3765 Cor.
703 3728 778 3778 1x,
802 3711 912 3781 22).
961 3714 1061 3779 Qui
1090 3717 1232 3771 enim
1261 3715 1483 3773 inﬁrmis
1514 3718 1779 3785 infirmus,
1828 3727 1882 3774 et
1918 3735 2045 3789 par-

463 3802 601 3857 vulis
650 3802 811 3857 fiebat
855 3806 1130 3873 parvulus,
1163 3814 1217 3861 et
1257 3809 1504 3863 omnibus
1533 3811 1746 3877 omnia,
1795 3811 2043 3867 nimirum

468 3910 590 3948 cum
622 3897 992 3964 ignorantibus
1021 3900 1181 3954 etiam
1212 3900 1512 3968 ignorabat.
1555 3901 1688 3956 Nam
1718 3912 1775 3957 ut
1803 3902 2043 3971 ejusdem

463 3984 783 4053 ignorantiae
811 3988 977 4043 verbo
1008 3997 1267 4053 uteretur,
1296 3990 1589 4046 Corinthiis
1626 3994 1881 4061 loquens,
1928 3996 2041 4049 ait:

464 4075 618 4130 Nihil
635 4077 866 4147 judicavi
888 4097 969 4134 me
998 4081 1129 4134 scire
1156 4089 1291 4137 inter
1318 4099 1425 4148 vos,
1455 4085 1556 4136 nisi
1576 4082 2040 4152 ChristumJesuin,

459 4174 510 4221 et
548 4168 684 4222 hunc
726 4170 1032 4241 cruciﬁxum
1062 4171 1249 4241 (Ibid.,
1278 4189 1333 4237 ιι,
1365 4172 1441 4245 2).
1484 4172 1617 4226 Nam
1644 4189 1762 4228 cum
1791 4176 2042 4244 sapienti-

461 4256 561 4311 bus
591 4267 645 4313 et
674 4258 959 4314 Dominum
991 4271 1237 4331 noverat,
1266 4272 1322 4317 et
1362 4278 1665 4318 sermonem
1696 4263 1809 4331 ejus
1838 4266 2042 4320 revela-

461 4353 575 4399 tum
604 4348 852 4402 habebat.
881 4348 1034 4404 Unde
1061 4359 1115 4404 et
1138 4352 1266 4405 dicit
1294 4370 1305 4405 :
1332 4351 1447 4407 Nos
1469 4361 1637 4406 autem
1658 4357 1879 4408 revelata
1910 4356 2042 4425 facie

461 4435 675 4491 Domini
714 4440 933 4509 gloriam
975 4443 1332 4511 speculantes,
1378 4448 1432 4498 in
1480 4448 1710 4501 eamdem
1767 4449 2042 4518 imaginem

464 4531 917 4597 transformamur,
945 4541 1188 4604 tanquam
1214 4552 1244 4587 a
1270 4534 1477 4589 Domini
1497 4539 1680 4602 spiritu
1712 4537 1799 4605 (II
1828 4538 1945 4593 Cor.
1966 4555 2042 4607 tu,

464 4616 576 4687 48).
598 4618 733 4674 llinc
761 4620 886 4675 item
907 4624 1162 4693 loquitur,
1192 4625 1374 4681 dicens
1400 4645 1412 4679 :
1434 4629 1759 4699 Sapientiam
1788 4633 2042 4704 loquimur

458 4711 594 4773 inter
630 4714 907 4780 perfectos,
949 4731 1051 4767 non
1097 4716 1405 4785 sapientiam
1448 4720 1599 4790 hujus
1647 4724 1844 4787 mundi,
1877 4740 2041 4794 neque

460 4803 751 4870 principum
780 4802 930 4871 hujus
953 4804 1145 4869 swculi,
1182 4806 1270 4859 sed
1302 4810 1554 4879 loquimur
1586 4810 1683 4864 Dei
1712 4814 2040 4882 sapientiam,

458 4912 571 4964 qua:
614 4897 669 4949 in
699 4897 943 4966 mysterio
973 4896 1276 4952 abscondita
1325 4911 1400 4954 est
1445 4901 1497 4971 (1
1539 4901 1657 4957 Cor.
1696 4920 1765 4968 ιι,
1798 4905 1874 4973 6).
1909 4905 2043 4962 ΙνΙῑηο

459 4986 586 5039 item
614 5002 733 5041 eum
762 5005 922 5057 quem
954 5000 1181 5045 noverat
1206 4992 1492 5049 Dominum
1520 4996 1790 5065 praedicat,
1826 4997 2036 5053 dicens:

459 5075 561 5140 Qui
587 5096 701 5132 cum
730 5083 796 5134 sit
819 5083 1063 5151 splendor
1084 5084 1284 5155 glorite,
1315 5096 1363 5139 et
1386 5089 1555 5158 ﬁgura
1585 5089 1884 5143 substantia:
1905 5091 2035 5160 ejus,

455 5180 770 5241 portansque
793 5178 967 5229 omnia
988 5176 1138 5231 verbo
1166 5179 1364 5233 virtutis
1388 5198 1511 5245 sum,
1538 5185 1891 5252 purgationem
1922 5201 2037 5251 pec-

458 5268 689 5314 catorum
720 5263 939 5331 faciens,
970 5266 1108 5319 sedet
1148 5268 1217 5320 ad
1237 5268 1499 5323 dexteram
1539 5273 1826 5341 majestatis
1868 5275 1919 5327 in
1949 5292 2039 5328 ea:-

460 5349 630 5414 celsis,
666 5360 806 5406 tanta
828 5356 1009 5408 melior
1033 5360 1229 5427 angelis
1249 5361 1478 5428 effectus,
1504 5375 1693 5431 quanto
1716 5367 2038 5435 (li/Terentius

459 5451 569 5501 pra:
597 5438 698 5491 illis
749 5457 933 5498 nomen
980 5446 1316 5503 htereditarit.
1366 5450 1460 5505 Cui
1489 5456 1623 5506 enim
1654 5456 1785 5509 dixit
1830 5461 2039 5529 angelo-

462 5539 577 5618 rum
609 5542 626 5579 :
658 5527 704 5578 F
709 5529 826 5583 ilius
855 5552 993 5590 meus
1022 5554 1075 5591 es
1107 5548 1179 5605 tu,
1224 5557 1315 5611 ego
1345 5542 1498 5596 hodie
1523 5548 1672 5614 genui
1707 5556 1754 5599 te
1780 5527 1963 5618 (Hebr.
1996 5566 2033 5618 ι,

462 5614 618 5710 3-5)?_
640 5619 857 5710 l‘iescire
885 5642 1012 5696 ergo
1040 5631 1324 5689 Dominum
1352 5636 1564 5705 dicitur,
1598 5656 1706 5696 non
1737 5643 2040 5710 ignorantia

464 5708 805 5799 cognitionis,
838 5715 931 5768 sed
960 5727 1218 5786 praetextu
1250 5726 1625 5798 simplicitatis.
1670 5708 1922 5803 Sequitur
1953 5754 1965 5789 :

2162 2021 2229 2080 te,
2258 2014 2438 2070 dices:
2469 2014 2718 2087 Loquere,
2742 2015 2980 2082 Domine,
3004 2018 3125 2088 quia
3147 2018 3291 2071 audit
3320 2034 3494 2071 servus
3524 2026 3666 2073 tuus.

2235 2103 2320 2160 l6.
2352 2102 2469 2159 Jatn
2500 2106 2715 2176 quidem
2744 2105 2810 2160 de
2837 2122 3029 2161 somno
3069 2106 3332 2162 Samuelis
3371 2108 3518 2171 satis,
3555 2114 3613 2160 ut
3657 2122 3746 2161 ar-

2157 2198 2351 2265 bitror,
2383 2199 2507 2268 quia
2554 2199 2776 2255 interna:
2806 2200 3170 2255 meditationis
3212 2202 3447 2270 quietem
3498 2200 3747 2268 designet

2158 2298 2435 2347 ostensum
2464 2299 2567 2345 est.
2598 2290 2701 2357 Qui
2732 2292 2973 2361 profecto
3008 2307 3230 2347 somnus
3256 2293 3324 2347 ab
3358 2291 3476 2346 Heli
3504 2290 3746 2348 Samueli

2154 2382 2479 2451 prmcipitur,
2514 2382 2638 2452 quia
2687 2381 2755 2436 ad
2785 2383 3196 2454 contemplanda
3242 2383 3451 2437 interna
3479 2383 3733 2453 mysteria

2156 2487 2345 2526 vacare
2360 2472 2549 2527 doctor
2572 2487 2668 2542 per
2688 2488 2903 2528 sacrum
2926 2474 3199 2543 eloquium
3220 2474 3461 2529 docetur.
3480 2473 3588 2528 Sed
3610 2473 3736 2542 quid

2157 2571 2241 2619 est
2267 2564 2409 2633 quod
2440 2564 2654 2620 Samuel
2681 2566 2892 2635 quoties
2918 2575 3165 2631 vocatur,
3192 2568 3351 2621 toties
3373 2567 3437 2619 ad
3466 2565 3743 2621 dormien-

2155 2657 2281 2712 dum
2330 2658 2644 2726 remittitur,
2690 2667 2746 2714 et
2776 2668 2955 2714 tamen
2984 2660 3033 2713 ei
3064 2660 3241 2715 adhuc
3268 2674 3609 2730 nequaquam
3652 2660 3741 2726 ju-

2155 2748 2314 2804 betur
2342 2758 2400 2804 ut
2449 2750 2592 2805 dicat
2638 2748 2749 2805 Deo
2786 2769 2797 2804 :
2841 2752 3088 2823 Loquere,
3136 2751 3375 2817 Domine,
3421 2754 3543 2824 quia
3598 2753 3743 2805 audit

2156 2854 2330 2892 servus
2380 2848 2515 2894 tuus.
2566 2838 2642 2894 lbi
2674 2841 2817 2895 enim
2860 2842 3095 2897 dormire
3138 2841 3377 2912 jubetur,
3420 2859 3529 2897 non
3563 2852 3743 2897 tamen

2154 2927 2335 2996 loqui;
2375 2930 2463 2984 hic
2493 2937 2671 2984 autem
2701 2932 2863 2985 etiam
2893 2948 3015 2987 cum
3046 2933 3342 2989 obedienda
3371 2936 3547 2989 somni
3576 2936 3742 2989 etiam

2154 3017 2373 3072 licentia
2427 3020 2724 3089 injungitur
2773 3022 3080 3078 locutionis.
3141 3028 3295 3095 119
3340 3026 3418 3079 lbi
3462 3027 3624 3080 etiam
3674 3026 3743 3079 ad

2154 3108 2526 3165 dormiendum
2554 3112 2742 3178 misso,
2792 3129 2900 3168 non
2930 3114 3159 3170 dicitur:
3207 3115 3367 3180 Vade,
3401 3117 3515 3179 sed,
3548 3116 3737 3171 Rever-

2156 3205 2261 3252 tere
2284 3216 2303 3263 ;
2349 3200 2434 3254 hic
2462 3199 2683 3271 quoque
2706 3218 3041 3273 nequaquam
3082 3206 3277 3261 dicitur
3306 3207 3593 3271 Revertere,
3648 3208 3743 3263 sed

2078 3320 2121 3383 Ο
2164 3291 2343 3383 Vade.
2361 3291 2496 3358 Quid
2528 3296 2669 3349 enim
2711 3297 2812 3351 sibi
2844 3299 2956 3351 vult
3003 3308 3148 3355 tanta
3195 3302 3535 3370 prmcipiendi
3566 3302 3741 3355 varie-

2152 3382 2271 3435 tas?
2313 3381 2483 3447 Quam
2512 3384 2763 3439 nimirum
2790 3387 3107 3442 varietatem
3142 3389 3337 3444 clarius
3374 3391 3738 3459 agnoscimus,

2152 3472 2200 3529 si
2230 3472 2358 3527 illud
2390 3476 2534 3542 quod
2565 3475 2669 3531 hoc
2698 3476 2753 3530 in
2779 3477 2897 3533 loco
2933 3477 3199 3535 Samuelis
3226 3496 3448 3537 somnus
3474 3482 3741 3550 significat

2150 3565 2507 3620 attendamus.
2556 3565 2625 3619 Et
2676 3569 2801 3638 quia
2852 3571 3157 3639 superiores
3209 3573 3384 3626 somni
3432 3573 3624 3627 modos
3674 3572 3740 3628 ad

2150 3660 2523 3729 probationem
2573 3660 2837 3716 donorum
2884 3671 3083 3718 sancta:
3119 3664 3420 3721 dilectionis
3455 3666 3739 3721 retulimus

2148 3751 2372 3822 (Supra,
2404 3768 2545 3805 num.
2574 3752 2661 3817 ll,
2696 3752 2814 3825 12),
2849 3755 2977 3825 quid
3016 3764 3098 3812 est
3149 3758 3255 3813 hoc
3302 3758 3423 3814 loco
3464 3758 3735 3827 Samueli,

2148 3840 2203 3895 id
2226 3850 2309 3895 est
2337 3858 2478 3897 novo
2520 3843 2858 3912 prtedicatori
2886 3848 3142 3914 dormire,
3174 3850 3275 3905 nisi
3298 3851 3522 3920 probata
3543 3851 3659 3922 jam
3687 3865 3740 3907 et

2151 3932 2364 4000 cognita
2387 3932 2575 3987 eadem
2599 3934 2740 3990 dona
2764 3952 2884 3990 cum
2902 3940 3203 3996 securitatis
3225 3942 3403 4009 quiete
3429 3943 3739 4011 possidere?

2148 4023 2342 4079 Merito
2388 4026 2552 4093 igitur
2581 4026 2631 4080 ei
2663 4028 2810 4096 prius
2839 4045 2949 4086 non
2975 4031 3254 4093 dicebatur
3292 4033 3456 4100 Vade,
3500 4033 3595 4087 sed
3634 4034 3738 4087 Re-

2147 4126 2369 4181 uertere;
2420 4134 2561 4174 nunc
2589 4128 2769 4175 autem
2802 4138 2909 4177 non
2955 4124 3243 4190 Revertere,
3291 4126 3387 4180 sed
3427 4127 3587 4181 Vade.
3633 4126 3737 4193 Qui

2150 4206 2293 4262 enim
2318 4208 2493 4264 adhuc
2518 4210 2859 4266 examinabat
2889 4214 3086 4268 reverti
3107 4215 3421 4283 jubebatur,
3453 4225 3511 4270 ut
3540 4219 3739 4272 mentis

2149 4298 2535 4369 tranquillitate
2564 4301 2711 4357 aliud
2754 4303 2952 4357 donum
2994 4304 3306 4369 discuteret,
3339 4307 3430 4376 qui
3458 4308 3601 4362 aliud
3622 4309 3737 4377 jam

2149 4390 2337 4443 eadem
2365 4392 2559 4448 mentis
2583 4393 2761 4461 quiete
2790 4396 3150 4463 cognovisset.
3176 4396 3238 4450 Ei
3261 4407 3440 4453 autem
3469 4398 3594 4468 quia
3620 4398 3737 4465 jam

2147 4490 2336 4537 cuncta
2357 4486 2712 4540 examinanda
2738 4487 3077 4555 probaverat,
3110 4487 3248 4542 Vade
3269 4490 3484 4557 dicitur,
3510 4490 3637 4559 quia
3668 4488 3737 4543 ad

2149 4575 2467 4643 possidenda
2494 4577 2707 4644 cognita
2729 4594 2914 4632 secura
2933 4579 3044 4647 jam
3070 4579 3370 4635 intentione
3396 4581 3731 4636 mittebatur.

2074 4665 2258 4755 DCur
2303 4680 2430 4734 ergo
2476 4668 2623 4734 prius
2662 4680 2880 4723 somnus
2917 4670 3031 4724 sine
3081 4670 3353 4726 locutione
3400 4673 3731 4741 prmcipitur,

2152 4771 2294 4809 nunc
2322 4764 2502 4809 autem
2531 4772 2751 4811 somnus
2778 4774 2897 4812 cum
2927 4759 3217 4823 locutione,
3248 4762 3349 4815 nisi
3374 4764 3497 4831 quia
3528 4777 3635 4817 non
3664 4763 3732 4817 li-

2150 4844 2306 4898 cebat
2332 4843 2509 4898 dicere
2532 4844 2782 4917 Loquere,
2808 4848 2909 4901 nisi
2938 4849 2987 4902 ei
3016 4851 3107 4917 qui
3132 4866 3255 4905 vera
3280 4852 3587 4921 cognitione
3609 4868 3729 4908 cer-

2147 4942 2233 4988 tus
2261 4933 2513 4989 existeret
2563 4937 2686 5005 quia
2727 4937 2770 4991 is
2800 4939 2890 5007 qui
2933 4939 3246 5008 loqueretur
3280 4942 3474 4997 mentis
3515 4959 3625 4998 sua:
3654 4943 3733 4997 af-

2142 5026 2370 5081 fectibus
2412 5027 2553 5081 Dens
2602 5030 2778 5083 esset?
2826 5028 3164 5085 Examinanti
3204 5047 3334 5102 ergo
3372 5048 3478 5097 non
3511 5034 3728 5099 dicitur,

2144 5117 2267 5184 quia
2318 5116 2418 5171 nisi
2458 5118 2763 5188 loquentem
2794 5121 2937 5176 intus
2986 5124 3224 5191 perlecte
3252 5126 3544 5195 dijudicet,
3579 5128 3733 5182 locu-

2142 5206 2344 5261 tionem
2366 5208 2659 5276 spiritalem
2684 5211 2783 5264 sibi
2810 5213 2983 5266 adbuc
3011 5213 3269 5268 incertam
3300 5232 3406 5270 non
3437 5217 3597 5270 debet
3626 5234 3724 5273 cu-

2144 5306 2293 5360 pere,
2327 5300 2382 5346 et
2434 5295 2683 5363 excipere
2712 5296 2865 5363 quasi
2908 5305 3132 5353 certam.
3165 5299 3356 5355 Dicere
3390 5301 3533 5355 enim
3564 5304 3730 5358 menti

2143 5383 2255 5437 Deo
2284 5382 2535 5455 Loquere,
2577 5394 2660 5441 est
2690 5386 2953 5442 internam
2986 5389 3101 5457 ejus
3128 5391 3511 5460 aspirationem
3541 5408 3731 5449 scrjurc

2136 5476 2413 5545 excipere.
2442 5477 2608 5545 Igitur
2636 5478 2873 5548 perlecte
2918 5484 3266 5549 cognoscenti
3316 5483 3420 5537 hoc
3448 5485 3728 5553 competit,

2146 5584 2254 5625 non
2287 5569 2559 5638 probanti,
2612 5573 2735 5640 quia
2765 5581 2889 5628 ante
2912 5573 3168 5644 judicium
3200 5577 3395 5631 interni
3443 5578 3725 5642 examinis,

2148 5659 2285 5714 sicut
2313 5660 2489 5715 divina
2519 5662 2722 5719 locutio
2768 5680 2877 5720 non
2919 5667 3201 5737 probatur,
3252 5668 3325 5722 ita
3352 5667 3495 5737 quod
3521 5668 3588 5722 de
3616 5668 3728 5723 Deo

2016 5787 2066 5822 ι,
2148 5748 2305 5804 nobis
2332 5761 2415 5806 est
2444 5752 2772 5823 incognitum
2804 5771 2904 5835 pro
2929 5766 3079 5815 certo
3105 5766 3163 5815 et
3185 5759 3400 5829 cognito
3442 5774 3553 5815 non
3581 5757 3719 5817 exci-

538 5904 558 5925 ⁸
586 5903 749 5966 Gilot.
766 5952 780 5981 ,
814 5930 949 5971 nunc
993 5918 1121 5975 ordo
1148 5924 1543 5990 praedicatorum
1570 5932 1753 5988 nesciit
1781 5950 1842 5989 ea
1870 5939 2196 6009 perfectione.
