4044 6336
166 373 177 383 .
263 415 369 474 155

1101 408 1168 464 ΙΝ
1208 406 1477 465 PRIMUM
1516 406 1757 464 REGUM
1794 405 2309 465 EXPOSITIONES.
2347 437 2419 451 —-
2455 409 2585 466 LIB.
2628 411 2715 470 Ill.

3425 416 3527 477 154

262 532 430 606 pitur.
484 525 697 603 Dictum
726 535 961 593 namque
988 529 1074 578 est
1113 521 1352 582 Samueli
1389 521 1534 576 Vade
1562 528 1613 576 et
1659 521 1847 589 dormi,
1875 530 1927 588 Α
1953 521 2345 591 praedicationis
2374 522 2612 580 ofﬁcium
2642 523 2839 596 duplex
2883 527 3144 597 praebuit,
3194 535 3255 585 ut
3282 529 3511 589 videlice

260 622 388 693 quia
412 632 536 675 cum
565 615 700 672 ordo
728 621 1039 668 sanctorum
1065 613 1476 683 praedicatorum
1506 611 1649 667 dona
1689 609 1848 681 spiri-

261 713 392 768 talia
420 725 519 781 per
545 706 686 763 sacri
730 705 930 773 eloquii
960 704 1337 774 probationem
1369 701 1573 769 didicit,
1605 701 1848 771 ejusdem

257 810 460 860 sancta:
486 799 768 869 scripturae
798 796 1103 850 eruditione
1130 794 1412 864 cognovit,
1444 802 1503 848 ut
1530 793 1582 848 in
1607 792 1846 864 ejusdem

257 896 417 953 donis
460 909 526 950 eo
572 891 814 947 securius
860 904 959 960 per
1006 902 1247 943 amorem
1294 886 1685 958 requiesceret,
1737 900 1846 957 quo

257 1001 455 1043 eorum
483 984 739 1039 virtutem
778 980 1037 1052 apertiori
1075 980 1287 1034 ratione
1314 979 1670 1047 cognovisset.
1704 976 1847 1032 Prae-

255 1087 477 1150 ceptum
494 1090 712 1147 quoque
737 1082 821 1130 est
849 1074 898 1129 ei
916 1083 975 1127 ut
995 1074 1211 1128 vocanti
1236 1073 1349 1128 Deo
1367 1072 1569 1128 diceret
1594 1071 1845 1142 Loquere,

255 1172 497 1228 Domine.
524 1168 659 1236 Quia
683 1181 853 1223 sacrae
878 1164 1173 1220 locutionis
1202 1163 1380 1220 studio
1396 1162 1588 1218 doctus
1611 1173 1712 1230 est,
1737 1177 1845 1217 non

164 1266 169 1271 ⁷
253 1267 432 1325 solum
478 1272 593 1337 per;
619 1264 844 1317 internae
892 1257 1217 1313 visitationis
1262 1256 1489 1324 gratiam
1535 1255 1845 1325 loquentem

255 1358 542 1414 Dominum
573 1353 771 1409 devote
797 1350 984 1405 audire
1004 1390 1019 1415 ,
1051 1348 1146 1403 sed
1176 1348 1425 1403 silentem
1454 1348 1639 1412 etiam,
1670 1353 1730 1401 ut
1757 1345 1844 1401 lo-

254 1452 347 1522 qui
377 1450 714 1521 dignaretur,
756 1443 967 1512 magnis
992 1440 1273 1497 desideriis
1298 1441 1607 1511 implorare.

327 1560 506 1632 (Vers.
527 1555 606 1626 9.)
628 1556 768 1611 Abiit
797 1571 920 1627 ergo
944 1553 1182 1620 Samuel,
1201 1561 1251 1607 et
1271 1552 1508 1608 dormivit
1527 1552 1705 1607 inloco
1727 1567 1841 1606 suo.

330 1655 418 1709 17.
446 1653 553 1709 Tot
580 1652 745 1707 habet
791 1650 909 1705 loca
956 1648 1277 1719 praedicator
1322 1654 1523 1703 sanctae
1569 1644 1842 1713 Ecclesiae,

254 1755 388 1819 quot
413 1743 685 1817 proiectus
712 1743 858 1799 vitae.
906 1739 1056 1797 Unde
1086 1749 1141 1795 et
1184 1739 1463 1810 prolectus
1491 1738 1575 1793 sui
1622 1738 1744 1792 loca
1772 1736 1846 1791 di-

255 1839 396 1894 vinis
424 1836 673 1893 laudibus
702 1848 1046 1899 consecrans,
1079 1832 1267 1887 beatus
1294 1829 1394 1886 Job
1419 1824 1585 1885 dicit:
1611 1828 1716 1883 Per
1735 1829 1845 1883 sin-

1950 611 2248 685 Synagogae
2274 616 2583 686 superbiam
2612 618 2924 687 repellendo
2953 627 3292 691 contereret,
3324 630 3379 677 et
3425 623 3529 679 hu-

1948 707 2233 763 militatem
2273 708 2594 777 gentilitatis
2622 709 2691 764 ad
2733 709 2893 765 ﬁnem
2922 712 3165 769 vocando
3202 714 3527 771 sublevaret.

1947 797 2048 853 Vel
2077 805 2227 853 certe
2272 800 2509 855 secundo
2537 808 2780 865 vocatur,
2832 802 2956 872 quia
3002 802 3059 857 in
3100 803 3525 863 destructionem

1946 891 2147 946 veteris
2191 892 2426 947 hominis
2463 901 2623 963 atque
2652 894 2705 948 in
2735 894 2860 949 novi
2888 894 3297 952 aediﬁcationem
3323 898 3529 953 excita-

1947 991 2055 1039 tur.
2072 983 2305 1041 Vocatus
2324 992 2406 1041 est
2428 1000 2555 1056 ergo
2582 988 2748 1043 semel
2770 1003 2889 1043 cum
2910 1004 3008 1058 per
3029 989 3273 1063 Spiritum
3294 990 3529 1047 instrue-

1950 1078 2114 1133 batur
2130 1078 2362 1149 qualiter
2382 1089 2601 1151 peccata
2614 1090 2669 1137 et
2687 1081 2815 1136 vitia
2840 1082 2893 1135 in
2918 1090 3259 1152 peccatorum
3280 1083 3531 1139 cordibus

1946 1170 2126 1226 delere
2152 1173 2445 1241 potuisset;
2497 1174 2733 1229 secundo
2758 1181 3001 1241 vocatus,
3036 1190 3158 1230 cum
3188 1174 3385 1229 interni
3414 1190 3530 1229 ma-

1945 1260 2150 1329 gisterii
2174 1276 2297 1317 eum
2329 1262 2472 1317 Deus
2498 1263 2824 1319 documento
2854 1266 3122 1332 instruxit,
3148 1272 3227 1331 nt,
3255 1266 3530 1321 destructa

1946 1349 2002 1404 in
2025 1359 2207 1407 mente
2229 1368 2610 1408 conversorum
2632 1354 2923 1424 impietatis
2943 1356 3316 1422 aediﬁcatione,
3334 1371 3529 1411 novam

1944 1452 2254 1501 sanctarum
2279 1437 2539 1501 virtutum
2572 1446 2829 1502 fabricam
2858 1448 3067 1517 erigere
3093 1448 3334 1504 deberet.
3375 1446 3529 1514 Quod

1943 1537 2187 1607 profecto
2215 1540 2611 1608 magisterimn,
2662 1540 2786 1611 quia
2825 1538 2960 1595 ordo
2989 1548 3299 1596 sanctorum
3325 1538 3525 1610 praedi-

1944 1638 2186 1685 catorum
2232 1641 2288 1686 et
2331 1632 2560 1686 libenter
2596 1630 2809 1698 didicit,
2858 1639 3021 1702 atque
3050 1632 3117 1687 ad
3165 1631 3523 1687 obediendum

1944 1719 2139 1776 devote
2167 1736 2227 1777 se
2256 1722 2470 1789 obtulit,
2500 1722 2748 1777 subditur
2774 1739 2787 1774 :

2018 1833 2205 1905 (Vers.
2238 1833 2351 1904 10.)
2389 1833 2478 1887 Ait
2521 1850 2642 1905 ergo
2674 1834 2887 1889 Samuel
2922 1849 2941 1887 :
2982 1832 3231 1907 Loquere,
3283 1814 3525 1898 Domine,

256 1930 411 2000 gulos
439 1927 635 2000 gradus
664 1942 801 1981 meos
832 1924 1174 1995 pronuntiabo
1205 1939 1318 1976 eum
1363 1921 1503 1991 (Job.
1534 1936 1691 1987 χιιι,
1724 1920 1837 1992 57).
1875 1917 1918 1977 Β
1943 1926 2063 1999 quia
2082 1926 2228 1980 audit
2254 1942 2429 1980 servus
2456 1934 2592 1981 tuus.

254 2022 374 2077 Non
401 2021 545 2077 enim
561 2019 674 2089 jam
694 2019 749 2072 in
772 2018 892 2073 loco
920 2016 1180 2071 examinis
1196 2054 1212 2081 ,
1236 2012 1330 2069 sed
1352 2020 1499 2069 certe
1520 2013 1847 2082 cognitionis

254 2114 491 2177 sistitur,
540 2126 661 2167 cum
697 2110 764 2164 ad
812 2110 1001 2165 altiora
1032 2107 1363 2165 sublevatur.
1392 2104 1567 2161 Locus
1612 2118 1848 2175 namque

250 2202 633 2277 prtedicatoris
672 2216 847 2256 rerum
890 2200 1384 2271 cognoscendarum
1415 2204 1563 2252 certa
1604 2195 1844 2265 cognitio

252 2306 357 2354 est.
398 2298 535 2352 Nam
568 2297 635 2351 de
662 2294 905 2365 reprobis
926 2292 1368 2365 praedicatoribus
1398 2290 1655 2347 Dominus
1682 2289 1840 2344 dicit:

254 2391 507 2445 Tenentes
537 2388 698 2460 legem
724 2402 910 2453 meam,
934 2387 1225 2440 nescierunt
1246 2400 1326 2437 me
1355 2382 1568 2454 (Jerem.
1595 2397 1653 2447 ιι,
1676 2379 1753 2449 8).
1789 2380 1845 2434 In

255 2482 379 2537 loco
406 2480 569 2548 igitur
594 2493 692 2534 suo
714 2476 934 2533 Samuel
963 2475 1231 2541 dormivit,
1256 2490 1376 2529 cum
1403 2473 1535 2528 ordo
1563 2473 1845 2528 doctorum

255 2570 577 2641 Spiritalium
604 2583 786 2624 rerum
814 2567 1177 2639 cognitionem
1199 2580 1321 2622 cum
1352 2563 1675 2620 certitudine
1702 2563 1846 2617 veri-

254 2664 381 2717 tatis
405 2661 645 2717 retinuit.
678 2659 786 2716 Sed
811 2659 866 2713 in
889 2674 1048 2729 quem
1077 2657 1303 2726 gradum
1326 2656 1574 2728 proﬁciat
1599 2654 1843 2710 ostendi-

255 2754 423 2820 ditur,
453 2753 580 2823 quia
608 2759 834 2823 repente
864 2749 1211 2805 subinfertur.

332 2868 507 2941 (Vers.
540 2867 654 2939 10.)
696 2864 850 2920 Venit
876 2881 999 2936 ergo
1031 2863 1306 2932 Dominus,
1328 2870 1378 2917 et
1398 2862 1559 2916 stetit.

332 2958 422 3013 18.
452 2959 583 3025 Quia
614 2974 727 3013 non
752 2958 952 3024 redire,
995 2957 1090 3012 sed
1119 2955 1304 3011 venire
1344 2953 1602 3009 Dominus
1630 2951 1841 3018 dicitur,

255 3050 452 3106 Judacze
495 3050 774 3105 destitutio
821 3056 878 3105 et
915 3056 1110 3104 sancta:
1138 3045 1391 3102 Ecclesiae
1420 3044 1653 3099 visitatio
1700 3043 1844 3097 desi-

254 3150 468 3213 gnatur.
484 3140 639 3196 Unde
662 3157 772 3196 non
796 3140 970 3196 solum
990 3139 1195 3205 venire,
1214 3136 1311 3193 sed
1333 3144 1478 3191 stare
1506 3134 1839 3205 perhibetur.

256 3233 339 3288 Ad
365 3232 560 3288 Iudaea:
590 3242 617 3271 ι
634 3232 994 3288 visitationem
1021 3247 1081 3287 se
1102 3231 1313 3285 venisse
1334 3228 1587 3294 insinuat,
1616 3228 1799 3283 dicens
1823 3243 1837 3279 :

2019 2015 2107 2071 20.
2153 2016 2356 2074 Audire
2383 2018 2693 2088 loquentem
2723 2017 2890 2073 Deum
2935 2024 3205 2087 praecepta
3247 2016 3364 2084 ejus
3403 2029 3533 2085 ope-

1946 2108 2096 2165 ribus
2124 2109 2419 2180 adimplere
2449 2119 2550 2165 est.
2589 2109 2746 2176 Quod
2784 2116 2973 2165 contra
3014 2109 3069 2163 in
3114 2107 3408 2177 Evangelio
3445 2122 3534 2161 re-

1946 2200 2130 2269 probis
2156 2214 2253 2269 per
2278 2202 2625 2270 semetipsam
2652 2200 2864 2255 Veritas
2890 2200 3021 2254 dicit
3054 2217 3067 2253 :
3110 2196 3211 2263 Qui
3240 2214 3302 2251 ea:
3332 2196 3438 2250 Deo
3460 2203 3538 2251 est

1943 2290 2095 2345 verba
2126 2289 2224 2345 Dei
2269 2292 2445 2357 audit;
2478 2302 2749 2362 propterea
2790 2309 2879 2346 vos
2910 2279 3016 2346 non.
3056 2290 3270 2356 auditis,
3318 2290 3439 2357 quia
3469 2304 3535 2342 ea:

1946 2378 2061 2437 Deo
2088 2400 2193 2438 non
2224 2386 2346 2437 estis
2374 2384 2554 2456 (Joan.
2585 2400 2698 2452 vni,
2728 2384 2841 2455 47).
2876 2384 2980 2440 Sed
3011 2384 3248 2438 audienti
3279 2381 3422 2452 quod
3454 2380 3535 2437 in-

1946 2476 2162 2532 sinuare
2193 2479 2401 2548 appetit
2429 2478 2637 2545 subdit;
2671 2493 2905 2548 namque
2933 2477 3175 2548 sequitur
3202 2494 3214 2529 :

2017 2565 2201 2638 (Vers.
2236 2567 2348 2638 11.)
2378 2566 2446 2621 Ει
2491 2569 2566 2622 ait
2612 2568 2869 2622 Dominus
2916 2568 2985 2621 ad
3030 2566 3323 2622 Samuelem
3352 2580 3370 2619 :
3401 2562 3535 2619 Ecce

1948 2658 2086 2729 facio
2117 2657 2320 2712 verbum
2359 2660 2416 2713 in
2462 2659 2653 2727 Israel,
2693 2659 2829 2733 quod
2865 2661 3152 2731 quicunque
3180 2658 3399 2712 audierit
3429 2657 3537 2710 tin-

1948 2747 2089 2801 nient
2110 2749 2275 2804 ambte
2306 2766 2460 2804 aures
2482 2751 2615 2821 ejus.

2016 2837 2083 2891 Et
2109 2838 2251 2893 idem
2280 2840 2505 2895 verbum
2530 2841 2802 2911 aperiens,
2833 2841 2909 2895 ait
2936 2858 2949 2895 :

2018 2950 2200 3023 (Vers.
2231 2952 2299 3007 15
2326 2961 2382 3009 et
2406 2953 2518 3025 M.)
2549 2954 2785 3010 Prtedixi
2810 2958 2943 3011 enim
2968 2957 3017 3011 ei
3035 2956 3170 3028 quod
3202 2955 3536 3026 judicaturus

1950 3060 2112 3098 essem
2139 3049 2348 3100 domum
2374 3049 2484 3119 ejus
2514 3066 2669 3120 usque
2692 3052 2746 3103 in
2778 3058 3025 3104 ceternum
3053 3036 3259 3119 prapter
3284 3048 3530 3119 iniquita-

1952 3143 2073 3202 tem,
2105 3152 2163 3190 eo
2197 3138 2333 3207 quod
2359 3149 2570 3193 noverat
2593 3140 2804 3213 indigne
2834 3158 2982 3211 agere
3011 3141 3147 3209 ﬁlios
3177 3157 3318 3205 suos,
3351 3148 3399 3193 et
3435 3156 3537 3193 non

1951 3228 2202 3297 corripuit
2229 3246 2337 3283 eos.
2370 3229 2577 3285 Idcirco
2600 3234 2777 3303 juravi
2798 3233 2973 3286 domui
3002 3231 3123 3285 Heli
3150 3232 3284 3302 quod
3315 3249 3416 3285 non
3444 3249 3537 3285 ca;-

256 3327 384 3382 Non
410 3344 523 3381 sum
552 3327 738 3381 missus
785 3328 887 3380 nisi
934 3326 1002 3379 ad
1044 3342 1159 3379 oves
1197 3340 1311 3396 qua:
1356 3325 1619 3393 perierunt
1659 3322 1842 3375 domus
1874 3296 1920 3358 (ἶ
1951 3317 2120 3387 pietur
2167 3320 2410 3390 iniquitas
2456 3322 2637 3377 domus
2666 3324 2779 3394 ejus
2807 3325 3021 3378 victimis
3060 3331 3109 3376 et
3155 3322 3448 3376 muneribus
3478 3323 3533 3375 in

258 3417 430 3473 Israel
468 3417 685 3489 (Matth.
718 3434 810 3485 xv,
839 3416 954 3486 24).
987 3416 1093 3473 Sed
1120 3417 1342 3472 veniens
1373 3431 1481 3470 non
1510 3415 1687 3477 stetit,
1720 3414 1847 3483 quia

256 3511 449 3565 salutis
480 3524 590 3565 sum
618 3509 823 3565 bonum
851 3516 1290 3565 contemnentem
1320 3506 1580 3562 deseruit.
1611 3504 1763 3559 Unde
1792 3511 1852 3558 et

257 3600 555 3673 Synagogae
591 3600 922 3669 principibus
950 3600 1206 3665 minatur,
1254 3597 1438 3651 dicens
1472 3614 1483 3648 :
1512 3594 1849 3665 Relinquetur

258 3693 398 3747 vobis
426 3692 607 3747 domus
630 3701 799 3746 vestra
819 3689 1225 3761 deserta(lbid.,
1244 3704 1393 3751 χχιιι,
1412 3686 1523 3757 '58).
1558 3685 1689 3739 Hinc
1719 3685 1850 3739 item

260 3783 604 3850 denuntians,
633 3783 735 3837 ait:
752 3783 913 3837 Amen
930 3782 1045 3837 dico
1066 3781 1204 3836 vobis
1232 3781 1352 3851 quia
1372 3781 1638 3852 auferetur
1656 3795 1687 3831 a
1709 3776 1850 3832 vobis

266 3878 427 3948 120
453 3892 685 3947 regnum,
702 3882 751 3929 et
772 3874 981 3929 dabitur
1002 3876 1141 3945 genti
1166 3873 1379 3946 facienti
1400 3874 1596 3944 [ructus
1618 3872 1749 3942 ejus.
1769 3869 1852 3924 Ad

259 3967 569 4023 Samuelem
598 3968 780 4037 itaque
806 3966 974 4029 venit,
1029 3974 1083 4019 et
1109 3966 1278 4031 stetit,
1322 3965 1446 4033 quia
1473 3963 1852 4033 prmdicatores

260 4068 468 4115 sanctae
496 4057 747 4114 Ecclesiae
776 4058 945 4114 semel
973 4058 1291 4127 assumpsit,
1333 4073 1363 4111 a
1409 4056 1602 4127 quibus
1632 4070 1730 4125 per
1757 4070 1852 4109 cu-

260 4152 497 4209 stodiam
541 4166 651 4207 suae
690 4152 874 4221 gratiae
922 4150 1145 4206 ulterius
1186 4166 1295 4205 non
1338 4148 1561 4203 recedit.
1604 4148 1738 4201 Nam
1786 4146 1854 4201 ad

264 4242 578 4299 Samuelem
607 4250 849 4308 venerat,
883 4258 1003 4297 cum
1035 4256 1205 4296 novos
1233 4238 1521 4311 praeferens
1559 4238 1677 4293 orbi
1718 4251 1855 4307 prae-

265 4335 557 4399 dicatores,
581 4333 797 4389 dicebat
822 4352 835 4389 ε
866 4332 947 4388 Ite
972 4333 1027 4386 in
1055 4332 1227 4387 orbem
1254 4333 1565 4394 universum,
1589 4338 1636 4383 et
1662 4329 1855 4400 prcedi-

267 4436 384 4481 cate
429 4425 774 4499 Evangelium
821 4428 961 4481 omni
1010 4435 1297 4491 creaturae;
1350 4426 1435 4497 qui
1464 4424 1756 4486 crediderit,
1810 4429 1859 4475 et

265 4518 560 4589 baptizatus
588 4520 762 4590 fuerit,
793 4518 963 4574 salvus
992 4518 1124 4582 erit;
1165 4519 1249 4589 qui
1280 4534 1397 4571 vero
1424 4532 1527 4570 non
1557 4514 1854 4577 crediderit,

266 4612 694 4669 condemnabitur
717 4612 911 4684 (Marc.
944 4626 1053 4679 xv1,
1087 4610 1171 4675 15,
1205 4610 1358 4681 seq.).
1379 4608 1487 4663 Sed
1516 4608 1561 4662 si
1588 4616 1733 4661 stare
1761 4605 1858 4659 de-

262 4706 396 4761 beat
435 4706 523 4774 qui
554 4705 703 4759 venit
749 4704 1040 4769 Dominus,
1085 4702 1230 4757 dicat
1260 4720 1271 4753 :
1304 4699 1438 4754 Ecce
1480 4716 1572 4771 ego
1602 4697 1859 4752 vobiscum

263 4812 382 4849 sum
406 4796 642 4849 omnibus
671 4796 848 4849 diebus
878 4812 1034 4865 usque
1063 4793 1133 4847 ad
1160 4793 1653 4847 consummationem
1678 4789 1859 4843 sceculi

267 4884 487 4957 (Matth.
520 4901 714 4951 xxvut,
748 4884 862 4956 20).
896 4884 1136 4939 Venerat
1165 4897 1293 4951 ergo
1325 4882 1612 4946 Dominus,
1646 4895 1754 4933 non
1802 4886 1864 4932 ut

266 4978 583 5043 recederet,
612 4978 709 5034 sed
758 4986 818 5032 ut
861 4985 1060 5044 staret,
1094 4977 1214 5045 quia
1248 4990 1414 5029 novos
1443 4973 1565 5027 tidei
1588 4972 1861 5026 ministros

266 5066 455 5135 elegit,
491 5082 627 5136 quos
672 5082 845 5136 usque
893 5068 948 5121 in
996 5064 1183 5120 mundi
1234 5064 1393 5118 linem
1430 5078 1529 5132 per
1555 5068 1861 5116 sanctarum

264 5160 533 5214 virtutum
563 5159 664 5214 sibi
689 5157 1072 5231 patrimonium
1097 5154 1447 5211 succedentes
1476 5151 1727 5223 protegit.
1755 5150 1864 5205 Sed

267 5250 367 5321 qui
395 5250 545 5304 venit
573 5265 671 5319 per
691 5249 918 5318 gratiam
939 5248 1182 5313 visitans,
1206 5247 1299 5317 qui
1328 5251 1435 5300 stat
1459 5259 1556 5315 per
1582 5240 1864 5298 electionis

266 5356 388 5396 suae
416 5341 902 5397 immutabilitatem
929 5355 1306 5412 perseverans,
1327 5338 1457 5410 quid
1486 5336 1743 5405 adjungat
1770 5350 1865 5389 au-

269 5430 511 5484 diamus.
1860 5426 1861 5429 “

348 5520 532 5593 (Vers.
560 5520 673 5591 10.)
704 5520 775 5576 Et
802 5523 1018 5588 vocavit,
1045 5522 1176 5575 sicut
1195 5527 1465 5576 vocaverat
1490 5517 1735 5583 secundo,
1764 5515 1868 5572 Sa-

265 5613 436 5677 muel,
471 5611 705 5670 Samuel.

349 5701 444 5759 19.
477 5702 728 5760 Secundo
758 5705 957 5775 quippe
985 5704 1228 5770 vocavit,
1258 5702 1384 5774 quia
1414 5705 1464 5761 ei
1490 5703 1547 5768 in
1572 5704 1870 5761 ministerio

362 5908 390 5935 "
420 5896 583 5957 Gilot.
616 5901 861 5961 visionem
879 5918 933 5958 se
952 5902 1145 5959 venisse
1172 5900 1426 5959 insinuat.

1958 3417 2231 3463 ceternum.

2023 3495 2113 3549 21.
2149 3496 2288 3562 Quid
2324 3502 2472 3553 enim
2499 3501 2584 3555 his
2609 3500 2787 3555 verbis
2825 3499 2970 3555 aliud
3016 3515 3177 3570 quam
3226 3500 3389 3555 toties
3426 3498 3540 3568 jam

1955 3588 2229 3658 explicata
2281 3590 2587 3649 Iudaeorum
2641 3594 2876 3664 repulsio
2929 3594 3275 3664 designatur?
3344 3592 3542 3648 Domus

1956 3698 2194 3754 namque
2241 3687 2607 3755 prmdicatoris
2635 3696 2717 3745 est
2754 3689 3037 3744 multitudo
3067 3688 3253 3759 populi
3294 3686 3539 3756 subjecti,

1954 3774 2119 3852 quam
2147 3783 2295 3838 velut
2324 3783 2649 3853 possidendo
2678 3784 2972 3849 inhabitat,
3022 3783 3146 3838 dum
3176 3797 3272 3852 per
3296 3796 3408 3837 sua:
3431 3778 3542 3834 sol~

1956 3879 2253 3937 licitudinis
2300 3891 2483 3932 curam
2524 3884 2725 3931 servat.
2775 3876 2975 3932 Domus
3004 3888 3132 3943 ergo
3175 3872 3323 3939 Heli,
3378 3871 3429 3926 id
3461 3878 3543 3926 est

1958 3970 2256 4028 sacerdotii
2302 3968 2532 4034 veteris,
2580 3966 2760 4022 Judtea
2789 3966 2915 4033 fuit,
2948 3982 3109 4034 quam
3139 3964 3263 4019 dum
3292 3979 3390 4034 per
3415 3977 3543 4016 con-

1954 4064 2321 4119 versationem
2350 4061 2636 4129 reprobam
2664 4058 2853 4124 coluit,
2880 4055 3155 4125 pravitatis
3181 4069 3289 4108 sum
3318 4051 3542 4106 maculis

1956 4155 2285 4210 immundam
2334 4153 2478 4207 fecit.
2527 4152 2629 4218 Qui
2670 4150 2912 4220 profecto
2964 4148 3103 4202 ﬁlios
3149 4161 3277 4202 suos
3323 4145 3541 4212 indigne

1958 4260 2119 4315 agere
2146 4245 2448 4314 conspexit,
2479 4243 2608 4311 quia
2633 4254 2901 4295 summum
2931 4237 3290 4294 sacerdotium
3317 4235 3541 4291 minoris

1958 4337 2164 4392 ordinis
2190 4336 2499 4391 sacerdotes
2532 4333 2589 4387 in
2621 4332 3038 4402 Redemptorem
3070 4331 3349 4387 saevientes
3389 4328 3541 4398 vidit,

1959 4441 2013 4485 et
2035 4446 2129 4485 eos
2158 4446 2265 4484 non
2288 4428 2572 4496 corripuit,
2596 4442 2699 4482 nec
2728 4428 2795 4481 ab
2820 4424 3078 4481 effusione
3102 4425 3235 4479 tanti
3264 4423 3538 4491 sanguinis

1960 4523 2071 4577 ulla
2095 4537 2190 4575 cos
2214 4520 2541 4577 auctoritate
2570 4518 2863 4575 revocavit.
2891 4516 3095 4573 Idcirco
3117 4516 3167 4570 ei
3193 4515 3373 4569 divina
3396 4528 3543 4569 com-

1962 4617 2261 4672 minatione
2288 4615 2619 4685 promittitur
2647 4615 2793 4682 quod
2832 4614 3023 4669 domus
3053 4613 3169 4681 ejus
3198 4613 3252 4667 in
3281 4620 3541 4667 aeternum

1964 4703 2521 4777 judicetur.Judicare
2547 4706 2746 4759 etenim
2778 4705 2869 4758 Dei
2898 4705 3153 4759 damnare
3182 4711 3282 4757 est.
3303 4702 3358 4755 In
3384 4711 3543 4755 aeter-

1969 4816 2098 4855 num
2133 4812 2259 4866 ergo
2293 4801 2443 4869 121
2468 4797 2758 4865 judicatur,
2797 4797 2921 4867 quia
2962 4798 3349 4867 perireaeterna
3385 4808 3545 4861 paena

1967 4891 2293 4947 decernitur.
2326 4889 2391 4943 Et
2420 4890 2546 4957 quia
2571 4889 2676 4943 hoc
2721 4896 2925 4943 aeterna
2954 4888 3048 4942 Dei
3078 4884 3546 4941 animadversione

1969 4983 2049 5051 ﬁt,
2077 4981 2428 5051 jurejurando
2457 4996 2517 5036 se
2545 4978 2843 5036 afﬁrmasse
2881 4978 3152 5049 perhibuit
3179 4976 3323 5045 quod
3350 4976 3547 5043 iniqui-

1969 5083 2053 5131 tas
2079 5077 2272 5130 domus
2300 5074 2418 5130 lleli
2464 5076 2517 5128 in
2568 5081 2827 5129 aeternum
2854 5071 3105 5143 precibus
3133 5077 3190 5124 et
3240 5069 3548 5125 muneribus

1973 5178 2081 5217 non
2111 5163 2378 5232 expietur.
2415 5159 2571 5227 Quod
2608 5160 2851 5230 profecto
2879 5166 3064 5227 aperta
3087 5154 3313 5210 veritate
3342 5151 3548 5220 impleri

1973 5253 2355 5321 conspicimus,
2388 5251 2511 5322 quia
2541 5249 2796 5305 Judaicus
2824 5246 3054 5318 populus
3099 5247 3151 5301 in
3177 5259 3286 5299 suae
3316 5241 3549 5312 perﬁdiae

1975 5342 2339 5397 obstinatione
2377 5350 2704 5412 perseverat.
2739 5338 2873 5405 Quid
2903 5337 3044 5392 enim
3085 5344 3165 5389 est
3196 5346 3429 5403 praesens
3458 5329 3547 5384 du-

1976 5433 2119 5498 ritia,
2146 5440 2199 5486 et
2226 5433 2436 5487 caecitas
2463 5431 2732 5501 quondam
2760 5438 2867 5483 tam
2896 5429 3053 5483 electi
3083 5425 3289 5497 populi,
3316 5423 3417 5477 nisi
3440 5421 3547 5491 jus-

1969 5521 2255 5591 jurandum
2287 5521 2477 5576 divina:
2525 5518 3035 5576 animadversionis?
3074 5516 3392 5590 Nanrdigno
3422 5529 3547 5583 sup-

1970 5615 2139 5685 plicio
2168 5630 2226 5669 se
2256 5616 2355 5671 sub
2381 5622 2583 5669 mterna
2613 5621 2789 5669 morte
2818 5612 3077 5679 cohibuit,
3109 5611 3199 5682 qui
3229 5608 3295 5663 ad
3326 5614 3547 5663 mortem

1971 5706 2234 5777 temporis
2277 5714 2537 5761 aeternam
2585 5704 2752 5761 vitam
2802 5718 2996 5776 cogere
3041 5719 3150 5761 non
3176 5699 3411 5773 expavit.
3442 5695 3547 5751 Sed
