4044 6336
487 479 588 540 155

1691 460 1937 522 SANCTI
1981 455 2308 516 GREGOIlll
2349 455 2563 512 MAGNI

3648 454 3760 512 156

486 599 592 656 hoc
633 591 777 669 quod
818 587 1168 662 jurejurando
1215 586 1409 645 asserit
1460 583 1772 658 praedixisse
1810 595 1868 638 se
1914 577 2061 643 dicit,
2094 583 2143 644 Α
2167 574 2261 630 sed
2293 575 2345 628 in
2376 572 2704 629 audientium
2727 573 2931 629 lucrum
2962 580 3231 646 spargant.-
3263 567 3556 643 Sequitur:

487 690 610 764 quia
664 686 912 741 nimirum
969 688 1168 737 sanctae
1212 678 1468 735 Ecclesia:
1515 675 1827 732 doctoribus
1873 670 2063 728 subse-

485 758 771 854 quentibus
798 779 871 840 de
899 771 1095 831 Juda'a:
1123 771 1433 843 repulsione
1461 768 1592 824 illud
1619 763 1868 829 innotuit,
1919 758 2065 830 quod

485 890 672 932 eorum
702 868 1192 944 pmdecessoribus
1221 874 1348 921 ante
1376 859 1763 924 manifestavit,
1808 853 1932 926 quia
1963 852 2066 906 hoc

488 984 551 1041 pe
577 985 586 998 ·
608 965 916 1022 Samuelem
946 963 1024 1018 ad’
1040 961 1161 1018 Heli
1191 975 1334 1016 nunc
1361 959 1576 1026 dicitur,
1606 951 1749 1027 quod
1778 950 1828 1006 ei
1866 964 1962 1020 per
1987 945 2066 1000 vi-

486 1075 542 1117 ru
565 1078 602 1115 n
633 1059 729 1114 Dei
758 1057 1009 1130 superius
1035 1055 1335 1112 dicebatur.
1379 1051 1632 1123 Sequitur
1661 1066 1674 1101 :

557 1172 734 1244 (Vers.
768 1168 879 1242 l5.)
911 1169 1166 1226 Dormivit
1188 1165 1400 1223 Samuel
1427 1180 1584 1236 usque
1610 1177 1777 1217 mane.

554 1264 644 1318 2‘2.
669 1263 807 1330 Quid
836 1277 920 1318 εει
945 1262 1090 1332 quod
1115 1276 1211 1332 per
1255 1275 1467 1315 sacrum
1503 1256 1772 1326 eloquium
1805 1247 2070 1306 Samuelis

484 1370 707 1414 somnus
736 1363 844 1414 tam
868 1361 1072 1411 attente
1100 1351 1463 1408 describitur?
1493 1350 1560 1404 Et
1586 1349 1710 1418 quia
1738 1345 1843 1415 jam
1879 1349 2072 1413 quater

486 1447 750 1518 repetisse
777 1462 1026 1502 somnum
1057 1444 1268 1509 dicitur,
1301 1442 1527 1497 multum
1557 1437 1750 1508 desipit
1778 1437 1867 1506 qui
1899 1450 1927 1487 a
1975 1432 2070 1489 Dei

487 1537 692 1610 Spiritu
720 1538 824 1594 hoc
845 1551 950 1594 non
974 1534 1323 1606 spiritualiter
1352 1533 1550 1587 dictum
1581 1528 1770 1588 credit.
1809 1525 1940 1580 Nam
1971 1524 2072 1579 etsi

487 1628 747 1686 dormisse
793 1627 952 1683 toties
973 1635 1120 1681 recte
1154 1622 1468 1694 intelligitur
1494 1637 1591 1690 pro
1635 1619 1861 1673 veritate
1903 1616 2076 1670 histo-

486 1723 600 1790 τίω,
649 1720 715 1776 ad
741 1721 846 1776 hoc
886 1719 1158 1781 scribitur,
1205 1722 1263 1770 ut
1313 1716 1367 1770 in
1395 1714 1624 1770 veritate
1671 1712 1863 1766 littera:
1913 1707 2069 1762 intel-

485 1814 654 1869 lectus
701 1811 1045 1886 proferantur
1106 1805 1394 1875 allegoriae.
1451 1803 1589 1871 Quid
1644 1815 1774 1869 ergo
1831 1799 2075 1866 designat

483 1905 750 1962 Samuelis
793 1904 910 1958 haec
938 1901 1126 1970 quinta
1170 1893 1474 1953 dormitio?
1520 1893 1626 1948 Sed
1673 1893 1796 1965 quia
1844 1889 2073 1962 primum

2237 664 2410 736 (Vcrs.
2446 662 2558 734 15.)
2592 663 2660 718 Et
2703 666 2872 719 timuit
2896 665 3129 720 indicare
3155 666 3401 721 visionem
3425 665 3570 721 Heli.

2235 755 2322 808 i5.
2357 755 2619 822 Quidnam
2649 764 2730 810 est
2760 755 2904 824 quod
2930 755 3170 820 timebat,
3207 756 3305 811 nisi
3344 756 3468 827 quia
3493 757 3597 811 hoc
3625 756 3759 811 dor-

2167 848 2379 904 miendo
2410 847 2714 904 didicerat?
2761 847 2894 903 Nam
2923 850 3014 922 qui
3045 848 3354 904 meditando
3397 849 3623 903 verbum
3661 864 3760 902 or-

2167 940 2338 1006 dinat,
2368 940 2577 996 ratione
2617 941 2804 995 statuit
2843 941 3061 1012 quando
3107 942 3267 995 etiam
3314 940 3540 996 verbum
3591 939 3760 994 dicat.

2168 1033 2442 1089 Visionem
2471 1034 2669 1105 quippe
2698 1033 2917 1089 Samuel
2961 1033 3112 1098 vidit,
3140 1042 3195 1088 et
3219 1031 3351 1098 [Heli
3399 1032 3637 1085 indicare
3689 1032 3763 1084 ti—

2169 1129 2321 1194 muit,
2353 1127 2479 1199 quia
2507 1128 2786 1182 doctorum
2805 1126 2936 1182 ordo
2963 1135 3160 1182 sancta:
3188 1124 3458 1194 Ecclesiae,
3479 1133 3536 1180 et
3563 1121 3762 1178 ludam

2170 1222 2532 1295 repulsionem
2580 1220 2816 1276 debitam
2865 1219 3165 1290 conspexit,
3214 1227 3376 1290 atque
3401 1217 3450 1272 ei
3491 1231 3613 1270 eam
3659 1215 3765 1270 ob-

2100 1335 2117 1348 -
2167 1315 2336 1387 jicere
2396 1323 2523 1369 ante
2581 1312 2903 1384 repulsionis
2949 1327 3058 1366 suae
3124 1319 3366 1380 tempora
3428 1305 3762 1361 formidavit.

2179 1407 2328 1463 Unde
2354 1418 2408 1462 et
2435 1407 2504 1462 ad
2533 1407 2860 1478 pmnitentia:
2889 1403 3185 1460 remedium
3213 1416 3330 1457 eam
3353 1400 3533 1471 potius
3562 1399 3766 1455 cohor-

2177 1511 2338 1565 tatur,
2369 1501 2556 1560 dicens
2583 1519 2594 1554 :
2628 1499 2992 1554 Pwnilentiam
3015 1499 3174 1572 agite,
3202 1503 3249 1550 et
3280 1495 3569 1565 baptizetur
3607 1507 3770 1546 unus-

2175 1596 2384 1667 quisque
2405 1601 2623 1648 vestrum
2657 1590 2793 1660 (Act.
2826 1605 2883 1658 ιι,
2912 1588 3027 1660 58).
3059 1587 3236 1655 Quare
3259 1592 3316 1641 et
3343 1583 3590 1640 subditur
3618 1599 3633 1637 :

2249 1705 2424 1778 (Vers.
2458 1704 2570 1775 15.)
2599 1705 2818 1776 Aperuit
2839 1702 2973 1757 ostia
2997 1701 3176 1756 domus
3204 1696 3434 1752 Domini.

2247 1797 2335 1853 ill.
2367 1797 2622 1866 Quaenam
2654 1803 2736 1849 est
2765 1793 2867 1848 alia
2914 1793 3104 1848 domus
3134 1788 3347 1845 Domini
3385 1801 3548 1858 quam
3585 1792 3776 1840 sancta

2181 1888 2466 1945 Ecclesia?
2498 1896 2521 1922 ἰ
2556 1883 2622 1943 Et
2651 1901 2770 1954 qua)
2802 1891 2926 1940 sunt
2953 1881 3108 1952 hujus
3138 1881 3329 1937 domus
3358 1879 3513 1944 ostia,
3539 1877 3639 1932 nisi
3661 1876 3776 1948 spi-

481 2020 732 2062 somnum
768 2001 1053 2058 retulimus
1100 1998 1167 2053 ad
1214 1995 1625 2066 exquisitionem
1673 1989 1934 2054 veritatis,
1987 2003 2075 2043 se-
2107 1971 2152 2035 C
2182 1981 2406 2040 rituales
2448 1979 2718 2034 virtutes?
2748 1975 2896 2032 Ostia
2927 1990 3156 2048 namque
3185 1973 3378 2028 domus
3405 1969 3619 2025 Domini
3667 1967 3773 2021 Sa-

485 2094 718 2150 cundum
741 2092 806 2148 ad
829 2091 1205 2164 probationem
1244 2087 1358 2143 veri
1384 2085 1584 2156 operis,
1630 2081 1847 2138 tertium
1878 2081 1945 2136 ad
1975 2096 2073 2136 ex-

483 2185 842 2260 plorationem
873 2182 986 2239 veri
1025 2180 1226 2251 gaudii,
1258 2181 1508 2248 quartum
1557 2173 1628 2228 ad
1667 2170 2076 2247 perfruitionem

485 2277 718 2336 inventae
762 2284 818 2332 et
864 2275 1107 2350 probatae
1130 2269 1466 2341 cognitchne
1492 2264 1859 2338 perfectionis,
1890 2263 2076 2333 quinta

482 2367 660 2424 somni
690 2367 897 2438 species
941 2359 1172 2420 refertur
1201 2361 1269 2416 ad
1299 2359 1534 2415 studium
1557 2354 1902 2428 disponenda:
1929 2355 2078 2408 locu-

484 2461 668 2517 tionis.
710 2458 929 2514 Samuel
976 2457 1138 2526 igitur
1192 2453 1380 2524 quinta
1429 2449 1754 2522 repetitione
1804 2443 2074 2508 dormivit,

485 2553 611 2625 quia
641 2552 774 2606 ordo
805 2549 1237 2622 praedicatorum,
1290 2543 1394 2598 etsi
1425 2558 1520 2612 per
1569 2540 1746 2596 cordis
1790 2536 2077 2592 consilium

483 2644 767 2701 veritatem
789 2641 998 2709 didicit,
1028 2655 1124 2710 per
1144 2637 1477 2692 voluntatem
1505 2633 1702 2698 mentis
1719 2632 1862 2687 bona
1891 2629 2076 2698 elegit,

487 2735 954 2809 pepaifectionem
983 2730 1198 2786 virtutis
1227 2743 1412 2784 verum
1436 2724 1690 2796 gaudium
1722 2722 1949 2792 recepit,
1983 2735 2080 2790 per

486 2829 866 2886 certitudinem
908 2826 1140 2881 inventa:
1179 2830 1233 2878 et
1256 2821 1486 2892 cognitae
1513 2816 1860 2874 beatitudinis
1891 2817 1944 2870 in
1973 2814 2080 2869 vir-

483 2931 658 2977 tutum
711 2918 1017 2975 sublimium
1066 2913 1359 2970 securitate
1406 2908 1706 2980 requievit,
1751 2907 1856 2960 hoc
1899 2914 2080 2958 tamen

484 3012 628 3084 quod
652 3013 703 3074 in
725 3011 1015 3078 semetipso
1047 3006 1300 3074 cognovit
1327 3003 1443 3056 sine
1470 3000 1649 3070 magni
1680 2997 2082 3067 dispensatione

485 3101 699 3160 consilii
741 3099 966 3156 subditis
1013 3095 1318 3166 praedicare
1364 3108 1471 3147 non
1521 3090 1717 3160 potuit.
1760 3085 2081 3154 Plerumque

486 3195 686 3251 etenim
724 3191 915 3246 doctor
960 3196 1016 3240 et
1069 3201 1188 3256 quze
1233 3184 1487 3256 praedicet
1541 3181 1683 3253 apud
1731 3178 2082 3247 semetipsum

484 3287 665 3353 habet,
697 3283 790 3340 sed
815 3290 992 3337 tamen
1009 3293 1072 3334 ea
1093 3291 1212 3348 qua:
1240 3277 1403 3331 habet
1423 3285 1584 3346 prout
1603 3272 1767 3327 debet
1790 3267 2082 3340 prmdicare

2180 2075 2325 2130 muel
2375 2076 2586 2143 aperuit
2639 2069 2854 2141 quando
2905 2065 3350 2125 concurrentibus
3398 2063 3463 2118 ad
3511 2063 3775 2118 unitatem

2181 2183 2321 2222 vera:
2371 2165 2493 2219 fidei
2541 2162 2953 2234 prmdicatorum
2986 2158 3122 2215 ordo
3149 2158 3402 2211 virtutum
3448 2153 3774 2226 spiritalium

2181 2259 2321 2316 dona
2347 2257 2620 2328 patefecit.
2653 2255 2813 2310 Velut
2842 2254 2984 2310 enim
3015 2251 3195 2318 clausa
3227 2257 3380 2304 erant
3401 2247 3596 2302 domus
3633 2245 3774 2298 ostia

2182 2367 2302 2408 cum
2352 2358 2552 2404 sancta:
2599 2347 2850 2402 Ecclesia:
2902 2345 3128 2399 virtutes
3177 2339 3580 2412 ignorabantur.
3627 2336 3776 2390 Bene

2183 2449 2385 2504 autem,
2420 2453 2542 2493 cum
2568 2436 2832 2492 visionem
2875 2431 2995 2488 Heli
3024 2432 3263 2487 indicare
3308 2426 3525 2484 Samuel
3571 2425 3771 2490 timuit,

2182 2531 2374 2588 domus
2427 2527 2636 2584 Domini
2697 2526 2834 2580 ostia
2883 2522 3155 2596 aperuisse
3221 2523 3586 2582 memoratur,
3646 2515 3776 2586 quia

2182 2622 2332 2694 prius
2352 2635 2513 2690 quam
2542 2625 2784 2688 apertam
2822 2613 3018 2670 Iudaea:
3060 2610 3418 2681 repulsionem
3457 2606 3778 2680 praedicato-

2183 2730 2300 2769 rum
2350 2713 2484 2768 ordo
2515 2709 2797 2771 indicarct,
2838 2707 2964 2760 dum
3011 2703 3076 2758 ad
3125 2700 3496 2773 paenitentiam
3538 2697 3776 2764 monuit,
3827 2732 3840 2740 ρ

2184 2806 2371 2862 electis
2400 2804 2466 2858 ad
2496 2803 2653 2857 fidem
2683 2798 3023 2856 currentibus
3048 2796 3306 2850 virtutum
3335 2791 3655 2863 spiritalium
3676 2806 3776 2846 oc-

2184 2901 2328 2956 culta
2359 2896 2643 2954 reseravit.
2704 2893 2836 2949 Nam
2887 2891 2978 2959 qui
3006 2886 3388 2944 misericordiae
3425 2893 3671 2956 tempore
3694 2882 3780 2937 di-

2185 3005 2309 3047 cere
2337 2991 2451 3044 visa
2499 2987 2693 3052 timuit,
2725 2993 2969 3054 tempore
2998 2979 3342 3049 exquirendae
3366 2975 3583 3047 justitiae
3610 2973 3781 3028 visio-

2185 3098 2309 3137 nem
2333 3079 2550 3149 justitim
2581 3075 2854 3139 indicavit,
2883 3073 3100 3129 dicens:
3133 3068 3268 3136 Quia
3316 3068 3556 3142 indignos
3587 3082 3674 3121 eos
3703 3067 3782 3137 fe-

2186 3175 2329 3229 cistis
2358 3181 2563 3228 azterme
2592 3172 2726 3236 vitm,
2761 3185 2875 3223 ecce
2924 3167 3265 3222 convertimur
3293 3163 3363 3218 ad
3391 3171 3583 3235 gentes.
3637 3159 3779 3233 (Act.

2187 3283 2300 3333 xm,
2326 3265 2439 3336 45).
2463 3263 2539 3318 Ex
2562 3280 2665 3334 qua
2690 3261 2931 3333 profecto
2957 3261 3166 3323 ratione
3190 3257 3413 3328 quzcstio
3435 3256 3628 3320 oritur,
3653 3253 3782 3321 quia

483 3395 550 3437 ea
579 3393 687 3434 non
710 3383 910 3447 potest,
933 3372 1059 3442 quia
1088 3347 1132 3425 si
1163 3385 1227 3425 ea
1258 3379 1380 3438 quae
1408 3367 1555 3420 dicat
1587 3364 1698 3434 jam
1734 3361 1965 3417 Domino
1992 3373 2082 3415 re-
2112 3357 2158 3421 C
2188 3360 2440 3416 videlicet
2468 3358 2729 3411 visionem
2757 3353 3023 3409 Samuelis
3049 3366 3209 3423 prece
3234 3350 3404 3419 magis
3429 3355 3482 3402 et
3515 3347 3785 3417 impreca-

485 3473 703 3530 velante
739 3468 942 3532 didicit,
992 3464 1213 3520 modum
1235 3477 1343 3531 quo
1387 3459 1455 3514 ad
1504 3456 1762 3528 populum
1809 3459 1933 3508 sunt
1960 3467 2087 3523 pro-

484 3560 708 3618 ferenda
757 3575 863 3613 non
907 3555 1078 3611 novit.
1123 3550 1390 3610 Dormivit
1429 3562 1559 3618 ergo
1601 3545 1817 3602 Samuel
1867 3545 2084 3609 iterum,

489 3652 618 3724 quia
665 3649 798 3704 ordo
827 3645 1240 3717 prscdicatorum
1270 3640 1413 3712 apud
1451 3654 1510 3694 se
1539 3651 1732 3707 magna
1777 3635 1972 3707 quietis
2001 3634 2086 3687 in-

491 3745 736 3804 tentione
780 3739 1045 3810 disposuit
1074 3751 1143 3792 ne
1185 3733 1530 3807 praedicando
1575 3732 1726 3787 verbi
1758 3730 1853 3786 Dei
1902 3743 2088 3783 semen

489 3837 754 3896 inutiliter
784 3839 1087 3904 spargeret,
1135 3829 1280 3899 quod
1324 3827 1441 3883 utili
1473 3825 1928 3895 contemplatione
1971 3821 2088 3877 col-

489 3934 730 4005 legisset.
780 3927 914 3984 Nam
944 3925 1067 3980 dum
1101 3923 1425 3995 prmdicator
1471 3920 1811 3975 considerare
1852 3916 2091 3985 compel-

490 4025 621 4082 litur
648 4021 775 4093 quid
820 4028 874 4076 et
923 4024 1206 4089 quantum,
1250 4013 1363 4069 sive
1400 4011 1636 4082 quando,
1681 4009 1938 4078 loquitur,
1969 4023 2090 4079 quae

490 4117 635 4173 dicat
663 4113 821 4170 simul
848 4108 1117 4174 omnibus,
1167 4105 1402 4178 qualiter
1443 4108 1662 4157 moneat
1685 4102 1895 4170 aliquos
1936 4116 2088 4156 seor-

490 4226 628 4278 sum,
659 4209 785 4280 quia
814 4220 1008 4276 magna
1036 4213 1236 4261 sanctae
1264 4198 1631 4257 meditationis
1671 4198 1851 4269 quiete
1899 4198 2086 4263 utitur,

493 4311 619 4374 apte
641 4301 802 4355 nimis
827 4299 881 4353 in
905 4308 1032 4370 typo
1061 4296 1188 4352 novi
1219 4291 1591 4365 praedicatoris
1632 4289 1852 4346 Samuel
1897 4289 2088 4344 iterum

495 4393 734 4452 dormire
758 4390 1090 4463 perhibetur.
1142 4387 1390 4442 Dormire
1416 4383 1616 4454 quippe
1658 4383 1707 4438 ei
1741 4390 1865 4436 tunc
1906 4390 1986 4437 est
2011 4381 2092 4436 di-

497 4487 654 4545 cendi
682 4483 902 4540 modum
935 4479 1222 4549 tranquilla
1253 4485 1434 4533 mente
1464 4476 1767 4545 disponere.
1820 4473 1888 4528 Et
1917 4474 2088 4543 evigi-

498 4577 615 4632 lare
643 4575 692 4630 ei
713 4582 797 4629 est
817 4587 846 4627 a
876 4571 1058 4640 quiete
1081 4567 1450 4622 meditationis
1477 4564 1545 4619 ad
1566 4565 1888 4636 loquendum
1917 4565 2086 4622 exire.

498 4668 570 4724 Et
595 4669 721 4739 quia
749 4663 1141 4722 rationabiliter
1167 4673 1277 4715 non
1307 4659 1522 4728 evigilat
1553 4668 1838 4727 antequam
1867 4659 2092 4714 dicenda

2189 3453 2339 3509 tione
2362 3450 2478 3505 Heli
2508 3449 2794 3504 indicatam
2816 3446 2978 3502 fuisse
3004 3443 3330 3516 perhibetur.
3355 3441 3486 3496 Nam
3515 3439 3782 3494 subditur:

2265 3554 2443 3624 (Vers.
2480 3546 2737 3617 lli—‘18.)
2785 3547 2931 3602 Venit
2969 3563 3092 3616 ergo
3133 3542 3261 3598 Heli
3299 3543 3368 3596 ad
3394 3540 3710 3605 Samuelcm,
3733 3549 3786 3593 et

2193 3646 2327 3700 dixit
2350 3659 2368 3699 :
2390 3642 2623 3706 Samuel,
2657 3639 2737 3711 ﬁli
2766 3640 2856 3692 mi.
2894 3638 2991 3704 Qui
3013 3634 3278 3706 respondit
3301 3650 3317 3687 :
3338 3631 3542 3687 Prmto
3563 3630 3786 3686 sumi-It

2191 3735 2528 3806 interrogavit
2554 3748 2707 3786 eum:
2743 3733 2869 3798 Quis
2891 3737 2967 3783 est
2988 3745 3154 3782 sermo
3184 3743 3329 3800 quem
3351 3726 3546 3780 locutus
3569 3733 3646 3779 est
3677 3724 3785 3780 Do-

2193 3828 2364 3882 minus
2385 3825 2454 3878 ad
2496 3825 2591 3878 te?
2616 3840 2728 3889 oro,
2772 3839 2836 3876 ne
2865 3821 3106 3875 celaveris
3152 3820 3297 3873 milii.
3326 3817 3454 3872 Herc
3489 3819 3652 3890 faciat
3691 3816 3786 3872 tibi

2193 3917 2357 3983 Deus,
2384 3926 2432 3972 et
2460 3915 2571 3972 hazc
2598 3915 2779 3980 addat,
2805 3915 2851 3968 si
2878 3912 3210 3967 absconderis
3239 3927 3272 3964 α
3294 3927 3374 3965 me
3395 3927 3682 3965 sermonem
3718 3926 3788 3965 α

2193 4013 2424 4068 omnibus
2462 4026 2575 4082 quw
2619 4010 2758 4063 dicta
2809 4016 2926 4061 sunt
2969 4005 3080 4060 tibi.
3132 4005 3388 4058 Indicuvit
3410 4004 3568 4074 igitur
3595 4004 3641 4057 ei
3681 4004 3791 4058 Sa-

2195 4107 2330 4162 muel
2357 4107 2618 4160 universos
2646 4117 2923 4165 sermones,
2955 4109 3004 4156 et
3033 4116 3135 4154 non
3165 4098 3430 4153 abscondit
3461 4097 3523 4150 ab
3552 4114 3630 4151 eo.

2264 4205 2354 4263 25.
2383 4202 2667 4272 Quomodo
2691 4201 2834 4256 enim
2857 4200 2923 4254 ab
2949 4206 3266 4253 exsecutore
3286 4197 3478 4252 divina:
3503 4195 3789 4251 sententiae

2193 4300 2452 4356 visionem
2487 4311 2595 4350 sua:
2624 4293 2944 4364 repulsionis
2981 4291 3186 4357 didicit,
3219 4291 3310 4360 qui
3340 4291 3445 4346 hoc
3469 4305 3577 4345 non
3613 4297 3724 4343 tam
3756 4305 3792 4343 a

2193 4389 2558 4448 comminante
2601 4401 2763 4455 quam
2810 4385 2875 4438 ab
2907 4399 2972 4438 eo
3015 4383 3108 4452 qui
3136 4383 3304 4450 magis
3333 4381 3583 4453 precibus
3626 4395 3794 4449 coge-

2192 4482 2355 4539 batur
2383 4475 2629 4534 audivit?
2671 4474 2778 4531 Sed
2827 4475 2917 4544 qui
2950 4474 3088 4529 istud
3115 4481 3362 4544 qumrunt
3409 4473 3584 4542 primo
3625 4470 3795 4526 intel—

2194 4573 2363 4641 ligant
2386 4570 2509 4641 quia
2551 4584 2660 4622 non
2689 4566 2754 4620 ad
2785 4563 3166 4630 litteram,.sed
3188 4562 3254 4618 ad
3283 4563 3580 4632 spiritalem
3620 4569 3677 4615 et
3705 4569 3793 4631 ty—

2194 4664 2372 4734 picam
2435 4657 2877 4728 significationem
2930 4655 3032 4710 ista
3082 4653 3416 4710 discutimus.
3471 4649 3586 4709 Hoc
3643 4652 3793 4706 enim

500 4765 772 4834 disponat,
805 4758 1090 4828 sequitur:
1137 4752 1308 4826 Usque
1357 4769 1528 4806 mane.
1573 4750 1730 4805 Mane
1775 4752 1918 4806 enim
1968 4766 2094 4822 per-
2129 4735 2171 4793 υ
2201 4757 2322 4811 loco
2386 4752 2572 4806 venire
2645 4748 2805 4816 Heli,
2877 4761 3054 4816 neque
3124 4746 3192 4800 ad
3262 4752 3466 4802 motum
3544 4744 3794 4813 corporis

499 4855 642 4913 fecta
671 4848 1052 4924 pronuntiandi
1084 4845 1230 4902 verbi
1261 4844 1498 4913 cognitio
1547 4844 1600 4898 in
1631 4853 1811 4898 mente
1855 4843 2096 4899 doctoris

505 4956 608 5003 est.
661 4944 813 5000 Unde
842 4949 898 4997 et
940 4938 1244 5012 praecipites
1295 4935 1548 4990 doctores
1579 4933 1848 5004 PrOpheta
1899 4935 2094 5002 arguit,

506 5037 691 5092 dicens
723 5053 735 5088 :
792 5033 992 5087 Vanum
1021 5039 1096 5084 est
1123 5028 1262 5084 vobis
1305 5037 1424 5081 ante
1473 5027 1638 5081 lucem
1667 5041 1875 5096 surgere
1921 5023 2093 5096 (Psal.

507 5141 687 5192 cxxvr,
730 5123 809 5192 2).
861 5121 999 5176 Ante
1044 5120 1216 5179 lucem
1264 5117 1464 5187 quippe
1513 5123 1738 5185 surgunt
1789 5114 1880 5184 qui
1932 5129 2101 5184 usque

507 5233 666 5276 mane
695 5229 804 5272 non
832 5211 1124 5279 dormiunt,
1153 5211 1249 5266 sed
1270 5209 1324 5264 in
1344 5222 1538 5263 vanum
1563 5206 1837 5274 evigilant,
1861 5207 1986 5275 quia
2016 5205 2099 5260 in-

510 5312 714 5367 utiliter
742 5308 966 5364 verbum
1004 5303 1304 5375 proferunt,
1336 5298 1480 5369 quod
1501 5297 1731 5368 qualiter
1749 5298 1978 5368 proferri
2003 5297 2097 5352 de-

514 5401 646 5456 beat
671 5398 1024 5454 meditatione
1069 5395 1215 5449 nulla
1245 5391 1501 5447 didicere.
1535 5387 1688 5443 Unde
1714 5398 1770 5443 et
1813 5389 2095 5444 consilium

516 5491 596 5546 eis
625 5490 879 5557 ostendit,
910 5487 1095 5543 dicens
1124 5503 1136 5538 :
1187 5481 1395 5555 Surgite
1433 5489 1701 5552 postquam
1729 5481 1964 5535 sedet-itis
1983 5523 1998 5549 ,
2043 5490 2102 5536 ut

517 5584 768 5640 videlicet
795 5597 892 5653 per
917 5581 1155 5651 quietem
1183 5575 1489 5633 meditando
1525 5577 1679 5646 122
1728 5575 1952 5630 verbum
1992 5575 2104 5631 col-

517 5678 708 5754 ligant,
739 5667 882 5748 quod
918 5677 1016 5748 per
1051 5675 1291 5730 laborem
1323 5670 1611 5728 locutionis
1639 5685 1750 5724 non
1789 5669 1844 5724 in
1885 5684 2100 5737 vanum,

597 5895 622 5922 ιι
648 5882 809 5936 Gilol.
849 5899 862 5947 ;
895 5879 962 5934 Et
991 5897 1102 5952 quae
1123 5886 1241 5932 sunt
1267 5877 1415 5952 hujus
1445 5873 1858 5952 domusDomiui
1895 5869 2105 5952 Samuel

526 5955 750 6015 aperuit,
780 5939 983 6015 quando
1003 5939 1429 6007 remur-rentibus
1459 5946 1526 6000 ad
1548 5947 1797 5999 unitatem
1827 5957 1956 5998 verre
1976 5939 2100 6009 ﬁdei

2202 4845 2411 4904 Judaici
2442 4841 2729 4898 sacerdotii
2757 4839 3008 4905 refertur,
3040 4853 3214 4910 neque
3240 4837 3308 4894 ad
3334 4835 3583 4891 affectum
3629 4851 3792 4890 men-

2200 4939 2290 5005 tis,
2332 4937 2426 4992 sed
2473 4944 2648 4991 tamen
2687 4933 2872 4988 venire
2897 4932 2945 4987 ei
2975 4931 3074 4985 fuit
3102 4931 3207 4985 hoc
3235 4930 3407 5000 ipsum
3443 4927 3588 4998 quod
3622 4927 3796 4983 ratio-

2201 5031 2340 5087 nalis
2369 5028 2461 5084 Dei
2494 5036 2739 5083 creatura
2784 5031 2866 5080 est
2893 5021 3335 5094 prtedicatoribus
3362 5035 3644 5092 apparere.
3679 5018 3792 5074 Ve-

2201 5120 2281 5184 nit
2309 5121 2489 5189 itaque
2514 5133 2636 5173 cum
2665 5117 2717 5170 in
2749 5115 2982 5170 humana
3030 5123 3219 5168 natura
3259 5113 3404 5167 visus
3441 5119 3544 5182 est,
3598 5110 3797 5166 docto-

2203 5228 2430 5283 rumque
2473 5210 2635 5268 corda
2666 5209 2768 5264 sibi
2797 5207 2865 5261 ad
2893 5207 2916 5244 ι)
2963 5204 3322 5261 miserandum
3352 5203 3543 5259 movit.
3592 5200 3796 5257 Venire

2202 5317 2329 5374 ergo
2358 5301 2476 5357 Heli
2505 5316 2610 5355 non
2639 5306 2724 5354 est
2770 5298 2822 5352 in
2856 5296 3028 5350 veteri
3050 5296 3250 5366 populo
3280 5308 3526 5350 accessus
3567 5293 3796 5358 mentis,

2183 5403 2298 5450 -aut
2325 5393 2588 5462 corporis,
2619 5390 2714 5444 sed
2761 5389 2999 5446 ostensio
3027 5389 3272 5442 humana:
3300 5384 3646 5440 conditionis.
3692 5381 3799 5437 Vel

2201 5489 2431 5542 fortasse
2481 5485 2666 5539 venire
2712 5483 2763 5538 ei
2793 5483 2890 5538 fuit
2938 5497 3004 5536 ex
3035 5496 3102 5537 eo
3132 5479 3274 5549 quod
3304 5493 3372 5534 ex
3416 5477 3669 5536 omnibus
3697 5491 3800 5543 po-

2204 5576 2344 5647 pulis
2373 5575 2439 5628 ad
2467 5574 2562 5628 Dei
2591 5573 2792 5627 cultum
2812 5572 3016 5626 electus
3045 5567 3162 5624 fuit.
3190 5567 3326 5623 Eum
3373 5579 3592 5638 quoque
3623 5564 3799 5617 lilium

2209 5666 2499 5740 appellavit
2547 5665 2640 5733 qui
2682 5664 2749 5719 ab
2795 5663 2886 5718 illo
2930 5661 3211 5736 respicitur
3256 5659 3350 5732 qui
3390 5659 3442 5713 in
3468 5656 3660 5715 electis
3689 5655 3799 5710 Pa-

2213 5867 2628 5935 pra’dicatorum,
2661 5870 2764 5935 etc.

2277 5939 2302 5976 ιι
2332 5934 2438 6003 AL,
2472 5933 2814 5992 miserandam
2835 5933 3003 5988 movit.
