4044 6336
277 415 381 470 157

1110 415 1177 470 ΙΝ
1216 415 1479 473 PRIMUM
1520 417 1757 475 REGUM
1795 419 2313 481 EXPOSITIONES.
2352 455 2423 467 —
2461 427 2587 483 LIB.
2626 428 2711 485 Ill.

3424 443 3526 500 158

274 530 447 586 tribus
472 529 747 585 institutor
784 538 983 585 saneta!
1022 528 1272 586 Ecclesiae
1299 530 1461 587 luisse
1499 542 1849 593 memoratur.
1874 544 1928 601 Α
1952 535 2095 607 quod
2125 536 2193 593 de
2216 539 2355 594 fama
2378 540 2675 597 sanctitatis
2698 538 2948 610 redoluit,
2970 560 3129 603 omne
3157 549 3300 617 quod
3325 550 3527 608 clarum

275 620 446 679 Vocat
489 635 619 691 ergo
666 621 832 676 illium
882 637 989 676 non
1045 621 1238 677 aifectu
1294 622 1701 694 appellationis,
1756 626 1852 682 sed

270 714 584 772 ate-sione
608 714 820 769 amissas
845 714 1140 782 dignitatis.
1170 714 1239 768 Et
1259 716 1385 784 quia
1415 716 1469 770 in
1492 716 1721 787 caligine
1747 734 1852 774 cae-

270 805 451 861 citatis
497 804 770 875 aspicitur,
826 804 1049 860 indicari
1102 805 1203 860 sibi
1242 804 1503 863 visionem
1551 810 1853 882 postulasse

268 898 599 969 perhibetur.
632 896 927 954 Obseersre
954 899 1155 954 etenim
1200 899 1251 955 ei
1280 908 1363 955 est
1399 911 1648 973 respectu
1696 919 1849 959 com-

267 992 448 1046 munis
494 998 702 1046 naturas
746 991 1158 1061 praedicatorum
1201 1002 1408 1049 mentes
1453 996 1520 1051 ad
1550 998 1854 1055 misericor-

265 1081 411 1137 diam
461 1096 782 1151 provocare.
836 1080 939 1149 Qui
979 1083 1143 1137 etiam
1192 1082 1636 1154 imprecationem
1700 1091 1853 1162 123

266 1172 514 1245 precibus
542 1172 760 1237 addidit,
790 1173 915 1241 quia
965 1173 1099 1229 ordo
1147 1176 1572 1245 prmdicantium,
1627 1181 1751 1234 dum
1797 1182 1852 1237 in

267 1269 418 1317 tanta
439 1262 654 1317 miseria
683 1263 918 1333 positum
946 1263 1250 1320 indecorum
1279 1267 1635 1324 sacerdotium
1680 1279 1852 1326 allen.

262 1353 443 1421 deret,
470 1354 631 1411 irasci
658 1355 760 1415 sibi
788 1356 1215 1426 omnipotentem
1252 1355 1540 1413 Dominum
1572 1362 1768 1430 timuit,
1807 1361 1852 1418 si

264 1460 376 1501 non
405 1444 455 1500 ei
479 1446 645 1502 verbo
683 1446 1013 1502 subveniret.
1048 1446 1198 1503 Unde
1224 1456 1279 1504 et
1307 1457 1433 1519 apte
1473 1450 1848 1521 subjungitur:

268 1534 531 1595 indicavit
571 1538 619 1591 ei
647 1536 862 1592 Samuel
901 1540 1166 1595 universos
1210 1552 1499 1608 sermones,
1531 1552 1581 1597 et
1612 1552 1716 1597 non
1761 1543 1853 1598 ηιμ

261 1632 465 1688 scandit
483 1632 549 1687 ab
571 1648 651 1688 eo.
682 1631 875 1689 Omnia
902 1632 1104 1703 quippe
1129 1635 1181 1689 ei
1209 1635 1321 1690 visa
1344 1636 1619 1705 indicavit,
1649 1643 1729 1703 ut,
1758 1651 1852 1692 au-

259 1725 377 1781 dito
410 1726 554 1794 quod
576 1725 790 1792 meruit,
840 1726 1151 1794 magnitudo
1192 1725 1491 1784 formidinis
1537 1728 1605 1784 ad
1650 1729 1852 1786 sollici-

261 1817 503 1873 tudinem
526 1830 649 1872 eum
689 1825 1036 1872 converteret
1071 1818 1427 1888 impetrandae.
1458 1820 1651 1875 divinae
1690 1822 1849 1877 mise—

1954 643 2051 699 per
2080 630 2298 684 verbum
2328 631 2484 701 luxit,
2515 632 2581 687 de
2600 634 2883 703 praesentia
2899 633 3277 708 Redemptoris
3298 642 3527 714 accepit,

1951 735 2109 791 quem
2130 738 2309 777 secum
2327 723 2527 780 habuit.
2552 724 2683 780 Nam
2704 727 2804 782 etsi
2830 726 2993 783 verbo
3017 728 3210 785 Paulus
3226 748 3333 786 non
3355 734 3529 790 solum

1950 812 2158 868 inﬁrma
2186 822 2241 869 et
2266 821 2494 881 terrena,
2526 816 2621 872 sed
2645 818 2807 873 etiam
2828 834 3035 875 summa
3066 828 3121 875 et
3150 821 3391 877 coelestia
3431 840 3527 894 pe—

1952 912 2149 971 netrat,
2179 920 2247 961 ex
2292 922 2357 963 eo
2384 908 2524 965 hanc
2553 909 2766 965 dicendi
2809 913 3061 969 virtutem
3102 914 3336 984 obtinet,
3368 931 3528 985 quem

1951 1012 2129 1053 secum
2159 1013 2277 1055 esse
2313 998 2559 1068 afﬁrmat,
2596 1003 2813 1058 dicens:
2862 1005 2944 1059 An
2974 1007 3373 1076 experimentum
3417 1008 3530 1078 ejus

1950 1092 2176 1161 quwrilis
2201 1099 2225 1127 α
2257 1092 2343 1162 qui
2389 1093 2443 1146 in
2470 1110 2550 1147 me
2573 1092 3016 1150 habitatChrislus
3049 1095 3135 1168 (11
3158 1097 3276 1152 Cor.
3311 1116 3421 1164 xm,
3449 1101 3530 1168 '5)?

1952 1183 2051 1251 Qui
2074 1185 2215 1240 enim
2245 1186 2297 1239 in
2328 1201 2386 1240 se
2415 1187 2732 1257 loquebatur
2752 1205 2935 1245 secum
2967 1201 3102 1245 erat.
3130 1191 3357 1248 Redolct
3386 1194 3531 1248 omni

1953 1277 2149 1333 mundo
2176 1294 2271 1348 per
2296 1278 2480 1346 vitam,
2508 1281 2601 1336 sed
2621 1296 2686 1335 ex
2709 1297 2773 1336 eo
2800 1282 2922 1337 vitae
2944 1282 3165 1338 odorem
3194 1285 3528 1355 trahitquem

1952 1369 2182 1424 ostendit
2210 1387 2221 1422 :
2264 1369 2448 1424 dicens
2475 1389 2487 1424 ;
2512 1370 2701 1425 Christi
2743 1369 2901 1427 bonus
2931 1372 3059 1427 odor
3088 1391 3261 1428 sumus
3306 1377 3359 1428 in
3394 1376 3533 1429 omni

1950 1461 2061 1517 loco
2090 1461 2251 1530 (Ibid.
2286 1480 2340 1531 ιι,
2374 1461 2480 1535 l5).
2505 1463 2696 1519 Omnia
2740 1481 2858 1521 esse
2887 1466 2952 1521 de
2979 1470 3259 1537 prmsentia
3303 1468 3531 1523 Redem-

1951 1559 2119 1628 ptoris
2148 1557 2381 1615 Joannes
2408 1559 2682 1628 insinuat,
2712 1561 2834 1630 quia
2878 1560 3005 1615 dicit
3036 1579 3048 1613 :
3097 1560 3175 1616 De
3220 1564 3536 1633 plenitudine

1949 1650 2059 1720 ejus
2088 1667 2259 1703 omnes
2287 1653 2571 1720 accepimus
2595 1648 2772 1721 (Joan,
2797 1667 2833 1717 ι,
2867 1650 2979 1721 16).
3008 1649 3224 1707 Samuel
3254 1668 3381 1722 ergo
3411 1670 3531 1707 cum

1950 1741 2182 1795 crevisse
2211 1741 2425 1806 dicitur,
2455 1756 2574 1796 cum
2605 1738 2670 1796 eo
2718 1742 2973 1797 Dominus
3016 1758 3136 1797 esse
3183 1751 3531 1811 memoratur,

1952 1832 2075 1901 quia
2128 1833 2408 1887 doctorum
2442 1832 2586 1911 {ordo
2612 1848 2734 1888 cum
2781 1848 2988 1901 magna:
3030 1835 3325 1889 sanctitatis
3371 1842 3534 1905 atque

260 1908 508 1964 rationis.
538 1907 831 1965 Universos
856 1909 907 1964 ei
941 1910 1151 1965 Domini
1181 1922 1459 1967 sermones
1482 1913 1754 1979 indicavit,
1782 1922 1842 1969 ut

1945 1921 2198 1976 doctrina:
2220 1922 2389 1990 gratia
2420 1907 2565 1977 omni
2596 1920 2795 1976 mundo
2823 1921 3175 1991 resplenduit,
3209 1937 3277 1977 ex
3317 1938 3382 1977 eo
3424 1930 3533 1975 tam

258 1999 387 2054 dum
414 2000 468 2054 in
500 2007 767 2056 vetustate
790 2014 885 2055 sua
915 2015 977 2058 se
999 2000 1304 2070 projectum
1332 2010 1722 2073 cognosceret,
1751 1992 1871 2074 per'

257 2091 596 2163 pmnitentiae
642 2091 906 2163 iacrytaas
952 2091 1022 2149 ad
1070 2108 1212 2151 verse
1263 2092 1388 2150 ﬁdei
1440 2096 1846 2153 renovationem

259 2181 565 2239 festinaret.
601 2181 703 2248 Qui
732 2181 968 2252 proiecto
996 2184 1303 2255 respondit,
1334 2185 1519 2243 dicens
1543 2205 1557 2241 ι

334 2273 515 2347 (Vers.
545 2274 660 2345 18.)
703 2274 955 2336 Dominus
978 2285 1080 2347 est,
1105 2278 1244 2349 quod
1269 2278 1457 2335 bonum
1482 2286 1559 2335 esl
1584 2281 1641 2337 in
1685 2280 1848 2335 oculis

254 2367 365 2425 suis
389 2367 573 2437 faciat.

325 2454 415 2513 26.
448 2456 649 2523 Quibus
692 2458 946 2517 nimirum
975 2460 1155 2516 verbis
1183 2460 1312 2531 quid
1358 2460 1503 2519 aliud
1547 2476 1709 2531 quam
1750 2461 1836 2519 Ju-

254 2546 396 2607 daici
441 2549 623 2619 pepuli
671 2551 901 2621 perﬁdia
930 2552 1127 2608 clarius
1178 2553 1529 2622 agnoscitur?
1570 2553 1707 2609 Nam
1751 2555 1845 2626 qui

254 2649 681 2719 omnipotentem
713 2650 884 2709 Deum
906 2651 1191 2709 Dominum
1220 2661 1400 2722 vocat,
1426 2652 1600 2708 adhuc
1631 2654 1681 2707 ei
1729 2669 1844 2709 ser-

255 2739 372 2796 vire
416 2755 474 2796 se
532 2742 823 2799 existimat.
854 2743 988 2799 Cum
1019 2743 1179 2813 igitur
1231 2742 1455 2799 ludaico
1504 2744 1707 2815 populo
1748 2760 1839 2799 re-

254 2833 434 2906 pulsio
458 2849 555 2891 sua
584 2850 617 2891 a
671 2844 873 2892 sanctas
900 2834 1152 2891 Ecclesiae
1180 2830 1491 2892 doctoribus
1516 2835 1840 2908 insinuatur,

255 2926 389 2983 dicit
419 2945 432 2980 :
467 2926 713 2983 Dominus
740 2936 838 2993 est,
868 2928 1004 2999 quod
1032 2931 1219 2985 bonum
1251 2939 1330 2983 est
1359 2930 1414 2984 in
1443 2930 1606 2985 oculis
1628 2931 1736 2984 suis
1760 2933 1836 3001 {a-

254 3016 381 3072 ciat.
404 3016 537 3084 Quia
558 3018 682 3073 dum
724 3018 838 3074 Deo
867 3034 926 3074 se
952 3018 1169 3089 placere
1212 3036 1309 3091 per
1342 3028 1576 3077 veterem
1625 3021 1837 3078 institu-

1949 2027 2171 2080 magnus
2210 2027 2468 2081 apparere
2496 2012 2777 2083 potuitqui
2821 2027 2944 2067 eum
2975 2012 3028 2067 in
3057 2012 3257 2067 mundo
3296 2013 3533 2082 positum

1948 2116 2055 2156 non
2088 2102 2320 2171 reliquit.
2353 2102 2608 2172 Sequitur
2634 2120 2646 2155 :

2025 2192 2179 2266 124
2216 2192 2391 2263 (Vers.
2435 2193 2549 2263 20.)
2597 2192 2669 2248 Et
2706 2196 2939 2265 cognovit
2978 2195 3245 2248 universus
3288 2191 3460 2248 Israel
3503 2204 3535 2248 α

1946 2282 2067 2340 Dan
2094 2302 2253 2358 usque
2276 2285 2527 2341 Bersabee
2548 2286 2683 2358 quod
2702 2286 2873 2357 ﬁdelis
2893 2284 3106 2342 Samuel
3130 2284 3379 2357 propheta
3407 2290 3539 2339 esset

1947 2375 2179 2431 Domini.

2016 2468 2106 2523 28.
2136 2467 2338 2534 Quibus
2361 2467 2602 2537 profecto
2643 2477 2800 2523 terrm
2853 2467 3157 2523 nominibus
3183 2465 3378 2522 Judaezc
3409 2468 3530 2522 uni-

1943 2561 2171 2617 versitas
2198 2560 2531 2631 designatur.
2554 2560 2692 2629 Quid
2722 2576 2850 2631 ergo
2873 2563 2925 2617 in
2949 2563 3199 2617 universa
3225 2561 3408 2616 Judtca
3433 2562 3535 2617 nisi

1944 2654 2119 2709 omnis
2146 2652 2456 2723 designatur
2482 2653 2764 2709 Ecclesia?
2792 2652 3117 2709 Universitas
3149 2654 3330 2723 itaque
3368 2652 3535 2708 lsrael

1886 2742 1897 2759 ’
1943 2746 2066 2816 quia
2095 2744 2311 2800 Samuel
2343 2747 2603 2816 propheta
2633 2755 2715 2801 est
2744 2744 2954 2799 Domini
2982 2745 3359 2814 recognoscit,
3401 2744 3530 2813 quia

1942 2833 2191 2905 profecto
2221 2837 2395 2891 omnis
2424 2837 2515 2906 qui
2547 2834 2716 2891 ﬁdelis
2733 2845 2814 2890 est
2841 2836 3011 2891 credit
3039 2836 3185 2905 quod
3222 2845 3533 2890 sanctorum

1940 2928 2348 2997 praedicatorum
2380 2929 2513 2983 ordo
2544 2944 2672 2983 vera
2711 2928 2777 2983 de
2824 2928 3019 2984 futuris
3058 2929 3205 2983 dicit.
3250 2926 3535 2997 Prophetae

1942 3032 2173 3087 namque
2202 3016 2438 3073 cilicium
2469 3020 2572 3087 est,
2595 3024 2651 3073 et
2678 3018 2849 3073 futura
2873 3018 3183 3089 praedicere,
3223 3025 3279 3072 et
3308 3014 3521 3071 occulta

253 3109 461 3165 tionem
508 3110 699 3177 credit,
749 3120 949 3169 saneta)
987 3110 1241 3167 Ecclesia;
1287 3127 1623 3183 nequaquam
1667 3115 1840 3170 minas
1937 3112 2198 3167 revelare.
2223 3111 2609 3167 Praedicatores
2630 3120 2806 3167 autem
2828 3119 3024 3167 sancta:
3046 3108 3295 3165 Ecclesia:
3310 3108 3434 3165 dum
3454 3109 3533 3162 la-

250 3201 579 3269 expavescit.
637 3197 801 3268 Quasi
830 3202 973 3257 enim
996 3202 1253 3272 apertiori
1290 3218 1424 3259 voce
1443 3202 1661 3260 Iudaica
1709 3220 1833 3275 pera

1941 3203 2109 3257 tentia
2134 3217 2359 3270 quaeque
2385 3202 2513 3256 vitia
2536 3202 2588 3255 in
2625 3211 2803 3257 mente
2828 3200 3251 3272 deprehendunt,
3277 3197 3404 3254 dum
3428 3199 3537 3267 spia

252 3288 376 3347 ﬁdia
400 3300 625 3359 asserat,
668 3300 723 3348 et
748 3294 1197 3351 comminantibus
1224 3295 1325 3350 sibi
1356 3305 1555 3351 sanctas
1582 3297 1838 3353 Ecclesim
1867 3288 1911 3353 C
1941 3294 2176 3347 ritalium
2206 3293 2462 3347 virtutum
2490 3299 2695 3347 secreta
2724 3294 2991 3362 aperiunt,
3045 3290 3173 3345 dum
3221 3296 3530 3343 sanctarum

252 3380 696 3451 praedicatoribus
726 3384 869 3440 dicat
899 3401 914 3442 :
945 3384 1026 3440 Eo
1053 3385 1208 3441 nobis
1234 3386 1394 3444 minis
1438 3388 1630 3443 vestris
1662 3396 1841 3445 terro-

250 3487 367 3527 rem
400 3474 606 3530 nullum
652 3476 910 3544 incutitis,
958 3493 1067 3546 quo
1114 3479 1259 3533 circa
1290 3476 1452 3534 fidem
1502 3482 1551 3534 ei
1596 3496 1696 3535 nos
1743 3482 1845 3535 mi-

250 3564 484 3625 nistrare
504 3566 772 3623 credimus
819 3583 852 3623 a
897 3568 1049 3637 cujus
1070 3570 1242 3637 gratia
1272 3585 1373 3625 nos
1408 3570 1675 3625 decidisse
1716 3587 1846 3641 prtu-

250 3658 460 3715 diestis.
491 3659 626 3715 Cum
672 3674 799 3729 ergo
828 3660 1067 3730 adiungit
1097 3679 1109 3717 :
1148 3661 1342 3717 Faciat
1379 3662 1515 3732 quod
1554 3662 1743 3717 bonum
1769 3671 1846 3718 est

252 3750 310 3805 in
337 3752 500 3808 oculis
542 3752 672 3818 suis,
719 3763 917 3810 satiatae
957 3752 1209 3809 Ecclesitn
1249 3755 1498 3809 doctores
1553 3756 1847 3811 subsannat

251 3841 432 3911 potius
450 3856 611 3911 quam
632 3858 691 3898 se
717 3843 909 3901 divinae
946 3845 1235 3900 sententias
1277 3844 1485 3900 oilerat.
1525 3846 1688 3913 Quasi
1739 3848 1844 3902 alia

252 3932 554 3990 intentione
581 3934 850 4003 loquatur,
879 3944 934 3991 et
953 3936 1096 3993 dicat
1126 3955 1140 3991 :
1171 3935 1250 3992 Eo
1294 3938 1448 3992 nobis
1491 3940 1598 3994 tale
1643 3939 1844 4008 aliquid

252 4038 369 4078 non
408 4022 552 4094 facit,
585 4041 691 4094 quo
720 4034 905 4082 noster
937 4036 1021 4082 est
1048 4028 1308 4082 Dominus
1351 4028 1443 4083 ille
1482 4044 1640 4099 quem
1690 4030 1845 4085 nobis

250 4115 321 4170 ad
350 4116 636 4172 vindictam
668 4120 985 4189 proponitis.
1017 4121 1274 4190 Sequitur
1304 4139 1318 4174 :

324 4207 501 4279 (νοτε.
533 4208 649 4280 19.)
677 4209 844 4269 Crevit
871 4219 1044 4268 autem
1086 4211 1324 4282 Samuel,
1360 4221 1413 4267 et
1439 4211 1691 4268 Dominus
1734 4220 1849 4269 erat

250 4314 368 4354 cum
389 4317 473 4355 8οο

322 4401 410 4456 97.
452 4400 589 4467 Quid
611 4409 695 4457 est
737 4404 883 4472 quod
924 4412 1211 4475 postquam
1242 4404 1364 4462 Heli
1387 4406 1651 4463 visionem
1673 4421 1844 4476 expo-

249 4491 379 4557 suit,
432 4492 667 4548 crevisse
716 4492 935 4550 Samuel
980 4495 1196 4561 dicitur,
1231 4497 1331 4551 nisi
1381 4498 1507 4566 quia
1559 4497 1844 4552 doctorum

1950 3384 2355 3455 Scripturarum
2380 3384 2614 3440 latentes
2642 3384 2943 3438 intellectus
2972 3382 3037 3435 ad
3061 3390 3397 3436 communem
3430 3392 3530 3430 no-

1948 3477 2120 3529 titiam
2149 3474 2430 3545 proierunt
2454 3515 2469 3541 ,
2502 3475 2629 3528 dum
2654 3472 2829 3527 futura
2860 3472 3092 3528 etelestis
3120 3470 3306 3539 patriae
3345 3467 3533 3536 gaudia

1946 3566 2133 3621 electis
2179 3565 2423 3620 ﬁdelibus
2470 3564 2870 3633 repromittunt,
2928 3561 3205 3632 propheta:
3237 3556 3535 3612 ministerio

1946 3666 2188 3713 utuntur.
2211 3656 2287 3710 Ab
2310 3656 2556 3711 universo
2579 3656 2740 3725 igitur
2764 3653 3234 3723 lsraelepropheta
3250 3648 3533 3705 Dominiii-

1946 3751 2082 3808 delis
2096 3752 2309 3808 Samuel
2328 3765 2447 3807 esse
2466 3752 2823 3820 cognoscitur,
2844 3750 2968 3819 quia
2990 3748 3415 3818 omnipotentem
3437 3745 3533 3799 Dor

1945 3848 2148 3902 minum
2196 3847 2301 3903 iide
2327 3846 2510 3902 videre
2552 3860 2658 3900 non
2691 3851 2885 3915 potest,
2919 3844 3010 3914 qui
3054 3850 3250 3897 sanctae
3281 3839 3530 3895 Ecclesire

1945 3938 2256 3995 doctoribus
2285 3938 2444 3994 fidem
2473 3954 2581 3993 non
2611 3937 2850 3992 adhibet.
2883 3934 2948 3990 Et
2968 3934 3091 4004 quia
3114 3933 3300 3988 eadem
3332 3930 3527 3985 divinas

1944 4034 2267 4103 cognitionis
2294 4033 2465 4103 gloria
2497 4032 2549 4086 in
2594 4038 2776 4086 sancta
2806 4028 3049 4083 Ecclesia
3079 4024 3338 4080 remansit
3366 4064 3380 4090 ,
3409 4036 3531 4091 qua:

1943 4143 2004 4183 se
2025 4126 2338 4181 doctoribus
2364 4124 2552 4194 primis
2584 4122 2814 4191 aperuit,
2837 4119 3079 4173 subditur
3104 4134 3117 4170 :

2017 4217 2194 4287 (Vcrs.
2248 4213 2364 4285 2i.)
2410 4213 2479 4268 Et
2505 4212 2708 4267 addidit
2756 4210 3004 4263 Dominus
3056 4215 3112 4259 ut
3158 4211 3427 4274 appararet
3473 4205 3528 4258 in

1946 4309 2081 4364 Silo.

2014 4401 2103 4455 εις).
2137 4400 2249 4455 Silo
2278 4398 2475 4469 quippe
2504 4398 2695 4453 missus
2724 4395 3124 4463 interpretatur.
3178 4391 3243 4445 Et
3267 4391 3391 4460 quin
3439 4406 3530 4446 us-

1946 4506 2051 4561 que
2097 4493 2150 4547 in
2188 4490 2372 4545 mundi
2428 4489 2588 4542 linem
2629 4487 2682 4543 in
2729 4484 3126 4557 prasdicationis
3178 4482 3529 4539 ministerium

247 4592 564 4639 nostrorum
612 4584 766 4651 ordo,
822 4595 1107 4660 postquam
1155 4586 1322 4642 verbo
1368 4586 1664 4658 Synagogm
1710 4587 1846 4642 tilios
1949 4584 2133 4649 mittit,
2172 4584 2223 4638 in
2254 4582 2367 4639 Silo
2397 4580 2655 4636 Dominus
2684 4589 2909 4650 appares
2932 4618 2949 4645 ,
2990 4578 3195 4647 quisae
3226 4578 3305 4632 eis
3334 4575 3532 4630 clarius

250 4675 474 4744 repulit,
498 4676 718 4745 majoris
738 4679 1057 4733 reverentiae
1075 4678 1302 4747 gloriam
1331 4679 1473 4748 apud
1489 4680 1844 4748 gentilitatem
1873 4661 1924 4720 Π
1950 4673 2182 4732 ostendit
2200 4689 2294 4743 per
2314 4688 2451 4742 quos
2470 4672 2606 4727 lucis
2631 4680 2741 4727 suae
2767 4672 2994 4740 gloriam
3020 4669 3139 4725 aliis
3168 4668 3360 4739 aperit.
3386 4667 3531 4721 Bene

248 4765 462 4820 invenit
486 4767 509 4820 Ἰ
536 4764 717 4823 Crevit
739 4781 888 4835 ergo,
918 4769 1042 4837 quia
1071 4769 1161 4838 qui
1189 4784 1287 4839 per
1313 4770 1465 4824 verbi
1488 4770 1840 4825 ministerium

247 4871 310 4911 se
335 4857 485 4928 prius
512 4857 567 4912 in
584 4874 687 4913 una
713 4867 873 4927 gente
896 4860 1158 4927 cohibuit,
1181 4860 1522 4930 postmodum
1543 4862 1845 4919 sanctitatis

247 4955 421 5016 atque
444 4947 700 5005 doctrinas
722 4950 915 5007 famam
944 4952 998 5008 in
1042 4952 1297 5009 universo
1337 4954 1537 5011 mundo
1579 4954 1841 5009 dilatavit.

254 5037 409 5095 Unde
440 5049 494 5095 et
533 5057 630 5112 per
656 5041 994 5100 Psalmistam
1040 5044 1235 5100 dicitur
1260 5062 1274 5098 :
1304 5043 1372 5100 In
1413 5062 1613 5102 omnem
1653 5054 1844 5100 terram

244 5131 409 5184 exivit
436 5148 590 5187 sonus
620 5150 797 5189 eorum
820 5175 834 5201 ,
867 5145 915 5189 et
942 5136 997 5190 in
1024 5136 1157 5206 fines
1204 5136 1343 5192 orbis
1374 5146 1524 5192 terra!
1570 5136 1721 5192 verba
1756 5156 1843 5193 co-

246 5235 372 5273 rum
396 5219 562 5290 (Psal.
588 5240 735 5290 xvnt,
766 5223 843 5296 5).
870 5224 1007 5281 Hinc
1040 5226 1233 5283 iterum
1254 5234 1453 5283 sanctae
1474 5226 1727 5283 Ecclesiae
1756 5227 1838 5283 lo-

245 5326 445 5380 quens,
479 5314 554 5369 ait
584 5332 598 5367 :
644 5315 749 5370 Pro
776 5317 1007 5387 patribus
1031 5320 1130 5373 tuis
1160 5320 1268 5373 nati
1295 5327 1413 5374 sunt
1440 5319 1531 5374 tibi
1560 5320 1688 5389 filii,
1719 5336 1843 5373 conv

239 5404 437 5456 stitues
459 5421 545 5459 eos
572 5407 829 5479 principes
857 5425 1011 5479 super
1046 5426 1245 5465 omnem
1276 5420 1464 5465 terram
1500 5410 1671 5481 (Paul.
1696 5427 1841 5479 xuv,

244 5492 374 5563 17).
402 5493 584 5552 Crevit
610 5496 790 5567 itaque
814 5514 933 5553 eum
966 5499 1021 5556 in
1071 5499 1319 5559 universo
1348 5500 1547 5557 mundo
1593 5500 1839 5556 radiavit.

242 5584 393 5640 Cum
422 5600 530 5659 quo
559 5588 723 5644 etiam
750 5589 1008 5647 Dominus
1029 5606 1149 5648 esse
1173 5593 1502 5662 perhibetur,
1533 5592 1658 5663 quia
1684 5608 1845 5649 omne

325 5810 353 5836 α
389 5801 549 5877 Forte
576 5804 861 5875 legendum
890 5808 975 5875 qui
1004 5807 1056 5859 in
1077 5823 1157 5861 me
1172 5808 1396 5877 loquitur
1420 5849 1437 5877 ,
1489 5812 1547 5862 ut
1578 5816 1751 5865 exstat
1777 5808 1829 5861 in

242 5872 449 5931 Gratco
471 5873 621 5933 fonte
640 5872 711 5933 ac
731 5876 785 5932 in
808 5872 1172 5936 Versiouibus.
1203 5872 1336 5935 Hinc
1349 5872 1636 5949 Gregorius
1665 5879 1833 5951 expli-

1953 4778 2132 4825 autem
2160 4767 2354 4823 dicitur
2379 4765 2594 4821 Addidit
2637 4774 2691 4818 ut
2721 4772 3014 4835 appareret,
3043 4763 3166 4833 quia
3202 4762 3531 4815 incessanter

1947 4859 2217 4928 eliguntur
2233 4857 2425 4927 quibus
2445 4855 2660 4912 claritas
2683 4854 2877 4911 divinat
2897 4853 3030 4909 lucis
3046 4849 3358 4908 infunditur.
3380 4844 3533 4899 Unde

1947 4958 2003 5007 et
2055 4965 2271 5006 causam
2316 4964 2413 5005 cur
2467 4947 2704 5003 auditam
2757 4946 3018 5001 visionem
3065 4948 3270 4997 asserat
3330 4935 3530 5002 subdit,

1948 5043 2196 5194 ὼίῗῧῗτέ.
2229 5120 2340 5191 2i.)
2371 5118 2626 5215 Quonium
2650 5118 2898 5174 revelatus
2929 5116 3099 5187 fuerat
3145 5110 3399 5167 Dominus
3428 5108 3528 5164 Sa-

1941 5220 2114 5275 mueli.

2015 5310 2101 5366 30.
2129 5308 2330 5364 idcirco
2354 5311 2495 5363 enim
2525 5313 2584 5361 ut
2619 5309 2878 5374 appareat
2923 5299 3089 5366 addit,
3135 5295 3391 5368 quoniam
3430 5293 3525 5363 qui

1943 5405 2213 5462 revelatus
2244 5404 2418 5459 fuerat
2441 5401 2696 5457 Dominus
2716 5413 2776 5453 se
2801 5397 2994 5452 iterum
3023 5392 3187 5462 atqbe
3214 5391 3405 5445 iterum
3438 5402 3525 5443 re-

1946 5499 2110 5568 velat,
2161 5505 2215 5552 et
2267 5484 2377 5552 suas
2407 5491 2729 5551 ostensionis
2768 5490 2969 5546 donum
3000 5502 3030 5541 a
3077 5490 3261 5540 saneta
3287 5478 3522 5536 Ecclesia

1947 5606 2284 5662 nequaquam
2312 5587 2599 5653 subtrahit,
2621 5599 2781 5655 quatn
2830 5583 2881 5638 ei
2909 5580 3162 5637 exhibere
3188 5593 3253 5633 ex
3284 5575 3399 5644 ejus
3426 5589 3523 5629 ex-

1941 5820 2070 5860 cans
2098 5807 2238 5861 hunc
2265 5804 2444 5861 locum
2475 5804 2687 5864 subdit:
2731 5803 2819 5875 qui
2845 5803 2979 5858 enim
3026 5801 3079 5854 in
3104 5817 3159 5854 se
3200 5796 3520 5867 loquebatur,

1938 5893 2108 5932 secum
2135 5886 2264 5932 θναι.
