  <div class='ocr_page' id='page_1' title='image "/cluster/home/n/w/nwhite01/storage/ocr_20150623/79/hvd.32044015469414/085.png"; bbox 0 0 4044 6336; ppageno 0'>
   <div class='ocr_carea' id='block_1_1' title="bbox 480 405 581 466">
    <p class='ocr_par' dir='ltr' id='par_1_1' title="bbox 480 405 581 466">
     <span class='ocr_line' id='line_1_1' title="bbox 480 405 581 466; baseline -0.04 -1"><span class='ocrx_word' id='word_1_1' title='bbox 480 405 581 466; x_wconf 67' lang='grc'><strong>159</strong></span> 
     </span>
    </p>
   </div>
   <div class='ocr_carea' id='block_1_2' title="bbox 1634 391 2496 453">
    <p class='ocr_par' dir='ltr' id='par_1_2' title="bbox 1634 391 2496 453">
     <span class='ocr_line' id='line_1_2' title="bbox 1634 391 2496 453; baseline -0.008 0"><span class='ocrx_word' id='word_1_2' title='bbox 1634 392 1880 453; x_wconf 79' lang='lat' dir='ltr'><strong>SANCTI</strong></span> <span class='ocrx_word' id='word_1_3' title='bbox 1919 391 2245 449; x_wconf 79' lang='lat' dir='ltr'><strong>GREGORII</strong></span> <span class='ocrx_word' id='word_1_4' title='bbox 2287 392 2496 447; x_wconf 69' lang='lat' dir='ltr'><strong>MAGXI</strong></span> 
     </span>
    </p>
   </div>
   <div class='ocr_carea' id='block_1_3' title="bbox 3662 409 3762 467">
    <p class='ocr_par' dir='ltr' id='par_1_3' title="bbox 3662 409 3762 467">
     <span class='ocr_line' id='line_1_3' title="bbox 3662 409 3762 467; baseline 0.04 -4"><span class='ocrx_word' id='word_1_5' title='bbox 3662 409 3762 467; x_wconf 67' lang='lat'><strong>160</strong></span> 
     </span>
    </p>
   </div>
   <div class='ocr_carea' id='block_1_4' title="bbox 479 508 3762 582">
    <p class='ocr_par' dir='ltr' id='par_1_4' title="bbox 479 508 3762 582">
     <span class='ocr_line' id='line_1_4' title="bbox 479 508 3762 582; baseline -0.003 -2"><span class='ocrx_word' id='word_1_6' title='bbox 479 520 632 580; x_wconf 92' lang='lat' dir='ltr'><strong>ordio</strong></span> <span class='ocrx_word' id='word_1_7' title='bbox 660 532 771 576; x_wconf 90' lang='lat' dir='ltr'><strong>non</strong></span> <span class='ocrx_word' id='word_1_8' title='bbox 792 513 1039 574; x_wconf 83' lang='lat' dir='ltr'><strong>cessavit.</strong></span> <span class='ocrx_word' id='word_1_9' title='bbox 1069 511 1181 571; x_wconf 85' lang='lat' dir='ltr'><strong>Sed</strong></span> <span class='ocrx_word' id='word_1_10' title='bbox 1208 512 1300 582; x_wconf 87' lang='lat' dir='ltr'><strong>qui</strong></span> <span class='ocrx_word' id='word_1_11' title='bbox 1329 510 1567 567; x_wconf 88' lang='lat' dir='ltr'><strong>Samueli</strong></span> <span class='ocrx_word' id='word_1_12' title='bbox 1612 512 1885 568; x_wconf 78' lang='lat' dir='ltr'><strong>revelatus</strong></span> <span class='ocrx_word' id='word_1_13' title='bbox 1919 524 2069 565; x_wconf 88' lang='lat' dir='ltr'><strong>asse-</strong></span> <span class='ocrx_word' id='word_1_14' title='bbox 2097 514 2147 575; x_wconf 81' lang='grc' dir='ltr'>Α</span> <span class='ocrx_word' id='word_1_15' title='bbox 2173 508 2311 582; x_wconf 84' lang='lat' dir='ltr'><strong>quod</strong></span> <span class='ocrx_word' id='word_1_16' title='bbox 2334 518 2411 563; x_wconf 90' lang='lat' dir='ltr'><strong>est</strong></span> <span class='ocrx_word' id='word_1_17' title='bbox 2433 508 2637 565; x_wconf 85' lang='lat' dir='ltr'><strong>verbum</strong></span> <span class='ocrx_word' id='word_1_18' title='bbox 2668 508 2767 565; x_wconf 89' lang='lat' dir='ltr'><strong>Dei</strong></span> <span class='ocrx_word' id='word_1_19' title='bbox 2796 510 2983 581; x_wconf 82' lang='lat' dir='ltr'><strong>(Ibid.,</strong></span> <span class='ocrx_word' id='word_1_20' title='bbox 3010 510 3097 580; x_wconf 79' lang='lat' dir='ltr'><strong>l6,</strong></span> <span class='ocrx_word' id='word_1_21' title='bbox 3126 512 3240 582; x_wconf 81' lang='lat' dir='ltr'><strong>l7).</strong></span> <span class='ocrx_word' id='word_1_22' title='bbox 3270 511 3406 571; x_wconf 80' lang='lat' dir='ltr'><strong>Hinc</strong></span> <span class='ocrx_word' id='word_1_23' title='bbox 3436 515 3631 576; x_wconf 85' lang='lat' dir='ltr'><strong>Petrus</strong></span> <span class='ocrx_word' id='word_1_24' title='bbox 3666 537 3762 577; x_wconf 76' lang='lat' dir='ltr'><strong>ex.</strong></span> 
     </span>
    </p>
   </div>
   <div class='ocr_carea' id='block_1_5' title="bbox 480 602 2069 681">
    <p class='ocr_par' dir='ltr' id='par_1_5' title="bbox 480 602 2069 681">
     <span class='ocr_line' id='line_1_5' title="bbox 480 602 2069 681; baseline -0.008 -11"><span class='ocrx_word' id='word_1_25' title='bbox 480 614 633 677; x_wconf 90' lang='lat' dir='ltr'><strong>ritur,</strong></span> <span class='ocrx_word' id='word_1_26' title='bbox 676 610 888 681; x_wconf 90' lang='lat' dir='ltr'><strong>quoties</strong></span> <span class='ocrx_word' id='word_1_27' title='bbox 911 620 1175 679; x_wconf 81' lang='lat' dir='ltr'><strong>apparere</strong></span> <span class='ocrx_word' id='word_1_28' title='bbox 1204 604 1466 659; x_wconf 72' lang='lat' dir='ltr'><strong>addiderit</strong></span> <span class='ocrx_word' id='word_1_29' title='bbox 1503 619 1611 660; x_wconf 94' lang='lat' dir='ltr'><strong>non</strong></span> <span class='ocrx_word' id='word_1_30' title='bbox 1640 604 1892 671; x_wconf 81' lang='lat' dir='ltr'><strong>refertur,</strong></span> <span class='ocrx_word' id='word_1_31' title='bbox 1940 602 2069 671; x_wconf 93' lang='lat' dir='ltr'><strong>quia</strong></span> 
     </span>
    </p>
   </div>
   <div class='ocr_carea' id='block_1_6' title="bbox 480 691 2070 767">
    <p class='ocr_par' dir='ltr' id='par_1_6' title="bbox 480 691 2070 767">
     <span class='ocr_line' id='line_1_6' title="bbox 480 691 2070 767; baseline -0.009 -7"><span class='ocrx_word' id='word_1_32' title='bbox 480 703 729 761; x_wconf 85' lang='lat' dir='ltr'><strong>nimirum</strong></span> <span class='ocrx_word' id='word_1_33' title='bbox 756 714 927 767; x_wconf 90' lang='lat' dir='ltr'><strong>usque</strong></span> <span class='ocrx_word' id='word_1_34' title='bbox 972 698 1025 752; x_wconf 91' lang='lat' dir='ltr'><strong>in</strong></span> <span class='ocrx_word' id='word_1_35' title='bbox 1058 694 1241 750; x_wconf 91' lang='lat' dir='ltr'><strong>mundi</strong></span> <span class='ocrx_word' id='word_1_36' title='bbox 1272 694 1433 751; x_wconf 85' lang='lat' dir='ltr'><strong>finem</strong></span> <span class='ocrx_word' id='word_1_37' title='bbox 1462 703 1648 751; x_wconf 91' lang='lat' dir='ltr'><strong>sancta</strong></span> <span class='ocrx_word' id='word_1_38' title='bbox 1676 693 1918 750; x_wconf 86' lang='lat' dir='ltr'><strong>Ecclesia</strong></span> <span class='ocrx_word' id='word_1_39' title='bbox 1968 691 2070 747; x_wconf 88' lang='lat' dir='ltr'><strong>du-</strong></span> 
     </span>
    </p>
   </div>
   <div class='ocr_carea' id='block_1_7' title="bbox 478 786 2073 863">
    <p class='ocr_par' dir='ltr' id='par_1_7' title="bbox 478 786 2073 863">
     <span class='ocr_line' id='line_1_7' title="bbox 478 786 2073 863; baseline -0.009 -9"><span class='ocrx_word' id='word_1_40' title='bbox 478 799 633 859; x_wconf 84' lang='lat' dir='ltr'><strong>citur,</strong></span> <span class='ocrx_word' id='word_1_41' title='bbox 657 795 741 851; x_wconf 92' lang='lat' dir='ltr'><strong>cui</strong></span> <span class='ocrx_word' id='word_1_42' title='bbox 770 791 1153 863; x_wconf 74' lang='lat' dir='ltr'><strong>przedicatores</strong></span> <span class='ocrx_word' id='word_1_43' title='bbox 1180 797 1438 860; x_wconf 83' lang='lat' dir='ltr'><strong>praesunt,</strong></span> <span class='ocrx_word' id='word_1_44' title='bbox 1466 789 1559 858; x_wconf 87' lang='lat' dir='ltr'><strong>qui</strong></span> <span class='ocrx_word' id='word_1_45' title='bbox 1600 805 1665 844; x_wconf 82' lang='lat' dir='ltr'><strong>ex</strong></span> <span class='ocrx_word' id='word_1_46' title='bbox 1694 803 1759 843; x_wconf 91' lang='lat' dir='ltr'><strong>eo</strong></span> <span class='ocrx_word' id='word_1_47' title='bbox 1798 788 1853 841; x_wconf 92' lang='lat' dir='ltr'><strong>in</strong></span> <span class='ocrx_word' id='word_1_48' title='bbox 1876 786 2073 841; x_wconf 84' lang='lat' dir='ltr'><strong>intimis</strong></span> 
     </span>
    </p>
   </div>
   <div class='ocr_carea' id='block_1_8' title="bbox 477 882 2071 954">
    <p class='ocr_par' dir='ltr' id='par_1_8' title="bbox 477 882 2071 954">
     <span class='ocr_line' id='line_1_8' title="bbox 477 882 2071 954; baseline -0.006 -10"><span class='ocrx_word' id='word_1_49' title='bbox 477 893 587 945; x_wconf 89' lang='lat' dir='ltr'><strong>alta</strong></span> <span class='ocrx_word' id='word_1_50' title='bbox 612 885 930 943; x_wconf 81' lang='lat' dir='ltr'><strong>:cternitatis</strong></span> <span class='ocrx_word' id='word_1_51' title='bbox 978 883 1174 954; x_wconf 87' lang='lat' dir='ltr'><strong>gaudia</strong></span> <span class='ocrx_word' id='word_1_52' title='bbox 1204 882 1517 953; x_wconf 65' lang='lat' dir='ltr'><strong>praedicent,</strong></span> <span class='ocrx_word' id='word_1_53' title='bbox 1562 897 1671 951; x_wconf 90' lang='lat' dir='ltr'><strong>quo</strong></span> <span class='ocrx_word' id='word_1_54' title='bbox 1700 896 1911 939; x_wconf 83' lang='lat' dir='ltr'><strong>summa</strong></span> <span class='ocrx_word' id='word_1_55' title='bbox 1953 894 2071 951; x_wconf 65' lang='lat' dir='ltr'><strong>quae</strong></span> 
     </span>
    </p>
   </div>
   <div class='ocr_carea' id='block_1_9' title="bbox 478 974 2071 1055">
    <p class='ocr_par' dir='ltr' id='par_1_9' title="bbox 478 974 2071 1055">
     <span class='ocr_line' id='line_1_9' title="bbox 478 974 2071 1055; baseline -0.006 -17"><span class='ocrx_word' id='word_1_56' title='bbox 478 982 770 1055; x_wconf 51' lang='lat' dir='ltr'><strong>praedicant</strong></span> <span class='ocrx_word' id='word_1_57' title='bbox 798 980 853 1034; x_wconf 90' lang='lat' dir='ltr'><strong>in</strong></span> <span class='ocrx_word' id='word_1_58' title='bbox 881 979 989 1033; x_wconf 91' lang='lat' dir='ltr'><strong>alta</strong></span> <span class='ocrx_word' id='word_1_59' title='bbox 1020 978 1116 1032; x_wconf 90' lang='lat' dir='ltr'><strong>Dei</strong></span> <span class='ocrx_word' id='word_1_60' title='bbox 1165 976 1599 1031; x_wconf 89' lang='lat' dir='ltr'><strong>manifestatione</strong></span> <span class='ocrx_word' id='word_1_61' title='bbox 1644 975 1849 1031; x_wconf 90' lang='lat' dir='ltr'><strong>vident.</strong></span> <span class='ocrx_word' id='word_1_62' title='bbox 1898 974 2071 1041; x_wconf 86' lang='lat' dir='ltr'><strong>Quam</strong></span> 
     </span>
    </p>
   </div>
   <div class='ocr_carea' id='block_1_10' title="bbox 480 1066 2073 1147">
    <p class='ocr_par' dir='ltr' id='par_1_10' title="bbox 480 1066 2073 1147">
     <span class='ocr_line' id='line_1_10' title="bbox 480 1066 2073 1147; baseline -0.007 -16"><span class='ocrx_word' id='word_1_63' title='bbox 480 1076 721 1147; x_wconf 85' lang='lat' dir='ltr'><strong>profecto</strong></span> <span class='ocrx_word' id='word_1_64' title='bbox 747 1072 1139 1143; x_wconf 87' lang='lat' dir='ltr'><strong>apparitionem</strong></span> <span class='ocrx_word' id='word_1_65' title='bbox 1166 1070 1319 1139; x_wconf 80' lang='lat' dir='ltr'><strong>juxta</strong></span> <span class='ocrx_word' id='word_1_66' title='bbox 1366 1069 1586 1123; x_wconf 85' lang='lat' dir='ltr'><strong>verbum</strong></span> <span class='ocrx_word' id='word_1_67' title='bbox 1633 1067 1845 1123; x_wconf 89' lang='lat' dir='ltr'><strong>Domini</strong></span> <span class='ocrx_word' id='word_1_68' title='bbox 1874 1066 2073 1121; x_wconf 88' lang='lat' dir='ltr'><strong>factam</strong></span> 
     </span>
    </p>
   </div>
   <div class='ocr_carea' id='block_1_11' title="bbox 402 1159 2074 1241">
    <p class='ocr_par' dir='ltr' id='par_1_11' title="bbox 402 1159 2074 1241">
     <span class='ocr_line' id='line_1_11' title="bbox 402 1159 2074 1241; baseline -0.007 -18"><span class='ocrx_word' id='word_1_69' title='bbox 402 1180 405 1183; x_wconf 86' lang='lat'>&#39;</span> <span class='ocrx_word' id='word_1_70' title='bbox 480 1169 813 1241; x_wconf 84' lang='lat' dir='ltr'><strong>perhibetur.</strong></span> <span class='ocrx_word' id='word_1_71' title='bbox 846 1164 985 1231; x_wconf 85' lang='lat' dir='ltr'><strong>Quid</strong></span> <span class='ocrx_word' id='word_1_72' title='bbox 1006 1172 1089 1218; x_wconf 89' lang='lat' dir='ltr'><strong>est</strong></span> <span class='ocrx_word' id='word_1_73' title='bbox 1117 1170 1294 1216; x_wconf 91' lang='lat' dir='ltr'><strong>autem</strong></span> <span class='ocrx_word' id='word_1_74' title='bbox 1316 1162 1539 1216; x_wconf 86' lang='lat' dir='ltr'><strong>verbum</strong></span> <span class='ocrx_word' id='word_1_75' title='bbox 1568 1160 1795 1225; x_wconf 91' lang='lat' dir='ltr'><strong>Domini,</strong></span> <span class='ocrx_word' id='word_1_76' title='bbox 1820 1159 1919 1215; x_wconf 90' lang='lat' dir='ltr'><strong>nisi</strong></span> <span class='ocrx_word' id='word_1_77' title='bbox 1947 1174 2074 1229; x_wconf 89' lang='lat' dir='ltr'><strong>pro-</strong></span> 
     </span>
    </p>
   </div>
   <div class='ocr_carea' id='block_1_12' title="bbox 484 1249 2075 1327">
    <p class='ocr_par' dir='ltr' id='par_1_12' title="bbox 484 1249 2075 1327">
     <span class='ocr_line' id='line_1_12' title="bbox 484 1249 2075 1327; baseline -0.008 -9"><span class='ocrx_word' id='word_1_78' title='bbox 484 1262 668 1318; x_wconf 84' lang='lat' dir='ltr'><strong>missio</strong></span> <span class='ocrx_word' id='word_1_79' title='bbox 699 1256 1117 1327; x_wconf 81' lang='lat' dir='ltr'><strong>Redemptoris?</strong></span> <span class='ocrx_word' id='word_1_80' title='bbox 1149 1251 1366 1308; x_wconf 85' lang='lat' dir='ltr'><strong>Addidit</strong></span> <span class='ocrx_word' id='word_1_81' title='bbox 1390 1266 1518 1320; x_wconf 88' lang='lat' dir='ltr'><strong>ergo</strong></span> <span class='ocrx_word' id='word_1_82' title='bbox 1543 1260 1600 1305; x_wconf 93' lang='lat' dir='ltr'><strong>ut</strong></span> <span class='ocrx_word' id='word_1_83' title='bbox 1626 1249 2075 1321; x_wconf 85' lang='lat' dir='ltr'><strong>appareretjuxta</strong></span> 
     </span>
    </p>
   </div>
   <div class='ocr_carea' id='block_1_13' title="bbox 484 1343 2075 1416">
    <p class='ocr_par' dir='ltr' id='par_1_13' title="bbox 484 1343 2075 1416">
     <span class='ocr_line' id='line_1_13' title="bbox 484 1343 2075 1416; baseline -0.009 -7"><span class='ocrx_word' id='word_1_84' title='bbox 484 1354 708 1409; x_wconf 84' lang='lat' dir='ltr'><strong>verbum</strong></span> <span class='ocrx_word' id='word_1_85' title='bbox 751 1348 992 1414; x_wconf 89' lang='lat' dir='ltr'><strong>Domini,</strong></span> <span class='ocrx_word' id='word_1_86' title='bbox 1039 1346 1161 1416; x_wconf 89' lang='lat' dir='ltr'><strong>quia</strong></span> <span class='ocrx_word' id='word_1_87' title='bbox 1211 1344 1585 1415; x_wconf 89' lang='lat' dir='ltr'><strong>promissionis</strong></span> <span class='ocrx_word' id='word_1_88' title='bbox 1638 1358 1747 1397; x_wconf 70' lang='lat' dir='ltr'><strong>sua:</strong></span> <span class='ocrx_word' id='word_1_89' title='bbox 1791 1343 2075 1396; x_wconf 81' lang='lat' dir='ltr'><strong>veritatem</strong></span> 
     </span>
    </p>
   </div>
   <div class='ocr_carea' id='block_1_14' title="bbox 482 1434 2075 1504">
    <p class='ocr_par' dir='ltr' id='par_1_14' title="bbox 482 1434 2075 1504">
     <span class='ocr_line' id='line_1_14' title="bbox 482 1434 2075 1504; baseline -0.008 -5"><span class='ocrx_word' id='word_1_90' title='bbox 482 1444 766 1499; x_wconf 84' lang='lat' dir='ltr'><strong>exhiberet</strong></span> <span class='ocrx_word' id='word_1_91' title='bbox 816 1456 925 1495; x_wconf 92' lang='lat' dir='ltr'><strong>non</strong></span> <span class='ocrx_word' id='word_1_92' title='bbox 964 1438 1180 1493; x_wconf 89' lang='lat' dir='ltr'><strong>desinit.</strong></span> <span class='ocrx_word' id='word_1_93' title='bbox 1213 1436 1448 1492; x_wconf 83' lang='lat' dir='ltr'><strong>Verbum</strong></span> <span class='ocrx_word' id='word_1_94' title='bbox 1492 1449 1725 1504; x_wconf 87' lang='lat' dir='ltr'><strong>namque</strong></span> <span class='ocrx_word' id='word_1_95' title='bbox 1779 1434 1990 1489; x_wconf 90' lang='lat' dir='ltr'><strong>Domini</strong></span> <span class='ocrx_word' id='word_1_96' title='bbox 2021 1434 2075 1487; x_wconf 93' lang='lat' dir='ltr'><strong>in</strong></span> 
     </span>
    </p>
   </div>
   <div class='ocr_carea' id='block_1_15' title="bbox 483 1527 2142 1608">
    <p class='ocr_par' dir='ltr' id='par_1_15' title="bbox 483 1527 2142 1608">
     <span class='ocr_line' id='line_1_15' title="bbox 483 1527 2142 1608; baseline -0.006 -18"><span class='ocrx_word' id='word_1_97' title='bbox 483 1535 759 1590; x_wconf 90' lang='lat' dir='ltr'><strong>additione</strong></span> <span class='ocrx_word' id='word_1_98' title='bbox 789 1530 1140 1602; x_wconf 86' lang='lat' dir='ltr'><strong>apparitionis</strong></span> <span class='ocrx_word' id='word_1_99' title='bbox 1160 1535 1272 1585; x_wconf 83' lang='lat' dir='ltr'><strong>est:</strong></span> <span class='ocrx_word' id='word_1_100' title='bbox 1304 1527 1440 1581; x_wconf 85' lang='lat' dir='ltr'><strong>Ecce</strong></span> <span class='ocrx_word' id='word_1_101' title='bbox 1462 1546 1555 1599; x_wconf 86' lang='lat' dir='ltr'><strong>ego</strong></span> <span class='ocrx_word' id='word_1_102' title='bbox 1569 1528 1824 1582; x_wconf 85' lang='lat' dir='ltr'><strong>vobiscum</strong></span> <span class='ocrx_word' id='word_1_103' title='bbox 1840 1544 1953 1581; x_wconf 90' lang='lat' dir='ltr'><strong>sum</strong></span> <span class='ocrx_word' id='word_1_104' title='bbox 1974 1544 2078 1581; x_wconf 88' lang='lat' dir='ltr'><strong>om-</strong></span> <span class='ocrx_word' id='word_1_105' title='bbox 2122 1575 2142 1608; x_wconf 56' lang='lat' dir='ltr'><strong><em>l</em></strong></span> 
     </span>
    </p>
   </div>
   <div class='ocr_carea' id='block_1_16' title="bbox 484 1619 2075 1696">
    <p class='ocr_par' dir='ltr' id='par_1_16' title="bbox 484 1619 2075 1696">
     <span class='ocr_line' id='line_1_16' title="bbox 484 1619 2075 1696; baseline -0.005 -13"><span class='ocrx_word' id='word_1_106' title='bbox 484 1629 636 1683; x_wconf 88' lang='lat' dir='ltr'><strong>nibus</strong></span> <span class='ocrx_word' id='word_1_107' title='bbox 658 1628 853 1689; x_wconf 84' lang='lat' dir='ltr'><strong>diebus,</strong></span> <span class='ocrx_word' id='word_1_108' title='bbox 881 1641 1037 1696; x_wconf 88' lang='lat' dir='ltr'><strong>usque</strong></span> <span class='ocrx_word' id='word_1_109' title='bbox 1062 1622 1131 1676; x_wconf 90' lang='lat' dir='ltr'><strong>ad</strong></span> <span class='ocrx_word' id='word_1_110' title='bbox 1148 1624 1639 1677; x_wconf 74' lang='lat' dir='ltr'><strong>consummationem</strong></span> <span class='ocrx_word' id='word_1_111' title='bbox 1656 1620 1831 1677; x_wconf 65' lang='lat' dir='ltr'><strong>saeculi</strong></span> <span class='ocrx_word' id='word_1_112' title='bbox 1858 1619 2075 1690; x_wconf 80' lang='lat' dir='ltr'><strong>(Matth.</strong></span> 
     </span>
    </p>
   </div>
   <div class='ocr_carea' id='block_1_17' title="bbox 485 1717 1136 1788">
    <p class='ocr_par' dir='ltr' id='par_1_17' title="bbox 485 1717 1136 1788">
     <span class='ocr_line' id='line_1_17' title="bbox 485 1717 1136 1788; baseline -0.009 -13"><span class='ocrx_word' id='word_1_113' title='bbox 485 1737 672 1784; x_wconf 80' lang='lat' dir='ltr'><strong>xxvtu,</strong></span> <span class='ocrx_word' id='word_1_114' title='bbox 702 1718 815 1788; x_wconf 69' lang='lat'><strong>20).</strong></span> <span class='ocrx_word' id='word_1_115' title='bbox 840 1717 1093 1787; x_wconf 86' lang='lat' dir='ltr'><strong>Sequitur</strong></span> <span class='ocrx_word' id='word_1_116' title='bbox 1121 1732 1136 1769; x_wconf 90' lang='lat'><strong>:</strong></span> 
     </span>
    </p>
   </div>
   <div class='ocr_carea' id='block_1_18' title="bbox 548 1804 2079 1887">
    <p class='ocr_par' dir='ltr' id='par_1_18' title="bbox 548 1804 2079 1887">
     <span class='ocr_line' id='line_1_18' title="bbox 548 1804 2079 1887; baseline -0.005 -17"><span class='ocrx_word' id='word_1_117' title='bbox 548 1816 724 1887; x_wconf 89' lang='lat' dir='ltr'><strong>(Vers.</strong></span> <span class='ocrx_word' id='word_1_118' title='bbox 741 1812 804 1865; x_wconf 75' lang='grc'>21</span> <span class='ocrx_word' id='word_1_119' title='bbox 818 1812 856 1881; x_wconf 89' lang='grc'><strong>.)</strong></span> <span class='ocrx_word' id='word_1_120' title='bbox 876 1810 1089 1864; x_wconf 79' lang='lat' dir='ltr'><strong>Etrenit</strong></span> <span class='ocrx_word' id='word_1_121' title='bbox 1102 1824 1268 1863; x_wconf 80' lang='lat' dir='ltr'><strong>sermo</strong></span> <span class='ocrx_word' id='word_1_122' title='bbox 1285 1806 1607 1863; x_wconf 82' lang='lat' dir='ltr'><strong>Samuelisin</strong></span> <span class='ocrx_word' id='word_1_123' title='bbox 1619 1807 1852 1859; x_wconf 81' lang='lat' dir='ltr'><strong>universo</strong></span> <span class='ocrx_word' id='word_1_124' title='bbox 1868 1804 2079 1862; x_wconf 85' lang='lat' dir='ltr'><strong>Israeli.</strong></span> 
     </span>
    </p>
   </div>
   <div class='ocr_carea' id='block_1_19' title="bbox 2175 601 3764 675">
    <p class='ocr_par' dir='ltr' id='par_1_19' title="bbox 2175 601 3764 675">
     <span class='ocr_line' id='line_1_19' title="bbox 2175 601 3764 675; baseline 0.007 -18"><span class='ocrx_word' id='word_1_125' title='bbox 2175 601 2399 657; x_wconf 87' lang='lat' dir='ltr'><strong>hortans</strong></span> <span class='ocrx_word' id='word_1_126' title='bbox 2420 601 2548 655; x_wconf 84' lang='lat' dir='ltr'><strong>dicit</strong></span> <span class='ocrx_word' id='word_1_127' title='bbox 2575 618 2588 656; x_wconf 77' lang='grc' dir='ltr'><strong><em>τ</em></strong></span> <span class='ocrx_word' id='word_1_128' title='bbox 2620 601 2845 657; x_wconf 79' lang='lat' dir='ltr'><strong>Solliciti</strong></span> <span class='ocrx_word' id='word_1_129' title='bbox 2873 612 3057 673; x_wconf 88' lang='lat' dir='ltr'><strong>estote,</strong></span> <span class='ocrx_word' id='word_1_130' title='bbox 3105 614 3155 658; x_wconf 88' lang='lat' dir='ltr'><strong>et</strong></span> <span class='ocrx_word' id='word_1_131' title='bbox 3193 606 3401 675; x_wconf 83' lang='lat' dir='ltr'><strong>vigilate</strong></span> <span class='ocrx_word' id='word_1_132' title='bbox 3425 610 3480 663; x_wconf 89' lang='lat' dir='ltr'><strong>in</strong></span> <span class='ocrx_word' id='word_1_133' title='bbox 3511 613 3764 669; x_wconf 85' lang='lat' dir='ltr'><strong>orationi-</strong></span> 
     </span>
    </p>
   </div>
   <div class='ocr_carea' id='block_1_20' title="bbox 2174 677 3764 774">
    <p class='ocr_par' dir='ltr' id='par_1_20' title="bbox 2174 677 3764 774">
     <span class='ocr_line' id='line_1_20' title="bbox 2174 677 3764 774; baseline 0.009 -27"><span class='ocrx_word' id='word_1_134' title='bbox 2174 694 2286 759; x_wconf 94' lang='lat' dir='ltr'><strong>bus,</strong></span> <span class='ocrx_word' id='word_1_135' title='bbox 2341 695 2461 765; x_wconf 85' lang='lat' dir='ltr'><strong>quia</strong></span> <span class='ocrx_word' id='word_1_136' title='bbox 2483 694 2813 749; x_wconf 82' lang='lat' dir='ltr'><strong>adversarius</strong></span> <span class='ocrx_word' id='word_1_137' title='bbox 2835 704 2999 750; x_wconf 82' lang='lat' dir='ltr'><strong>vester</strong></span> <span class='ocrx_word' id='word_1_138' title='bbox 3029 677 3265 751; x_wconf 83' lang='lat' dir='ltr'><strong>diabolus</strong></span> <span class='ocrx_word' id='word_1_139' title='bbox 3289 700 3491 767; x_wconf 84' lang='lat' dir='ltr'><strong>circuit,</strong></span> <span class='ocrx_word' id='word_1_140' title='bbox 3528 721 3764 774; x_wconf 65' lang='grc' dir='ltr'><strong>(μετείω</strong></span> 
     </span>
    </p>
   </div>
   <div class='ocr_carea' id='block_1_21' title="bbox 2174 788 3761 866">
    <p class='ocr_par' dir='ltr' id='par_1_21' title="bbox 2174 788 3761 866">
     <span class='ocr_line' id='line_1_21' title="bbox 2174 788 3761 866; baseline 0.008 -26"><span class='ocrx_word' id='word_1_141' title='bbox 2174 803 2323 859; x_wconf 83' lang='lat' dir='ltr'><strong>quem</strong></span> <span class='ocrx_word' id='word_1_142' title='bbox 2351 788 2587 853; x_wconf 80' lang='lat' dir='ltr'><strong>devoret;</strong></span> <span class='ocrx_word' id='word_1_143' title='bbox 2634 789 2715 842; x_wconf 91' lang='lat' dir='ltr'><strong>cui</strong></span> <span class='ocrx_word' id='word_1_144' title='bbox 2741 790 2967 843; x_wconf 70' lang='lat' dir='ltr'><strong>resistite</strong></span> <span class='ocrx_word' id='word_1_145' title='bbox 2993 792 3155 861; x_wconf 79' lang='lat' dir='ltr'><strong>fortes</strong></span> <span class='ocrx_word' id='word_1_146' title='bbox 3184 791 3240 845; x_wconf 90' lang='lat' dir='ltr'><strong>in</strong></span> <span class='ocrx_word' id='word_1_147' title='bbox 3270 792 3375 862; x_wconf 82' lang='lat' dir='ltr'><strong>[ide</strong></span> <span class='ocrx_word' id='word_1_148' title='bbox 3425 792 3478 865; x_wconf 87' lang='lat' dir='ltr'><strong>(I</strong></span> <span class='ocrx_word' id='word_1_149' title='bbox 3511 795 3660 852; x_wconf 80' lang='lat' dir='ltr'><strong>Petr.</strong></span> <span class='ocrx_word' id='word_1_150' title='bbox 3693 816 3761 866; x_wconf 81' lang='lat' dir='ltr'><strong>tv,</strong></span> 
     </span>
    </p>
   </div>
   <div class='ocr_carea' id='block_1_22' title="bbox 2175 879 3770 957">
    <p class='ocr_par' dir='ltr' id='par_1_22' title="bbox 2175 879 3770 957">
     <span class='ocr_line' id='line_1_22' title="bbox 2175 879 3770 957; baseline 0.009 -23"><span class='ocrx_word' id='word_1_151' title='bbox 2175 879 2240 947; x_wconf 87' lang='lat'><strong>7;</strong></span> <span class='ocrx_word' id='word_1_152' title='bbox 2277 897 2331 948; x_wconf 90' lang='lat' dir='ltr'><strong>v,</strong></span> <span class='ocrx_word' id='word_1_153' title='bbox 2364 880 2443 951; x_wconf 90' lang='lat'><strong>8).</strong></span> <span class='ocrx_word' id='word_1_154' title='bbox 2502 881 2639 936; x_wconf 90' lang='lat' dir='ltr'><strong>Dum</strong></span> <span class='ocrx_word' id='word_1_155' title='bbox 2685 895 2815 949; x_wconf 88' lang='lat' dir='ltr'><strong>ergo</strong></span> <span class='ocrx_word' id='word_1_156' title='bbox 2856 881 3115 940; x_wconf 90' lang='lat' dir='ltr'><strong>Israelitis</strong></span> <span class='ocrx_word' id='word_1_157' title='bbox 3168 885 3352 954; x_wconf 59' lang='lat' dir='ltr'><strong>praelia</strong></span> <span class='ocrx_word' id='word_1_158' title='bbox 3382 902 3480 957; x_wconf 88' lang='lat' dir='ltr'><strong>per</strong></span> <span class='ocrx_word' id='word_1_159' title='bbox 3530 889 3770 948; x_wconf 84' lang='lat' dir='ltr'><strong>litteram</strong></span> 
     </span>
    </p>
   </div>
   <div class='ocr_carea' id='block_1_23' title="bbox 2174 972 3770 1047">
    <p class='ocr_par' dir='ltr' id='par_1_23' title="bbox 2174 972 3770 1047">
     <span class='ocr_line' id='line_1_23' title="bbox 2174 972 3770 1047; baseline 0.007 -19"><span class='ocrx_word' id='word_1_160' title='bbox 2174 972 2502 1041; x_wconf 90' lang='lat' dir='ltr'><strong>referuntur,</strong></span> <span class='ocrx_word' id='word_1_161' title='bbox 2552 974 2767 1029; x_wconf 92' lang='lat' dir='ltr'><strong>interna</strong></span> <span class='ocrx_word' id='word_1_162' title='bbox 2806 981 2865 1029; x_wconf 85' lang='lat' dir='ltr'><strong>et</strong></span> <span class='ocrx_word' id='word_1_163' title='bbox 2889 975 3152 1046; x_wconf 82' lang='lat' dir='ltr'><strong>spiritalia</strong></span> <span class='ocrx_word' id='word_1_164' title='bbox 3176 975 3547 1047; x_wconf 76' lang='lat' dir='ltr'><strong>designantur.</strong></span> <span class='ocrx_word' id='word_1_165' title='bbox 3600 982 3770 1039; x_wconf 86' lang='lat' dir='ltr'><strong>Phili-</strong></span> 
     </span>
    </p>
   </div>
   <div class='ocr_carea' id='block_1_24' title="bbox 2174 1064 3772 1147">
    <p class='ocr_par' dir='ltr' id='par_1_24' title="bbox 2174 1064 3772 1147">
     <span class='ocr_line' id='line_1_24' title="bbox 2174 1064 3772 1147; baseline 0.006 -25"><span class='ocrx_word' id='word_1_166' title='bbox 2174 1064 2359 1122; x_wconf 87' lang='lat' dir='ltr'><strong>sthiim</strong></span> <span class='ocrx_word' id='word_1_167' title='bbox 2388 1080 2621 1135; x_wconf 90' lang='lat' dir='ltr'><strong>namque</strong></span> <span class='ocrx_word' id='word_1_168' title='bbox 2648 1065 2905 1122; x_wconf 87' lang='lat' dir='ltr'><strong>cadentes</strong></span> <span class='ocrx_word' id='word_1_169' title='bbox 2925 1068 3123 1138; x_wconf 90' lang='lat' dir='ltr'><strong>poculo</strong></span> <span class='ocrx_word' id='word_1_170' title='bbox 3163 1070 3626 1141; x_wconf 85' lang='lat' dir='ltr'><strong>interpretantur;</strong></span> <span class='ocrx_word' id='word_1_171' title='bbox 3665 1092 3772 1147; x_wconf 88' lang='lat' dir='ltr'><strong>quo</strong></span> 
     </span>
    </p>
   </div>
   <div class='ocr_carea' id='block_1_25' title="bbox 2176 1159 3773 1238">
    <p class='ocr_par' dir='ltr' id='par_1_25' title="bbox 2176 1159 3773 1238">
     <span class='ocr_line' id='line_1_25' title="bbox 2176 1159 3773 1238; baseline 0.006 -23"><span class='ocrx_word' id='word_1_172' title='bbox 2176 1159 2427 1215; x_wconf 88' lang='lat' dir='ltr'><strong>nimirum</strong></span> <span class='ocrx_word' id='word_1_173' title='bbox 2448 1160 2668 1216; x_wconf 86' lang='lat' dir='ltr'><strong>nomine</strong></span> <span class='ocrx_word' id='word_1_174' title='bbox 2694 1160 2913 1232; x_wconf 84' lang='lat' dir='ltr'><strong>reprobi</strong></span> <span class='ocrx_word' id='word_1_175' title='bbox 2967 1162 3144 1231; x_wconf 75' lang='lat' dir='ltr'><strong>angeli</strong></span> <span class='ocrx_word' id='word_1_176' title='bbox 3200 1165 3606 1237; x_wconf 80' lang='lat' dir='ltr'><strong>exprimuntur,</strong></span> <span class='ocrx_word' id='word_1_177' title='bbox 3645 1170 3773 1238; x_wconf 86' lang='lat' dir='ltr'><strong>quia</strong></span> 
     </span>
    </p>
   </div>
   <div class='ocr_carea' id='block_1_26' title="bbox 2175 1251 3775 1329">
    <p class='ocr_par' dir='ltr' id='par_1_26' title="bbox 2175 1251 3775 1329">
     <span class='ocr_line' id='line_1_26' title="bbox 2175 1251 3775 1329; baseline 0.006 -22"><span class='ocrx_word' id='word_1_178' title='bbox 2175 1267 2274 1323; x_wconf 90' lang='lat' dir='ltr'><strong>per</strong></span> <span class='ocrx_word' id='word_1_179' title='bbox 2294 1251 2745 1308; x_wconf 88' lang='lat' dir='ltr'><strong>abundantiorem</strong></span> <span class='ocrx_word' id='word_1_180' title='bbox 2775 1262 2961 1323; x_wconf 90' lang='lat' dir='ltr'><strong>potum</strong></span> <span class='ocrx_word' id='word_1_181' title='bbox 2994 1257 3261 1326; x_wconf 89' lang='lat' dir='ltr'><strong>superbi:e</strong></span> <span class='ocrx_word' id='word_1_182' title='bbox 3282 1265 3484 1313; x_wconf 85' lang='lat' dir='ltr'><strong>statum</strong></span> <span class='ocrx_word' id='word_1_183' title='bbox 3516 1259 3775 1329; x_wconf 88' lang='lat' dir='ltr'><strong>perdide-</strong></span> 
     </span>
    </p>
   </div>
   <div class='ocr_carea' id='block_1_27' title="bbox 2177 1346 3779 1423">
    <p class='ocr_par' dir='ltr' id='par_1_27' title="bbox 2177 1346 3779 1423">
     <span class='ocr_line' id='line_1_27' title="bbox 2177 1346 3779 1423; baseline 0.006 -20"><span class='ocrx_word' id='word_1_184' title='bbox 2177 1353 2303 1403; x_wconf 86' lang='lat' dir='ltr'><strong>runt</strong></span> <span class='ocrx_word' id='word_1_185' title='bbox 2330 1355 2543 1401; x_wconf 74' lang='lat' dir='ltr'><strong>:eternte</strong></span> <span class='ocrx_word' id='word_1_186' title='bbox 2564 1347 2707 1402; x_wconf 60' lang='lat' dir='ltr'><strong>vitae.</strong></span> <span class='ocrx_word' id='word_1_187' title='bbox 2756 1346 2844 1403; x_wconf 88' lang='lat' dir='ltr'><strong>Eis</strong></span> <span class='ocrx_word' id='word_1_188' title='bbox 2906 1349 3107 1420; x_wconf 88' lang='lat' dir='ltr'><strong>quippe</strong></span> <span class='ocrx_word' id='word_1_189' title='bbox 3155 1352 3306 1407; x_wconf 88' lang='lat' dir='ltr'><strong>velut</strong></span> <span class='ocrx_word' id='word_1_190' title='bbox 3354 1354 3553 1423; x_wconf 92' lang='lat' dir='ltr'><strong>poculo</strong></span> <span class='ocrx_word' id='word_1_191' title='bbox 3579 1356 3779 1413; x_wconf 82' lang='lat' dir='ltr'><strong>cadere</strong></span> 
     </span>
    </p>
   </div>
   <div class='ocr_carea' id='block_1_28' title="bbox 2177 1438 3777 1508">
    <p class='ocr_par' dir='ltr' id='par_1_28' title="bbox 2177 1438 3777 1508">
     <span class='ocr_line' id='line_1_28' title="bbox 2177 1438 3777 1508; baseline 0.007 -16"><span class='ocrx_word' id='word_1_192' title='bbox 2177 1438 2277 1493; x_wconf 92' lang='lat' dir='ltr'><strong>fuit</strong></span> <span class='ocrx_word' id='word_1_193' title='bbox 2330 1446 2518 1508; x_wconf 91' lang='lat' dir='ltr'><strong>potum</strong></span> <span class='ocrx_word' id='word_1_194' title='bbox 2574 1439 2841 1508; x_wconf 58' lang='lat' dir='ltr'><strong>superbae</strong></span> <span class='ocrx_word' id='word_1_195' title='bbox 2890 1441 3008 1496; x_wconf 91' lang='lat' dir='ltr'><strong>sine</strong></span> <span class='ocrx_word' id='word_1_196' title='bbox 3050 1444 3195 1498; x_wconf 90' lang='lat' dir='ltr'><strong>omni</strong></span> <span class='ocrx_word' id='word_1_197' title='bbox 3242 1459 3395 1499; x_wconf 89' lang='lat' dir='ltr'><strong>mora</strong></span> <span class='ocrx_word' id='word_1_198' title='bbox 3427 1446 3777 1503; x_wconf 89' lang='lat' dir='ltr'><strong>retractionis</strong></span> 
     </span>
    </p>
   </div>
   <div class='ocr_carea' id='block_1_29' title="bbox 2179 1531 3780 1604">
    <p class='ocr_par' dir='ltr' id='par_1_29' title="bbox 2179 1531 3780 1604">
     <span class='ocr_line' id='line_1_29' title="bbox 2179 1531 3780 1604; baseline 0.005 -16"><span class='ocrx_word' id='word_1_199' title='bbox 2179 1546 2476 1588; x_wconf 85' lang='lat' dir='ltr'><strong>assumere.</strong></span> <span class='ocrx_word' id='word_1_200' title='bbox 2529 1531 2664 1587; x_wconf 89' lang='lat' dir='ltr'><strong>Nam</strong></span> <span class='ocrx_word' id='word_1_201' title='bbox 2712 1532 2856 1604; x_wconf 90' lang='lat' dir='ltr'><strong>quod</strong></span> <span class='ocrx_word' id='word_1_202' title='bbox 2913 1540 3133 1603; x_wconf 91' lang='lat' dir='ltr'><strong>potatur</strong></span> <span class='ocrx_word' id='word_1_203' title='bbox 3176 1534 3334 1591; x_wconf 82' lang='lat' dir='ltr'><strong>facile</strong></span> <span class='ocrx_word' id='word_1_204' title='bbox 3382 1538 3633 1593; x_wconf 89' lang='lat' dir='ltr'><strong>sumitur.</strong></span> <span class='ocrx_word' id='word_1_205' title='bbox 3702 1540 3780 1596; x_wconf 88' lang='lat' dir='ltr'><strong>De</strong></span> 
     </span>
    </p>
   </div>
   <div class='ocr_carea' id='block_1_30' title="bbox 2180 1624 3780 1701">
    <p class='ocr_par' dir='ltr' id='par_1_30' title="bbox 2180 1624 3780 1701">
     <span class='ocr_line' id='line_1_30' title="bbox 2180 1624 3780 1701; baseline 0.006 -25"><span class='ocrx_word' id='word_1_206' title='bbox 2180 1637 2408 1692; x_wconf 86' lang='lat' dir='ltr'><strong>quorum</strong></span> <span class='ocrx_word' id='word_1_207' title='bbox 2456 1624 2705 1693; x_wconf 90' lang='lat' dir='ltr'><strong>profecto</strong></span> <span class='ocrx_word' id='word_1_208' title='bbox 2750 1624 3057 1681; x_wconf 88' lang='lat' dir='ltr'><strong>cadentium</strong></span> <span class='ocrx_word' id='word_1_209' title='bbox 3089 1628 3335 1698; x_wconf 90' lang='lat' dir='ltr'><strong>principe</strong></span> <span class='ocrx_word' id='word_1_210' title='bbox 3364 1629 3517 1685; x_wconf 89' lang='lat' dir='ltr'><strong>velut</strong></span> <span class='ocrx_word' id='word_1_211' title='bbox 3554 1630 3624 1685; x_wconf 86' lang='lat' dir='ltr'><strong>de</strong></span> <span class='ocrx_word' id='word_1_212' title='bbox 3675 1647 3780 1701; x_wconf 88' lang='lat' dir='ltr'><strong>po-</strong></span> 
     </span>
    </p>
   </div>
   <div class='ocr_carea' id='block_1_31' title="bbox 2182 1712 3782 1781">
    <p class='ocr_par' dir='ltr' id='par_1_31' title="bbox 2182 1712 3782 1781">
     <span class='ocr_line' id='line_1_31' title="bbox 2182 1712 3782 1781; baseline 0.006 -15"><span class='ocrx_word' id='word_1_213' title='bbox 2182 1720 2333 1767; x_wconf 89' lang='lat' dir='ltr'><strong>tante</strong></span> <span class='ocrx_word' id='word_1_214' title='bbox 2386 1712 2645 1770; x_wconf 84' lang='lat' dir='ltr'><strong>Dominus</strong></span> <span class='ocrx_word' id='word_1_215' title='bbox 2698 1714 2886 1770; x_wconf 88' lang='lat' dir='ltr'><strong>dicit:</strong></span> <span class='ocrx_word' id='word_1_216' title='bbox 2938 1714 3073 1781; x_wconf 85' lang='lat' dir='ltr'><strong>Quia</strong></span> <span class='ocrx_word' id='word_1_217' title='bbox 3125 1718 3182 1772; x_wconf 84' lang='lat' dir='ltr'><strong>in</strong></span> <span class='ocrx_word' id='word_1_218' title='bbox 3219 1720 3434 1773; x_wconf 79' lang='lat' dir='ltr'><strong>veritate</strong></span> <span class='ocrx_word' id='word_1_219' title='bbox 3489 1736 3597 1774; x_wconf 82' lang='lat' dir='ltr'><strong>non</strong></span> <span class='ocrx_word' id='word_1_220' title='bbox 3638 1724 3782 1775; x_wconf 84' lang='lat' dir='ltr'><strong>stetit</strong></span> 
     </span>
    </p>
   </div>
   <div class='ocr_carea' id='block_1_32' title="bbox 2185 1804 3784 1880">
    <p class='ocr_par' dir='ltr' id='par_1_32' title="bbox 2185 1804 3784 1880">
     <span class='ocr_line' id='line_1_32' title="bbox 2185 1804 3784 1880; baseline 0.004 -21"><span class='ocrx_word' id='word_1_221' title='bbox 2185 1804 2364 1875; x_wconf 83' lang='lat' dir='ltr'><strong>(Joan.</strong></span> <span class='ocrx_word' id='word_1_222' title='bbox 2395 1820 2509 1872; x_wconf 87' lang='lat' dir='ltr'><strong>vm,</strong></span> <span class='ocrx_word' id='word_1_223' title='bbox 2538 1806 2655 1877; x_wconf 71' lang='grc'><strong>44).</strong></span> <span class='ocrx_word' id='word_1_224' title='bbox 2706 1806 2866 1862; x_wconf 86' lang='lat' dir='ltr'><strong>Velut</strong></span> <span class='ocrx_word' id='word_1_225' title='bbox 2913 1808 3060 1863; x_wconf 90' lang='lat' dir='ltr'><strong>enim</strong></span> <span class='ocrx_word' id='word_1_226' title='bbox 3104 1816 3237 1879; x_wconf 92' lang='lat' dir='ltr'><strong>potu</strong></span> <span class='ocrx_word' id='word_1_227' title='bbox 3264 1811 3491 1876; x_wconf 88' lang='lat' dir='ltr'><strong>corruit,</strong></span> <span class='ocrx_word' id='word_1_228' title='bbox 3525 1810 3641 1880; x_wconf 89' lang='lat' dir='ltr'><strong>qui,</strong></span> <span class='ocrx_word' id='word_1_229' title='bbox 3689 1828 3784 1867; x_wconf 82' lang='lat' dir='ltr'><strong>su-</strong></span> 
     </span>
    </p>
   </div>
   <div class='ocr_carea' id='block_1_33' title="bbox 557 1900 3785 1976">
    <p class='ocr_par' dir='ltr' id='par_1_33' title="bbox 557 1900 3785 1976">
     <span class='ocr_line' id='line_1_33' title="bbox 557 1900 3785 1976; baseline -0.001 -11"><span class='ocrx_word' id='word_1_230' title='bbox 557 1910 649 1965; x_wconf 77' lang='lat'><strong>31.</strong></span> <span class='ocrx_word' id='word_1_231' title='bbox 680 1908 875 1965; x_wconf 89' lang='lat' dir='ltr'><strong>Sermo</strong></span> <span class='ocrx_word' id='word_1_232' title='bbox 916 1903 1119 1959; x_wconf 89' lang='lat' dir='ltr'><strong>etenim</strong></span> <span class='ocrx_word' id='word_1_233' title='bbox 1168 1902 1353 1958; x_wconf 89' lang='lat' dir='ltr'><strong>venire</strong></span> <span class='ocrx_word' id='word_1_234' title='bbox 1381 1900 1740 1968; x_wconf 74' lang='lat' dir='ltr'><strong>cognoscitur,</strong></span> <span class='ocrx_word' id='word_1_235' title='bbox 1774 1914 1897 1953; x_wconf 91' lang='lat' dir='ltr'><strong>cum</strong></span> <span class='ocrx_word' id='word_1_236' title='bbox 1947 1914 2083 1969; x_wconf 70' lang='lat' dir='ltr'><strong>prm-</strong></span> <span class='ocrx_word' id='word_1_237' title='bbox 2113 1915 2163 1976; x_wconf 79' lang='grc' dir='ltr'><strong>Β</strong></span> <span class='ocrx_word' id='word_1_238' title='bbox 2187 1901 2388 1971; x_wconf 74' lang='lat' dir='ltr'><strong>perbite</strong></span> <span class='ocrx_word' id='word_1_239' title='bbox 2415 1918 2527 1957; x_wconf 73' lang='lat' dir='ltr'><strong>sum</strong></span> <span class='ocrx_word' id='word_1_240' title='bbox 2556 1902 2848 1959; x_wconf 87' lang='lat' dir='ltr'><strong>velocitate</strong></span> <span class='ocrx_word' id='word_1_241' title='bbox 2870 1904 3075 1969; x_wconf 89' lang='lat' dir='ltr'><strong>ebrius,</strong></span> <span class='ocrx_word' id='word_1_242' title='bbox 3118 1904 3175 1960; x_wconf 92' lang='lat' dir='ltr'><strong>in</strong></span> <span class='ocrx_word' id='word_1_243' title='bbox 3202 1920 3269 1960; x_wconf 88' lang='lat' dir='ltr'><strong>ea</strong></span> <span class='ocrx_word' id='word_1_244' title='bbox 3294 1920 3402 1973; x_wconf 90' lang='lat' dir='ltr'><strong>qua</strong></span> <span class='ocrx_word' id='word_1_245' title='bbox 3429 1904 3610 1962; x_wconf 80' lang='lat' dir='ltr'><strong>fuerat</strong></span> <span class='ocrx_word' id='word_1_246' title='bbox 3646 1921 3785 1962; x_wconf 86' lang='lat' dir='ltr'><strong>con-</strong></span> 
     </span>
    </p>
   </div>
   <div class='ocr_carea' id='block_1_34' title="bbox 484 1992 2083 2066">
    <p class='ocr_par' dir='ltr' id='par_1_34' title="bbox 484 1992 2083 2066">
     <span class='ocr_line' id='line_1_34' title="bbox 484 1992 2083 2066; baseline -0.007 -8"><span class='ocrx_word' id='word_1_247' title='bbox 484 2002 789 2058; x_wconf 89' lang='lat' dir='ltr'><strong>dicatorum</strong></span> <span class='ocrx_word' id='word_1_248' title='bbox 838 2006 1145 2052; x_wconf 90' lang='lat' dir='ltr'><strong>nostrorum</strong></span> <span class='ocrx_word' id='word_1_249' title='bbox 1206 1995 1494 2066; x_wconf 91' lang='lat' dir='ltr'><strong>promissio</strong></span> <span class='ocrx_word' id='word_1_250' title='bbox 1533 1994 1887 2064; x_wconf 86' lang='lat' dir='ltr'><strong>adimpletur.</strong></span> <span class='ocrx_word' id='word_1_251' title='bbox 1947 1992 2083 2048; x_wconf 94' lang='lat' dir='ltr'><strong>Pro-</strong></span> 
     </span>
    </p>
   </div>
   <div class='ocr_carea' id='block_1_35' title="bbox 485 2085 2082 2157">
    <p class='ocr_par' dir='ltr' id='par_1_35' title="bbox 485 2085 2082 2157">
     <span class='ocr_line' id='line_1_35' title="bbox 485 2085 2082 2157; baseline -0.005 -10"><span class='ocrx_word' id='word_1_252' title='bbox 485 2092 672 2148; x_wconf 88' lang='lat' dir='ltr'><strong>missio</strong></span> <span class='ocrx_word' id='word_1_253' title='bbox 692 2090 836 2145; x_wconf 90' lang='lat' dir='ltr'><strong>enim</strong></span> <span class='ocrx_word' id='word_1_254' title='bbox 864 2088 1015 2143; x_wconf 88' lang='lat' dir='ltr'><strong>verbi</strong></span> <span class='ocrx_word' id='word_1_255' title='bbox 1059 2096 1142 2142; x_wconf 89' lang='lat' dir='ltr'><strong>est</strong></span> <span class='ocrx_word' id='word_1_256' title='bbox 1166 2087 1418 2157; x_wconf 80' lang='lat' dir='ltr'><strong>gaudium</strong></span> <span class='ocrx_word' id='word_1_257' title='bbox 1447 2088 1564 2142; x_wconf 89' lang='lat' dir='ltr'><strong>sine</strong></span> <span class='ocrx_word' id='word_1_258' title='bbox 1603 2085 1709 2142; x_wconf 83' lang='lat' dir='ltr'><strong>ﬁne</strong></span> <span class='ocrx_word' id='word_1_259' title='bbox 1751 2101 2082 2141; x_wconf 88' lang='lat' dir='ltr'><strong>mansurum.</strong></span> 
     </span>
    </p>
   </div>
   <div class='ocr_carea' id='block_1_36' title="bbox 494 2178 2085 2257">
    <p class='ocr_par' dir='ltr' id='par_1_36' title="bbox 494 2178 2085 2257">
     <span class='ocr_line' id='line_1_36' title="bbox 494 2178 2085 2257; baseline -0.005 -17"><span class='ocrx_word' id='word_1_260' title='bbox 494 2182 760 2240; x_wconf 80' lang='lat' dir='ltr'><strong>Universo</strong></span> <span class='ocrx_word' id='word_1_261' title='bbox 808 2181 971 2250; x_wconf 85' lang='lat' dir='ltr'><strong>igitur</strong></span> <span class='ocrx_word' id='word_1_262' title='bbox 1020 2179 1205 2235; x_wconf 81' lang='lat' dir='ltr'><strong>Israeli</strong></span> <span class='ocrx_word' id='word_1_263' title='bbox 1236 2195 1414 2236; x_wconf 90' lang='lat' dir='ltr'><strong>sermo</strong></span> <span class='ocrx_word' id='word_1_264' title='bbox 1440 2180 1707 2235; x_wconf 86' lang='lat' dir='ltr'><strong>Samuelis</strong></span> <span class='ocrx_word' id='word_1_265' title='bbox 1742 2179 1926 2257; x_wconf 80' lang='lat' dir='ltr'><strong>venit,</strong></span> <span class='ocrx_word' id='word_1_266' title='bbox 1959 2178 2085 2248; x_wconf 89' lang='lat' dir='ltr'><strong>quia</strong></span> 
     </span>
    </p>
   </div>
   <div class='ocr_carea' id='block_1_37' title="bbox 489 2273 2086 2343">
    <p class='ocr_par' dir='ltr' id='par_1_37' title="bbox 489 2273 2086 2343">
     <span class='ocr_line' id='line_1_37' title="bbox 489 2273 2086 2343; baseline -0.004 -9"><span class='ocrx_word' id='word_1_267' title='bbox 489 2276 666 2334; x_wconf 88' lang='lat' dir='ltr'><strong>omnis</strong></span> <span class='ocrx_word' id='word_1_268' title='bbox 686 2275 972 2330; x_wconf 91' lang='lat' dir='ltr'><strong>multitudo</strong></span> <span class='ocrx_word' id='word_1_269' title='bbox 1002 2282 1203 2330; x_wconf 65' lang='lat' dir='ltr'><strong>sancta:</strong></span> <span class='ocrx_word' id='word_1_270' title='bbox 1221 2273 1475 2330; x_wconf 71' lang='lat' dir='ltr'><strong>Ecclesiae</strong></span> <span class='ocrx_word' id='word_1_271' title='bbox 1502 2276 1567 2329; x_wconf 92' lang='lat' dir='ltr'><strong>ad</strong></span> <span class='ocrx_word' id='word_1_272' title='bbox 1595 2274 1848 2343; x_wconf 89' lang='lat' dir='ltr'><strong>gaudium</strong></span> <span class='ocrx_word' id='word_1_273' title='bbox 1870 2282 2086 2329; x_wconf 62' lang='lat' dir='ltr'><strong>aeternae</strong></span> 
     </span>
    </p>
   </div>
   <div class='ocr_carea' id='block_1_38' title="bbox 488 2365 2084 2437">
    <p class='ocr_par' dir='ltr' id='par_1_38' title="bbox 488 2365 2084 2437">
     <span class='ocr_line' id='line_1_38' title="bbox 488 2365 2084 2437; baseline -0.004 -12"><span class='ocrx_word' id='word_1_274' title='bbox 488 2367 835 2425; x_wconf 85' lang='lat' dir='ltr'><strong>beatitudinis</strong></span> <span class='ocrx_word' id='word_1_275' title='bbox 860 2366 1124 2437; x_wconf 88' lang='lat' dir='ltr'><strong>pervenit,</strong></span> <span class='ocrx_word' id='word_1_276' title='bbox 1154 2374 1210 2421; x_wconf 89' lang='lat' dir='ltr'><strong>et</strong></span> <span class='ocrx_word' id='word_1_277' title='bbox 1237 2366 1381 2436; x_wconf 89' lang='lat' dir='ltr'><strong>quod</strong></span> <span class='ocrx_word' id='word_1_278' title='bbox 1410 2381 1556 2421; x_wconf 89' lang='lat' dir='ltr'><strong>nunc</strong></span> <span class='ocrx_word' id='word_1_279' title='bbox 1585 2366 1639 2420; x_wconf 90' lang='lat' dir='ltr'><strong>in</strong></span> <span class='ocrx_word' id='word_1_280' title='bbox 1680 2365 1786 2420; x_wconf 90' lang='lat' dir='ltr'><strong>fide</strong></span> <span class='ocrx_word' id='word_1_281' title='bbox 1820 2365 2084 2420; x_wconf 89' lang='lat' dir='ltr'><strong>sermonis</strong></span> 
     </span>
    </p>
   </div>
   <div class='ocr_carea' id='block_1_39' title="bbox 489 2458 2082 2529">
    <p class='ocr_par' dir='ltr' id='par_1_39' title="bbox 489 2458 2082 2529">
     <span class='ocr_line' id='line_1_39' title="bbox 489 2458 2082 2529; baseline -0.002 -13"><span class='ocrx_word' id='word_1_282' title='bbox 489 2476 522 2516; x_wconf 91' lang='lat' dir='ltr'><strong>a</strong></span> <span class='ocrx_word' id='word_1_283' title='bbox 548 2460 747 2516; x_wconf 87' lang='lat' dir='ltr'><strong>sanctis</strong></span> <span class='ocrx_word' id='word_1_284' title='bbox 780 2460 895 2529; x_wconf 88' lang='lat' dir='ltr'><strong>ejus</strong></span> <span class='ocrx_word' id='word_1_285' title='bbox 936 2459 1379 2529; x_wconf 74' lang='lat' dir='ltr'><strong>praedicatoribus</strong></span> <span class='ocrx_word' id='word_1_286' title='bbox 1406 2459 1832 2529; x_wconf 89' lang='lat' dir='ltr'><strong>repromittitur,</strong></span> <span class='ocrx_word' id='word_1_287' title='bbox 1865 2474 1964 2529; x_wconf 88' lang='lat' dir='ltr'><strong>per</strong></span> <span class='ocrx_word' id='word_1_288' title='bbox 2006 2458 2082 2513; x_wconf 90' lang='lat' dir='ltr'><strong>rei</strong></span> 
     </span>
    </p>
   </div>
   <div class='ocr_carea' id='block_1_40' title="bbox 490 2546 2081 2620">
    <p class='ocr_par' dir='ltr' id='par_1_40' title="bbox 490 2546 2081 2620">
     <span class='ocr_line' id='line_1_40' title="bbox 490 2546 2081 2620; baseline -0.001 -13"><span class='ocrx_word' id='word_1_289' title='bbox 490 2552 773 2607; x_wconf 84' lang='lat' dir='ltr'><strong>veritatem</strong></span> <span class='ocrx_word' id='word_1_290' title='bbox 806 2546 1004 2606; x_wconf 83' lang='lat' dir='ltr'><strong>&#39;eidem</strong></span> <span class='ocrx_word' id='word_1_291' title='bbox 1062 2551 1117 2605; x_wconf 90' lang='lat' dir='ltr'><strong>in</strong></span> <span class='ocrx_word' id='word_1_292' title='bbox 1169 2552 1349 2620; x_wconf 84' lang='lat' dir='ltr'><strong>regnis</strong></span> <span class='ocrx_word' id='word_1_293' title='bbox 1413 2551 1723 2608; x_wconf 83' lang='lat' dir='ltr'><strong>ctelestibus</strong></span> <span class='ocrx_word' id='word_1_294' title='bbox 1779 2552 2081 2606; x_wconf 78' lang='lat' dir='ltr'><strong>exhibetur.</strong></span> 
     </span>
    </p>
   </div>
   <div class='ocr_carea' id='block_1_41' title="bbox 491 2640 2083 2712">
    <p class='ocr_par' dir='ltr' id='par_1_41' title="bbox 491 2640 2083 2712">
     <span class='ocr_line' id='line_1_41' title="bbox 491 2640 2083 2712; baseline -0.001 -15"><span class='ocrx_word' id='word_1_295' title='bbox 491 2642 730 2697; x_wconf 79' lang='lat' dir='ltr'><strong>Verbum</strong></span> <span class='ocrx_word' id='word_1_296' title='bbox 758 2656 989 2710; x_wconf 87' lang='lat' dir='ltr'><strong>namque</strong></span> <span class='ocrx_word' id='word_1_297' title='bbox 1009 2642 1291 2696; x_wconf 90' lang='lat' dir='ltr'><strong>doctorum</strong></span> <span class='ocrx_word' id='word_1_298' title='bbox 1318 2642 1370 2697; x_wconf 88' lang='lat' dir='ltr'><strong>in</strong></span> <span class='ocrx_word' id='word_1_299' title='bbox 1400 2641 1819 2712; x_wconf 90' lang='lat' dir='ltr'><strong>repromissione</strong></span> <span class='ocrx_word' id='word_1_300' title='bbox 1848 2640 2083 2696; x_wconf 87' lang='lat' dir='ltr'><strong>fidelium</strong></span> 
     </span>
    </p>
   </div>
   <div class='ocr_carea' id='block_1_42' title="bbox 490 2730 2085 2805">
    <p class='ocr_par' dir='ltr' id='par_1_42' title="bbox 490 2730 2085 2805">
     <span class='ocr_line' id='line_1_42' title="bbox 490 2730 2085 2805; baseline -0.002 -15"><span class='ocrx_word' id='word_1_301' title='bbox 490 2740 573 2790; x_wconf 71' lang='grc' dir='ltr'><strong>εει</strong></span> <span class='ocrx_word' id='word_1_302' title='bbox 598 2750 612 2785; x_wconf 95' lang='lat'><strong>:</strong></span> <span class='ocrx_word' id='word_1_303' title='bbox 644 2730 825 2787; x_wconf 81' lang='lat' dir='ltr'><strong>Omnis</strong></span> <span class='ocrx_word' id='word_1_304' title='bbox 850 2734 936 2803; x_wconf 89' lang='lat' dir='ltr'><strong>qui</strong></span> <span class='ocrx_word' id='word_1_305' title='bbox 964 2734 1127 2787; x_wconf 84' lang='lat' dir='ltr'><strong>credit</strong></span> <span class='ocrx_word' id='word_1_306' title='bbox 1170 2735 1225 2787; x_wconf 88' lang='lat' dir='ltr'><strong>in</strong></span> <span class='ocrx_word' id='word_1_307' title='bbox 1252 2735 1421 2805; x_wconf 88' lang='lat' dir='ltr'><strong>ipsum</strong></span> <span class='ocrx_word' id='word_1_308' title='bbox 1449 2752 1554 2788; x_wconf 90' lang='lat' dir='ltr'><strong>non</strong></span> <span class='ocrx_word' id='word_1_309' title='bbox 1583 2736 1735 2805; x_wconf 91' lang='lat' dir='ltr'><strong>perit,</strong></span> <span class='ocrx_word' id='word_1_310' title='bbox 1768 2734 1859 2788; x_wconf 82' lang='lat' dir='ltr'><strong>sed</strong></span> <span class='ocrx_word' id='word_1_311' title='bbox 1881 2733 2085 2788; x_wconf 84' lang='lat' dir='ltr'><strong>habebit</strong></span> 
     </span>
    </p>
   </div>
   <div class='ocr_carea' id='block_1_43' title="bbox 488 2826 2087 2899">
    <p class='ocr_par' dir='ltr' id='par_1_43' title="bbox 488 2826 2087 2899">
     <span class='ocr_line' id='line_1_43' title="bbox 488 2826 2087 2899; baseline 0.001 -17"><span class='ocrx_word' id='word_1_312' title='bbox 488 2827 647 2882; x_wconf 86' lang='lat' dir='ltr'><strong>vitam</strong></span> <span class='ocrx_word' id='word_1_313' title='bbox 676 2836 921 2882; x_wconf 69' lang='lat' dir='ltr'><strong>aeternam</strong></span> <span class='ocrx_word' id='word_1_314' title='bbox 968 2826 1147 2899; x_wconf 83' lang='lat' dir='ltr'><strong>(Joan.</strong></span> <span class='ocrx_word' id='word_1_315' title='bbox 1180 2842 1260 2896; x_wconf 81' lang='lat' dir='ltr'><strong>nr,</strong></span> <span class='ocrx_word' id='word_1_316' title='bbox 1312 2826 1425 2896; x_wconf 86' lang='grc'><strong>15).</strong></span> <span class='ocrx_word' id='word_1_317' title='bbox 1456 2827 1555 2883; x_wconf 91' lang='lat' dir='ltr'><strong>Vel</strong></span> <span class='ocrx_word' id='word_1_318' title='bbox 1584 2836 1731 2883; x_wconf 89' lang='lat' dir='ltr'><strong>certe</strong></span> <span class='ocrx_word' id='word_1_319' title='bbox 1758 2844 1935 2884; x_wconf 92' lang='lat' dir='ltr'><strong>sermo</strong></span> <span class='ocrx_word' id='word_1_320' title='bbox 1983 2828 2087 2883; x_wconf 86' lang='lat' dir='ltr'><strong>do-</strong></span> 
     </span>
    </p>
   </div>
   <div class='ocr_carea' id='block_1_44' title="bbox 490 2919 2085 2989">
    <p class='ocr_par' dir='ltr' id='par_1_44' title="bbox 490 2919 2085 2989">
     <span class='ocr_line' id='line_1_44' title="bbox 490 2919 2085 2989; baseline 0.002 -16"><span class='ocrx_word' id='word_1_321' title='bbox 490 2926 702 2973; x_wconf 89' lang='lat' dir='ltr'><strong>ctorum</strong></span> <span class='ocrx_word' id='word_1_322' title='bbox 734 2919 787 2973; x_wconf 93' lang='lat' dir='ltr'><strong>in</strong></span> <span class='ocrx_word' id='word_1_323' title='bbox 815 2920 1234 2989; x_wconf 89' lang='lat' dir='ltr'><strong>repromissione</strong></span> <span class='ocrx_word' id='word_1_324' title='bbox 1262 2934 1547 2974; x_wconf 91' lang='lat' dir='ltr'><strong>munerum</strong></span> <span class='ocrx_word' id='word_1_325' title='bbox 1577 2929 1697 2975; x_wconf 87' lang='lat' dir='ltr'><strong>est:</strong></span> <span class='ocrx_word' id='word_1_326' title='bbox 1733 2919 1861 2985; x_wconf 67' lang='lat' dir='ltr'><strong>Quae</strong></span> <span class='ocrx_word' id='word_1_327' title='bbox 1905 2921 2085 2976; x_wconf 87' lang='lat' dir='ltr'><strong>oculus</strong></span> 
     </span>
    </p>
   </div>
   <div class='ocr_carea' id='block_1_45' title="bbox 491 3013 2085 3080">
    <p class='ocr_par' dir='ltr' id='par_1_45' title="bbox 491 3013 2085 3080">
     <span class='ocr_line' id='line_1_45' title="bbox 491 3013 2085 3080; baseline 0.003 -16"><span class='ocrx_word' id='word_1_328' title='bbox 491 3027 595 3066; x_wconf 88' lang='lat' dir='ltr'><strong>non</strong></span> <span class='ocrx_word' id='word_1_329' title='bbox 624 3013 769 3079; x_wconf 81' lang='lat' dir='ltr'><strong>vidit,</strong></span> <span class='ocrx_word' id='word_1_330' title='bbox 799 3030 890 3065; x_wconf 89' lang='lat' dir='ltr'><strong>nec</strong></span> <span class='ocrx_word' id='word_1_331' title='bbox 919 3015 1061 3066; x_wconf 85' lang='lat' dir='ltr'><strong>auris</strong></span> <span class='ocrx_word' id='word_1_332' title='bbox 1090 3013 1306 3080; x_wconf 87' lang='lat' dir='ltr'><strong>audivit,</strong></span> <span class='ocrx_word' id='word_1_333' title='bbox 1337 3029 1431 3067; x_wconf 88' lang='lat' dir='ltr'><strong>nec</strong></span> <span class='ocrx_word' id='word_1_334' title='bbox 1458 3016 1515 3067; x_wconf 89' lang='lat' dir='ltr'><strong>in</strong></span> <span class='ocrx_word' id='word_1_335' title='bbox 1537 3030 1627 3067; x_wconf 91' lang='lat' dir='ltr'><strong>cor</strong></span> <span class='ocrx_word' id='word_1_336' title='bbox 1648 3014 1869 3067; x_wconf 81' lang='lat' dir='ltr'><strong>hominis</strong></span> <span class='ocrx_word' id='word_1_337' title='bbox 1895 3029 2085 3068; x_wconf 89' lang='lat' dir='ltr'><strong>ascen-</strong></span> 
     </span>
    </p>
   </div>
   <div class='ocr_carea' id='block_1_46' title="bbox 494 3104 2083 3175">
    <p class='ocr_par' dir='ltr' id='par_1_46' title="bbox 494 3104 2083 3175">
     <span class='ocr_line' id='line_1_46' title="bbox 494 3104 2083 3175; baseline 0 -18"><span class='ocrx_word' id='word_1_338' title='bbox 494 3104 588 3169; x_wconf 88' lang='lat' dir='ltr'><strong>dit,</strong></span> <span class='ocrx_word' id='word_1_339' title='bbox 612 3120 725 3175; x_wconf 74' lang='lat' dir='ltr'><strong>qua:</strong></span> <span class='ocrx_word' id='word_1_340' title='bbox 752 3106 1043 3174; x_wconf 83' lang='lat' dir='ltr'><strong>preparavit</strong></span> <span class='ocrx_word' id='word_1_341' title='bbox 1076 3104 1213 3160; x_wconf 89' lang='lat' dir='ltr'><strong>Deus</strong></span> <span class='ocrx_word' id='word_1_342' title='bbox 1243 3105 1578 3175; x_wconf 85' lang='lat' dir='ltr'><strong>diligentibus</strong></span> <span class='ocrx_word' id='word_1_343' title='bbox 1609 3122 1663 3159; x_wconf 90' lang='lat' dir='ltr'><strong>se</strong></span> <span class='ocrx_word' id='word_1_344' title='bbox 1687 3105 1823 3175; x_wconf 86' lang='lat' dir='ltr'><strong>(lsa.</strong></span> <span class='ocrx_word' id='word_1_345' title='bbox 1850 3121 1995 3173; x_wconf 78' lang='lat' dir='ltr'><strong>utv,</strong></span> <span class='ocrx_word' id='word_1_346' title='bbox 2020 3104 2083 3170; x_wconf 61' lang='grc' dir='ltr'><strong>ἇς</strong></span> 
     </span>
    </p>
   </div>
   <div class='ocr_carea' id='block_1_47' title="bbox 494 3194 2082 3266">
    <p class='ocr_par' dir='ltr' id='par_1_47' title="bbox 494 3194 2082 3266">
     <span class='ocr_line' id='line_1_47' title="bbox 494 3194 2082 3266; baseline 0.001 -16"><span class='ocrx_word' id='word_1_347' title='bbox 494 3194 527 3250; x_wconf 88' lang='lat' dir='ltr'><strong>I</strong></span> <span class='ocrx_word' id='word_1_348' title='bbox 572 3195 688 3250; x_wconf 84' lang='lat' dir='ltr'><strong>Cor.</strong></span> <span class='ocrx_word' id='word_1_349' title='bbox 714 3212 771 3260; x_wconf 85' lang='grc' dir='ltr'><strong>ιι,</strong></span> <span class='ocrx_word' id='word_1_350' title='bbox 824 3196 900 3266; x_wconf 82' lang='lat'><strong>9).</strong></span> <span class='ocrx_word' id='word_1_351' title='bbox 960 3197 1149 3252; x_wconf 90' lang='lat' dir='ltr'><strong>Sermo</strong></span> <span class='ocrx_word' id='word_1_352' title='bbox 1195 3198 1375 3266; x_wconf 88' lang='lat' dir='ltr'><strong>itaque</strong></span> <span class='ocrx_word' id='word_1_353' title='bbox 1420 3196 1681 3252; x_wconf 86' lang='lat' dir='ltr'><strong>Samuelis</strong></span> <span class='ocrx_word' id='word_1_354' title='bbox 1731 3196 1785 3250; x_wconf 92' lang='lat' dir='ltr'><strong>in</strong></span> <span class='ocrx_word' id='word_1_355' title='bbox 1833 3195 2082 3251; x_wconf 88' lang='lat' dir='ltr'><strong>universo</strong></span> 
     </span>
    </p>
   </div>
   <div class='ocr_carea' id='block_1_48' title="bbox 2189 1992 3369 2052">
    <p class='ocr_par' dir='ltr' id='par_1_48' title="bbox 2189 1992 3369 2052">
     <span class='ocr_line' id='line_1_48' title="bbox 2189 1992 3369 2052; baseline 0.003 -4"><span class='ocrx_word' id='word_1_356' title='bbox 2189 1992 2332 2048; x_wconf 88' lang='lat' dir='ltr'><strong>ditus</strong></span> <span class='ocrx_word' id='word_1_357' title='bbox 2353 1992 2582 2050; x_wconf 87' lang='lat' dir='ltr'><strong>veritate</strong></span> <span class='ocrx_word' id='word_1_358' title='bbox 2607 2008 2709 2050; x_wconf 93' lang='lat' dir='ltr'><strong>nec</strong></span> <span class='ocrx_word' id='word_1_359' title='bbox 2736 1993 2804 2048; x_wconf 90' lang='lat' dir='ltr'><strong>ad</strong></span> <span class='ocrx_word' id='word_1_360' title='bbox 2831 2004 3165 2051; x_wconf 89' lang='lat' dir='ltr'><strong>momentum</strong></span> <span class='ocrx_word' id='word_1_361' title='bbox 3195 1996 3369 2052; x_wconf 87' lang='lat' dir='ltr'><strong>stetit.</strong></span> 
     </span>
    </p>
   </div>
   <div class='ocr_carea' id='block_1_49' title="bbox 2259 2102 3781 2175">
    <p class='ocr_par' dir='ltr' id='par_1_49' title="bbox 2259 2102 3781 2175">
     <span class='ocr_line' id='line_1_49' title="bbox 2259 2102 3781 2175; baseline 0.005 -18"><span class='ocrx_word' id='word_1_362' title='bbox 2259 2104 2313 2160; x_wconf 77' lang='lat'><strong>2.</strong></span> <span class='ocrx_word' id='word_1_363' title='bbox 2356 2102 2467 2159; x_wconf 89' lang='lat' dir='ltr'><strong>Sed</strong></span> <span class='ocrx_word' id='word_1_364' title='bbox 2496 2103 2657 2159; x_wconf 89' lang='lat' dir='ltr'><strong>valde</strong></span> <span class='ocrx_word' id='word_1_365' title='bbox 2684 2105 3037 2173; x_wconf 59' lang='lat' dir='ltr'><strong>quaerendum</strong></span> <span class='ocrx_word' id='word_1_366' title='bbox 3065 2113 3150 2163; x_wconf 86' lang='lat' dir='ltr'><strong>est</strong></span> <span class='ocrx_word' id='word_1_367' title='bbox 3191 2106 3469 2175; x_wconf 89' lang='lat' dir='ltr'><strong>quomodo</strong></span> <span class='ocrx_word' id='word_1_368' title='bbox 3491 2106 3661 2163; x_wconf 77' lang='lat' dir='ltr'><strong>Israel</strong></span> <span class='ocrx_word' id='word_1_369' title='bbox 3692 2124 3781 2165; x_wconf 90' lang='lat' dir='ltr'><strong>se-</strong></span> 
     </span>
    </p>
   </div>
   <div class='ocr_carea' id='block_1_50' title="bbox 2188 2195 3785 2267">
    <p class='ocr_par' dir='ltr' id='par_1_50' title="bbox 2188 2195 3785 2267">
     <span class='ocr_line' id='line_1_50' title="bbox 2188 2195 3785 2267; baseline 0.001 -14"><span class='ocrx_word' id='word_1_370' title='bbox 2188 2195 2421 2253; x_wconf 92' lang='lat' dir='ltr'><strong>cundum</strong></span> <span class='ocrx_word' id='word_1_371' title='bbox 2463 2210 2682 2251; x_wconf 90' lang='lat' dir='ltr'><strong>carnem</strong></span> <span class='ocrx_word' id='word_1_372' title='bbox 2732 2196 2914 2265; x_wconf 89' lang='lat' dir='ltr'><strong>egredi</strong></span> <span class='ocrx_word' id='word_1_373' title='bbox 2944 2198 2997 2252; x_wconf 91' lang='lat' dir='ltr'><strong>in</strong></span> <span class='ocrx_word' id='word_1_374' title='bbox 3030 2197 3273 2267; x_wconf 65' lang='lat' dir='ltr'><strong>puellum</strong></span> <span class='ocrx_word' id='word_1_375' title='bbox 3302 2206 3494 2253; x_wconf 92' lang='lat' dir='ltr'><strong>contra</strong></span> <span class='ocrx_word' id='word_1_376' title='bbox 3524 2198 3660 2255; x_wconf 89' lang='lat' dir='ltr'><strong>istos</strong></span> <span class='ocrx_word' id='word_1_377' title='bbox 3691 2215 3785 2256; x_wconf 83' lang='lat' dir='ltr'><strong>ca-</strong></span> 
     </span>
    </p>
   </div>
   <div class='ocr_carea' id='block_1_51' title="bbox 2186 2288 3783 2362">
    <p class='ocr_par' dir='ltr' id='par_1_51' title="bbox 2186 2288 3783 2362">
     <span class='ocr_line' id='line_1_51' title="bbox 2186 2288 3783 2362; baseline 0.003 -19"><span class='ocrx_word' id='word_1_378' title='bbox 2186 2288 2377 2343; x_wconf 90' lang='lat' dir='ltr'><strong>dentes</strong></span> <span class='ocrx_word' id='word_1_379' title='bbox 2398 2288 2595 2358; x_wconf 90' lang='lat' dir='ltr'><strong>poculo</strong></span> <span class='ocrx_word' id='word_1_380' title='bbox 2631 2288 2983 2358; x_wconf 86' lang='lat' dir='ltr'><strong>intelligatur.</strong></span> <span class='ocrx_word' id='word_1_381' title='bbox 3034 2288 3206 2344; x_wconf 88' lang='lat' dir='ltr'><strong>Nemo</strong></span> <span class='ocrx_word' id='word_1_382' title='bbox 3253 2291 3399 2346; x_wconf 91' lang='lat' dir='ltr'><strong>enim</strong></span> <span class='ocrx_word' id='word_1_383' title='bbox 3428 2300 3630 2362; x_wconf 88' lang='lat' dir='ltr'><strong>pugnat</strong></span> <span class='ocrx_word' id='word_1_384' title='bbox 3656 2308 3783 2348; x_wconf 91' lang='lat' dir='ltr'><strong>cum</strong></span> 
     </span>
    </p>
   </div>
   <div class='ocr_carea' id='block_1_52' title="bbox 2189 2381 3785 2455">
    <p class='ocr_par' dir='ltr' id='par_1_52' title="bbox 2189 2381 3785 2455">
     <span class='ocr_line' id='line_1_52' title="bbox 2189 2381 3785 2455; baseline 0.001 -18"><span class='ocrx_word' id='word_1_385' title='bbox 2189 2396 2255 2437; x_wconf 90' lang='lat' dir='ltr'><strong>eo</strong></span> <span class='ocrx_word' id='word_1_386' title='bbox 2287 2383 2380 2452; x_wconf 91' lang='lat' dir='ltr'><strong>qui</strong></span> <span class='ocrx_word' id='word_1_387' title='bbox 2409 2382 2510 2436; x_wconf 89' lang='lat' dir='ltr'><strong>sibi</strong></span> <span class='ocrx_word' id='word_1_388' title='bbox 2539 2381 2843 2451; x_wconf 90' lang='lat' dir='ltr'><strong>subjicitur.</strong></span> <span class='ocrx_word' id='word_1_389' title='bbox 2897 2381 3156 2439; x_wconf 71' lang='lat' dir='ltr'><strong>Iudaicus</strong></span> <span class='ocrx_word' id='word_1_390' title='bbox 3203 2397 3334 2453; x_wconf 91' lang='lat' dir='ltr'><strong>ergo</strong></span> <span class='ocrx_word' id='word_1_391' title='bbox 3384 2384 3636 2455; x_wconf 90' lang='lat' dir='ltr'><strong>populus,</strong></span> <span class='ocrx_word' id='word_1_392' title='bbox 3689 2385 3785 2455; x_wconf 90' lang='lat' dir='ltr'><strong>qui</strong></span> 
     </span>
    </p>
   </div>
   <div class='ocr_carea' id='block_1_53' title="bbox 2187 2473 3783 2544">
    <p class='ocr_par' dir='ltr' id='par_1_53' title="bbox 2187 2473 3783 2544">
     <span class='ocr_line' id='line_1_53' title="bbox 2187 2473 3783 2544; baseline 0.002 -16"><span class='ocrx_word' id='word_1_393' title='bbox 2187 2474 2437 2543; x_wconf 87' lang='lat' dir='ltr'><strong>malignis</strong></span> <span class='ocrx_word' id='word_1_394' title='bbox 2466 2473 2745 2544; x_wconf 88' lang='lat' dir='ltr'><strong>spiritibus</strong></span> <span class='ocrx_word' id='word_1_395' title='bbox 2773 2488 2870 2544; x_wconf 89' lang='lat' dir='ltr'><strong>per</strong></span> <span class='ocrx_word' id='word_1_396' title='bbox 2891 2474 3264 2529; x_wconf 83' lang='lat' dir='ltr'><strong>infidelitatem</strong></span> <span class='ocrx_word' id='word_1_397' title='bbox 3300 2474 3599 2544; x_wconf 88' lang='lat' dir='ltr'><strong>subjectus,</strong></span> <span class='ocrx_word' id='word_1_398' title='bbox 3644 2490 3783 2531; x_wconf 86' lang='lat' dir='ltr'><strong>con-</strong></span> 
     </span>
    </p>
   </div>
   <div class='ocr_carea' id='block_1_54' title="bbox 2187 2564 3787 2635">
    <p class='ocr_par' dir='ltr' id='par_1_54' title="bbox 2187 2564 3787 2635">
     <span class='ocr_line' id='line_1_54' title="bbox 2187 2564 3787 2635; baseline 0.005 -18"><span class='ocrx_word' id='word_1_399' title='bbox 2187 2570 2271 2618; x_wconf 87' lang='lat' dir='ltr'><strong>tra</strong></span> <span class='ocrx_word' id='word_1_400' title='bbox 2296 2578 2390 2619; x_wconf 90' lang='lat' dir='ltr'><strong>eos</strong></span> <span class='ocrx_word' id='word_1_401' title='bbox 2410 2564 2464 2619; x_wconf 91' lang='lat' dir='ltr'><strong>in</strong></span> <span class='ocrx_word' id='word_1_402' title='bbox 2486 2564 2727 2632; x_wconf 77' lang='lat' dir='ltr'><strong>przelium</strong></span> <span class='ocrx_word' id='word_1_403' title='bbox 2752 2565 3025 2634; x_wconf 91' lang='lat' dir='ltr'><strong>quomodo</strong></span> <span class='ocrx_word' id='word_1_404' title='bbox 3048 2564 3228 2633; x_wconf 87' lang='lat' dir='ltr'><strong>egredi</strong></span> <span class='ocrx_word' id='word_1_405' title='bbox 3257 2565 3494 2622; x_wconf 84' lang='lat' dir='ltr'><strong>dicitur?</strong></span> <span class='ocrx_word' id='word_1_406' title='bbox 3532 2565 3787 2635; x_wconf 84' lang='lat' dir='ltr'><strong>Pugnare</strong></span> 
     </span>
    </p>
   </div>
   <div class='ocr_carea' id='block_1_55' title="bbox 2189 2656 3785 2727">
    <p class='ocr_par' dir='ltr' id='par_1_55' title="bbox 2189 2656 3785 2727">
     <span class='ocr_line' id='line_1_55' title="bbox 2189 2656 3785 2727; baseline 0.004 -16"><span class='ocrx_word' id='word_1_407' title='bbox 2189 2665 2369 2711; x_wconf 90' lang='lat' dir='ltr'><strong>tamen</strong></span> <span class='ocrx_word' id='word_1_408' title='bbox 2391 2657 2653 2713; x_wconf 89' lang='lat' dir='ltr'><strong>asseritur</strong></span> <span class='ocrx_word' id='word_1_409' title='bbox 2673 2672 2780 2712; x_wconf 93' lang='lat' dir='ltr'><strong>non</strong></span> <span class='ocrx_word' id='word_1_410' title='bbox 2810 2659 3042 2714; x_wconf 90' lang='lat' dir='ltr'><strong>veritate</strong></span> <span class='ocrx_word' id='word_1_411' title='bbox 3067 2656 3418 2727; x_wconf 77' lang='lat' dir='ltr'><strong>fortitudinis,</strong></span> <span class='ocrx_word' id='word_1_412' title='bbox 3450 2658 3547 2715; x_wconf 90' lang='lat' dir='ltr'><strong>sed</strong></span> <span class='ocrx_word' id='word_1_413' title='bbox 3566 2659 3785 2717; x_wconf 85' lang='lat' dir='ltr'><strong>fallacia</strong></span> 
     </span>
    </p>
   </div>
   <div class='ocr_carea' id='block_1_56' title="bbox 2187 2747 3785 2822">
    <p class='ocr_par' dir='ltr' id='par_1_56' title="bbox 2187 2747 3785 2822">
     <span class='ocr_line' id='line_1_56' title="bbox 2187 2747 3785 2822; baseline 0.004 -19"><span class='ocrx_word' id='word_1_414' title='bbox 2187 2748 2577 2804; x_wconf 80' lang='lat' dir='ltr'><strong>:estimationis.</strong></span> <span class='ocrx_word' id='word_1_415' title='bbox 2609 2747 2851 2804; x_wconf 89' lang='lat' dir='ltr'><strong>Veritate</strong></span> <span class='ocrx_word' id='word_1_416' title='bbox 2887 2751 3086 2821; x_wconf 92' lang='lat' dir='ltr'><strong>quippe</strong></span> <span class='ocrx_word' id='word_1_417' title='bbox 3114 2751 3442 2807; x_wconf 86' lang='lat' dir='ltr'><strong>fortitudinis</strong></span> <span class='ocrx_word' id='word_1_418' title='bbox 3470 2767 3501 2806; x_wconf 88' lang='lat' dir='ltr'><strong>a</strong></span> <span class='ocrx_word' id='word_1_419' title='bbox 3530 2752 3785 2822; x_wconf 86' lang='lat' dir='ltr'><strong>malignis</strong></span> 
     </span>
    </p>
   </div>
   <div class='ocr_carea' id='block_1_57' title="bbox 2187 2839 3782 2911">
    <p class='ocr_par' dir='ltr' id='par_1_57' title="bbox 2187 2839 3782 2911">
     <span class='ocr_line' id='line_1_57' title="bbox 2187 2839 3782 2911; baseline 0.004 -16"><span class='ocrx_word' id='word_1_420' title='bbox 2187 2839 2463 2911; x_wconf 89' lang='lat' dir='ltr'><strong>spiritibus</strong></span> <span class='ocrx_word' id='word_1_421' title='bbox 2487 2840 2660 2896; x_wconf 91' lang='lat' dir='ltr'><strong>victus</strong></span> <span class='ocrx_word' id='word_1_422' title='bbox 2682 2848 2785 2908; x_wconf 90' lang='lat' dir='ltr'><strong>est,</strong></span> <span class='ocrx_word' id='word_1_423' title='bbox 2813 2844 2906 2896; x_wconf 85' lang='lat' dir='ltr'><strong>sed</strong></span> <span class='ocrx_word' id='word_1_424' title='bbox 2928 2850 3105 2897; x_wconf 90' lang='lat' dir='ltr'><strong>tamen</strong></span> <span class='ocrx_word' id='word_1_425' title='bbox 3129 2844 3256 2898; x_wconf 91' lang='lat' dir='ltr'><strong>dum</strong></span> <span class='ocrx_word' id='word_1_426' title='bbox 3282 2844 3503 2899; x_wconf 88' lang='lat' dir='ltr'><strong>Patrum</strong></span> <span class='ocrx_word' id='word_1_427' title='bbox 3531 2854 3782 2901; x_wconf 88' lang='lat' dir='ltr'><strong>veterum</strong></span> 
     </span>
    </p>
   </div>
   <div class='ocr_carea' id='block_1_58' title="bbox 2187 2933 3784 3009">
    <p class='ocr_par' dir='ltr' id='par_1_58' title="bbox 2187 2933 3784 3009">
     <span class='ocr_line' id='line_1_58' title="bbox 2187 2933 3784 3009; baseline 0.005 -22"><span class='ocrx_word' id='word_1_428' title='bbox 2187 2933 2513 2987; x_wconf 90' lang='lat' dir='ltr'><strong>traditiones</strong></span> <span class='ocrx_word' id='word_1_429' title='bbox 2552 2941 2749 2998; x_wconf 85' lang='lat' dir='ltr'><strong>servat,</strong></span> <span class='ocrx_word' id='word_1_430' title='bbox 2794 2949 2917 2989; x_wconf 89' lang='lat' dir='ltr'><strong>cum</strong></span> <span class='ocrx_word' id='word_1_431' title='bbox 2966 2936 3214 3005; x_wconf 89' lang='lat' dir='ltr'><strong>malignis</strong></span> <span class='ocrx_word' id='word_1_432' title='bbox 3242 2937 3519 3009; x_wconf 88' lang='lat' dir='ltr'><strong>spiritibus</strong></span> <span class='ocrx_word' id='word_1_433' title='bbox 3564 2954 3625 2996; x_wconf 90' lang='lat' dir='ltr'><strong>se</strong></span> <span class='ocrx_word' id='word_1_434' title='bbox 3661 2956 3784 2997; x_wconf 87' lang='lat' dir='ltr'><strong>cer-</strong></span> 
     </span>
    </p>
   </div>
   <div class='ocr_carea' id='block_1_59' title="bbox 2188 3023 3784 3100">
    <p class='ocr_par' dir='ltr' id='par_1_59' title="bbox 2188 3023 3784 3100">
     <span class='ocr_line' id='line_1_59' title="bbox 2188 3023 3784 3100; baseline 0.005 -22"><span class='ocrx_word' id='word_1_435' title='bbox 2188 3029 2369 3078; x_wconf 87' lang='lat' dir='ltr'><strong>tamen</strong></span> <span class='ocrx_word' id='word_1_436' title='bbox 2398 3024 2597 3077; x_wconf 89' lang='lat' dir='ltr'><strong>habere</strong></span> <span class='ocrx_word' id='word_1_437' title='bbox 2647 3024 2939 3081; x_wconf 83' lang='lat' dir='ltr'><strong>existimat.</strong></span> <span class='ocrx_word' id='word_1_438' title='bbox 2995 3023 3148 3081; x_wconf 90' lang='lat' dir='ltr'><strong>Unde</strong></span> <span class='ocrx_word' id='word_1_439' title='bbox 3197 3035 3251 3082; x_wconf 88' lang='lat' dir='ltr'><strong>et</strong></span> <span class='ocrx_word' id='word_1_440' title='bbox 3300 3028 3400 3083; x_wconf 90' lang='lat' dir='ltr'><strong>sub</strong></span> <span class='ocrx_word' id='word_1_441' title='bbox 3450 3029 3784 3100; x_wconf 86' lang='lat' dir='ltr'><strong>captivitatis</strong></span> 
     </span>
    </p>
   </div>
   <div class='ocr_carea' id='block_1_60' title="bbox 2188 3113 3785 3190">
    <p class='ocr_par' dir='ltr' id='par_1_60' title="bbox 2188 3113 3785 3190">
     <span class='ocr_line' id='line_1_60' title="bbox 2188 3113 3785 3190; baseline 0.004 -21"><span class='ocrx_word' id='word_1_442' title='bbox 2188 3128 2301 3169; x_wconf 68' lang='lat' dir='ltr'><strong>sua:</strong></span> <span class='ocrx_word' id='word_1_443' title='bbox 2327 3113 2558 3169; x_wconf 91' lang='lat' dir='ltr'><strong>vinculis</strong></span> <span class='ocrx_word' id='word_1_444' title='bbox 2587 3122 2737 3170; x_wconf 89' lang='lat' dir='ltr'><strong>tanto</strong></span> <span class='ocrx_word' id='word_1_445' title='bbox 2786 3116 3024 3171; x_wconf 91' lang='lat' dir='ltr'><strong>strictius</strong></span> <span class='ocrx_word' id='word_1_446' title='bbox 3069 3116 3281 3185; x_wconf 87' lang='lat' dir='ltr'><strong>ligatur,</strong></span> <span class='ocrx_word' id='word_1_447' title='bbox 3338 3127 3545 3189; x_wconf 88' lang='lat' dir='ltr'><strong>quanto</strong></span> <span class='ocrx_word' id='word_1_448' title='bbox 3576 3120 3695 3190; x_wconf 85' lang='lat' dir='ltr'><strong>ipsa</strong></span> <span class='ocrx_word' id='word_1_449' title='bbox 3719 3121 3785 3177; x_wconf 80' lang='lat' dir='ltr'><strong>li-</strong></span> 
     </span>
    </p>
   </div>
   <div class='ocr_carea' id='block_1_61' title="bbox 2189 3204 3784 3274">
    <p class='ocr_par' dir='ltr' id='par_1_61' title="bbox 2189 3204 3784 3274">
     <span class='ocr_line' id='line_1_61' title="bbox 2189 3204 3784 3274; baseline 0.004 -13"><span class='ocrx_word' id='word_1_450' title='bbox 2189 3204 2413 3261; x_wconf 87' lang='lat' dir='ltr'><strong>bertatis</strong></span> <span class='ocrx_word' id='word_1_451' title='bbox 2435 3219 2599 3274; x_wconf 90' lang='lat' dir='ltr'><strong>quam</strong></span> <span class='ocrx_word' id='word_1_452' title='bbox 2630 3222 2741 3261; x_wconf 92' lang='lat' dir='ltr'><strong>non</strong></span> <span class='ocrx_word' id='word_1_453' title='bbox 2770 3206 2939 3262; x_wconf 84' lang='lat' dir='ltr'><strong>habet</strong></span> <span class='ocrx_word' id='word_1_454' title='bbox 2964 3205 3155 3262; x_wconf 84' lang='lat' dir='ltr'><strong>ﬁducia</strong></span> <span class='ocrx_word' id='word_1_455' title='bbox 3187 3210 3254 3263; x_wconf 90' lang='lat' dir='ltr'><strong>ab</strong></span> <span class='ocrx_word' id='word_1_456' title='bbox 3288 3224 3477 3265; x_wconf 89' lang='lat' dir='ltr'><strong>eorum</strong></span> <span class='ocrx_word' id='word_1_457' title='bbox 3504 3209 3784 3267; x_wconf 90' lang='lat' dir='ltr'><strong>sibi.calli-</strong></span> 
     </span>
    </p>
   </div>
   <div class='ocr_carea' id='block_1_62' title="bbox 494 3288 3783 3370">
    <p class='ocr_par' dir='ltr' id='par_1_62' title="bbox 494 3288 3783 3370">
     <span class='ocr_line' id='line_1_62' title="bbox 494 3288 3783 3370; baseline 0.005 -27"><span class='ocrx_word' id='word_1_458' title='bbox 494 3288 680 3345; x_wconf 83' lang='lat' dir='ltr'><strong>Israeli</strong></span> <span class='ocrx_word' id='word_1_459' title='bbox 709 3290 877 3358; x_wconf 86' lang='lat' dir='ltr'><strong>venit,</strong></span> <span class='ocrx_word' id='word_1_460' title='bbox 915 3292 1068 3362; x_wconf 76' lang='lat'><strong>125</strong></span> <span class='ocrx_word' id='word_1_461' title='bbox 1102 3292 1227 3361; x_wconf 88' lang='lat' dir='ltr'><strong>quia</strong></span> <span class='ocrx_word' id='word_1_462' title='bbox 1256 3291 1497 3359; x_wconf 88' lang='lat' dir='ltr'><strong>quisquis</strong></span> <span class='ocrx_word' id='word_1_463' title='bbox 1524 3289 1721 3345; x_wconf 88' lang='lat' dir='ltr'><strong>sanctis</strong></span> <span class='ocrx_word' id='word_1_464' title='bbox 1768 3289 2085 3359; x_wconf 53' lang='lat' dir='ltr'><strong>praedicator</strong></span> <span class='ocrx_word' id='word_1_465' title='bbox 2113 3292 2158 3355; x_wconf 88' lang='lat' dir='ltr'>C</span> <span class='ocrx_word' id='word_1_466' title='bbox 2188 3296 2357 3352; x_wconf 79' lang='lat' dir='ltr'><strong>ditata</strong></span> <span class='ocrx_word' id='word_1_467' title='bbox 2384 3297 2706 3365; x_wconf 88' lang='lat' dir='ltr'><strong>suggeritur.</strong></span> <span class='ocrx_word' id='word_1_468' title='bbox 2738 3298 2952 3353; x_wconf 89' lang='lat' dir='ltr'><strong>Versuti</strong></span> <span class='ocrx_word' id='word_1_469' title='bbox 2975 3314 3208 3370; x_wconf 88' lang='lat' dir='ltr'><strong>namque</strong></span> <span class='ocrx_word' id='word_1_470' title='bbox 3236 3302 3530 3357; x_wconf 86' lang='lat' dir='ltr'><strong>adversarii</strong></span> <span class='ocrx_word' id='word_1_471' title='bbox 3553 3303 3783 3359; x_wconf 86' lang='lat' dir='ltr'><strong>occultis</strong></span> 
     </span>
    </p>
   </div>
   <div class='ocr_carea' id='block_1_63' title="bbox 493 3380 2082 3453">
    <p class='ocr_par' dir='ltr' id='par_1_63' title="bbox 493 3380 2082 3453">
     <span class='ocr_line' id='line_1_63' title="bbox 493 3380 2082 3453; baseline -0.001 -18"><span class='ocrx_word' id='word_1_472' title='bbox 493 3380 644 3437; x_wconf 84' lang='lat' dir='ltr'><strong>ribus</strong></span> <span class='ocrx_word' id='word_1_473' title='bbox 672 3388 729 3436; x_wconf 86' lang='lat' dir='ltr'><strong>et</strong></span> <span class='ocrx_word' id='word_1_474' title='bbox 768 3382 890 3437; x_wconf 70' lang='lat' dir='ltr'><strong>vit-te</strong></span> <span class='ocrx_word' id='word_1_475' title='bbox 937 3385 1217 3453; x_wconf 73' lang='lat' dir='ltr'><strong>pmsentis</strong></span> <span class='ocrx_word' id='word_1_476' title='bbox 1258 3384 1565 3452; x_wconf 88' lang='lat' dir='ltr'><strong>religiosam</strong></span> <span class='ocrx_word' id='word_1_477' title='bbox 1619 3382 2082 3437; x_wconf 86' lang='lat' dir='ltr'><strong>conversationem</strong></span> 
     </span>
    </p>
   </div>
   <div class='ocr_carea' id='block_1_64' title="bbox 492 3470 2088 3544">
    <p class='ocr_par' dir='ltr' id='par_1_64' title="bbox 492 3470 2088 3544">
     <span class='ocr_line' id='line_1_64' title="bbox 492 3470 2088 3544; baseline -0.001 -16"><span class='ocrx_word' id='word_1_478' title='bbox 492 3470 848 3528; x_wconf 87' lang='lat' dir='ltr'><strong>suadentibus</strong></span> <span class='ocrx_word' id='word_1_479' title='bbox 894 3482 1173 3532; x_wconf 68' lang='lat' dir='ltr'><strong>etmterna</strong></span> <span class='ocrx_word' id='word_1_480' title='bbox 1220 3475 1412 3544; x_wconf 87' lang='lat' dir='ltr'><strong>gaudia</strong></span> <span class='ocrx_word' id='word_1_481' title='bbox 1438 3474 1595 3543; x_wconf 89' lang='lat' dir='ltr'><strong>justis</strong></span> <span class='ocrx_word' id='word_1_482' title='bbox 1649 3473 2088 3543; x_wconf 88' lang='lat' dir='ltr'><strong>promittentibus</strong></span> 
     </span>
    </p>
   </div>
   <div class='ocr_carea' id='block_1_65' title="bbox 497 3565 2089 3638">
    <p class='ocr_par' dir='ltr' id='par_1_65' title="bbox 497 3565 2089 3638">
     <span class='ocr_line' id='line_1_65' title="bbox 497 3565 2089 3638; baseline 0.003 -18"><span class='ocrx_word' id='word_1_483' title='bbox 497 3565 689 3633; x_wconf 87' lang='lat' dir='ltr'><strong>credit,</strong></span> <span class='ocrx_word' id='word_1_484' title='bbox 718 3566 781 3619; x_wconf 89' lang='lat' dir='ltr'><strong>ad</strong></span> <span class='ocrx_word' id='word_1_485' title='bbox 832 3582 894 3621; x_wconf 93' lang='lat' dir='ltr'><strong>ea</strong></span> <span class='ocrx_word' id='word_1_486' title='bbox 940 3582 1061 3637; x_wconf 70' lang='lat' dir='ltr'><strong>qua:</strong></span> <span class='ocrx_word' id='word_1_487' title='bbox 1104 3569 1192 3638; x_wconf 90' lang='lat' dir='ltr'><strong>pie</strong></span> <span class='ocrx_word' id='word_1_488' title='bbox 1244 3568 1473 3624; x_wconf 90' lang='lat' dir='ltr'><strong>vivendo</strong></span> <span class='ocrx_word' id='word_1_489' title='bbox 1517 3569 1854 3638; x_wconf 81' lang='lat' dir='ltr'><strong>exspectavit</strong></span> <span class='ocrx_word' id='word_1_490' title='bbox 1896 3569 2089 3637; x_wconf 85' lang='lat' dir='ltr'><strong>gaudia</strong></span> 
     </span>
    </p>
   </div>
   <div class='ocr_carea' id='block_1_66' title="bbox 499 3658 2089 3731">
    <p class='ocr_par' dir='ltr' id='par_1_66' title="bbox 499 3658 2089 3731">
     <span class='ocr_line' id='line_1_66' title="bbox 499 3658 2089 3731; baseline 0.006 -23"><span class='ocrx_word' id='word_1_491' title='bbox 499 3664 702 3709; x_wconf 85' lang='lat' dir='ltr'><strong>:eterna</strong></span> <span class='ocrx_word' id='word_1_492' title='bbox 726 3671 886 3710; x_wconf 90' lang='lat' dir='ltr'><strong>carne</strong></span> <span class='ocrx_word' id='word_1_493' title='bbox 916 3658 1196 3713; x_wconf 88' lang='lat' dir='ltr'><strong>moriendo</strong></span> <span class='ocrx_word' id='word_1_494' title='bbox 1228 3661 1493 3714; x_wconf 87' lang='lat' dir='ltr'><strong>transivit.</strong></span> <span class='ocrx_word' id='word_1_495' title='bbox 1528 3660 1684 3715; x_wconf 91' lang='lat' dir='ltr'><strong>Unde</strong></span> <span class='ocrx_word' id='word_1_496' title='bbox 1704 3670 1757 3716; x_wconf 92' lang='lat' dir='ltr'><strong>et</strong></span> <span class='ocrx_word' id='word_1_497' title='bbox 1781 3662 1827 3717; x_wconf 90' lang='lat' dir='ltr'><strong>is</strong></span> <span class='ocrx_word' id='word_1_498' title='bbox 1851 3661 1905 3716; x_wconf 91' lang='lat' dir='ltr'><strong>in</strong></span> <span class='ocrx_word' id='word_1_499' title='bbox 1936 3663 2089 3731; x_wconf 88' lang='lat' dir='ltr'><strong>cujus</strong></span> 
     </span>
    </p>
   </div>
   <div class='ocr_carea' id='block_1_67' title="bbox 499 3747 2086 3817">
    <p class='ocr_par' dir='ltr' id='par_1_67' title="bbox 499 3747 2086 3817">
     <span class='ocr_line' id='line_1_67' title="bbox 499 3747 2086 3817; baseline 0.004 -17"><span class='ocrx_word' id='word_1_500' title='bbox 499 3747 607 3802; x_wconf 81' lang='lat' dir='ltr'><strong>fide</strong></span> <span class='ocrx_word' id='word_1_501' title='bbox 649 3748 968 3816; x_wconf 87' lang='lat' dir='ltr'><strong>promiserat</strong></span> <span class='ocrx_word' id='word_1_502' title='bbox 995 3749 1224 3803; x_wconf 84' lang='lat' dir='ltr'><strong>affirmat</strong></span> <span class='ocrx_word' id='word_1_503' title='bbox 1249 3789 1266 3816; x_wconf 92' lang='lat'><strong>,</strong></span> <span class='ocrx_word' id='word_1_504' title='bbox 1295 3752 1479 3806; x_wconf 87' lang='lat' dir='ltr'><strong>dicens</strong></span> <span class='ocrx_word' id='word_1_505' title='bbox 1509 3770 1522 3804; x_wconf 92' lang='lat'><strong>:</strong></span> <span class='ocrx_word' id='word_1_506' title='bbox 1571 3752 1733 3805; x_wconf 80' lang='lat' dir='ltr'><strong>Amen</strong></span> <span class='ocrx_word' id='word_1_507' title='bbox 1762 3753 1877 3807; x_wconf 87' lang='lat' dir='ltr'><strong>dico</strong></span> <span class='ocrx_word' id='word_1_508' title='bbox 1926 3752 2086 3817; x_wconf 73' lang='lat' dir='ltr'><strong>vobis,</strong></span> 
     </span>
    </p>
   </div>
   <div class='ocr_carea' id='block_1_68' title="bbox 498 3840 2087 3907">
    <p class='ocr_par' dir='ltr' id='par_1_68' title="bbox 498 3840 2087 3907">
     <span class='ocr_line' id='line_1_68' title="bbox 498 3840 2087 3907; baseline 0.002 -12"><span class='ocrx_word' id='word_1_509' title='bbox 498 3841 681 3895; x_wconf 68' lang='lat' dir='ltr'><strong>caelum</strong></span> <span class='ocrx_word' id='word_1_510' title='bbox 707 3848 753 3892; x_wconf 86' lang='lat' dir='ltr'><strong>et</strong></span> <span class='ocrx_word' id='word_1_511' title='bbox 784 3848 918 3892; x_wconf 87' lang='lat' dir='ltr'><strong>terra</strong></span> <span class='ocrx_word' id='word_1_512' title='bbox 948 3840 1258 3907; x_wconf 88' lang='lat' dir='ltr'><strong>transibunt,</strong></span> <span class='ocrx_word' id='word_1_513' title='bbox 1283 3842 1435 3897; x_wconf 85' lang='lat' dir='ltr'><strong>verba</strong></span> <span class='ocrx_word' id='word_1_514' title='bbox 1452 3850 1621 3897; x_wconf 88' lang='lat' dir='ltr'><strong>autem</strong></span> <span class='ocrx_word' id='word_1_515' title='bbox 1648 3860 1762 3898; x_wconf 87' lang='lat' dir='ltr'><strong>mea</strong></span> <span class='ocrx_word' id='word_1_516' title='bbox 1783 3861 1886 3898; x_wconf 90' lang='lat' dir='ltr'><strong>non</strong></span> <span class='ocrx_word' id='word_1_517' title='bbox 1917 3853 2087 3898; x_wconf 86' lang='lat' dir='ltr'><strong>trans-</strong></span> 
     </span>
    </p>
   </div>
   <div class='ocr_carea' id='block_1_69' title="bbox 497 3931 2089 4003">
    <p class='ocr_par' dir='ltr' id='par_1_69' title="bbox 497 3931 2089 4003">
     <span class='ocr_line' id='line_1_69' title="bbox 497 3931 2089 4003; baseline 0.003 -16"><span class='ocrx_word' id='word_1_518' title='bbox 497 3932 643 3987; x_wconf 85' lang='lat' dir='ltr'><strong>ibunt</strong></span> <span class='ocrx_word' id='word_1_519' title='bbox 676 3931 867 4003; x_wconf 81' lang='lat' dir='ltr'><strong>(Marc.</strong></span> <span class='ocrx_word' id='word_1_520' title='bbox 901 3949 1011 3998; x_wconf 78' lang='lat' dir='ltr'><strong>xm,</strong></span> <span class='ocrx_word' id='word_1_521' title='bbox 1046 3933 1157 4003; x_wconf 82' lang='grc'><strong>⁵51).</strong></span> <span class='ocrx_word' id='word_1_522' title='bbox 1204 3934 1302 3989; x_wconf 90' lang='lat' dir='ltr'><strong>Vel</strong></span> <span class='ocrx_word' id='word_1_523' title='bbox 1331 3945 1477 3990; x_wconf 90' lang='lat' dir='ltr'><strong>certe</strong></span> <span class='ocrx_word' id='word_1_524' title='bbox 1504 3950 1684 3991; x_wconf 89' lang='lat' dir='ltr'><strong>sermo</strong></span> <span class='ocrx_word' id='word_1_525' title='bbox 1723 3936 1989 3992; x_wconf 88' lang='lat' dir='ltr'><strong>Samuelis</strong></span> <span class='ocrx_word' id='word_1_526' title='bbox 2034 3938 2089 3992; x_wconf 92' lang='lat' dir='ltr'><strong>in</strong></span> 
     </span>
    </p>
   </div>
   <div class='ocr_carea' id='block_1_70' title="bbox 499 4024 2088 4099">
    <p class='ocr_par' dir='ltr' id='par_1_70' title="bbox 499 4024 2088 4099">
     <span class='ocr_line' id='line_1_70' title="bbox 499 4024 2088 4099; baseline 0.003 -19"><span class='ocrx_word' id='word_1_527' title='bbox 499 4026 751 4081; x_wconf 88' lang='lat' dir='ltr'><strong>universo</strong></span> <span class='ocrx_word' id='word_1_528' title='bbox 781 4024 962 4082; x_wconf 89' lang='lat' dir='ltr'><strong>israeli</strong></span> <span class='ocrx_word' id='word_1_529' title='bbox 986 4026 1098 4096; x_wconf 90' lang='lat' dir='ltr'><strong>jam</strong></span> <span class='ocrx_word' id='word_1_530' title='bbox 1127 4028 1295 4095; x_wconf 90' lang='lat' dir='ltr'><strong>venit,</strong></span> <span class='ocrx_word' id='word_1_531' title='bbox 1326 4028 1451 4099; x_wconf 87' lang='lat' dir='ltr'><strong>quia</strong></span> <span class='ocrx_word' id='word_1_532' title='bbox 1481 4045 1577 4099; x_wconf 91' lang='lat' dir='ltr'><strong>per</strong></span> <span class='ocrx_word' id='word_1_533' title='bbox 1623 4028 1870 4085; x_wconf 83' lang='lat' dir='ltr'><strong>etl‘ectum</strong></span> <span class='ocrx_word' id='word_1_534' title='bbox 1893 4030 2088 4085; x_wconf 79' lang='lat' dir='ltr'><strong>divinae</strong></span> 
     </span>
    </p>
   </div>
   <div class='ocr_carea' id='block_1_71' title="bbox 498 4118 2089 4191">
    <p class='ocr_par' dir='ltr' id='par_1_71' title="bbox 498 4118 2089 4191">
     <span class='ocr_line' id='line_1_71' title="bbox 498 4118 2089 4191; baseline 0.003 -18"><span class='ocrx_word' id='word_1_535' title='bbox 498 4118 980 4174; x_wconf 86' lang='lat' dir='ltr'><strong>animadversionis</strong></span> <span class='ocrx_word' id='word_1_536' title='bbox 1036 4120 1304 4189; x_wconf 85' lang='lat' dir='ltr'><strong>generalis</strong></span> <span class='ocrx_word' id='word_1_537' title='bbox 1350 4120 1569 4191; x_wconf 87' lang='lat' dir='ltr'><strong>impleta</strong></span> <span class='ocrx_word' id='word_1_538' title='bbox 1624 4122 1966 4189; x_wconf 85' lang='lat' dir='ltr'><strong>cognoscitur</strong></span> <span class='ocrx_word' id='word_1_539' title='bbox 2003 4138 2089 4177; x_wconf 84' lang='lat' dir='ltr'><strong>re-</strong></span> 
     </span>
    </p>
   </div>
   <div class='ocr_carea' id='block_1_72' title="bbox 498 4215 2086 4286">
    <p class='ocr_par' dir='ltr' id='par_1_72' title="bbox 498 4215 2086 4286">
     <span class='ocr_line' id='line_1_72' title="bbox 498 4215 2086 4286; baseline 0.003 -16"><span class='ocrx_word' id='word_1_540' title='bbox 498 4216 674 4286; x_wconf 92' lang='lat' dir='ltr'><strong>pulsio</strong></span> <span class='ocrx_word' id='word_1_541' title='bbox 702 4215 1030 4271; x_wconf 72' lang='lat' dir='ltr'><strong>Iudaeorum.</strong></span> <span class='ocrx_word' id='word_1_542' title='bbox 1066 4215 1221 4273; x_wconf 89' lang='lat' dir='ltr'><strong>Unde</strong></span> <span class='ocrx_word' id='word_1_543' title='bbox 1252 4222 1305 4272; x_wconf 90' lang='lat' dir='ltr'><strong>et</strong></span> <span class='ocrx_word' id='word_1_544' title='bbox 1333 4217 1577 4272; x_wconf 91' lang='lat' dir='ltr'><strong>ordinem</strong></span> <span class='ocrx_word' id='word_1_545' title='bbox 1608 4232 1716 4285; x_wconf 93' lang='lat' dir='ltr'><strong>quo</strong></span> <span class='ocrx_word' id='word_1_546' title='bbox 1746 4218 1887 4272; x_wconf 87' lang='lat' dir='ltr'><strong>idem</strong></span> <span class='ocrx_word' id='word_1_547' title='bbox 1909 4232 2086 4274; x_wconf 88' lang='lat' dir='ltr'><strong>sermo</strong></span> 
     </span>
    </p>
   </div>
   <div class='ocr_carea' id='block_1_73' title="bbox 502 4306 1945 4378">
    <p class='ocr_par' dir='ltr' id='par_1_73' title="bbox 502 4306 1945 4378">
     <span class='ocr_line' id='line_1_73' title="bbox 502 4306 1945 4378; baseline 0.002 -18"><span class='ocrx_word' id='word_1_548' title='bbox 502 4306 560 4360; x_wconf 94' lang='lat' dir='ltr'><strong>in</strong></span> <span class='ocrx_word' id='word_1_549' title='bbox 589 4307 837 4362; x_wconf 90' lang='lat' dir='ltr'><strong>universo</strong></span> <span class='ocrx_word' id='word_1_550' title='bbox 866 4307 1051 4363; x_wconf 87' lang='lat' dir='ltr'><strong>israeli</strong></span> <span class='ocrx_word' id='word_1_551' title='bbox 1077 4309 1288 4364; x_wconf 89' lang='lat' dir='ltr'><strong>venerit</strong></span> <span class='ocrx_word' id='word_1_552' title='bbox 1316 4309 1473 4363; x_wconf 89' lang='lat' dir='ltr'><strong>latius</strong></span> <span class='ocrx_word' id='word_1_553' title='bbox 1498 4323 1797 4378; x_wconf 80' lang='lat' dir='ltr'><strong>exponens,</strong></span> <span class='ocrx_word' id='word_1_554' title='bbox 1824 4309 1900 4364; x_wconf 91' lang='lat' dir='ltr'><strong>ait</strong></span> <span class='ocrx_word' id='word_1_555' title='bbox 1932 4326 1945 4363; x_wconf 97' lang='lat'><strong>:</strong></span> 
     </span>
    </p>
   </div>
   <div class='ocr_carea' id='block_1_74' title="bbox 1119 4417 1449 4473">
    <p class='ocr_par' dir='ltr' id='par_1_74' title="bbox 1119 4417 1449 4473">
     <span class='ocr_line' id='line_1_74' title="bbox 1119 4417 1449 4473; baseline 0.003 -1"><span class='ocrx_word' id='word_1_556' title='bbox 1119 4417 1348 4473; x_wconf 85' lang='lat' dir='ltr'><strong>CAPUT</strong></span> <span class='ocrx_word' id='word_1_557' title='bbox 1388 4419 1449 4473; x_wconf 89' lang='lat' dir='ltr'><strong>II.</strong></span> 
     </span>
    </p>
   </div>
   <div class='ocr_carea' id='block_1_75' title="bbox 573 4506 2083 4582">
    <p class='ocr_par' dir='ltr' id='par_1_75' title="bbox 573 4506 2083 4582">
     <span class='ocr_line' id='line_1_75' title="bbox 573 4506 2083 4582; baseline 0.006 -22"><span class='ocrx_word' id='word_1_558' title='bbox 573 4506 615 4578; x_wconf 84' lang='lat' dir='ltr'><strong>(I</strong></span> <span class='ocrx_word' id='word_1_559' title='bbox 648 4507 777 4576; x_wconf 76' lang='lat' dir='ltr'><strong>Reg.</strong></span> <span class='ocrx_word' id='word_1_560' title='bbox 808 4524 878 4575; x_wconf 86' lang='lat' dir='ltr'><strong>tv,</strong></span> <span class='ocrx_word' id='word_1_561' title='bbox 904 4507 1042 4580; x_wconf 73' lang='grc'><strong>1-3.)</strong></span> <span class='ocrx_word' id='word_1_562' title='bbox 1075 4507 1327 4581; x_wconf 85' lang='lat' dir='ltr'><strong>Egressus</strong></span> <span class='ocrx_word' id='word_1_563' title='bbox 1344 4528 1560 4582; x_wconf 86' lang='lat' dir='ltr'><strong>namque</strong></span> <span class='ocrx_word' id='word_1_564' title='bbox 1587 4520 1664 4566; x_wconf 86' lang='lat' dir='ltr'><strong>est</strong></span> <span class='ocrx_word' id='word_1_565' title='bbox 1688 4513 1857 4567; x_wconf 81' lang='lat' dir='ltr'><strong>Israel</strong></span> <span class='ocrx_word' id='word_1_566' title='bbox 1884 4515 2083 4570; x_wconf 82' lang='lat' dir='ltr'><strong>obviam</strong></span> 
     </span>
    </p>
   </div>
   <div class='ocr_carea' id='block_1_76' title="bbox 504 4597 2081 4675">
    <p class='ocr_par' dir='ltr' id='par_1_76' title="bbox 504 4597 2081 4675">
     <span class='ocr_line' id='line_1_76' title="bbox 504 4597 2081 4675; baseline 0.004 -23"><span class='ocrx_word' id='word_1_567' title='bbox 504 4597 824 4653; x_wconf 71' lang='lat' dir='ltr'><strong>Pliilistltiim</strong></span> <span class='ocrx_word' id='word_1_568' title='bbox 870 4601 923 4653; x_wconf 89' lang='lat' dir='ltr'><strong>in</strong></span> <span class='ocrx_word' id='word_1_569' title='bbox 968 4601 1229 4670; x_wconf 77' lang='lat' dir='ltr'><strong>prwlium,</strong></span> <span class='ocrx_word' id='word_1_570' title='bbox 1273 4610 1323 4654; x_wconf 90' lang='lat' dir='ltr'><strong>et</strong></span> <span class='ocrx_word' id='word_1_571' title='bbox 1368 4611 1765 4658; x_wconf 87' lang='lat' dir='ltr'><strong>castrametatus</strong></span> <span class='ocrx_word' id='word_1_572' title='bbox 1804 4614 1881 4659; x_wconf 86' lang='lat' dir='ltr'><strong>est</strong></span> <span class='ocrx_word' id='word_1_573' title='bbox 1925 4605 2081 4675; x_wconf 75' lang='lat' dir='ltr'><strong>juxta</strong></span> 
     </span>
    </p>
   </div>
   <div class='ocr_carea' id='block_1_77' title="bbox 2187 3389 3785 3466">
    <p class='ocr_par' dir='ltr' id='par_1_77' title="bbox 2187 3389 3785 3466">
     <span class='ocr_line' id='line_1_77' title="bbox 2187 3389 3785 3466; baseline 0.003 -19"><span class='ocrx_word' id='word_1_574' title='bbox 2187 3390 2623 3459; x_wconf 87' lang='lat' dir='ltr'><strong>suggestionibus</strong></span> <span class='ocrx_word' id='word_1_575' title='bbox 2661 3390 2713 3445; x_wconf 90' lang='lat' dir='ltr'><strong>ei</strong></span> <span class='ocrx_word' id='word_1_576' title='bbox 2753 3389 2899 3445; x_wconf 70' lang='lat' dir='ltr'><strong>falsa:</strong></span> <span class='ocrx_word' id='word_1_577' title='bbox 2925 3391 3192 3447; x_wconf 90' lang='lat' dir='ltr'><strong>libertatis</strong></span> <span class='ocrx_word' id='word_1_578' title='bbox 3221 3392 3590 3450; x_wconf 89' lang='lat' dir='ltr'><strong>fortitudinem</strong></span> <span class='ocrx_word' id='word_1_579' title='bbox 3641 3411 3785 3466; x_wconf 76' lang='lat' dir='ltr'><strong>pra:-</strong></span> 
     </span>
    </p>
   </div>
   <div class='ocr_carea' id='block_1_78' title="bbox 2188 3480 3777 3553">
    <p class='ocr_par' dir='ltr' id='par_1_78' title="bbox 2188 3480 3777 3553">
     <span class='ocr_line' id='line_1_78' title="bbox 2188 3480 3777 3553; baseline 0.004 -18"><span class='ocrx_word' id='word_1_580' title='bbox 2188 3480 2387 3545; x_wconf 89' lang='lat' dir='ltr'><strong>dicant,</strong></span> <span class='ocrx_word' id='word_1_581' title='bbox 2417 3489 2474 3535; x_wconf 90' lang='lat' dir='ltr'><strong>ut</strong></span> <span class='ocrx_word' id='word_1_582' title='bbox 2502 3497 2621 3536; x_wconf 90' lang='lat' dir='ltr'><strong>eam</strong></span> <span class='ocrx_word' id='word_1_583' title='bbox 2644 3496 2749 3551; x_wconf 89' lang='lat' dir='ltr'><strong>qua</strong></span> <span class='ocrx_word' id='word_1_584' title='bbox 2776 3484 3041 3553; x_wconf 90' lang='lat' dir='ltr'><strong>premitur</strong></span> <span class='ocrx_word' id='word_1_585' title='bbox 3061 3483 3346 3553; x_wconf 88' lang='lat' dir='ltr'><strong>caliginem</strong></span> <span class='ocrx_word' id='word_1_586' title='bbox 3372 3500 3479 3540; x_wconf 92' lang='lat' dir='ltr'><strong>non</strong></span> <span class='ocrx_word' id='word_1_587' title='bbox 3508 3487 3777 3553; x_wconf 89' lang='lat' dir='ltr'><strong>attendat,</strong></span> 
     </span>
    </p>
   </div>
   <div class='ocr_carea' id='block_1_79' title="bbox 2194 3575 3784 3649">
    <p class='ocr_par' dir='ltr' id='par_1_79' title="bbox 2194 3575 3784 3649">
     <span class='ocr_line' id='line_1_79' title="bbox 2194 3575 3784 3649; baseline 0.004 -20"><span class='ocrx_word' id='word_1_588' title='bbox 2194 3582 2249 3629; x_wconf 88' lang='lat' dir='ltr'><strong>et</strong></span> <span class='ocrx_word' id='word_1_589' title='bbox 2278 3589 2344 3629; x_wconf 92' lang='lat' dir='ltr'><strong>eo</strong></span> <span class='ocrx_word' id='word_1_590' title='bbox 2373 3575 2616 3629; x_wconf 87' lang='lat' dir='ltr'><strong>securius</strong></span> <span class='ocrx_word' id='word_1_591' title='bbox 2630 3576 2741 3644; x_wconf 90' lang='lat' dir='ltr'><strong>jam</strong></span> <span class='ocrx_word' id='word_1_592' title='bbox 2772 3590 2892 3629; x_wconf 91' lang='lat' dir='ltr'><strong>eum</strong></span> <span class='ocrx_word' id='word_1_593' title='bbox 2924 3576 3209 3647; x_wconf 90' lang='lat' dir='ltr'><strong>deceptum</strong></span> <span class='ocrx_word' id='word_1_594' title='bbox 3236 3578 3551 3647; x_wconf 87' lang='lat' dir='ltr'><strong>possideant</strong></span> <span class='ocrx_word' id='word_1_595' title='bbox 3577 3595 3685 3649; x_wconf 92' lang='lat' dir='ltr'><strong>quo</strong></span> <span class='ocrx_word' id='word_1_596' title='bbox 3716 3582 3784 3636; x_wconf 85' lang='lat' dir='ltr'><strong>ab</strong></span> 
     </span>
    </p>
   </div>
   <div class='ocr_carea' id='block_1_80' title="bbox 2188 3667 3784 3735">
    <p class='ocr_par' dir='ltr' id='par_1_80' title="bbox 2188 3667 3784 3735">
     <span class='ocr_line' id='line_1_80' title="bbox 2188 3667 3784 3735; baseline 0.005 -14"><span class='ocrx_word' id='word_1_597' title='bbox 2188 3667 2268 3722; x_wconf 89' lang='lat' dir='ltr'><strong>eis</strong></span> <span class='ocrx_word' id='word_1_598' title='bbox 2294 3668 2490 3735; x_wconf 91' lang='lat' dir='ltr'><strong>quibus</strong></span> <span class='ocrx_word' id='word_1_599' title='bbox 2533 3676 2748 3722; x_wconf 91' lang='lat' dir='ltr'><strong>tenetur</strong></span> <span class='ocrx_word' id='word_1_600' title='bbox 2777 3667 3109 3723; x_wconf 81' lang='lat' dir='ltr'><strong>infidelitatis</strong></span> <span class='ocrx_word' id='word_1_601' title='bbox 3136 3669 3365 3725; x_wconf 90' lang='lat' dir='ltr'><strong>vinculis</strong></span> <span class='ocrx_word' id='word_1_602' title='bbox 3405 3671 3541 3727; x_wconf 91' lang='lat' dir='ltr'><strong>solvi</strong></span> <span class='ocrx_word' id='word_1_603' title='bbox 3572 3673 3627 3727; x_wconf 90' lang='lat' dir='ltr'><strong>in</strong></span> <span class='ocrx_word' id='word_1_604' title='bbox 3669 3672 3784 3729; x_wconf 79' lang='lat' dir='ltr'><strong>Be-</strong></span> 
     </span>
    </p>
   </div>
   <div class='ocr_carea' id='block_1_81' title="bbox 2189 3758 3786 3827">
    <p class='ocr_par' dir='ltr' id='par_1_81' title="bbox 2189 3758 3786 3827">
     <span class='ocr_line' id='line_1_81' title="bbox 2189 3758 3786 3827; baseline 0.003 -14"><span class='ocrx_word' id='word_1_605' title='bbox 2189 3758 2527 3827; x_wconf 89' lang='lat' dir='ltr'><strong>demptorem</strong></span> <span class='ocrx_word' id='word_1_606' title='bbox 2559 3767 2802 3813; x_wconf 86' lang='lat' dir='ltr'><strong>nostrum</strong></span> <span class='ocrx_word' id='word_1_607' title='bbox 2845 3759 3116 3815; x_wconf 91' lang='lat' dir='ltr'><strong>credendo</strong></span> <span class='ocrx_word' id='word_1_608' title='bbox 3147 3776 3257 3815; x_wconf 92' lang='lat' dir='ltr'><strong>non</strong></span> <span class='ocrx_word' id='word_1_609' title='bbox 3284 3769 3454 3817; x_wconf 89' lang='lat' dir='ltr'><strong>curat.</strong></span> <span class='ocrx_word' id='word_1_610' title='bbox 3487 3761 3557 3816; x_wconf 88' lang='lat' dir='ltr'><strong>Et</strong></span> <span class='ocrx_word' id='word_1_611' title='bbox 3587 3772 3786 3818; x_wconf 88' lang='lat' dir='ltr'><strong>notan-</strong></span> 
     </span>
    </p>
   </div>
   <div class='ocr_carea' id='block_1_82' title="bbox 2190 3848 3785 3924">
    <p class='ocr_par' dir='ltr' id='par_1_82' title="bbox 2190 3848 3785 3924">
     <span class='ocr_line' id='line_1_82' title="bbox 2190 3848 3785 3924; baseline 0.003 -21"><span class='ocrx_word' id='word_1_612' title='bbox 2190 3848 2318 3903; x_wconf 90' lang='lat' dir='ltr'><strong>dum</strong></span> <span class='ocrx_word' id='word_1_613' title='bbox 2349 3850 2471 3919; x_wconf 92' lang='lat' dir='ltr'><strong>quia</strong></span> <span class='ocrx_word' id='word_1_614' title='bbox 2499 3849 2566 3903; x_wconf 89' lang='lat' dir='ltr'><strong>de</strong></span> <span class='ocrx_word' id='word_1_615' title='bbox 2608 3849 2825 3918; x_wconf 89' lang='lat' dir='ltr'><strong>repulso</strong></span> <span class='ocrx_word' id='word_1_616' title='bbox 2867 3850 3068 3920; x_wconf 90' lang='lat' dir='ltr'><strong>populo</strong></span> <span class='ocrx_word' id='word_1_617' title='bbox 3106 3850 3306 3907; x_wconf 89' lang='lat' dir='ltr'><strong>dicitur</strong></span> <span class='ocrx_word' id='word_1_618' title='bbox 3352 3870 3365 3906; x_wconf 90' lang='lat'><strong>:</strong></span> <span class='ocrx_word' id='word_1_619' title='bbox 3421 3852 3678 3924; x_wconf 80' lang='lat' dir='ltr'><strong>Egressus</strong></span> <span class='ocrx_word' id='word_1_620' title='bbox 3709 3865 3785 3909; x_wconf 89' lang='lat' dir='ltr'><strong>est</strong></span> 
     </span>
    </p>
   </div>
   <div class='ocr_carea' id='block_1_83' title="bbox 2192 3937 3787 4010">
    <p class='ocr_par' dir='ltr' id='par_1_83' title="bbox 2192 3937 3787 4010">
     <span class='ocr_line' id='line_1_83' title="bbox 2192 3937 3787 4010; baseline 0.005 -17"><span class='ocrx_word' id='word_1_621' title='bbox 2192 3937 2382 3993; x_wconf 87' lang='lat' dir='ltr'><strong>Israel.</strong></span> <span class='ocrx_word' id='word_1_622' title='bbox 2421 3940 2577 4010; x_wconf 79' lang='lat'><strong>126</strong></span> <span class='ocrx_word' id='word_1_623' title='bbox 2604 3938 2757 3993; x_wconf 86' lang='lat' dir='ltr'><strong>Tunc</strong></span> <span class='ocrx_word' id='word_1_624' title='bbox 2802 3947 2953 3995; x_wconf 89' lang='lat' dir='ltr'><strong>recte</strong></span> <span class='ocrx_word' id='word_1_625' title='bbox 2983 3941 3114 3995; x_wconf 81' lang='lat' dir='ltr'><strong>exiit</strong></span> <span class='ocrx_word' id='word_1_626' title='bbox 3161 3957 3287 3997; x_wconf 87' lang='lat' dir='ltr'><strong>cum</strong></span> <span class='ocrx_word' id='word_1_627' title='bbox 3308 3958 3480 3998; x_wconf 70' lang='lat' dir='ltr'><strong>sacra:</strong></span> <span class='ocrx_word' id='word_1_628' title='bbox 3510 3942 3632 4000; x_wconf 82' lang='lat' dir='ltr'><strong>fidei</strong></span> <span class='ocrx_word' id='word_1_629' title='bbox 3666 3961 3787 4001; x_wconf 82' lang='lat' dir='ltr'><strong>mo-</strong></span> 
     </span>
    </p>
   </div>
   <div class='ocr_carea' id='block_1_84' title="bbox 2190 4028 3787 4106">
    <p class='ocr_par' dir='ltr' id='par_1_84' title="bbox 2190 4028 3787 4106">
     <span class='ocr_line' id='line_1_84' title="bbox 2190 4028 3787 4106; baseline 0.004 -21"><span class='ocrx_word' id='word_1_630' title='bbox 2190 4040 2447 4086; x_wconf 88' lang='lat' dir='ltr'><strong>numenta</strong></span> <span class='ocrx_word' id='word_1_631' title='bbox 2477 4030 2786 4099; x_wconf 90' lang='lat' dir='ltr'><strong>dereliquit.</strong></span> <span class='ocrx_word' id='word_1_632' title='bbox 2836 4028 2987 4086; x_wconf 90' lang='lat' dir='ltr'><strong>Unde</strong></span> <span class='ocrx_word' id='word_1_633' title='bbox 3029 4038 3084 4086; x_wconf 91' lang='lat' dir='ltr'><strong>et</strong></span> <span class='ocrx_word' id='word_1_634' title='bbox 3124 4032 3190 4087; x_wconf 92' lang='lat' dir='ltr'><strong>de</strong></span> <span class='ocrx_word' id='word_1_635' title='bbox 3219 4034 3284 4087; x_wconf 91' lang='lat' dir='ltr'><strong>iis</strong></span> <span class='ocrx_word' id='word_1_636' title='bbox 3308 4035 3403 4103; x_wconf 92' lang='lat' dir='ltr'><strong>qui</strong></span> <span class='ocrx_word' id='word_1_637' title='bbox 3432 4050 3464 4089; x_wconf 88' lang='lat' dir='ltr'><strong>a</strong></span> <span class='ocrx_word' id='word_1_638' title='bbox 3491 4034 3787 4106; x_wconf 65' lang='lat' dir='ltr'><strong>Scriptura:</strong></span> 
     </span>
    </p>
   </div>
   <div class='ocr_carea' id='block_1_85' title="bbox 2189 4122 3781 4194">
    <p class='ocr_par' dir='ltr' id='par_1_85' title="bbox 2189 4122 3781 4194">
     <span class='ocr_line' id='line_1_85' title="bbox 2189 4122 3781 4194; baseline 0.003 -16"><span class='ocrx_word' id='word_1_639' title='bbox 2189 4133 2390 4178; x_wconf 76' lang='lat' dir='ltr'><strong>sancta:</strong></span> <span class='ocrx_word' id='word_1_640' title='bbox 2415 4122 2685 4194; x_wconf 84' lang='lat' dir='ltr'><strong>mysteriis</strong></span> <span class='ocrx_word' id='word_1_641' title='bbox 2700 4123 2944 4178; x_wconf 90' lang='lat' dir='ltr'><strong>errando</strong></span> <span class='ocrx_word' id='word_1_642' title='bbox 2970 4123 3337 4193; x_wconf 87' lang='lat' dir='ltr'><strong>deviaverant,</strong></span> <span class='ocrx_word' id='word_1_643' title='bbox 3361 4125 3594 4182; x_wconf 81' lang='lat' dir='ltr'><strong>Joannes</strong></span> <span class='ocrx_word' id='word_1_644' title='bbox 3614 4127 3781 4183; x_wconf 86' lang='lat' dir='ltr'><strong>dicit:</strong></span> 
     </span>
    </p>
   </div>
   <div class='ocr_carea' id='block_1_86' title="bbox 2188 4213 3784 4291">
    <p class='ocr_par' dir='ltr' id='par_1_86' title="bbox 2188 4213 3784 4291">
     <span class='ocr_line' id='line_1_86' title="bbox 2188 4213 3784 4291; baseline 0.002 -21"><span class='ocrx_word' id='word_1_645' title='bbox 2188 4213 2276 4270; x_wconf 77' lang='lat' dir='ltr'><strong>Ea:</strong></span> <span class='ocrx_word' id='word_1_646' title='bbox 2300 4216 2446 4271; x_wconf 86' lang='lat' dir='ltr'><strong>nobis</strong></span> <span class='ocrx_word' id='word_1_647' title='bbox 2475 4216 2731 4281; x_wconf 78' lang='lat' dir='ltr'><strong>exierunt,</strong></span> <span class='ocrx_word' id='word_1_648' title='bbox 2756 4215 2849 4269; x_wconf 83' lang='lat' dir='ltr'><strong>sed</strong></span> <span class='ocrx_word' id='word_1_649' title='bbox 2876 4233 2979 4270; x_wconf 90' lang='lat' dir='ltr'><strong>non</strong></span> <span class='ocrx_word' id='word_1_650' title='bbox 3005 4227 3241 4272; x_wconf 73' lang='lat' dir='ltr'><strong>erantex</strong></span> <span class='ocrx_word' id='word_1_651' title='bbox 3280 4217 3426 4272; x_wconf 89' lang='lat' dir='ltr'><strong>nobis</strong></span> <span class='ocrx_word' id='word_1_652' title='bbox 3456 4218 3509 4291; x_wconf 85' lang='grc' dir='ltr'><strong>(Ι</strong></span> <span class='ocrx_word' id='word_1_653' title='bbox 3529 4218 3687 4273; x_wconf 83' lang='lat' dir='ltr'><strong>Joan.</strong></span> <span class='ocrx_word' id='word_1_654' title='bbox 3722 4235 3784 4289; x_wconf 85' lang='lat' dir='ltr'><strong>tt,</strong></span> 
     </span>
    </p>
   </div>
   <div class='ocr_carea' id='block_1_87' title="bbox 2188 4307 3775 4377">
    <p class='ocr_par' dir='ltr' id='par_1_87' title="bbox 2188 4307 3775 4377">
     <span class='ocr_line' id='line_1_87' title="bbox 2188 4307 3775 4377; baseline 0.003 -16"><span class='ocrx_word' id='word_1_655' title='bbox 2188 4307 2300 4377; x_wconf 82' lang='lat' dir='ltr'><strong>l9).</strong></span> <span class='ocrx_word' id='word_1_656' title='bbox 2332 4307 2492 4363; x_wconf 77' lang='lat' dir='ltr'><strong>Exire</strong></span> <span class='ocrx_word' id='word_1_657' title='bbox 2522 4308 2684 4377; x_wconf 89' lang='lat' dir='ltr'><strong>igitur</strong></span> <span class='ocrx_word' id='word_1_658' title='bbox 2705 4307 2891 4363; x_wconf 87' lang='lat' dir='ltr'><strong>lsraeli</strong></span> <span class='ocrx_word' id='word_1_659' title='bbox 2922 4309 3216 4365; x_wconf 90' lang='lat' dir='ltr'><strong>secundum</strong></span> <span class='ocrx_word' id='word_1_660' title='bbox 3248 4325 3468 4365; x_wconf 90' lang='lat' dir='ltr'><strong>carnem</strong></span> <span class='ocrx_word' id='word_1_661' title='bbox 3496 4319 3582 4366; x_wconf 88' lang='lat' dir='ltr'><strong>est</strong></span> <span class='ocrx_word' id='word_1_662' title='bbox 3612 4321 3775 4366; x_wconf 70' lang='lat' dir='ltr'><strong>rectae</strong></span> 
     </span>
    </p>
   </div>
   <div class='ocr_carea' id='block_1_88' title="bbox 2187 4400 3783 4473">
    <p class='ocr_par' dir='ltr' id='par_1_88' title="bbox 2187 4400 3783 4473">
     <span class='ocr_line' id='line_1_88' title="bbox 2187 4400 3783 4473; baseline 0.004 -20"><span class='ocrx_word' id='word_1_663' title='bbox 2187 4400 2311 4456; x_wconf 83' lang='lat' dir='ltr'><strong>ﬁdei</strong></span> <span class='ocrx_word' id='word_1_664' title='bbox 2340 4402 2599 4457; x_wconf 88' lang='lat' dir='ltr'><strong>terminos</strong></span> <span class='ocrx_word' id='word_1_665' title='bbox 2650 4401 2884 4458; x_wconf 89' lang='lat' dir='ltr'><strong>errando</strong></span> <span class='ocrx_word' id='word_1_666' title='bbox 2919 4403 3217 4473; x_wconf 89' lang='lat' dir='ltr'><strong>pr:eterire.</strong></span> <span class='ocrx_word' id='word_1_667' title='bbox 3270 4401 3380 4458; x_wconf 90' lang='lat' dir='ltr'><strong>Sed</strong></span> <span class='ocrx_word' id='word_1_668' title='bbox 3434 4403 3561 4472; x_wconf 84' lang='lat' dir='ltr'><strong>quia</strong></span> <span class='ocrx_word' id='word_1_669' title='bbox 3613 4404 3783 4459; x_wconf 90' lang='lat' dir='ltr'><strong>alium</strong></span> 
     </span>
    </p>
   </div>
   <div class='ocr_carea' id='block_1_89' title="bbox 2186 4493 3784 4568">
    <p class='ocr_par' dir='ltr' id='par_1_89' title="bbox 2186 4493 3784 4568">
     <span class='ocr_line' id='line_1_89' title="bbox 2186 4493 3784 4568; baseline 0.005 -20"><span class='ocrx_word' id='word_1_670' title='bbox 2186 4493 2464 4550; x_wconf 88' lang='lat' dir='ltr'><strong>Christum</strong></span> <span class='ocrx_word' id='word_1_671' title='bbox 2490 4504 2812 4566; x_wconf 83' lang='lat' dir='ltr'><strong>exspectare</strong></span> <span class='ocrx_word' id='word_1_672' title='bbox 2842 4512 2952 4552; x_wconf 90' lang='lat' dir='ltr'><strong>non</strong></span> <span class='ocrx_word' id='word_1_673' title='bbox 2991 4496 3263 4562; x_wconf 89' lang='lat' dir='ltr'><strong>desinunt,</strong></span> <span class='ocrx_word' id='word_1_674' title='bbox 3306 4497 3462 4567; x_wconf 77' lang='lat' dir='ltr'><strong>juxta</strong></span> <span class='ocrx_word' id='word_1_675' title='bbox 3511 4498 3784 4568; x_wconf 87' lang='lat' dir='ltr'><strong>Adjutorii</strong></span> 
     </span>
    </p>
   </div>
   <div class='ocr_carea' id='block_1_90' title="bbox 2186 4586 3785 4661">
    <p class='ocr_par' dir='ltr' id='par_1_90' title="bbox 2186 4586 3785 4661">
     <span class='ocr_line' id='line_1_90' title="bbox 2186 4586 3785 4661; baseline 0.005 -19"><span class='ocrx_word' id='word_1_676' title='bbox 2186 4586 2446 4659; x_wconf 90' lang='lat' dir='ltr'><strong>Lapidem</strong></span> <span class='ocrx_word' id='word_1_677' title='bbox 2477 4597 2651 4644; x_wconf 88' lang='lat' dir='ltr'><strong>castra</strong></span> <span class='ocrx_word' id='word_1_678' title='bbox 2686 4599 2915 4661; x_wconf 88' lang='lat' dir='ltr'><strong>ponunt.</strong></span> <span class='ocrx_word' id='word_1_679' title='bbox 2962 4590 3155 4647; x_wconf 81' lang='lat' dir='ltr'><strong>Merito</strong></span> <span class='ocrx_word' id='word_1_680' title='bbox 3199 4591 3362 4661; x_wconf 92' lang='lat' dir='ltr'><strong>igitur</strong></span> <span class='ocrx_word' id='word_1_681' title='bbox 3381 4600 3532 4660; x_wconf 89' lang='lat' dir='ltr'><strong>terga</strong></span> <span class='ocrx_word' id='word_1_682' title='bbox 3555 4593 3785 4650; x_wconf 89' lang='lat' dir='ltr'><strong>vertisse</strong></span> 
     </span>
    </p>
   </div>
   <div class='ocr_carea' id='block_1_91' title="bbox 500 4669 2082 4762">
    <p class='ocr_par' dir='ltr' id='par_1_91' title="bbox 500 4669 2082 4762">
     <span class='ocr_line' id='line_1_91' title="bbox 500 4669 2082 4762; baseline 0.003 -17"><span class='ocrx_word' id='word_1_683' title='bbox 500 4689 753 4761; x_wconf 83' lang='lat' dir='ltr'><strong>Lapidem</strong></span> <span class='ocrx_word' id='word_1_684' title='bbox 801 4669 1082 4762; x_wconf 75' lang='lat' dir='ltr'><strong>Adjutorii.</strong></span> <span class='ocrx_word' id='word_1_685' title='bbox 1150 4690 1319 4746; x_wconf 89' lang='lat' dir='ltr'><strong>Porro</strong></span> <span class='ocrx_word' id='word_1_686' title='bbox 1371 4690 1692 4747; x_wconf 74' lang='lat' dir='ltr'><strong>Pliilistln&#39;im</strong></span> <span class='ocrx_word' id='word_1_687' title='bbox 1732 4669 1976 4749; x_wconf 77' lang='lat' dir='ltr'><strong>venerunt</strong></span> <span class='ocrx_word' id='word_1_688' title='bbox 2027 4698 2082 4750; x_wconf 89' lang='lat' dir='ltr'><strong>in</strong></span> 
     </span>
    </p>
   </div>
   <div class='ocr_carea' id='block_1_92' title="bbox 2186 4669 3781 4762">
    <p class='ocr_par' dir='ltr' id='par_1_92' title="bbox 2186 4677 3781 4755">
     <span class='ocr_line' id='line_1_92' title="bbox 2186 4677 3781 4755; baseline 0.006 -23"><span class='ocrx_word' id='word_1_689' title='bbox 2186 4677 2349 4737; x_wconf 89' lang='lat' dir='ltr'><strong>Israel</strong></span> <span class='ocrx_word' id='word_1_690' title='bbox 2369 4681 2584 4747; x_wconf 90' lang='lat' dir='ltr'><strong>dicitur,</strong></span> <span class='ocrx_word' id='word_1_691' title='bbox 2608 4682 2731 4751; x_wconf 89' lang='lat' dir='ltr'><strong>quia</strong></span> <span class='ocrx_word' id='word_1_692' title='bbox 2753 4690 2809 4738; x_wconf 91' lang='lat' dir='ltr'><strong>et</strong></span> <span class='ocrx_word' id='word_1_693' title='bbox 2826 4696 3072 4751; x_wconf 89' lang='lat' dir='ltr'><strong>egressus</strong></span> <span class='ocrx_word' id='word_1_694' title='bbox 3101 4684 3262 4739; x_wconf 87' lang='lat' dir='ltr'><strong>fuisse</strong></span> <span class='ocrx_word' id='word_1_695' title='bbox 3284 4684 3617 4755; x_wconf 89' lang='lat' dir='ltr'><strong>perhibetur.</strong></span> <span class='ocrx_word' id='word_1_696' title='bbox 3645 4685 3781 4741; x_wconf 88' lang='lat' dir='ltr'><strong>Nam</strong></span> 
     </span>
    </p>
   </div>
   <div class='ocr_carea' id='block_1_93' title="bbox 497 4783 2085 4854">
    <p class='ocr_par' dir='ltr' id='par_1_93' title="bbox 497 4783 2085 4854">
     <span class='ocr_line' id='line_1_93' title="bbox 497 4783 2085 4854; baseline 0.003 -18"><span class='ocrx_word' id='word_1_697' title='bbox 497 4783 692 4854; x_wconf 80' lang='lat' dir='ltr'><strong>Aphec,</strong></span> <span class='ocrx_word' id='word_1_698' title='bbox 722 4792 772 4837; x_wconf 89' lang='lat' dir='ltr'><strong>et</strong></span> <span class='ocrx_word' id='word_1_699' title='bbox 795 4785 1149 4839; x_wconf 73' lang='lat' dir='ltr'><strong>instruxerunt</strong></span> <span class='ocrx_word' id='word_1_700' title='bbox 1187 4786 1349 4840; x_wconf 88' lang='lat' dir='ltr'><strong>aciem</strong></span> <span class='ocrx_word' id='word_1_701' title='bbox 1368 4793 1549 4839; x_wconf 87' lang='lat' dir='ltr'><strong>contra</strong></span> <span class='ocrx_word' id='word_1_702' title='bbox 1580 4785 1770 4841; x_wconf 87' lang='lat' dir='ltr'><strong>Israel.</strong></span> <span class='ocrx_word' id='word_1_703' title='bbox 1806 4786 1950 4841; x_wconf 87' lang='lat' dir='ltr'><strong>Inito</strong></span> <span class='ocrx_word' id='word_1_704' title='bbox 1990 4805 2085 4841; x_wconf 90' lang='lat' dir='ltr'><strong>au-</strong></span> 
     </span>
    </p>
   </div>
   <div class='ocr_carea' id='block_1_94' title="bbox 502 4877 2083 4949">
    <p class='ocr_par' dir='ltr' id='par_1_94' title="bbox 502 4877 2083 4949">
     <span class='ocr_line' id='line_1_94' title="bbox 502 4877 2083 4949; baseline 0.004 -21"><span class='ocrx_word' id='word_1_705' title='bbox 502 4882 600 4929; x_wconf 89' lang='lat' dir='ltr'><strong>tem</strong></span> <span class='ocrx_word' id='word_1_706' title='bbox 629 4877 925 4943; x_wconf 85' lang='lat' dir='ltr'><strong>certamine,</strong></span> <span class='ocrx_word' id='word_1_707' title='bbox 953 4886 1095 4949; x_wconf 89' lang='lat' dir='ltr'><strong>terga</strong></span> <span class='ocrx_word' id='word_1_708' title='bbox 1120 4879 1271 4932; x_wconf 83' lang='lat' dir='ltr'><strong>vertit</strong></span> <span class='ocrx_word' id='word_1_709' title='bbox 1295 4877 1487 4945; x_wconf 83' lang='lat' dir='ltr'><strong>Israel,</strong></span> <span class='ocrx_word' id='word_1_710' title='bbox 1525 4886 1575 4931; x_wconf 87' lang='lat' dir='ltr'><strong>et</strong></span> <span class='ocrx_word' id='word_1_711' title='bbox 1599 4895 1734 4934; x_wconf 79' lang='lat' dir='ltr'><strong>cwsa</strong></span> <span class='ocrx_word' id='word_1_712' title='bbox 1762 4890 1882 4933; x_wconf 81' lang='lat' dir='ltr'><strong>sunt</strong></span> <span class='ocrx_word' id='word_1_713' title='bbox 1908 4880 1964 4934; x_wconf 92' lang='lat' dir='ltr'><strong>in</strong></span> <span class='ocrx_word' id='word_1_714' title='bbox 1992 4882 2083 4935; x_wconf 87' lang='lat' dir='ltr'><strong>illo</strong></span> 
     </span>
    </p>
   </div>
   <div class='ocr_carea' id='block_1_95' title="bbox 502 4967 2085 5039">
    <p class='ocr_par' dir='ltr' id='par_1_95' title="bbox 502 4967 2085 5039">
     <span class='ocr_line' id='line_1_95' title="bbox 502 4967 2085 5039; baseline 0.005 -22"><span class='ocrx_word' id='word_1_715' title='bbox 502 4968 779 5021; x_wconf 83' lang='lat' dir='ltr'><strong>certamine</strong></span> <span class='ocrx_word' id='word_1_716' title='bbox 806 4967 1001 5036; x_wconf 89' lang='lat' dir='ltr'><strong>passim</strong></span> <span class='ocrx_word' id='word_1_717' title='bbox 1022 4983 1109 5039; x_wconf 87' lang='lat' dir='ltr'><strong>per</strong></span> <span class='ocrx_word' id='word_1_718' title='bbox 1134 4985 1289 5038; x_wconf 89' lang='lat' dir='ltr'><strong>agros</strong></span> <span class='ocrx_word' id='word_1_719' title='bbox 1315 4976 1535 5039; x_wconf 88' lang='lat' dir='ltr'><strong>quatuor</strong></span> <span class='ocrx_word' id='word_1_720' title='bbox 1558 4970 1723 5024; x_wconf 88' lang='lat' dir='ltr'><strong>millia</strong></span> <span class='ocrx_word' id='word_1_721' title='bbox 1745 4972 1988 5026; x_wconf 88' lang='lat' dir='ltr'><strong>virorum.</strong></span> <span class='ocrx_word' id='word_1_722' title='bbox 2018 4970 2085 5025; x_wconf 83' lang='lat' dir='ltr'><strong>Et</strong></span> 
     </span>
    </p>
   </div>
   <div class='ocr_carea' id='block_1_96' title="bbox 499 5057 1335 5114">
    <p class='ocr_par' dir='ltr' id='par_1_96' title="bbox 499 5057 1335 5114">
     <span class='ocr_line' id='line_1_96' title="bbox 499 5057 1335 5114; baseline 0.005 -4"><span class='ocrx_word' id='word_1_723' title='bbox 499 5072 731 5111; x_wconf 83' lang='lat' dir='ltr'><strong>reversus</strong></span> <span class='ocrx_word' id='word_1_724' title='bbox 762 5069 837 5113; x_wconf 91' lang='lat' dir='ltr'><strong>est</strong></span> <span class='ocrx_word' id='word_1_725' title='bbox 866 5057 1037 5114; x_wconf 88' lang='lat' dir='ltr'><strong>Israel</strong></span> <span class='ocrx_word' id='word_1_726' title='bbox 1060 5062 1115 5114; x_wconf 92' lang='lat' dir='ltr'><strong>in</strong></span> <span class='ocrx_word' id='word_1_727' title='bbox 1144 5069 1335 5114; x_wconf 90' lang='lat' dir='ltr'><strong>castra.</strong></span> 
     </span>
    </p>
   </div>
   <div class='ocr_carea' id='block_1_97' title="bbox 572 5147 2084 5225">
    <p class='ocr_par' dir='ltr' id='par_1_97' title="bbox 572 5147 2084 5225">
     <span class='ocr_line' id='line_1_97' title="bbox 572 5147 2084 5225; baseline 0.003 -23"><span class='ocrx_word' id='word_1_728' title='bbox 572 5148 625 5203; x_wconf 84' lang='grc'><strong>1.</strong></span> <span class='ocrx_word' id='word_1_729' title='bbox 672 5147 805 5204; x_wconf 89' lang='lat' dir='ltr'><strong>Esse</strong></span> <span class='ocrx_word' id='word_1_730' title='bbox 850 5152 1107 5220; x_wconf 83' lang='lat' dir='ltr'><strong>spiritalia</strong></span> <span class='ocrx_word' id='word_1_731' title='bbox 1138 5152 1319 5222; x_wconf 77' lang='lat' dir='ltr'><strong>praelia</strong></span> <span class='ocrx_word' id='word_1_732' title='bbox 1350 5152 1540 5207; x_wconf 86' lang='lat' dir='ltr'><strong>beatus</strong></span> <span class='ocrx_word' id='word_1_733' title='bbox 1578 5152 1868 5225; x_wconf 85' lang='lat' dir='ltr'><strong>Apostolus</strong></span> <span class='ocrx_word' id='word_1_734' title='bbox 1900 5162 2084 5208; x_wconf 89' lang='lat' dir='ltr'><strong>osten-</strong></span> 
     </span>
    </p>
   </div>
   <div class='ocr_carea' id='block_1_98' title="bbox 501 5240 2086 5306">
    <p class='ocr_par' dir='ltr' id='par_1_98' title="bbox 501 5240 2086 5306">
     <span class='ocr_line' id='line_1_98' title="bbox 501 5240 2086 5306; baseline 0.003 -10"><span class='ocrx_word' id='word_1_735' title='bbox 501 5241 600 5306; x_wconf 93' lang='lat' dir='ltr'><strong>dit,</strong></span> <span class='ocrx_word' id='word_1_736' title='bbox 631 5240 758 5296; x_wconf 86' lang='lat' dir='ltr'><strong>dutn</strong></span> <span class='ocrx_word' id='word_1_737' title='bbox 786 5252 985 5298; x_wconf 69' lang='lat' dir='ltr'><strong>sanctse</strong></span> <span class='ocrx_word' id='word_1_738' title='bbox 1010 5244 1265 5300; x_wconf 66' lang='lat' dir='ltr'><strong>Ecclesiae</strong></span> <span class='ocrx_word' id='word_1_739' title='bbox 1293 5254 1467 5300; x_wconf 90' lang='lat' dir='ltr'><strong>castra</strong></span> <span class='ocrx_word' id='word_1_740' title='bbox 1498 5244 1563 5299; x_wconf 92' lang='lat' dir='ltr'><strong>ad</strong></span> <span class='ocrx_word' id='word_1_741' title='bbox 1586 5246 1865 5300; x_wconf 89' lang='lat' dir='ltr'><strong>victoriam</strong></span> <span class='ocrx_word' id='word_1_742' title='bbox 1896 5245 2086 5301; x_wconf 89' lang='lat' dir='ltr'><strong>cohor-</strong></span> 
     </span>
    </p>
   </div>
   <div class='ocr_carea' id='block_1_99' title="bbox 499 5334 2086 5401">
    <p class='ocr_par' dir='ltr' id='par_1_99' title="bbox 499 5334 2086 5401">
     <span class='ocr_line' id='line_1_99' title="bbox 499 5334 2086 5401; baseline 0.004 -16"><span class='ocrx_word' id='word_1_743' title='bbox 499 5340 665 5401; x_wconf 86' lang='lat' dir='ltr'><strong>tatur,</strong></span> <span class='ocrx_word' id='word_1_744' title='bbox 694 5334 877 5389; x_wconf 88' lang='lat' dir='ltr'><strong>dicens</strong></span> <span class='ocrx_word' id='word_1_745' title='bbox 906 5354 919 5389; x_wconf 96' lang='lat'><strong>:</strong></span> <span class='ocrx_word' id='word_1_746' title='bbox 968 5334 1093 5389; x_wconf 87' lang='lat' dir='ltr'><strong>Non</strong></span> <span class='ocrx_word' id='word_1_747' title='bbox 1117 5345 1191 5390; x_wconf 84' lang='lat' dir='ltr'><strong>est</strong></span> <span class='ocrx_word' id='word_1_748' title='bbox 1221 5335 1367 5390; x_wconf 86' lang='lat' dir='ltr'><strong>nobis</strong></span> <span class='ocrx_word' id='word_1_749' title='bbox 1390 5337 1683 5390; x_wconf 86' lang='lat' dir='ltr'><strong>colluctatio</strong></span> <span class='ocrx_word' id='word_1_750' title='bbox 1701 5338 1945 5391; x_wconf 84' lang='lat' dir='ltr'><strong>adversus</strong></span> <span class='ocrx_word' id='word_1_751' title='bbox 1970 5354 2086 5391; x_wconf 88' lang='lat' dir='ltr'><strong>car-</strong></span> 
     </span>
    </p>
   </div>
   <div class='ocr_carea' id='block_1_100' title="bbox 501 5426 2083 5496">
    <p class='ocr_par' dir='ltr' id='par_1_100' title="bbox 501 5426 2083 5496">
     <span class='ocr_line' id='line_1_100' title="bbox 501 5426 2083 5496; baseline 0.005 -22"><span class='ocrx_word' id='word_1_752' title='bbox 501 5439 617 5475; x_wconf 88' lang='lat' dir='ltr'><strong>nem</strong></span> <span class='ocrx_word' id='word_1_753' title='bbox 637 5432 686 5475; x_wconf 88' lang='lat' dir='ltr'><strong>et</strong></span> <span class='ocrx_word' id='word_1_754' title='bbox 706 5428 1028 5495; x_wconf 88' lang='lat' dir='ltr'><strong>sanguinem,</strong></span> <span class='ocrx_word' id='word_1_755' title='bbox 1057 5426 1147 5479; x_wconf 86' lang='lat' dir='ltr'><strong>sed</strong></span> <span class='ocrx_word' id='word_1_756' title='bbox 1171 5426 1412 5480; x_wconf 79' lang='lat' dir='ltr'><strong>adversus</strong></span> <span class='ocrx_word' id='word_1_757' title='bbox 1432 5427 1690 5496; x_wconf 83' lang='lat' dir='ltr'><strong>principes</strong></span> <span class='ocrx_word' id='word_1_758' title='bbox 1712 5435 1761 5481; x_wconf 86' lang='lat' dir='ltr'><strong>et</strong></span> <span class='ocrx_word' id='word_1_759' title='bbox 1786 5436 2083 5494; x_wconf 83' lang='lat' dir='ltr'><strong>potestates,</strong></span> 
     </span>
    </p>
   </div>
   <div class='ocr_carea' id='block_1_101' title="bbox 501 5517 2082 5589">
    <p class='ocr_par' dir='ltr' id='par_1_101' title="bbox 501 5517 2082 5589">
     <span class='ocr_line' id='line_1_101' title="bbox 501 5517 2082 5589; baseline 0.005 -23"><span class='ocrx_word' id='word_1_760' title='bbox 501 5521 549 5566; x_wconf 90' lang='lat' dir='ltr'><strong>et</strong></span> <span class='ocrx_word' id='word_1_761' title='bbox 574 5522 755 5567; x_wconf 91' lang='lat' dir='ltr'><strong>contra</strong></span> <span class='ocrx_word' id='word_1_762' title='bbox 784 5518 1045 5584; x_wconf 82' lang='lat' dir='ltr'><strong>spiritales</strong></span> <span class='ocrx_word' id='word_1_763' title='bbox 1069 5519 1322 5589; x_wconf 85' lang='lat' dir='ltr'><strong>nequitias</strong></span> <span class='ocrx_word' id='word_1_764' title='bbox 1352 5520 1404 5572; x_wconf 90' lang='lat' dir='ltr'><strong>in</strong></span> <span class='ocrx_word' id='word_1_765' title='bbox 1436 5517 1719 5572; x_wconf 76' lang='lat' dir='ltr'><strong>ccelestibus</strong></span> <span class='ocrx_word' id='word_1_766' title='bbox 1765 5518 1982 5589; x_wconf 79' lang='lat' dir='ltr'><strong>(Ep/tes.</strong></span> <span class='ocrx_word' id='word_1_767' title='bbox 2009 5536 2082 5585; x_wconf 79' lang='lat' dir='ltr'><strong>vt,</strong></span> 
     </span>
    </p>
   </div>
   <div class='ocr_carea' id='block_1_102' title="bbox 501 5601 2084 5679">
    <p class='ocr_par' dir='ltr' id='par_1_102' title="bbox 501 5601 2084 5679">
     <span class='ocr_line' id='line_1_102' title="bbox 501 5601 2084 5679; baseline 0.007 -25"><span class='ocrx_word' id='word_1_768' title='bbox 501 5601 614 5668; x_wconf 73' lang='grc'><strong>12).</strong></span> <span class='ocrx_word' id='word_1_769' title='bbox 642 5602 719 5657; x_wconf 85' lang='lat' dir='ltr'><strong>De</strong></span> <span class='ocrx_word' id='word_1_770' title='bbox 743 5604 936 5670; x_wconf 91' lang='lat' dir='ltr'><strong>quibus</strong></span> <span class='ocrx_word' id='word_1_771' title='bbox 963 5609 1207 5674; x_wconf 88' lang='lat' dir='ltr'><strong>profecto</strong></span> <span class='ocrx_word' id='word_1_772' title='bbox 1249 5609 1445 5679; x_wconf 70' lang='lat' dir='ltr'><strong>przeliis</strong></span> <span class='ocrx_word' id='word_1_773' title='bbox 1482 5612 1644 5665; x_wconf 89' lang='lat' dir='ltr'><strong>etiam</strong></span> <span class='ocrx_word' id='word_1_774' title='bbox 1692 5611 2084 5679; x_wconf 75' lang='lat' dir='ltr'><strong>consequendae</strong></span> 
     </span>
    </p>
   </div>
   <div class='ocr_carea' id='block_1_103' title="bbox 446 5694 2081 5771">
    <p class='ocr_par' dir='ltr' id='par_1_103' title="bbox 446 5694 2081 5771">
     <span class='ocr_line' id='line_1_103' title="bbox 446 5694 2081 5771; baseline 0.004 -22"><span class='ocrx_word' id='word_1_775' title='bbox 446 5708 452 5713; x_wconf 75' lang='grc'><strong>”</strong></span> <span class='ocrx_word' id='word_1_776' title='bbox 498 5694 738 5749; x_wconf 75' lang='lat' dir='ltr'><strong>victoria:</strong></span> <span class='ocrx_word' id='word_1_777' title='bbox 765 5697 1045 5764; x_wconf 64' lang='lat' dir='ltr'><strong>consilium</strong></span> <span class='ocrx_word' id='word_1_778' title='bbox 1094 5703 1369 5770; x_wconf 72' lang='lat' dir='ltr'><strong>prmbens,‘</strong></span> <span class='ocrx_word' id='word_1_779' title='bbox 1417 5704 1535 5757; x_wconf 90' lang='lat' dir='ltr'><strong>ait:</strong></span> <span class='ocrx_word' id='word_1_780' title='bbox 1580 5702 1649 5756; x_wconf 87' lang='lat' dir='ltr'><strong>Et</strong></span> <span class='ocrx_word' id='word_1_781' title='bbox 1696 5714 1893 5757; x_wconf 83' lang='lat' dir='ltr'><strong>scutum</strong></span> <span class='ocrx_word' id='word_1_782' title='bbox 1936 5703 2081 5771; x_wconf 81' lang='lat' dir='ltr'><strong>ﬁdei,</strong></span> 
     </span>
    </p>
   </div>
   <div class='ocr_carea' id='block_1_104' title="bbox 497 5788 2084 5868">
    <p class='ocr_par' dir='ltr' id='par_1_104' title="bbox 497 5788 2084 5868">
     <span class='ocr_line' id='line_1_104' title="bbox 497 5788 2084 5868; baseline 0.005 -27"><span class='ocrx_word' id='word_1_783' title='bbox 497 5788 551 5841; x_wconf 85' lang='lat' dir='ltr'><strong>in</strong></span> <span class='ocrx_word' id='word_1_784' title='bbox 575 5805 673 5859; x_wconf 86' lang='lat' dir='ltr'><strong>quo</strong></span> <span class='ocrx_word' id='word_1_785' title='bbox 703 5790 908 5859; x_wconf 83' lang='lat' dir='ltr'><strong>possitis</strong></span> <span class='ocrx_word' id='word_1_786' title='bbox 930 5794 1104 5846; x_wconf 88' lang='lat' dir='ltr'><strong>omnia</strong></span> <span class='ocrx_word' id='word_1_787' title='bbox 1135 5794 1235 5847; x_wconf 89' lang='lat' dir='ltr'><strong>tela</strong></span> <span class='ocrx_word' id='word_1_788' title='bbox 1275 5796 1571 5867; x_wconf 84' lang='lat' dir='ltr'><strong>nequissimi</strong></span> <span class='ocrx_word' id='word_1_789' title='bbox 1608 5798 1758 5868; x_wconf 76' lang='lat' dir='ltr'><strong>ignra</strong></span> <span class='ocrx_word' id='word_1_790' title='bbox 1788 5797 2084 5866; x_wconf 70' lang='lat' dir='ltr'><strong>exstingue-</strong></span> 
     </span>
    </p>
   </div>
   <div class='ocr_carea' id='block_1_105' title="bbox 496 5881 2078 5960">
    <p class='ocr_par' dir='ltr' id='par_1_105' title="bbox 496 5881 2078 5960">
     <span class='ocr_line' id='line_1_105' title="bbox 496 5881 2078 5960; baseline 0.007 -29"><span class='ocrx_word' id='word_1_791' title='bbox 496 5894 572 5945; x_wconf 87' lang='lat' dir='ltr'><strong>re,</strong></span> <span class='ocrx_word' id='word_1_792' title='bbox 604 5888 653 5935; x_wconf 89' lang='lat' dir='ltr'><strong>et</strong></span> <span class='ocrx_word' id='word_1_793' title='bbox 692 5881 895 5953; x_wconf 79' lang='lat' dir='ltr'><strong>galeam</strong></span> <span class='ocrx_word' id='word_1_794' title='bbox 922 5882 1106 5939; x_wconf 82' lang='lat' dir='ltr'><strong>salutis</strong></span> <span class='ocrx_word' id='word_1_795' title='bbox 1154 5888 1418 5956; x_wconf 86' lang='lat' dir='ltr'><strong>assumite,</strong></span> <span class='ocrx_word' id='word_1_796' title='bbox 1470 5897 1518 5943; x_wconf 80' lang='lat' dir='ltr'><strong>et</strong></span> <span class='ocrx_word' id='word_1_797' title='bbox 1572 5890 1801 5960; x_wconf 84' lang='lat' dir='ltr'><strong>gladium</strong></span> <span class='ocrx_word' id='word_1_798' title='bbox 1841 5888 2078 5960; x_wconf 78' lang='lat' dir='ltr'><strong>spiritus,</strong></span> 
     </span>
    </p>
   </div>
   <div class='ocr_carea' id='block_1_106' title="bbox 2190 4772 3785 4851">
    <p class='ocr_par' dir='ltr' id='par_1_106' title="bbox 2190 4772 3785 4851">
     <span class='ocr_line' id='line_1_106' title="bbox 2190 4772 3785 4851; baseline 0.004 -24"><span class='ocrx_word' id='word_1_799' title='bbox 2190 4772 2236 4827; x_wconf 91' lang='lat' dir='ltr'><strong>si</strong></span> <span class='ocrx_word' id='word_1_800' title='bbox 2259 4774 2402 4829; x_wconf 91' lang='lat' dir='ltr'><strong>intus</strong></span> <span class='ocrx_word' id='word_1_801' title='bbox 2426 4784 2691 4842; x_wconf 90' lang='lat' dir='ltr'><strong>maneret,</strong></span> <span class='ocrx_word' id='word_1_802' title='bbox 2722 4777 2865 4832; x_wconf 90' lang='lat' dir='ltr'><strong>vinci</strong></span> <span class='ocrx_word' id='word_1_803' title='bbox 2897 4792 3232 4849; x_wconf 90' lang='lat' dir='ltr'><strong>nequaquam</strong></span> <span class='ocrx_word' id='word_1_804' title='bbox 3262 4779 3551 4849; x_wconf 87' lang='lat' dir='ltr'><strong>potuisset,</strong></span> <span class='ocrx_word' id='word_1_805' title='bbox 3581 4780 3711 4851; x_wconf 87' lang='lat' dir='ltr'><strong>quia</strong></span> <span class='ocrx_word' id='word_1_806' title='bbox 3736 4781 3785 4835; x_wconf 92' lang='lat' dir='ltr'><strong>si</strong></span> 
     </span>
    </p>
   </div>
   <div class='ocr_carea' id='block_1_107' title="bbox 2190 4866 3784 4942">
    <p class='ocr_par' dir='ltr' id='par_1_107' title="bbox 2190 4866 3784 4942">
     <span class='ocr_line' id='line_1_107' title="bbox 2190 4866 3784 4942; baseline 0.004 -21"><span class='ocrx_word' id='word_1_807' title='bbox 2190 4881 2251 4921; x_wconf 86' lang='lat' dir='ltr'><strong>se</strong></span> <span class='ocrx_word' id='word_1_808' title='bbox 2296 4866 2437 4921; x_wconf 87' lang='lat' dir='ltr'><strong>intra</strong></span> <span class='ocrx_word' id='word_1_809' title='bbox 2468 4868 2794 4924; x_wconf 91' lang='lat' dir='ltr'><strong>munitiones</strong></span> <span class='ocrx_word' id='word_1_810' title='bbox 2823 4879 3066 4926; x_wconf 86' lang='lat' dir='ltr'><strong>servaret</strong></span> <span class='ocrx_word' id='word_1_811' title='bbox 3110 4870 3259 4937; x_wconf 75' lang='lat' dir='ltr'><strong>fidei,</strong></span> <span class='ocrx_word' id='word_1_812' title='bbox 3288 4878 3526 4927; x_wconf 89' lang='lat' dir='ltr'><strong>armatos</strong></span> <span class='ocrx_word' id='word_1_813' title='bbox 3556 4871 3784 4942; x_wconf 90' lang='lat' dir='ltr'><strong>spiritus</strong></span> 
     </span>
    </p>
   </div>
   <div class='ocr_carea' id='block_1_108' title="bbox 2191 4959 3780 5033">
    <p class='ocr_par' dir='ltr' id='par_1_108' title="bbox 2191 4959 3780 5033">
     <span class='ocr_line' id='line_1_108' title="bbox 2191 4959 3780 5033; baseline 0.002 -18"><span class='ocrx_word' id='word_1_814' title='bbox 2191 4959 2486 5016; x_wconf 89' lang='lat' dir='ltr'><strong>debellaret</strong></span> <span class='ocrx_word' id='word_1_815' title='bbox 2515 4963 2736 5019; x_wconf 90' lang='lat' dir='ltr'><strong>erroris.</strong></span> <span class='ocrx_word' id='word_1_816' title='bbox 2794 4961 2862 5017; x_wconf 88' lang='lat' dir='ltr'><strong>Et</strong></span> <span class='ocrx_word' id='word_1_817' title='bbox 2886 4964 3012 5032; x_wconf 86' lang='lat' dir='ltr'><strong>quia</strong></span> <span class='ocrx_word' id='word_1_818' title='bbox 3041 4963 3229 5018; x_wconf 90' lang='lat' dir='ltr'><strong>fraude</strong></span> <span class='ocrx_word' id='word_1_819' title='bbox 3272 4971 3583 5033; x_wconf 89' lang='lat' dir='ltr'><strong>superatur,</strong></span> <span class='ocrx_word' id='word_1_820' title='bbox 3613 4964 3780 5020; x_wconf 86' lang='lat' dir='ltr'><strong>Phili-</strong></span> 
     </span>
    </p>
   </div>
   <div class='ocr_carea' id='block_1_109' title="bbox 2190 5054 3783 5126">
    <p class='ocr_par' dir='ltr' id='par_1_109' title="bbox 2190 5054 3783 5126">
     <span class='ocr_line' id='line_1_109' title="bbox 2190 5054 3783 5126; baseline 0.003 -19"><span class='ocrx_word' id='word_1_821' title='bbox 2190 5054 2370 5108; x_wconf 89' lang='lat' dir='ltr'><strong>sthiim</strong></span> <span class='ocrx_word' id='word_1_822' title='bbox 2402 5054 2455 5108; x_wconf 92' lang='lat' dir='ltr'><strong>in</strong></span> <span class='ocrx_word' id='word_1_823' title='bbox 2489 5054 2671 5123; x_wconf 86' lang='lat' dir='ltr'><strong>Aphec</strong></span> <span class='ocrx_word' id='word_1_824' title='bbox 2698 5056 2868 5110; x_wconf 91' lang='lat' dir='ltr'><strong>aciem</strong></span> <span class='ocrx_word' id='word_1_825' title='bbox 2891 5056 3206 5111; x_wconf 80' lang='lat' dir='ltr'><strong>instruxisse</strong></span> <span class='ocrx_word' id='word_1_826' title='bbox 3234 5055 3608 5126; x_wconf 89' lang='lat' dir='ltr'><strong>perhibentur.</strong></span> <span class='ocrx_word' id='word_1_827' title='bbox 3662 5056 3783 5112; x_wconf 81' lang='lat' dir='ltr'><strong>Ma-</strong></span> 
     </span>
    </p>
   </div>
   <div class='ocr_carea' id='block_1_110' title="bbox 2190 5144 3784 5217">
    <p class='ocr_par' dir='ltr' id='par_1_110' title="bbox 2190 5144 3784 5217">
     <span class='ocr_line' id='line_1_110' title="bbox 2190 5144 3784 5217; baseline 0.004 -18"><span class='ocrx_word' id='word_1_828' title='bbox 2190 5144 2347 5213; x_wconf 90' lang='lat' dir='ltr'><strong>lignis</strong></span> <span class='ocrx_word' id='word_1_829' title='bbox 2375 5160 2607 5216; x_wconf 88' lang='lat' dir='ltr'><strong>namque</strong></span> <span class='ocrx_word' id='word_1_830' title='bbox 2644 5146 2920 5217; x_wconf 91' lang='lat' dir='ltr'><strong>spiritibus</strong></span> <span class='ocrx_word' id='word_1_831' title='bbox 2948 5148 3118 5202; x_wconf 86' lang='lat' dir='ltr'><strong>aciem</strong></span> <span class='ocrx_word' id='word_1_832' title='bbox 3149 5148 3414 5203; x_wconf 89' lang='lat' dir='ltr'><strong>instruere</strong></span> <span class='ocrx_word' id='word_1_833' title='bbox 3441 5158 3524 5204; x_wconf 92' lang='lat' dir='ltr'><strong>est</strong></span> <span class='ocrx_word' id='word_1_834' title='bbox 3550 5150 3784 5206; x_wconf 88' lang='lat' dir='ltr'><strong>incautis</strong></span> 
     </span>
    </p>
   </div>
   <div class='ocr_carea' id='block_1_111' title="bbox 2190 5234 3781 5311">
    <p class='ocr_par' dir='ltr' id='par_1_111' title="bbox 2190 5234 3781 5311">
     <span class='ocr_line' id='line_1_111' title="bbox 2190 5234 3781 5311; baseline 0.005 -21"><span class='ocrx_word' id='word_1_835' title='bbox 2190 5234 2498 5292; x_wconf 66' lang='lat' dir='ltr'><strong>Judmorum</strong></span> <span class='ocrx_word' id='word_1_836' title='bbox 2522 5238 2775 5293; x_wconf 90' lang='lat' dir='ltr'><strong>cordibus</strong></span> <span class='ocrx_word' id='word_1_837' title='bbox 2803 5248 3116 5308; x_wconf 88' lang='lat' dir='ltr'><strong>argumenta</strong></span> <span class='ocrx_word' id='word_1_838' title='bbox 3144 5239 3478 5311; x_wconf 88' lang='lat' dir='ltr'><strong>deceptionis</strong></span> <span class='ocrx_word' id='word_1_839' title='bbox 3500 5241 3781 5300; x_wconf 88' lang='lat' dir='ltr'><strong>ordinare.</strong></span> 
     </span>
    </p>
   </div>
   <div class='ocr_carea' id='block_1_112' title="bbox 2189 5328 3783 5402">
    <p class='ocr_par' dir='ltr' id='par_1_112' title="bbox 2189 5328 3783 5402">
     <span class='ocr_line' id='line_1_112' title="bbox 2189 5328 3783 5402; baseline 0.003 -17"><span class='ocrx_word' id='word_1_840' title='bbox 2189 5328 2295 5385; x_wconf 92' lang='lat' dir='ltr'><strong>Sed</strong></span> <span class='ocrx_word' id='word_1_841' title='bbox 2341 5330 2476 5385; x_wconf 91' lang='lat' dir='ltr'><strong>inito</strong></span> <span class='ocrx_word' id='word_1_842' title='bbox 2506 5331 2821 5397; x_wconf 90' lang='lat' dir='ltr'><strong>certamine,</strong></span> <span class='ocrx_word' id='word_1_843' title='bbox 2874 5339 3023 5400; x_wconf 90' lang='lat' dir='ltr'><strong>terga</strong></span> <span class='ocrx_word' id='word_1_844' title='bbox 3072 5331 3234 5387; x_wconf 88' lang='lat' dir='ltr'><strong>vertit</strong></span> <span class='ocrx_word' id='word_1_845' title='bbox 3254 5331 3442 5400; x_wconf 88' lang='lat' dir='ltr'><strong>Israel,</strong></span> <span class='ocrx_word' id='word_1_846' title='bbox 3498 5334 3625 5402; x_wconf 88' lang='lat' dir='ltr'><strong>quia</strong></span> <span class='ocrx_word' id='word_1_847' title='bbox 3651 5333 3783 5390; x_wconf 86' lang='lat' dir='ltr'><strong>dum</strong></span> 
     </span>
    </p>
   </div>
   <div class='ocr_carea' id='block_1_113' title="bbox 2190 5422 3782 5495">
    <p class='ocr_par' dir='ltr' id='par_1_113' title="bbox 2190 5422 3782 5495">
     <span class='ocr_line' id='line_1_113' title="bbox 2190 5422 3782 5495; baseline 0.005 -20"><span class='ocrx_word' id='word_1_848' title='bbox 2190 5422 2328 5476; x_wconf 88' lang='lat' dir='ltr'><strong>mori</strong></span> <span class='ocrx_word' id='word_1_849' title='bbox 2357 5422 2565 5489; x_wconf 88' lang='lat' dir='ltr'><strong>metuit,</strong></span> <span class='ocrx_word' id='word_1_850' title='bbox 2607 5423 2854 5492; x_wconf 84' lang='lat' dir='ltr'><strong>malignis</strong></span> <span class='ocrx_word' id='word_1_851' title='bbox 2890 5424 3165 5495; x_wconf 82' lang='lat' dir='ltr'><strong>spiritibus</strong></span> <span class='ocrx_word' id='word_1_852' title='bbox 3220 5440 3327 5479; x_wconf 88' lang='lat' dir='ltr'><strong>non</strong></span> <span class='ocrx_word' id='word_1_853' title='bbox 3377 5426 3599 5481; x_wconf 89' lang='lat' dir='ltr'><strong>resistit.</strong></span> <span class='ocrx_word' id='word_1_854' title='bbox 3648 5426 3782 5483; x_wconf 89' lang='lat' dir='ltr'><strong>Ideo</strong></span> 
     </span>
    </p>
   </div>
   <div class='ocr_carea' id='block_1_114' title="bbox 2192 5514 3780 5584">
    <p class='ocr_par' dir='ltr' id='par_1_114' title="bbox 2192 5514 3780 5584">
     <span class='ocr_line' id='line_1_114' title="bbox 2192 5514 3780 5584; baseline 0.005 -17"><span class='ocrx_word' id='word_1_855' title='bbox 2192 5514 2390 5583; x_wconf 91' lang='lat' dir='ltr'><strong>quippe</strong></span> <span class='ocrx_word' id='word_1_856' title='bbox 2410 5529 2604 5584; x_wconf 68' lang='lat' dir='ltr'><strong>pugnae</strong></span> <span class='ocrx_word' id='word_1_857' title='bbox 2633 5515 2841 5584; x_wconf 89' lang='lat' dir='ltr'><strong>profugi</strong></span> <span class='ocrx_word' id='word_1_858' title='bbox 2870 5524 3020 5584; x_wconf 88' lang='lat' dir='ltr'><strong>terga</strong></span> <span class='ocrx_word' id='word_1_859' title='bbox 3042 5516 3287 5571; x_wconf 89' lang='lat' dir='ltr'><strong>hostibus</strong></span> <span class='ocrx_word' id='word_1_860' title='bbox 3313 5526 3550 5584; x_wconf 86' lang='lat' dir='ltr'><strong>vertunt,</strong></span> <span class='ocrx_word' id='word_1_861' title='bbox 3588 5534 3658 5574; x_wconf 92' lang='lat' dir='ltr'><strong>ne</strong></span> <span class='ocrx_word' id='word_1_862' title='bbox 3686 5535 3780 5575; x_wconf 89' lang='lat' dir='ltr'><strong>re-</strong></span> 
     </span>
    </p>
   </div>
   <div class='ocr_carea' id='block_1_115' title="bbox 2186 5604 3779 5679">
    <p class='ocr_par' dir='ltr' id='par_1_115' title="bbox 2186 5604 3779 5679">
     <span class='ocr_line' id='line_1_115' title="bbox 2186 5604 3779 5679; baseline 0.004 -21"><span class='ocrx_word' id='word_1_863' title='bbox 2186 5604 2438 5659; x_wconf 89' lang='lat' dir='ltr'><strong>sistentes</strong></span> <span class='ocrx_word' id='word_1_864' title='bbox 2468 5606 2789 5660; x_wconf 90' lang='lat' dir='ltr'><strong>moriantur.</strong></span> <span class='ocrx_word' id='word_1_865' title='bbox 2824 5604 2957 5671; x_wconf 87' lang='lat' dir='ltr'><strong>Quia</strong></span> <span class='ocrx_word' id='word_1_866' title='bbox 2998 5621 3147 5674; x_wconf 90' lang='lat' dir='ltr'><strong>vero,</strong></span> <span class='ocrx_word' id='word_1_867' title='bbox 3197 5607 3240 5661; x_wconf 93' lang='lat' dir='ltr'><strong>si</strong></span> <span class='ocrx_word' id='word_1_868' title='bbox 3273 5607 3326 5661; x_wconf 91' lang='lat' dir='ltr'><strong>in</strong></span> <span class='ocrx_word' id='word_1_869' title='bbox 3357 5605 3779 5679; x_wconf 83' lang='lat' dir='ltr'><strong>Redemptorem</strong></span> 
     </span>
    </p>
   </div>
   <div class='ocr_carea' id='block_1_116' title="bbox 2184 5696 3777 5772">
    <p class='ocr_par' dir='ltr' id='par_1_116' title="bbox 2184 5696 3777 5772">
     <span class='ocr_line' id='line_1_116' title="bbox 2184 5696 3777 5772; baseline 0.003 -20"><span class='ocrx_word' id='word_1_870' title='bbox 2184 5696 2351 5753; x_wconf 79' lang='lat' dir='ltr'><strong>Judzei</strong></span> <span class='ocrx_word' id='word_1_871' title='bbox 2372 5698 2613 5766; x_wconf 89' lang='lat' dir='ltr'><strong>credant,</strong></span> <span class='ocrx_word' id='word_1_872' title='bbox 2637 5702 2774 5756; x_wconf 91' lang='lat' dir='ltr'><strong>mori</strong></span> <span class='ocrx_word' id='word_1_873' title='bbox 2802 5702 3091 5772; x_wconf 86' lang='lat' dir='ltr'><strong>trepidant,</strong></span> <span class='ocrx_word' id='word_1_874' title='bbox 3119 5703 3320 5760; x_wconf 90' lang='lat' dir='ltr'><strong>idcirco</strong></span> <span class='ocrx_word' id='word_1_875' title='bbox 3359 5720 3467 5759; x_wconf 91' lang='lat' dir='ltr'><strong>non</strong></span> <span class='ocrx_word' id='word_1_876' title='bbox 3493 5702 3777 5770; x_wconf 88' lang='lat' dir='ltr'><strong>resistunt,</strong></span> 
     </span>
    </p>
   </div>
   <div class='ocr_carea' id='block_1_117' title="bbox 2185 5793 3775 5867">
    <p class='ocr_par' dir='ltr' id='par_1_117' title="bbox 2185 5793 3775 5867">
     <span class='ocr_line' id='line_1_117' title="bbox 2185 5793 3775 5867; baseline 0.003 -19"><span class='ocrx_word' id='word_1_877' title='bbox 2185 5800 2246 5848; x_wconf 88' lang='lat' dir='ltr'><strong>ut</strong></span> <span class='ocrx_word' id='word_1_878' title='bbox 2271 5793 2475 5859; x_wconf 85' lang='lat' dir='ltr'><strong>vivant,</strong></span> <span class='ocrx_word' id='word_1_879' title='bbox 2506 5797 2631 5863; x_wconf 89' lang='lat' dir='ltr'><strong>quia</strong></span> <span class='ocrx_word' id='word_1_880' title='bbox 2660 5794 2715 5849; x_wconf 91' lang='lat' dir='ltr'><strong>in</strong></span> <span class='ocrx_word' id='word_1_881' title='bbox 2745 5793 3165 5867; x_wconf 78' lang='lat' dir='ltr'><strong>Redemptorem</strong></span> <span class='ocrx_word' id='word_1_882' title='bbox 3198 5814 3323 5854; x_wconf 71' lang='lat' dir='ltr'><strong>non</strong></span> <span class='ocrx_word' id='word_1_883' title='bbox 3336 5797 3582 5863; x_wconf 89' lang='lat' dir='ltr'><strong>credunt,</strong></span> <span class='ocrx_word' id='word_1_884' title='bbox 3612 5805 3673 5852; x_wconf 92' lang='lat' dir='ltr'><strong>ut</strong></span> <span class='ocrx_word' id='word_1_885' title='bbox 3718 5797 3775 5853; x_wconf 90' lang='lat' dir='ltr'><strong>in</strong></span> 
     </span>
    </p>
   </div>
   <div class='ocr_carea' id='block_1_118' title="bbox 2184 5887 3772 5961">
    <p class='ocr_par' dir='ltr' id='par_1_118' title="bbox 2184 5887 3772 5961">
     <span class='ocr_line' id='line_1_118' title="bbox 2184 5887 3772 5961; baseline 0 -18"><span class='ocrx_word' id='word_1_886' title='bbox 2184 5887 2357 5944; x_wconf 90' lang='lat' dir='ltr'><strong>veteri</strong></span> <span class='ocrx_word' id='word_1_887' title='bbox 2394 5887 2803 5947; x_wconf 83' lang='lat' dir='ltr'><strong>circumcisione</strong></span> <span class='ocrx_word' id='word_1_888' title='bbox 2856 5890 3151 5947; x_wconf 89' lang='lat' dir='ltr'><strong>salventur.</strong></span> <span class='ocrx_word' id='word_1_889' title='bbox 3204 5890 3543 5949; x_wconf 79' lang='lat' dir='ltr'><strong>Resisterent</strong></span> <span class='ocrx_word' id='word_1_890' title='bbox 3569 5891 3772 5961; x_wconf 80' lang='lat' dir='ltr'><strong>quippe</strong></span> 
     </span>
    </p>
   </div>
  </div>
