4044 6336
294 414 387 474 161

1105 405 1173 466 ΙΝ
1210 406 1475 466 PRIMUM
1516 404 1759 465 ΙίΕοοΜ
1797 405 2310 466 EXPOSITIONES.
2354 437 2424 452 --
2461 409 2590 467 LIB.
2632 410 2724 467 lli.

3451 409 3552 465 162

290 523 537 594 malignis
560 521 855 595 spiritibus,
910 517 955 576 si
984 535 1132 575 arma
1179 536 1287 577 suae
1320 519 1647 577 fortitudinis
1673 518 1728 573 in
1758 516 1869 573 Re-
1898 524 1943 578 A
1974 518 2295 577 documenta
2326 522 2692 578 crediderunt.
2750 521 2994 588 Quatuor
3031 534 3162 577 vero
3190 522 3355 577 millia
3385 538 3554 579 caeso-

287 615 581 686 demptoris
607 613 778 671 nostri
825 613 928 668 ﬁde
970 612 1285 669 tenuissent.
1335 612 1441 666 Sed
1472 611 1593 667 ideo
1632 624 1699 664 ne
1746 623 1867 664 mo-

286 710 498 763 riantur
543 706 774 777 fugiunt,
834 714 891 761 et
946 705 1067 761 ideo
1118 706 1243 776 quia
1295 702 1501 773 fugiunt
1545 702 1865 757 moriuntur.

288 800 473 863 Ilostis
521 815 754 870 namque
792 800 1077 868 insequens
1104 812 1172 853 eo
1221 796 1429 852 facilius
1465 796 1757 865 fugientem
1788 792 1873 847 in-

287 892 503 962 terﬁcit,
536 909 645 964 quo
699 894 747 949 is
800 892 892 962 qui
921 890 1173 961 fugiendo
1207 889 1507 959 percutitur
1542 884 1871 944 imminentis

282 988 509 1045 victoris
538 987 620 1043 sui
667 986 845 1057 gladio
874 1001 981 1041 non
1020 984 1243 1040 resistit.
1298 981 1453 1037 Unde
1483 990 1537 1037 et
1594 981 1649 1036 in
1677 978 1871 1036 eodem

283 1080 585 1136 certamine
610 1087 842 1149 quatuor
866 1076 1176 1132 Judazorum
1203 1076 1368 1130 millia
1396 1089 1534 1131 cassa
1560 1086 1872 1129 memoran-

285 1181 396 1226 tur.
428 1171 557 1238 Quas
583 1172 726 1227 enim
746 1177 871 1226 sunt
900 1165 1022 1225 haec
1040 1176 1273 1238 quatuor
1300 1168 1487 1234 millia,
1533 1166 1636 1222 nisi
1672 1165 1763 1235 qui
1786 1178 1874 1219 re-

282 1264 473 1335 cipere
498 1270 731 1333 quatuor
753 1261 1168 1332 Evangeliorum
1205 1262 1491 1317 veritatem
1546 1257 1872 1314 noluerunt?

288 1356 477 1423 Quare
496 1364 552 1413 et
571 1356 627 1411 in
649 1355 794 1426 agris
814 1355 951 1411 mori
978 1354 1348 1425 perhibentur,
1387 1351 1517 1422 quia
1543 1350 1597 1405 in
1628 1362 1874 1405 errorum

287 1465 515 1505 suorum
540 1448 820 1504 latitudine
861 1439 1234 1502 imrii'orantur.
1292 1444 1362 1499 Et
1390 1444 1514 1514 quia
1545 1442 1745 1499 erroris
1793 1440 1876 1495 sui

288 1540 515 1596 latibula
565 1539 741 1595 adhuc
767 1552 1109 1609 nequaquam
1155 1535 1559 1605 derelinquunt,
1611 1532 1775 1587 lsrael
1819 1531 1875 1585 in

285 1640 470 1688 castra
514 1646 768 1687 reversus
796 1629 1078 1685 asseritur.
1125 1627 1283 1697 Nam,
1339 1634 1399 1682 ut
1428 1626 1537 1695 jam
1568 1624 1700 1691 dixi,
1752 1638 1873 1679 cum

284 1723 538 1795 malignis
556 1723 835 1794 spiritibus
864 1720 1039 1776 adhuc
1054 1720 1254 1775 habere
1272 1728 1545 1775 certamen
1565 1732 1623 1773 se
1643 1717 1878 1772 aestimat

281 1831 414 1872 cum
442 1830 629 1871 eorum
655 1812 920 1870 voluntati
949 1811 1126 1882 potius
1150 1810 1369 1867 obediat
1396 1825 1557 1881 quam
1585 1814 1869 1878 repugnet.

1972 632 2091 671 rum
2121 616 2283 673 fuisse
2305 626 2692 684 memorantur,
2725 618 2851 686 quia
2896 615 3143 671 eamdem
3184 616 3323 671 satri
3354 615 3554 685 eloquii

1972 711 2347 765 auctoritatem
2377 710 2442 765 de
2464 710 2601 780 lege,
2661 709 2960 779 praphetis,
3004 709 3247 778 psalmis,
3304 717 3468 776 atque
3489 708 3556 761 de

1972 796 2264 869 Evangelio
2288 809 2571 857 voverunt.
2596 800 2702 855 Sed
2730 808 2785 855 et
2814 799 2969 854 caacis
2998 799 3137 863 aliis,
3176 799 3265 852 alii
3295 799 3346 851 in
3374 805 3555 853 castra

1972 902 2335 958 revertuntur,
2389 893 2513 963 quia
2541 892 2609 947 de
2638 892 2821 947 Judtea
2850 891 3095 946 nonnulli
3144 892 3556 959 praedicatorum

1973 982 2272 1038 ministerio
2323 982 2389 1037 ad
2455 983 2813 1053 cognitionem
2881 982 3259 1052 Redemptoris
3315 980 3559 1051 perducti

1974 1082 2117 1141 sunt,
2152 1075 2247 1131 sed
2274 1075 2511 1145 ejusdem
2542 1078 2715 1145 gentis
2755 1074 3035 1147 plenitudo
3072 1083 3273 1129 sanctae
3302 1072 3560 1127 Ecclesia:

1977 1170 2366 1225 assertionibus
2397 1162 2546 1225 tanto
2594 1169 2847 1225 audacius
2876 1171 3210 1233 adversatur,
3234 1175 3458 1236 quanto,
3505 1164 3560 1217 in

1978 1263 2306 1319 inﬁdelitatis
2330 1278 2441 1318 sua:
2468 1262 2704 1317 tenebris
2732 1262 3050 1333 profundius
3079 1262 3272 1331 ejecta,
3322 1260 3389 1315 ad
3418 1258 3561 1313 veri-

1977 1356 2102 1410 tatis
2125 1356 2301 1410 lumen
2325 1370 2432 1411 non
2452 1355 2686 1411 ducitur.
2744 1353 2800 1409 In
2833 1363 3007 1410 castra
3034 1355 3231 1424 quippe
3260 1352 3310 1407 ei
3357 1348 3558 1406 reverti

1979 1455 2063 1502 est
2092 1446 2363 1501 adversari
2396 1460 2503 1502 non
2528 1445 2807 1501 desistere.
2858 1444 2925 1499 Et
2946 1446 3071 1514 quia
3093 1460 3186 1499 eos
3204 1442 3296 1513 qui
3318 1439 3562 1497 credide-

1969 1547 2102 1608 rant
2124 1540 2273 1594 velut
2293 1540 2506 1605 stultos,
2533 1547 2588 1595 et
2618 1539 2763 1594 nulla
2785 1538 3070 1595 sulﬁcienti
3098 1540 3307 1595 ratione
3336 1550 3561 1607 supera-

1979 1639 2063 1687 tos
2088 1640 2340 1701 arguunt,
2371 1632 2613 1700 sequitur
2640 1649 2651 1684 :

2051 1740 2229 1809 (Vers.
2258 1741 2337 1810 5.)
2364 1740 2718 1810 Duxeruntque
2744 1741 2964 1810 majores
2992 1750 3116 1793 natu
3147 1738 3317 1793 lsrael
3340 1754 3357 1792 :
3390 1737 3564 1802 Quare

1979 1833 2229 1903 percussit
2257 1848 2350 1886 nos
2380 1831 2531 1886 hodie
2554 1830 2805 1885 Dominus
2834 1848 3009 1884 coram
3037 1830 3390 1883 Philisthiim?

354 1927 410 1982 3.
434 1927 573 1995 Quia
595 1943 726 1985 vero
754 1930 914 1985 etiam
945 1929 997 1984 in
1023 1928 1168 1985 bona
1194 1928 1589 1999 signiﬁcatione
1610 1926 1864 1996 poculum

2048 1945 2098 2000 5.
2157 1946 2331 2010 Quare
2376 1946 2518 2001 enim
2563 1946 2667 2000 hoc
2710 1945 2830 2000 loco
2855 1960 2962 1999 non
2984 1952 3069 1999 est
3090 1942 3449 2013 inquisitionis
3480 1942 3564 1995 in-

266 2021 571 2091 accipitur,
626 2021 876 2077 cadentes
904 2022 1099 2092 poculo
1131 2020 1355 2089 intelligi
1390 2027 1591 2075 sancta:
1620 2016 1871 2073 Ecclesiae

282 2112 671 2184 prmdicatores
701 2121 937 2183 possunt.
994 2113 1072 2169 De
1108 2129 1216 2184 quo
1240 2114 1493 2168 nimirum
1520 2110 1717 2183 poculo
1738 2109 1871 2165 Pro-

285 2207 455 2277 pheta
503 2206 780 2275 gloriatur,
810 2206 987 2262 dicens
1021 2224 1034 2260 :
1090 2204 1441 2277 Impinguasti
1496 2206 1551 2259 in
1580 2205 1692 2259 oleo
1720 2210 1873 2273 caput

282 2314 480 2365 meum,
510 2306 559 2351 et
587 2298 821 2364 poculum
849 2316 1015 2353 meum
1044 2297 1329 2363 inebrians,
1388 2314 1539 2368 quam
1565 2298 1874 2367 prwclarum

280 2398 361 2442 est
388 2388 563 2459 (Psal.
594 2405 722 2457 χιιι,
744 2389 798 2460 5)
821 2389 832 2443 !
860 2389 1117 2445 Poculum
1132 2404 1367 2459 namque
1392 2387 1683 2455 inebrians,
1711 2387 1875 2441 abun-

283 2479 421 2534 dans
450 2490 535 2535 est
579 2480 750 2549 gratia
795 2478 1024 2550 Spiritus
1052 2478 1247 2540 sancti,
1303 2493 1423 2548 quae
1461 2486 1584 2546 apte
1624 2477 1875 2548 poculum

283 2568 501 2635 dicitur,
547 2571 673 2641 quia
722 2570 838 2640 ejus
890 2569 1222 2641 plenitudine
1267 2569 1563 2625 electorum
1622 2568 1787 2624 corda
1820 2569 1875 2622 in

287 2668 566 2718 momento
596 2663 951 2718 inebriantur.
985 2660 1139 2717 Unde
1167 2668 1222 2717 et
1246 2662 1311 2715 de
1334 2662 1521 2732 primis
1549 2672 1749 2716 sancta:
1776 2658 1877 2715 Ec-

289 2756 469 2812 clesia:
498 2756 804 2827 pastoribus
826 2757 1020 2812 dicitur
1054 2774 1067 2810 :
1099 2754 1295 2811 Factus
1324 2765 1400 2810 est
1427 2765 1632 2825 repente
1661 2756 1724 2810 de
1750 2755 1876 2810 caelo

294 2868 468 2916 sonus,
493 2860 740 2923 tanquam
768 2852 1085 2906 advenientis
1118 2852 1329 2923 spiritus
1355 2851 1688 2915 vehementis,
1719 2859 1767 2904 et
1796 2868 1879 2905 re-

295 2945 448 3014 plevit
491 2954 650 2999 totam
689 2944 897 2999 domum
939 2942 1025 2998 ubi
1076 2954 1225 2997 erant
1270 2944 1503 2998 sedentes
1550 2944 1686 3015 (Act.
1710 2959 1764 3010 ll,
1796 2941 1875 3013 2).

293 3035 412 3101 Quo
436 3037 687 3092 nimirum
718 3037 913 3106 poculo
940 3035 1319 3107 praedicatores
1346 3034 1560 3102 cadunt,
1584 3034 1708 3103 quia
1752 3034 1880 3088 dum

292 3128 467 3182 sancti
515 3127 747 3198 Spiritus
792 3128 1019 3197 gratiam
1065 3127 1400 3182 abundanter
1448 3127 1742 3196 excipiunt,
1770 3134 1880 3182 sta-

296 3229 413 3274 tum
430 3221 555 3276 vitae
566 3221 796 3276 carnalis
818 3237 885 3276 ex
904 3228 1020 3277 toto
1040 3220 1439 3291 derelinquunt.
1465 3219 1713 3286 Quotidie
1726 3234 1880 3275 nam-

294 3332 403 3386 que
456 3332 555 3387 per
600 3317 705 3372 hoc
759 3315 1011 3387 poculum
1069 3317 1216 3372 velut
1260 3316 1437 3371 nimiae
1491 3324 1744 3387 potantes
1785 3300 1951 3370 ca-C

294 3410 451 3476 dunt,
480 3409 606 3479 quia
627 3409 726 3464 etsi
751 3424 847 3465 eos
875 3408 1161 3479 aliquando
1190 3409 1436 3465 carnales
1457 3419 1633 3463 motus
1662 3409 1728 3463 ad
1754 3424 1881 3481 per-

293 3501 586 3571 petrandas
613 3500 799 3571 culpas
822 3500 1075 3572 erigunt,
1127 3500 1326 3555 virtute
1355 3510 1535 3555 tamen
1567 3501 1736 3570 potati
1769 3500 1881 3569 spi-

294 3594 432 3650 ritus
478 3594 535 3649 in
563 3601 709 3648 statu
732 3593 939 3664 peccati
968 3609 1075 3649 non
1106 3592 1472 3647 inveniuntur.
1518 3591 1654 3645 Cum
1690 3591 1883 3659 quibus

294 3685 540 3756 proiecto
568 3685 693 3754 quia
716 3683 968 3740 Judaicus
1006 3683 1238 3756 populus
1261 3690 1536 3738 certamen
1566 3681 1729 3736 habet
1758 3680 1883 3737 ﬁdei

294 3788 484 3834 contra
532 3777 871 3833 Pbilisthaeos
915 3777 1067 3843 istos,
1146 3774 1377 3832 carnalis
1420 3773 1587 3831 lsrael
1643 3774 1873 3845 quotidie

296 3872 571 3941 egreditur
596 3870 662 3926 ad
678 3885 925 3940 campum
953 3869 1100 3925 belli.

374 3975 425 4030 4.
466 3976 694 4033 Possunt
722 3984 904 4030 autem
942 3973 1388 4029 Philisthinorum
1414 3970 1775 4043 appellatione
1798 3969 1883 4025 id-

298 4069 443 4126 circo
480 4078 675 4127 sanctae
702 4067 952 4126 Ecclesiae
978 4067 1361 4139 praedicatores
1384 4065 1627 4135 intelligi,
1661 4065 1786 4135 quia
1815 4064 1876 4121 ds

295 4178 482 4219 errore
509 4163 786 4233 gentilium
812 4161 879 4216 ad
910 4161 1136 4229 gratiam
1181 4159 1305 4214 ﬁdei
1333 4173 1431 4228 per
1454 4157 1550 4212 Dei
1575 4158 1881 4213 misericor-

294 4254 438 4309 diam
466 4262 591 4309 sunt
613 4252 874 4321 perducti.
900 4251 1031 4307 Cum
1059 4251 1253 4320 quibus
1282 4249 1534 4304 nimirum
1560 4246 1724 4303 Israel
1746 4263 1883 4318 pra:-

295 4345 437 4401 lians
464 4354 613 4415 terga
641 4345 826 4413 vertit,
874 4344 1000 4414 quia
1026 4343 1267 4413 loquenti
1299 4358 1397 4413 per
1437 4358 1531 4397 ora
1562 4340 1882 4414 prmdicato-

295 4451 418 4491 rum
446 4436 659 4507 spiritui
689 4452 796 4491 non
820 4435 1038 4491 resistit.
1088 4434 1149 4490 In
1183 4435 1424 4505 praelium
1455 4448 1688 4502 namque
1714 4431 1885 4485 lsrael

297 4538 486 4586 contra
518 4528 841 4585 Philisthiim
882 4530 1088 4584 exierat
1116 4544 1237 4584 cum
1267 4528 1578 4599 praedicanti
1607 4526 1884 4597 Stephano

295 4617 469 4676 Judzei
499 4621 842 4689 obsisterent,
898 4629 953 4676 et
982 4621 1048 4677 de
1078 4621 1199 4677 ﬁdei
1228 4630 1426 4679 nostra:
1457 4622 1668 4676 ratione
1701 4619 1881 4689 dispu-

297 4720 499 4768 tarent.
531 4713 639 4769 Sed
666 4714 912 4784 prtelians
927 4721 1076 4781 terga
1104 4713 1286 4781 vertit,
1310 4712 1435 4781 quia
1462 4713 1613 4783 127
1634 4711 1885 4766 resistere

297 4805 622 4875 disputando
652 4822 758 4861 non
781 4804 975 4874 potuit.
1007 4803 1141 4859 Nam
1180 4804 1247 4858 de
1278 4812 1427 4872 terga
1453 4802 1785 4859 vertentibus
1827 4802 1882 4857 in

298 4896 673 4965 apostolorum
701 4897 923 4952 Actibus
951 4898 1145 4952 dicitur
1177 4914 1191 4950 :
1224 4894 1347 4951 Non
1370 4905 1609 4966 poterant
1648 4896 1886 4950 resistere

300 4990 574 5059 sapientia:
619 4999 669 5045 et
717 4991 921 5061 spiritui
971 4991 1056 5061 qui
1090 4988 1390 5062 loquebatur
1442 4988 1580 5060 (Act.
1632 5004 1718 5056 vi,
1768 4988 1881 5057 10).

301 5080 445 5137 Ctedi
475 5092 656 5139 autem
702 5080 958 5161 lsraelitis
987 5091 1069 5139 est
1096 5082 1162 5137 ab
1215 5080 1547 5135 inﬁdelitatis
1584 5080 1693 5134 vita
1722 5094 1883 5149 sepa-

302 5172 428 5228 rari.
476 5172 622 5231 Bene
671 5190 887 5245 quoque
916 5175 970 5229 in
1001 5174 1143 5243 agris
1171 5173 1309 5228 mori
1338 5172 1725 5243 perhibentur;
1769 5173 1885 5240 agri

303 5264 446 5320 enim
491 5266 804 5321 certaminis
847 5273 973 5321 sunt
997 5265 1136 5321 sacri
1171 5263 1369 5334 eloquii
1398 5264 1636 5319 virentes
1674 5264 1884 5318 intelle-

305 5362 445 5410 ctus.
471 5354 531 5410 In
562 5356 703 5425 agris
730 5356 893 5425 igitur
941 5370 1078 5411 caesa
1109 5362 1468 5426 pugnatorum
1520 5354 1885 5409 lsraelitarum

302 5448 472 5503 millia
495 5449 855 5518 assignantur,
916 5449 1043 5518 quia
1086 5449 1179 5519 qui
1214 5456 1522 5503 sanctorum
1565 5447 1887 5517 praedicato-

303 5554 425 5594 rum
452 5540 748 5596 ministerio
777 5541 843 5596 de
863 5538 1044 5595 Judzea
1065 5541 1307 5597 conversi
1332 5548 1456 5595 sunt
1480 5539 1532 5594 in
1558 5539 1887 5611 Redempto-

305 5647 422 5689 rem
450 5634 670 5690 humani
724 5635 937 5705 generis
992 5650 1089 5705 per
1134 5644 1441 5691 sanctarum
1489 5630 1884 5706 Scripturarum

380 5756 406 5783 ⁸
437 5745 637 5814 Vattc.,
663 5757 713 5803 et
736 5751 897 5802 salvet
922 5763 1017 5801 nos
1055 5745 1118 5801 de
1140 5762 1296 5802 manu
1329 5747 1653 5803 inimicorum
1677 5755 1885 5803 nostro-

307 5832 445 5873 rum.

382 5888 407 5924 ι)
441 5887 729 5955 Gussanv.,
759 5888 1035 5946 Israelitis.

1979 2039 2296 2107 terrogatio,
2328 2037 2424 2092 sed
2469 2036 2688 2105 querela
2742 2035 3136 2091 admirationis.
3186 2034 3297 2087 Sub
3341 2033 3565 2087 admirm

1978 2129 2125 2183 tione
2146 2144 2275 2197 ergo
2311 2129 2378 2183 de
2408 2128 2753 2198 percussione
2796 2127 3151 2196 interrogant,
3196 2125 3321 2194 quia
3353 2124 3419 2177 ad
3444 2139 3564 2178 eam

1976 2219 2243 2274 rationem
2290 2234 2398 2288 qua
2428 2220 2703 2289 religionis
2729 2235 2838 2274 sua:
2865 2218 3112 2273 homines
3144 2215 3299 2271 ﬁdem
3332 2212 3565 2268 Redem-

1977 2312 2148 2381 ptoris
2189 2312 2467 2379 excepisse
2509 2318 2905 2380 conSpexcrant
2932 2308 3243 2377 pertingere
3274 2322 3383 2361 non
3416 2305 3565 2360 vale--

1978 2407 2127 2462 bant.
2161 2407 2227 2462 Et
2257 2408 2551 2463 notandum
2582 2407 2705 2476 quia
2728 2406 2819 2477 qui
2848 2405 3180 2460 admiranter
3208 2403 3566 2472 interrogant,

1980 2500 2212 2569 majores
2233 2486 2361 2554 natu
2384 2500 2450 2555 de
2476 2500 2634 2554 lsrael
2664 2498 2828 2553 tuisse
2854 2502 3247 2560 memorantur,
3285 2494 3412 2564 quia
3438 2507 3565 2562 pro-

1978 2591 2119 2647 fecto
2149 2591 2364 2661 superbi
2393 2591 2612 2660 quique,
2646 2590 2698 2644 in
2728 2605 2825 2644 sua
2864 2587 3126 2657 sapientia
3155 2576 3467 2655 gloriantes,
3492 2581 3560 2637 ad

1981 2694 2284 2750 divinorum
2311 2692 2688 2763 mysteriorum
2710 2690 3075 2759 cognitionem
3115 2686 3422 2757 pertingere
3467 2700 3569 2737 ne-

1981 2800 2248 2855 quaquam
2275 2791 2585 2854 potuerunt.
2639 2780 2791 2836 Unde
2821 2788 2873 2835 et
2902 2780 2956 2835 in
2988 2778 3277 2847 Evangelio
3308 2775 3568 2831 Dominus

1983 2878 2048 2931 ad
2078 2876 2293 2931 Patrem
2322 2877 2581 2944 loquitur,
2640 2875 2826 2930 dicens
2856 2892 2868 2926 :
2923 2873 3187 2942 Conﬁteor
3216 2870 3327 2937 tibi,
3388 2869 3570 2932 Pater,

1981 2986 2074 3023 rex
2105 2970 2215 3023 εωΙὶ
2243 2977 2291 3023 et
2314 2978 2485 3036 terrae,
2538 2968 2657 3039 quia
2686 2964 3005 3021 abscondisti
3048 2964 3155 3018 hwc
3177 2980 3209 3016 a
3236 2958 3570 3033 prudentibus

1984 3070 2032 3113 et
2055 3059 2388 3130 sapientibus,
2419 3069 2468 3112 et
2495 3058 2730 3112 revelusti
2769 3074 2831 3111 ea
2856 3056 3085 3127 parvulis
3109 3051 3324 3123 (Matth.
3354 3068 3428 3120 χι,
3452 3048 3568 3120 25).

1984 3151 2085 3218 Qui
2115 3151 2355 3221 profecto
2386 3166 2443 3206 se
2466 3165 2749 3221 percussos
2788 3148 2954 3204 fuisse
2983 3152 3407 3216 conqueruntur,
3443 3143 3570 3212 quia

1984 3243 2109 3297 dum
2132 3258 2229 3313 per
2249 3257 2344 3298 eos
2372 3241 2462 3312 qui
2485 3240 2830 3297 crediderunt
2851 3247 3087 3294 veterem
3116 3236 3251 3305 legis
3279 3243 3570 3290 consuetu-

1986 3334 2166 3389 dinem
2192 3334 2328 3389 solvi
2356 3335 2749 3409 conspicerent,
2788 3331 3029 3400 quaedam
3060 3327 3424 3399 percussiouis
3454 3324 3571 3378 vul-

1985 3438 2112 3478 vera
2141 3408 2664 3493 incomprehensibili
2714 3421 2917 3490 judicio
2956 3418 3051 3472 Dei
3094 3416 3293 3471 inﬁicta
3343 3414 3442 3467 sibi
3489 3428 3571 3467 ar-

1985 3515 2170 3569 biirati
2201 3522 2345 3576 sunt,
2373 3528 2493 3583 qua:
2523 3511 2796 3567 communi
2823 3509 3009 3563 dolore
3047 3506 3431 3561 declamarent.
3467 3500 3572 3556 Sed

1986 3603 2077 3672 qui
2109 3604 2368 3658 cecidisse
2388 3604 2521 3659 alios
2543 3607 2964 3671 conqueruntur,
3014 3614 3122 3670 quo
3157 3613 3217 3654 se
3246 3595 3473 3654 consilio
3502 3594 3570 3650 ad

1984 3694 2341 3750 resistendum
2374 3701 2695 3765 prcharent,
2726 3691 2958 3748 subdunt
2990 3709 3003 3744 :

2062 3794 2235 3865 (Vers.
2261 3794 2340 3866 5.)
2370 3794 2662 3862 Aﬁ‘eramus
2692 3793 2761 3847 ad
2781 3810 2874 3848 nos
2903 3793 2966 3846 de
2997 3791 3112 3847 Silo
3161 3806 3337 3845 arcam
3365 3786 3570 3860 foederis

1984 3885 2218 3953 Domini,
2274 3897 2323 3941 et
2374 3888 2544 3942 veniat
2568 3889 2621 3942 in
2642 3888 2810 3943 medio
2834 3886 3019 3953 nostri,
3053 3895 3074 3921 α
3103 3894 3153 3940 et
3178 3886 3336 3939 sulcet
3366 3899 3461 3939 nos
3509 3881 3571 3935 de

1985 3996 2143 4034 manu
2172 3980 2499 4035 inimicorum
2528 3987 2842 4034 nostrorum.

2056 4071 2126 4125 Et
2146 4071 2212 4125 de
2239 4070 2430 4127 aﬁectu
2450 4071 2687 4140 ejusdem
2710 4068 2917 4124 consilii
2940 4067 3185 4136 protinus
3209 4061 3569 4119 subinl‘ertur:

2059 4162 2235 4233 (Vers.
2262 4161 2340 4231 4.)
2386 4161 2535 4215 Misit
2580 4178 2700 4231 ergo
2728 4160 2945 4228 populus
2973 4160 3027 4211 in
3052 4156 3186 4221 Silo,
3236 4166 3284 4208 et
3311 4156 3425 4207 tulit
3453 4153 3570 4207 inde

1988 4270 2165 4309 arcam
2194 4253 2399 4325 fazderis
2430 4252 2640 4307 Domini
2687 4250 3003 4305 exercituum
3026 4246 3250 4302 sedentis
3272 4260 3426 4316 super
3450 4245 3569 4298 che-

1985 4346 2175 4403 rubim.

2059 4440 2111 4492 6.
2169 4436 2283 4492 Hoc
2326 4442 2409 4491 est
2441 4441 2591 4490 certe
2637 4433 2937 4498 consilium,
2994 4432 3099 4487 hoc
3127 4428 3311 4502 opusb
3351 4425 3567 4482 lsraelis

1987 4542 2177 4589 contra
2233 4537 2504 4585 certamen
2551 4526 2857 4582 cadentium
2905 4526 3119 4596 poculo,
3178 4523 3277 4579 sed
3327 4522 3567 4591 profecto

1989 4620 2296 4685 consilium,
2328 4628 2383 4672 et
2403 4632 2537 4687 opus
2566 4617 2886 4684 inauditum,
2940 4615 3066 4684 quia
3096 4630 3205 4669 non
3249 4621 3334 4668 est
3362 4609 3567 4666 lsraelis

1993 4711 2286 4770 secundum
2325 4708 2593 4778 spiritum,
2646 4706 2741 4763 sed
2765 4706 2979 4761 lsraelis
3003 4705 3298 4761 secundum
3325 4715 3565 4765 carnem,

1992 4806 2241 4864 videlicet
2268 4820 2375 4861 non
2429 4814 2452 4843 °
2508 4804 2675 4858 Deum
2728 4801 2909 4856 videre
2949 4799 3203 4863 videntis,
3254 4796 3349 4851 sed
3406 4794 3568 4848 Deum

1989 4916 2150 4971 quem
2180 4898 2403 4970 despicit
2423 4912 2481 4953 se
2509 4895 2693 4951 videre
2716 4893 3043 4949 arbitrantis.
3070 4890 3211 4957 Quid
3231 4895 3313 4943 est
3336 4886 3478 4939 enim
3509 4884 3568 4938 ad

1989 4994 2103 5050 Silo
2133 4993 2368 5057 mittere,
2417 4989 2521 5045 nisi
2552 4987 2619 5041 ad
2666 4988 2838 5054 legem
2885 4984 3055 5055 Moysi
3083 4993 3384 5046 recurrere,
3428 4978 3569 5030 cuia

1990 5086 2217 5141 Domino
2274 5082 2509 5137 dicitur:
2570 5078 2718 5146 Veni,
2778 5079 2976 5131 mittam
3030 5082 3080 5127 te
3133 5072 3201 5126 ad
3241 5071 3568 5125 Pharaonem

1992 5175 2190 5249 (Exod.
2212 5189 2287 5240 ιιι,
2319 5174 2443 5245 10)?
2474 5170 2613 5238 Quid
2636 5176 2720 5225 est
2741 5167 2934 5224 aﬁerre
2969 5180 3150 5221 arcam
3179 5162 3413 5224 Domini,
3461 5159 3567 5249 nisi

1989 5248 2191 5323 veteris
2220 5266 2353 5335 legis
2380 5270 2720 5320 sacramenta
2749 5260 2815 5315 ad
2841 5255 3237 5328 reprobandam
3266 5266 3419 5307 novae
3446 5248 3569 5303 ﬁdei

1989 5359 2273 5415 veritatem
2308 5355 2598 5411 recolendo
2645 5350 2947 5408 adducere?
2975 5348 3042 5402 Et
3066 5347 3191 5416 quia
3220 5344 3462 5400 eamdem
3495 5342 3566 5395 lc-

1989 5452 2073 5520 gis
2093 5450 2375 5506 scientiam
2405 5461 2625 5503 suorum
2665 5443 2934 5499 neminem
2974 5442 3225 5509 ignorare
3276 5436 3567 5507 patiuntur,

1990 5545 2048 5599 in
2098 5544 2334 5598 medium
2386 5556 2575 5597 eorum
2622 5552 2748 5594 arca
2786 5534 2981 5592 adduci
3034 5531 3363 5603 praecipitur.
3416 5528 3568 5604 128

1992 5634 2131 5703 Quid
2176 5643 2259 5690 est
2289 5635 2414 5689 item
2443 5630 2587 5701 quod
2634 5630 2813 5685 dicunt
2841 5645 2855 5681 :
2915 5624 2984 5679 Et
3010 5628 3171 5680 satvet
3203 5639 3295 5678 nos
3324 5622 3387 5675 de
3414 5631 3567 5673 manu

2070 5758 2093 5787 ο
2145 5746 2347 5800 Forsan
2403 5742 2682 5811 legendum
2736 5740 2903 5793 Deum
2950 5742 3118 5794 videre
3168 5734 3423 5811 volentis,
3479 5736 3567 5811 aut

1995 5819 2173 5889 potius
2198 5834 2298 5869 nam
2331 5802 2492 5869 Deum
2522 5812 2891 5879 vere‘videntis,
2925 5811 3082 5868 sed...
3140 5826 3195 5863 se
3238 5805 3406 5861 videre
3434 5802 3563 5851 arbi-

2001 5892 2203 5943 trantis.
