4044 6336
1642 284 1882 345 SANCTI
1921 275 2244 339 GREGORII
2282 270 2492 329 MAGNI

3592 249 3695 309 164

436 439 758 494 εηεηηεοηιηι
781 438 1092 491 "amorum,
1150 420 1252 477 nisi
1307 414 1432 488 quia
1480 413 1607 467 dum
1657 405 2005 480 pertinaciter
2033 398 2078 456 Δ
2105 392 2338 449 Judaicm
2366 382 2650 494 derisi‘onis
2669 381 2833 494 verba
2864 378 3122 494 addentes
3140 374 3327 431 dicunt
3354 390 3368 427 :

437 530 730 586 defendunt
754 533 960 586 vetera,
1007 514 1271 587 repellunt
1296 524 1454 574 nova,
1500 513 1555 559 et
1582 504 1688 558 hoc
1714 500 1914 557 habent
1962 495 2017 549 in

2189 485 2365 559 (Vera.
2399 482 2475 551 8.)
2517 480 2607 535 Va:
2634 477 2800 544 nobis,
2854 474 3072 545 nonfuit
3104 468 3545 531 tantum“
3569 467 3704 537 heri,

440 620 627 676 ﬁducia
650 616 855 681 salutis,
911 575 960 668 si
986 609 1053 664 ad
1069 575 1234 660 ’νει-ω
1282 600 1405 655 ﬁdei
1447 597 1711 653 rationem
1752 592 2019 647 bonorum
2117 587 2165 634 et
2190 575 2583 681 nudius-lenitis.

439 715 848 787 prredicatorum
879 704 1057 762 studio
1086 700 1227 762 trahi
1256 713 1362 753 non
1393 692 1654 765 possunt?
1696 688 1834 755 Quia
1861 686 2022 787 igitur

445 777 723 862 veritatem
752 801 948 856 divina:
968 790 1297 864 cognitionis
1336 803 1431 858 per
1455 796 1695 841 veterem
1718 781 1893 847 legem
1922 777 2021 831 ba-

442 902 569 955 bere
593 912 652 953 se
671 896 893 966 iactant,
927 887 1171 945 eamdem
1210 897 1411 946 arcam,
1474 892 1633 948 quam
1663 873 1733 928 ad
1780 870 2027 927 salvatio-

2190 670 2258 726 Et
2306 670 2432 739 quia
2486 662 2847 722 abundantius
2893 657 3172 717 deridendi
3215 663 3360 725 sunt,
3411 652 3714 715 subdentes

2121 764 2307 821 dicunt
2325 780 2339 815 :

2194 855 2371 925 (Vers.
2403 851 2482 922 8.)
2533 850 2661 919 Quis
2684 864 2779 905 nos
2807 844 3046 903 liberabit
3069 843 3131 899 de
3157 857 3316 897 manu
3343 840 3564 899 deorum
3581 840 3718 896 isto-

445 943 568 955 "V"
593 943 651 953 υ*
671 943 893 966 ι’·-ν--νι
936 943 952 945 -
1399 943 1407 946 .
1494 943 1506 948 -

445 1010 569 1052 nem
596 1006 748 1047 suam
797 985 995 1043 deferri
1049 980 1385 1053 prmcipiunt,
1428 972 1638 1029 Domini
1693 968 2025 1025 exercituum

2173 963 2239 999 nn
2262 943 2592 1001 sublimium?

2202 1038 2354 1053 --Α
2396 1036 2428 1053 η
2492 1033 2553 1053 Π.

445 1100 565 1141 esse
594 1082 934 1139 conﬁrmant.
954 1075 1022 1130 Et
1049 1074 1176 1143 quia
1207 1064 1613 1135 incomparabili
1641 1061 1863 1118 scientia
1894 1058 2012 1126 ejus

444 1179 566 1232 dem
597 1174 729 1243 legis
768 1188 829 1228 se
857 1168 1062 1239 pollere
1092 1164 1437 1222 arbitrantur,
1487 1156 1614 1210 dum
1659 1167 1785 1208 arca
1833 1143 2033 1243 deferri

2202 1038 2359 1108 129
2396 1036 2449 1091 9.
2491 1033 2557 1089 Et
2600 1032 2891 1088 notandum
2932 1043 3059 1099 quia
3090 1027 3313 1087 deorum
3342 1023 3715 1095 appellatione

2133 1131 2451 1186 deridentur
2477 1128 2566 1200 qui
2589 1168 2604 1194 ,
2645 1144 2677 1182 a
2720 1125 2821 1181 ﬁde
2859 1134 3100 1181 veterum
3130 1121 3348 1181 Patrum
3376 1117 3721 1184 recedentes,

444 1209 566 1232 unus
597 1209 645 1230 ις
685 1209 729 1229 ιδ
768 1209 829 1228 ον
858 1209 1062 1239 γνιινιν
1092 1209 1141 1219 ,η
1156 1209 1404 1219 ...-._._-__
1425 1209 1436 1222 ,
1500 1209 1504 1210 ,

444 1209 679 1333 dicitur,D
696 1260 905 1317 Domini
936 1255 1269 1317 exercituum
1296 1247 1535 1305 sedentis
1570 1259 1731 1315 super
1751 1239 2033 1297 cherubim

2173 1239 2192 1277 ε
2236 1223 2288 1277 in
2333 1221 2560 1277 veritate
2608 1219 2729 1274 ﬁdei
2769 1218 3031 1283 existere,
3065 1224 3228 1286 atque
3268 1214 3322 1273 in
3363 1212 3597 1271 ﬁliorum
3628 1209 3725 1265 Dei

2405 1332 2413 1333 κ
2436 1331 2447 1333 ,
2502 1314 2530 1333 ιε
2556 1315 2567 1333 I
2596 1332 2603 1333 κ
2628 1323 2665 1333 γ.
2719 1313 2769 1333 l_
2810 1328 2859 1333 κ-
2888 1312 2970 1333 ---2
2994 1312 3093 1333 1----
3129 1310 3210 1333 ill-
3243 1309 3429 1333 J2..:....p.
3460 1305 3696 1333 ΙριιιΙΑιζΑ

446 1370 567 1413 esse
596 1352 931 1424 perhibetur.

519 1468 700 1537 (Vers.
750 1462 831 1531 5.)
880 1460 1103 1529 Cumque
1158 1470 1284 1509 arca
1336 1450 1597 1514 uenisset,
1645 1446 1811 1500 omnis
1867 1440 2035 1499 Israel

448 1561 634 1631 grandi
663 1561 890 1613 clamare
914 1554 1222 1623 vociferatus
1253 1557 1351 1602 est.

524 1652 575 1705 7.
608 1651 742 1716 Quia
772 1646 1017 1718 profecto
1044 1643 1112 1698 de
1139 1658 1207 1697 eo
1256 1638 1403 1710 quod
1434 1635 1725 1693 carnaliter
1757 1631 2038 1688 scientiam

449 1744 583 1813 legis
610 1741 895 1811 accipiunt,
953 1738 1004 1792 in
1048 1742 1251 1791 sanctas
1305 1730 1560 1786 Ecelcsim
1618 1724 2039 1796 exprobratione

446 1837 708 1906 garriunt,
764 1834 884 1888 sine
938 1828 1253 1887 ostensione
1304 1822 1549 1879 rationis.
1614 1819 1717 1885 Qui
1763 1818 1906 1873 enim
1934 1815 2037 1870 cla-

445 1946 643 1993 masse,
673 1935 729 1982 et
753 1925 885 1980 nihil
916 1924 1172 1977 dicuntur
1200 1916 1423 1981 dixisse,
1456 1914 1560 1968 hoc
1589 1911 1835 1983 profecto
1863 1908 2046 1980 expri-

447 2030 599 2075 munt
627 2018 770 2088 quod
792 2022 979 2083 agunt,
1032 2012 1159 2082 quia
1186 2010 1313 2064 dum
1348 2008 1493 2076 loqui
1523 2005 1820 2075 spiritualia
1846 2018 2042 2058 carna-

448 2112 571 2166 liter
597 2115 870 2173 satagunt,
914 2102 1205 2157 clamorem
1255 2096 1470 2168 quidem
1518 2095 1574 2149 in
1604 2093 1921 2162 garrulitate
1951 2093 2047 2147 ha-

450 2202 597 2263 bent,
644 2196 739 2252 sed
788 2194 1056 2249 rationem
1084 2190 1327 2246 veritatis
1354 2203 1461 2242 non
1488 2186 1709 2240 habent.
1743 2184 1887 2239 Voce
1926 2182 2045 2252 qui-

452 2292 572 2345 dem
603 2288 769 2341 multa
794 2285 997 2350 dicunt,
1022 2282 1135 2348 sed,
1183 2282 1299 2337 sine
1328 2280 1541 2335 ratione
1570 2278 1876 2346 loquentes,
1919 2290 2044 2331 san-

454 2390 551 2437 cta:
578 2379 833 2433 Ecclesia:
862 2376 1051 2431 electis
1077 2374 1131 2428 in
1163 2372 1310 2428 nullo
1341 2370 1559 2437 obsunt,
1580 2376 1653 2433 et,
1686 2368 1737 2421 in
1761 2367 2049 2435 semetipsa

454 2472 736 2541 Synagoga
769 2471 1016 2538 loquens,
1049 2466 1191 2521 inani
1225 2464 1514 2520 devotione
1536 2462 1865 2527 concutitur,
1923 2461 2050 2530 quia

455 2564 572 2634 ejus
593 2562 773 2617 verbis
799 2568 987 2615 sancta
1010 2556 1249 2614 Ecclesia
1279 2572 1387 2612 non
1421 2563 1691 2619 movetur.
1744 2552 1896 2608 Unde
1924 2562 2051 2623 apte

458 2654 617 2709 nimis
640 2662 781 2707 terra
816 2658 1021 2704 tantum
1050 2648 1296 2704 sonuisse
1324 2646 1496 2702 relata
1527 2644 1833 2705 est..Terra
1855 2644 2053 2715 quippe

457 2743 636 2799 Iudaea
689 2757 832 2796 nunc
874 2740 1090 2807 dicitur,
1152 2754 1258 2793 non
1286 2737 1412 2808 quia
1462 2736 1574 2792 Deo
1606 2732 1909 2801 fructiﬁcet,
1956 2732 2053 2788 sed

456 2842 676 2906 propter
697 2831 1089 2897 carnalitatem,
1115 2830 1241 2900 quia
1269 2829 1542 2896 nimirum,
1568 2827 1693 2882 dum
1726 2825 2055 2897 Redempto-

458 2928 531 2985 ris
562 2927 718 2981 ﬁdem
751 2926 994 2998 recipere
1022 2924 1215 2991 noluit,
1258 2922 1537 2979 cmlestem
1578 2920 2054 2977 conversationem

459 3021 674 3091 penitus
704 3021 902 3074 amisit.
962 3018 1069 3073 Sed
1100 3017 1226 3071 dum
1272 3015 1664 3072 vociferatione
1711 3029 1807 3070 sua
1858 3028 2055 3069 concu-

462 3117 614 3181 titur,
667 3129 730 3167 ea
781 3111 1182 3167 existimatione
1212 3124 1319 3178 qua
1349 3108 1692 3179 semetipsam
1745 3105 2052 3162 considerat

462 3224 580 3263 esse
608 3222 667 3262 se
710 3205 1010 3262 terribilem
1057 3212 1253 3261 sanctae
1305 3200 1555 3259 Ecclesia:
1608 3198 2052 3274 praedicatoribus

464 3299 718 3354 exsultat.

536 3391 714 3463 (Vers.
741 3388 819 3462 6.)
846 3387 914 3445 Et
934 3390 1210 3444 audierunt
1240 3386 1565 3442 Philistliiim
1595 3401 1767 3441 vocem
1795 3385 2059 3451 clamoris,

467 3486 801 3556 dixeruntque
831 3501 847 3537 :
904 3481 1155 3548 Quantam
1184 3491 1260 3538 est
1289 3481 1400 3538 hwc
1450 3481 1751 3553 vociferatio
1796 3480 1850 3533 in
1876 3478 2061 3532 castris

468 3578 809 3633 Hebraeorum
825 3579 847 3630 ?

526 3671 595 3745 ¹8.
655 3669 837 3725 Terrae
877 3672 1078 3739 quippe
1106 3671 1345 3726 sonitum
1373 3678 1430 3725 et
1465 3678 1767 3725 castrorum
1798 3665 2061 3722 vocifera-

472 3766 674 3819 tionem
728 3763 1052 3817 Philisthiim
1101 3764 1347 3828 audiunt,
1405 3763 1529 3831 quia
1586 3763 1623 3817 ii
1662 3761 1753 3831 qui
1796 3760 1849 3815 in
1880 3766 2066 3815 sancta

472 3852 713 3911 Ecclesia
744 3854 942 3925 poculo
983 3856 1159 3909 sancti
1206 3854 1441 3925 Spiritus
1490 3853 1675 3908 refecti
1714 3860 1841 3907 sunt
1870 3850 2067 3906 Judaxu

475 3949 693 4019 quidem
745 3956 801 4004 et
829 3949 1199 4018 garrulitatem
1228 3957 1284 4004 et
1314 3965 1506 4004 vanam
1556 3948 1793 4021 perfidia:
1823 3948 2068 4004 devotio-

478 4059 600 4099 nem
632 4050 984 4112 cognoscunt.
1040 4041 1108 4096 Et
1158 4043 1284 4113 quia
1314 4058 1502 4098 eorum
1555 4043 1969 4098 mstimationem
2016 4043 2065 4097 in

477 4143 793 4206 contemptu
819 4134 1102 4189 derisionis
1130 4135 1353 4202 habent,
1392 4134 1639 4189 subditur
1663 4153 1675 4186 :

550 4232 730 4303 (Vers.
758 4229 809 4298 6,
855 4230 931 4303 7.)
963 4229 1033 4284 Et
1054 4236 1400 4300 cegnaverunt
1431 4230 1567 4304 quod
1588 4247 1712 4284 arca
1752 4228 1963 4285 Domini
1991 4246 2073 4285 ve-

481 4328 639 4381 uisset
664 4328 720 4380 in
776 4311 973 4393 castra,
1017 4326 1391 4396 timueruntque
1424 4323 1745 4379 Philisthiim
1800 4326 2073 4380 dicentes:

492 4418 643 4472 Venit
667 4416 809 4472 Deus
840 4417 895 4470 in
927 4424 1123 4482 castra,
1151 4426 1198 4470 et
1218 4419 1597 4488 ingemuerunt.

2134 1332 2361 1374 numero
2392 1314 2690 1371 conﬁdunt.
2718 1313 2778 1370 ln
2806 1328 2864 1369 se
2884 1312 3097 1381 quidem
3128 1310 3215 1365 illa
3239 1309 3431 1365 divinat
3458 1305 3729 1367 laudatio-

2136 1408 2220 1465 nis
2249 1407 2517 1479 prazconia
2553 1406 2763 1477 prolata
2801 1412 3076 1467 asserunt,
3118 1416 3237 1469 quae
3275 1415 3371 1469 per
3398 1396 3730 1467 Prophetam

2139 1500 2398 1561 Dominus
2432 1498 2767 1570 pronuntiat,
2798 1498 2982 1551 dicens
3014 1514 3027 1553 :
3062 1495 3175 1565 Ego
3205 1496 3348 1558 disi,
3380 1493 3454 1547 dii
3483 1492 3642 1555 suis.
3677 1497 3731 1544 st

2139 1595 2244 1665 ﬁlii
2275 1594 2463 1648 estetsi
2491 1610 2667 1648 omnes
2696 1595 2714 1663 (
2739 1591 2881 1647 Psal.
2916 1606 3109 1657 Lxut,
3138 1590 3225 1657 li).
3266 1589 3323 1643 Si
3354 1589 3536 1655 itaque
3570 1600 3730 1641 ntea-

2140 1686 2262 1742 daci
2285 1686 2683 1743 existimatione
2703 1700 2890 1739 omnes
2910 1682 3160 1739 Israeliue
3186 1679 3479 1737 mundum
3507 1692 3729 1735 canum

2073 1783 2115 1841 Β
2144 1777 2508 1847 nuncupative
2536 1776 2611 1831 dii
2637 1785 2795 1835 sunt.
2829 1775 3087 1831 sublimes
3122 1771 3196 1831 dii
3230 1771 3468 1839 ejusdem
3494 1768 3733 1825 “duim

2146 1869 2561 1926 existimationis
2602 1868 2882 1924 mendacio
2924 1876 3049 1922 sunt
3090 1866 3361 1929 sapientes
3400 1862 3733 1921 Iudaeorum.

2143 1957 2211 2013 Et
2255 1960 2379 2029 quia
2424 1957 2582 2029 periti
2621 1958 2915 2029 Synagogm
2953 1955 3019 2010 ad
3065 1963 3263 2011 sancta:
3307 1953 3558 2009 Ecclesia:
3600 1967 3738 2009 con-

2147 2050 2352 2106 flictum
2387 2050 2637 2115 veniunt,
2689 2047 2787 2120 ipsi
2818 2056 3129 2102 sanctorum
3156 2046 3563 2117 praedicatorum
3601 2057 3741 2099 voca

2146 2142 2477 2206 deridentur,
2511 2141 2603 2211 qui
2629 2140 2697 2196 de
2724 2156 2787 2195 ea
2808 2156 2968 2209 quam
2998 2156 3104 2194 non
3127 2139 3329 2194 habent
3349 2139 3607 2194 doctrina:
3634 2140 3742 2193 vir-

2150 2243 2263 2289 tute
2302 2234 2621 2303 gloriantur.
2652 2230 2719 2286 Et
2756 2232 2877 2302 quia
2909 2232 2976 2287 de
3005 2232 3224 2301 antiqua
3252 2228 3469 2288 Patrum
3497 2239 3742 2285 veterum

2152 2327 2567 2383 conversatione
2627 2324 2974 2396 superbiunt,
3040 2324 3205 2383 verba
3262 2323 3743 2381 subsannationum

2150 2424 2551 2488 supponuntur.

2227 2510 2406 2577 (Vers.
2439 2509 2517 2579 8.)
2551 2508 2625 2565 Hi
2670 2518 2789 2563 sunt
2820 2509 2892 2565 dii
2931 2510 3017 2582 qui
3058 2514 3417 2582 percusserunt
3455 2505 3747 2580 Egyptian

2152 2602 2291 2655 omni
2322 2601 2479 2671 plaga
2509 2601 2563 2654 in
2593 2600 2815 2657 deserto.

2230 2692 2313 2745 10.
2347 2690 2449 2762 Ipsi
2478 2708 2713 2761 namque
2754 2702 2966 2759 essent,
2999 2693 3044 2751 si
3075 2691 3410 2747 nobilitatem
3441 2704 3604 2760 quam
3634 2696 3749 2743 tra-

2157 2785 2291 2841 hunt
2319 2802 2385 2841 cx
2414 2784 2590 2839 carnis
2619 2786 2825 2855 origine
2856 2794 3015 2840 recta:
3048 2784 3169 2839 ﬁdei
3194 2782 3483 2838 virtutibus
3513 2781 3749 2835 illustra-

2156 2886 2297 2933 rent.
2330 2875 2483 2931 Nunc
2510 2883 2689 2929 autem
2712 2876 2834 2947 quia
2862 2890 2957 2944 per
2985 2874 3161 2929 carnis
3189 2871 3538 2945 propaginem
3562 2886 3752 2925 eorum

2157 2975 2283 3023 sunt
2326 2966 2417 3021 ﬁlii
2466 2981 2698 3037 quorum
2744 2966 2973 3019 virtutes
3016 2980 3122 3019 non
3175 2963 3403 3027 habent,
3449 2961 3515 3015 de
3559 2962 3755 3015 amissa

2160 3055 2472 3111 earumdem
2501 3056 2757 3110 virtutum
2798 3055 3142 3109 successione
3172 3068 3269 3124 per
3294 3048 3563 3106 contraria
3593 3049 3755 3103 verba

2075 3158 2125 3222 α
2154 3147 2467 3204 deridentur
2493 3166 2504 3200 :
2537 3146 2611 3201 Hi
2640 3156 2779 3215 sunt,
2814 3146 3094 3218 inquiunt,
3122 3146 3215 3199 dii.
3248 3142 3411 3211 Quasi
3442 3151 3631 3215 aperta
3665 3141 3758 3196 de~

2160 3242 2364 3297 risione
2416 3238 2722 3295 Iudaeorum
2776 3238 3049 3309 sapientes
3103 3237 3386 3292 doctorum
3444 3241 3759 3289 nostrorum

2167 3335 2303 3391 ordo
2333 3331 2607 3404 reprobct,
2641 3331 2825 3387 dicens
2858 3348 2868 3383 :
2902 3329 3075 3385 Carne
3102 3328 3317 3399 quidem
3340 3340 3657 3396 magnorum
3684 3324 3760 3377 vi-

2164 3446 2350 3487 rorum
2370 3445 2429 3487 se
2460 3429 2598 3484 lilios
2621 3442 2741 3483 esse
2767 3426 3084 3496 gloriantur,
3118 3424 3210 3480 sed
3234 3438 3419 3479 eorum
3443 3421 3510 3476 de
3529 3434 3761 3490 quorum

2164 3520 2515 3594 generatione
2544 3519 2862 3591 superbith
2888 3518 3221 3573 nobilitatem
3266 3515 3387 3570 ﬁdei
3426 3529 3532 3568 non
3563 3526 3761 3568 conse-

2167 3623 2424 3687 quuntur.
2459 3612 2563 3684 Ipsi
2593 3626 2723 3681 ergo
2752 3619 2876 3666 sunt
2899 3609 2971 3665 dii
2995 3608 3372 3664 subsccutione
3401 3604 3635 3674 generis,
3668 3602 3764 3658 sed

2168 3711 2291 3780 quia
2324 3709 2424 3781 ipsi
2457 3725 2563 3763 non
2596 3714 2721 3761 sunt
2765 3704 3064 3759 imitatione
3092 3701 3328 3770 virtutis,
3358 3715 3479 3755 cum
3511 3696 3615 3768 ipsi
3646 3709 3766 3751 esse

2170 3802 2419 3857 dicuntur
2460 3800 2551 3869 qui
2592 3800 2790 3852 virtute
2834 3797 3175 3860 claruerunt,
3224 3792 3535 3847 deridentur
3583 3787 3764 3860 potius

2177 3910 2337 3964 quam
2382 3893 2685 3947 laudantur.
2732 3888 2797 3943 Et
2831 3890 2961 3959 quia
2998 3904 3184 3943 eorum
3216 3886 3537 3941 assertiones
3565 3892 3767 3939 sancta:

2176 3984 2425 4040 Ecclesia:
2454 3985 2706 4037 doctores
2736 3994 2834 4050 pro
2866 3980 3030 4035 nihilo
3060 3979 3281 4044 ducunt,
3314 3976 3593 4047 sequitur:

2251 4075 2429 4145 (Vers.
2460 4072 2538 4144 9.)
2569 4070 2978 4143 Confortamini,
3006 4079 3055 4123 et
3081 4077 3239 4123 estote
3267 4068 3363 4121 viri
3380 4111 3394 4137 ,
3426 4064 3769 4133 Pliilistliiim,

2176 4186 2241 4224 ne
2270 4168 2505 4223 servietis
2534 4163 2791 4231 Hebraeis,
2823 4166 2953 4218 sicut
2983 4164 3081 4235 ipsi
3109 4164 3389 4217 servierunt
3416 4160 3575 4216 vobis.

2252 4259 2337 4313 Η.
2378 4257 2581 4313 Contra
2632 4254 2935 4311 Judarorum
2986 4254 3185 4326 quippe
3230 4268 3397 4310 vanas
3442 4251 3772 4309 assertiones

2179 4359 2377 4407 sanctae
2399 4347 2651 4403 Ecclesiae
2672 4346 2923 4403 doctores
2944 4363 3009 4402 eo
3033 4346 3163 4401 nihil
3190 4347 3380 4401 fortius
3407 4346 3618 4401 noviter
3637 4358 3774 4416 prae-

2178 4451 2393 4515 parant,
2426 4458 2533 4511 quo
2562 4439 2825 4512 quidquid
2854 4457 2882 4495 a
2912 4439 3107 4496 Judmis
3136 4440 3202 4496 de
3230 4441 3607 4512 Redemptoris
3644 4455 3775 4494 con-

554 4531 696 4587 Arca
736 4531 791 4585 in
833 4538 1012 4587 castra
1060 4527 1411 4586 Hebraeorum
1442 4532 1678 4599 venisse,
1737 4541 1794 4587 et
1820 4532 2076 4588 cadentes
2104 4543 2389 4609 Dtemptu
2432 4534 2568 4589 falso
2622 4534 2882 4589 asseritur
2931 4549 3029 4603 pro
3076 4534 3222 4588 nullo
3271 4542 3518 4603 pensant.
3572 4531 3775 4588 Contra

485 4622 683 4693 poculo
722 4621 981 4686 timuisse,
1012 4629 1173 4691 atque
1200 4623 1526 4692 ingemuisse
1548 4640 1646 4694 per
1673 4624 1907 4681 ironiam
1939 4625 2077 4680 dici-

488 4719 593 4782 tur,
636 4714 759 4786 quia
792 4714 861 4768 ad
889 4712 1200 4769 conﬂictum
1229 4723 1430 4771 sancta:
1458 4716 1710 4772 Ecclesia;
1739 4725 2079 4772 sacramenta

487 4807 619 4876 legis
655 4806 853 4862 veteris
901 4820 933 4861 a
990 4804 1290 4878 Synagogae
1344 4808 1651 4864 carnalibus
1708 4810 2082 4865 defensoribus

488 4897 777 4954 carnaliter
796 4907 1160 4967 exponuntur.
1184 4900 1258 4955 De
1280 4916 1346 4956 eo
1368 4916 1601 4971 namque
1622 4901 1919 4972 disputant,
1937 4904 2081 4973 quod

490 4992 534 5046 si
564 4991 856 5048 secundum
887 4991 983 5047 Dei
1032 4992 1281 5063 spiritum
1329 5002 1603 5064 saperent,
1659 4994 1903 5049 hostibus
1950 4995 2080 5060 suis,

490 5084 535 5137 si
566 5100 703 5153 quos
734 5084 1019 5152 baberent,
1071 5085 1127 5140 in
1171 5086 1398 5141 veritate
1430 5084 1701 5141 terribiles
1726 5100 1849 5140 esse
1872 5086 2079 5155 potuis-

492 5186 630 5233 sent.
675 5177 809 5233 Dum
837 5193 967 5249 ergo
998 5180 1342 5249 pertimuisse
1370 5188 1427 5234 et
1475 5180 1802 5250 ingemuisse
1829 5179 2085 5237 cadentes

494 5272 686 5338 poculo
705 5271 978 5338 dicuntur,
1025 5287 1134 5328 non
1172 5272 1455 5344 passiones
1480 5272 1742 5327 mentium
1796 5273 1850 5326 in
1885 5272 2087 5327 sanctis

497 5362 938 5429 praedicatoribus
967 5364 1249 5434 Scriptura
1280 5364 1539 5426 ostendit,
1588 5364 1684 5418 sed
1711 5364 2085 5420 subsannatio-

502 5466 624 5503 nem
650 5450 883 5509 Judaica:
904 5455 1311 5526 disputationis;
1369 5472 1489 5527 qum
1521 5464 1671 5510 tanto
1698 5456 2083 5526 contemptibi-

502 5540 623 5609 lior,
656 5552 712 5597 et
748 5546 859 5600 risu
888 5546 1101 5617 dignior
1134 5550 1393 5615 noscitur,
1436 5557 1641 5620 quanto
1681 5550 1745 5602 ad
1785 5548 2079 5618 spiritalem

502 5637 967 5693 conversationem
1005 5640 1257 5697 Iudaicus
1295 5642 1532 5711 populus
1570 5640 1745 5708 legem
1784 5654 1815 5693 a
1858 5640 2085 5697 Domino

503 5728 798 5798 spiritalem
830 5734 1057 5804 accepit,
1086 5744 1143 5790 et
1172 5736 1275 5795 hoc
1293 5734 1439 5805 quod
1462 5734 1652 5805 spiritu
1674 5734 1909 5790 donante
1939 5750 2083 5791 acce-

503 5830 678 5891 perat,
719 5823 773 5881 in
824 5825 1015 5895 spiritu
1070 5842 1177 5882 non
1229 5827 1479 5883 attendit.
1536 5826 1716 5895 Quare
1754 5836 1809 5884 et
1844 5827 2085 5900 ejusdem

2190 4644 2375 4684 eorum
2398 4628 2596 4698 quippe
2616 4627 3055 4697 congressionem
3071 4627 3526 4698 confortarentur,
3549 4636 3604 4683 et
3623 4629 3780 4699 quasi

2190 4720 2329 4776 virili
2353 4719 2664 4775 fortitudine
2685 4720 3043 4787 decertarent,
3063 4720 3107 4775 si
3129 4721 3274 4776 velut
3300 4738 3329 4775 a
3358 4721 3780 4792 sapientioribus

2189 4822 2244 4868 et
2272 4811 2663 4867 rationabiliter
2688 4811 3082 4883 disputantibus
3121 4813 3433 4869 assertionis
3464 4830 3572 4868 sum
3601 4814 3781 4869 muni-

2188 4910 2367 4958 menta
2401 4901 2613 4971 infringi
2644 4902 2968 4957 timuissent.
3002 4903 3162 4969 Quasi
3187 4902 3329 4958 enim
3360 4902 3542 4959 dicat:
3575 4903 3781 4959 Contra

2188 5010 2377 5051 eorum
2408 4994 2742 5064 objectiones
2770 5010 2836 5049 eo
2865 4994 3087 5049 robusta
3130 5001 3184 5050 et
3222 5004 3379 5051 acuta
3417 4996 3595 5066 aliqua
3624 4995 3783 5052 nobis

2189 5088 2518 5159 exquirenda
2548 5101 2655 5144 non
2679 5095 2834 5155 sunt,
2866 5102 2973 5158 quo
2995 5086 3094 5157 ipsi
3118 5102 3455 5158 nequaquam
3478 5086 3693 5142 subtilia
3726 5095 3785 5141 et

2189 5180 2446 5248 timenda,
2479 5179 2575 5235 sed
2606 5179 2802 5235 debilia
2834 5187 2889 5235 et
2917 5181 3308 5235 contemnenla
3342 5178 3620 5249 objiciunt.
3650 5177 3779 5244 Sed,

2188 5282 2252 5326 ut
2299 5270 2442 5338 dixi,
2494 5269 2877 5342 prmdicatorcs
2916 5278 3115 5324 sancta:
3144 5268 3399 5324 Ecclesire
3445 5269 3547 5323 etsi
3590 5279 3781 5324 contra

2190 5362 2493 5419 Iudaeorum
2523 5362 2829 5433 vaniloquia
2853 5363 3065 5417 noviter
3093 5361 3239 5416 nulla
3270 5368 3590 5431 praeparant,
3621 5356 3784 5433 plana

2186 5466 2369 5512 tamen
2392 5463 2447 5511 et
2473 5455 2660 5509 humili
2684 5470 2827 5509 vera:
2852 5454 2973 5509 ﬁdei
3002 5463 3200 5509 nostrae
3225 5455 3433 5509 ratione
3456 5470 3784 5527 quocunque

2188 5548 2353 5602 modo
2410 5545 2755 5601 defensorum
2810 5544 3105 5618 Synagogte
3170 5550 3427 5617 impetum
3485 5544 3782 5601 debellant.

2195 5640 2343 5695 Unde
2370 5650 2422 5695 et
2446 5639 2662 5695 subdit:

2264 5733 2443 5804 (Vers.
2468 5731 2554 5797 10,
2580 5729 2692 5799 ﬂ.)
2720 5728 2981 5801 Pugnavit
3001 5749 3124 5803 ergo
3148 5730 3487 5799 Philistlilim,
3505 5740 3553 5785 et
3574 5746 3785 5787 aversus

2192 5834 2266 5882 est
2297 5824 2488 5895 Israel,
2518 5824 2860 5896 unusquisque
2886 5825 2939 5879 in
2963 5824 3350 5889 tabernaculum
3372 5841 3540 5897 suum,
3571 5834 3619 5882 et
3638 5826 3786 5896 facta
