4044 6336
264 294 371 359 {85

1077 281 1142 336 IN
1184 281 1446 337 PRIMUM
1485 278 1726 337 REGUM
1767 277 2285 349 EXPOSITIONES.
2310 281 2397 325 ’-
2436 285 2567 341 LIB.
2609 286 2697 345 Ill.

3426 293 3531 352 I60

257 407 332 454 rst
373 395 532 467 plaga
568 410 759 467 magna
785 396 971 463 nimis,
1002 405 1054 450 et
1082 413 1205 450 arca
1246 397 1346 451 Dei
1389 406 1541 468 capta
1578 405 1672 451 est.
1723 395 1839 451 Duo
1870 398 1920 459 Λ
1947 396 2278 453 immensitas
2307 413 2499 457 averso
2543 400 2653 470 jam
2700 400 2884 458 lsraeli
2915 404 3258 474 perhibetur,
3288 410 3411 477 quia
3442 410 3571 477 ,Ιιι-⁹

254 506 449 561 quoque
473 489 571 559 μισ
601 490 724 544 Heli
748 491 936 544 mortui
961 499 1103 560 sunt,
1136 490 1312 561 Ophui
1343 502 1392 545 et
1419 492 1659 547 Phineas.

332 580 420 638 lit.
460 579 820 648 Philisthiim,
860 582 911 636 id
950 591 1034 638 est
1069 583 1264 653 poculo
1292 584 1547 640 cadentes
1585 590 1843 655 pugnant,

254 689 381 731 cum
408 674 660 731 doctores
705 682 906 730 sancta
944 672 1199 729 Ecclesia:
1236 688 1360 729 cum
1401 674 1680 730 catholicae
1724 672 1848 729 ﬁdei

260 768 459 825 vexillo
486 766 684 823 ludatis
723 767 1158 839 impugnantibus
1186 768 1425 823 obviant.
1467 768 1630 822 Israel
1665 772 1849 821 autem

254 862 538 927 avertitur,
571 859 698 929 quia
740 864 795 914 in
834 860 982 915 omni
1007 861 1371 930 disputatione
1395 859 1700 915 Iudaeorum
1726 875 1851 915 ver-.-

255 954 402 1009 sutia
443 960 747 1022 superatur.
794 952 978 1009 Averti
1017 953 1157 1007 enim
1197 953 1248 1007 ei
1290 962 1373 1008 est
1412 968 1479 1009 ex
1511 954 1624 1024 pari
1650 954 1853 1008 virtute

256 1046 535 1102 adversari
564 1061 671 1101 non
700 1059 879 1115 posse.
908 1043 1013 1110 Qui
1041 1053 1220 1100 autem
1247 1046 1541 1115 praeliando
1568 1046 1848 1114 avertitur,

257 1138 317 1192 in
347 1137 532 1206 praelio
562 1136 777 1205 quidem
811 1143 924 1201 est,
956 1137 1053 1193 sed
1095 1136 1331 1205 Iugiens,
1361 1137 1465 1192 etsi
1490 1137 1689 1191 virtute
1715 1133 1851 1190 deli-

260 1230 432 1293 ciens,
463 1229 688 1284 nocendi
720 1236 899 1285 tamen
929 1229 1258 1286 desiderium
1301 1246 1410 1286 non
1450 1231 1721 1285 amittens.
1762 1228 1853 1286 Sic

258 1331 496 1389 namque
543 1331 629 1379 est
675 1321 854 1377 omnis
901 1321 1149 1390 repulsus
1198 1322 1383 1378 Israel.
1432 1322 1591 1391 Fugit
1635 1323 1848 1391 quippe,

257 1412 385 1479 quia
442 1410 756 1465 doctoribus
807 1420 1008 1466 sanctas
1060 1409 1317 1469 Ecclesite
1370 1412 1697 1483 respondere
1746 1427 1854 1467 non

255 1500 487 1566 sumcit;
517 1501 613 1557 sed
642 1502 849 1571 fugiens
888 1502 1053 1558 vellet
1102 1503 1392 1571 resistere,
1441 1504 1567 1571 quia
1599 1504 1770 1558 victus
1800 1509 1855 1556 et

271 1593 533 1647 confusus
558 1603 781 1661 cuperet
813 1593 915 1647 sibi
951 1594 1107 1664 130
1132 1602 1420 1663 suppetere
1448 1592 1588 1648 unde
1624 1592 1852 1659 veritati,

265 1698 375 1751 qua
404 1685 657 1751 vincitur,
688 1684 947 1753 refragari
992 1685 1272 1754 potuisset.
1324 1684 1470 1739 Bene
1514 1684 1694 1752 itaque
1735 1697 1854 1738 cum

1949 485 2133 542 daicus
2161 488 2391 557 populus
2417 498 2545 544 ante
2588 490 2685 544 fuit
2713 506 2743 544 a
2772 500 2974 547 sanetae
3003 493 3259 550 Ecclesia:
3297 498 3539 555 ducturi-

1950 577 2051 633 bus
2078 586 2132 632 et
2151 580 2322 634 victus
2350 589 2406 635 et
2435 583 2754 652 reprobatus
2776 598 2938 653 quam
2968 599 2997 639 a
3025 585 3271 643 Romano
3300 593 3541 649 exercitu

1951 678 2309 740 expugnatus,
2358 683 2671 744 peremptus
2717 684 2773 729 et
2811 677 2865 731 in
2914 679 3279 747 captivitatem
3322 681 3539 742 ductus.

1952 762 2085 815 Nam
2125 764 2247 818 inde
2286 768 2608 835 expugnari,
2657 768 2833 824 occidi
2860 778 2916 824 et
2940 770 2994 825 in
3022 773 3386 842 captivitatem
3415 776 3541 834 duci

1955 854 2322 923 temporaliter
2348 858 2541 926 potuit,
2574 860 2699 928 quia
2728 869 2943 915 aeterna:
2972 862 3238 919 libertatis
3266 868 3534 922 securita-
3602 908 3615 917 .

1953 953 2062 1000 tem
2103 946 2338 1001 oblatam
2371 948 2471 1002 sibi
2505 964 2536 1003 a
2571 958 2773 1005 sanctte
2807 950 3065 1008 Ecclesiae
3093 954 3404 1012 doctoribus
3432 973 3541 1015 non

1953 1038 2176 1107 recepit.
2207 1037 2315 1093 Sed
2342 1049 2396 1093 et
2416 1040 2604 1095 eadem
2629 1041 2785 1111 plaga
2812 1043 2865 1098 in
2894 1042 3143 1100 lsraelem
3164 1054 3403 1103 veterem
3429 1049 3539 1105 alta
3600 1083 3607 1090 -

1953 1129 2146 1183 divinae
2184 1129 2443 1185 bonitatis
2488 1131 2889 1202 dispensatione
2924 1135 3262 1206 decernitur,
3312 1148 3373 1196 ut
3418 1154 3542 1196 arca

1955 1220 2051 1275 Dei
2081 1235 2111 1272 a
2140 1220 2427 1289 gentilibus
2457 1232 2771 1292 caperetur,
2803 1234 2858 1281 et
2896 1225 3195 1283 divinorum
3232 1242 3542 1285 sacramen-

1956 1322 2132 1368 torum
2159 1313 2468 1371 intellectus
2492 1325 2692 1372 sanctae
2717 1317 2969 1375 Ecclesia:
2994 1322 3179 1379 ﬁdeles
3211 1331 3359 1379 tanto
3385 1339 3543 1379 secu~

1955 1404 2065 1459 rius
2086 1405 2184 1459 sub
2209 1405 2441 1475 spiritali
2469 1407 2849 1477 explanatione
2872 1414 3227 1484 perciperent,
3259 1424 3463 1486 quanto
3486 1418 3541 1472 in

1956 1495 2136 1551 Judaea
2163 1498 2293 1552 nihil
2321 1514 2603 1555 remanere
2624 1510 2926 1568 cernerent,
2958 1506 3102 1573 quod
3131 1507 3423 1564 carnaliter
3447 1524 3543 1563 en

1958 1588 2187 1644 biberet.
2237 1590 2463 1645 Volente
2490 1607 2724 1662 namque
2754 1594 2886 1661 Deo,
2918 1595 3226 1661 civitatem,
3261 1600 3541 1669 templum,

1959 1695 2137 1735 arcam
2166 1680 2384 1737 foederis
2411 1691 2567 1737 vetus
2597 1684 2829 1755 populus
2857 1685 3109 1754 perdidit,
3143 1694 3202 1740 ut
3229 1703 3365 1742 nova
3393 1689 3544 1759 plebs

258 1790 488 1830 aversus
515 1774 682 1831 Israel
709 1775 929 1842 dicitur;
960 1783 1118 1830 caute
1144 1775 1486 1843 subjunctum
1526 1784 1609 1829 est
1634 1790 1648 1827 :
1682 1772 1855 1827 Unus-
1884 1786 1932 1848 Β
1958 1779 2156 1825 sancta:
2184 1769 2439 1827 Ecclesiae
2459 1787 2525 1828 eo
2552 1772 2762 1843 plenius
2782 1774 2897 1831 veri
2919 1782 2975 1830 et
3003 1776 3129 1830 novi
3156 1778 3401 1832 sacriﬁcii
3425 1794 3544 1849 my-

254 1867 471 1938 quisque
501 1868 555 1920 in
583 1866 968 1921 tabernaculum
994 1883 1163 1921 suum.
1197 1866 1623 1922 Taberuaculum
1652 1866 1852 1936 quippe

257 1956 684 2025 uniuscujusque
724 1956 978 2012 Israelita:
1004 1966 1088 2011 est
1125 1973 1221 2012 cor
1245 1955 1482 2028 perﬁdiae
1509 1957 1854 2012 conclusione

253 2042 708 2112 circumseptum.
740 2044 874 2111 Quia
902 2046 1092 2114 igitur,
1124 2047 1254 2101 victi
1297 2063 1329 2101 a
1373 2056 1572 2104 sancta:
1600 2046 1855 2103 Ecclesia:

254 2134 735 2201 prmdicatoribus,
774 2138 968 2192 erroris
996 2137 1080 2195 sui
1109 2137 1331 2192 latibula
1362 2145 1630 2208 repetunt,
1662 2138 1855 2207 singuli

246 2221 538 2291 fugientes
568 2225 636 2279 de
662 2226 847 2294 prmlio
877 2226 929 2281 in
955 2242 1110 2282 suum
1142 2226 1548 2282 tabernaculum
1578 2236 1856 2284 revertun-

248 2321 369 2367 tur.
412 2313 481 2368 Et
505 2314 634 2383 quia
663 2315 766 2370 hoc
792 2323 960 2372 totum
1000 2318 1067 2373 de
1119 2317 1503 2389 adimpletione
1553 2320 1701 2375 verbi
1750 2319 1854 2374 Sa-

251 2407 491 2476 muelis,
539 2407 789 2463 videlicet
835 2409 904 2465 de
949 2409 1203 2465 Ecclesiae
1234 2412 1517 2481 primitivae
1559 2413 1855 2468 commina~

259 2499 432 2565 tione,
462 2500 676 2568 dicitur,
709 2502 865 2571 plaga
897 2517 1091 2573 magna
1120 2503 1280 2558 nimis
1308 2502 1453 2558 facta
1482 2504 1646 2561 fuisse
1674 2505 1855 2575 perhi.

250 2590 435 2656 betur,
470 2606 587 2660 qua:
621 2590 866 2661 profecto
896 2592 1083 2664 plaga,
1132 2610 1232 2664 pro
1274 2594 1495 2652 lectoris
1523 2596 1769 2666 arbitrio,
1799 2604 1855 2651 et

250 2684 554 2737 secundum
603 2685 905 2754 spiritalem
960 2688 1397 2757 percussionem,
1448 2697 1503 2744 et
1554 2690 1854 2747 secundum

256 2774 596 2831 materialem
621 2777 793 2847 accipi
823 2778 1209 2834 convenienter
1228 2788 1427 2850 potest.

337 2865 422 2920 I5.
452 2867 582 2922 Nam
613 2867 679 2924 de
708 2870 935 2940 spiritali
969 2888 1159 2928 eorum
1190 2873 1347 2943 plaga
1378 2872 1444 2929 ad
1475 2873 1768 2944 discipulos
1799 2875 1854 2932 in

253 2955 641 3026 praedicatione
680 2960 980 3017 destinatos
1022 2963 1280 3021 Dominus
1327 2967 1455 3022 dicit
1494 2984 1508 3019 :
1553 2965 1855 3040 Quicunque

250 3063 363 3102 non
400 3052 685 3118 receperint
722 3068 809 3106 vos
871 3064 1115 3109 exeuntes
1152 3057 1293 3125 foras
1325 3058 1388 3111 de
1422 3058 1603 3126 domo,
1631 3059 1706 3112 uel
1731 3062 1854 3115 civi-

1957 1864 2179 1919 sterium
2208 1872 2580 1933 recognoscat,
2610 1879 2718 1934 quo
2747 1865 2890 1934 apud
2919 1864 3151 1931 indutos,
3194 1868 3346 1923 novis
3375 1882 3545 1937 appaq

1958 1956 2199 2011 rentibus
2218 1995 2234 2020 ,
2286 1965 2471 2011 vetera
2500 1958 2717 2027 penitus
2745 1956 3006 2014 defecisse
3036 1960 3364 2015 considerat.
3405 1962 3546 2017 Area

1957 2049 2139 2118 itaque
2176 2047 2270 2103 Dei
2308 2064 2339 2103 a
2381 2047 2704 2104 Philisthaeis
2731 2058 2887 2120 capta
2933 2052 3212 2119 asseritur,
3245 2054 3403 2122 quia,
3447 2053 3547 2109 de.

1957 2147 2163 2194 structo
2191 2153 2342 2195 more
2374 2140 2569 2194 veteris
2598 2138 2911 2209 Scriptum,
2942 2150 3282 2197 sacramenta
3314 2158 3343 2195 a
3373 2144 3550 2211 genti.

1957 2230 2096 2285 libus
2123 2230 2419 2286 secundum
2447 2231 2731 2286 veritatem
2763 2232 2981 2302 spiritus
3017 2232 3245 2288 ﬁdeliter
3273 2233 3549 2301 accipiunt.

1958 2331 2063 2376 tur.
2094 2322 2247 2392 Capit
2275 2322 2476 2392 quippe
2516 2338 2697 2378 arcam
2738 2324 2835 2378 Dei
2874 2324 2966 2393 qui
3006 2324 3199 2380 divina:
3227 2324 3549 2393 cognitionis

1958 2412 2215 2482 mysteria
2244 2412 2298 2467 in
2327 2428 2488 2468 sacro
2513 2413 2729 2481 eloquio
2760 2430 2857 2483 per
2881 2416 3161 2477 veritatem
3200 2417 3350 2487 131
3384 2415 3550 2470 intel-

1957 2501 2221 2570 ligentiae,
2254 2504 2450 2558 mentis
2479 2503 2770 2559 devotione
2798 2505 3222 2576 comprehendit.
3256 2507 3361 2561 Sed
3389 2517 3550 2576 capta

1956 2607 2102 2659 arca,
2128 2593 2236 2649 duo
2260 2594 2505 2663 protinus
2532 2593 2654 2651 Heli
2680 2594 2773 2650 lilii
2802 2599 3125 2665 moriuntur,
3152 2600 3275 2668 quia
3305 2600 3549 2669 proiecto

1956 2690 2012 2737 et
2059 2683 2282 2753 majoris
2329 2685 2533 2741 ordinis
2582 2688 2920 2755 sacerdotes,
2975 2698 3138 2759 atque
3185 2691 3436 2755 minoris,
3492 2691 3549 2747 il

1955 2773 2131 2830 ofﬁcio
2164 2775 2542 2832 immolationis
2590 2780 2787 2835 veteris
2836 2796 3103 2850 nusquam
3150 2782 3357 2836 vivunt.
3409 2781 3549 2838 Mori

1955 2882 2190 2936 namque
2228 2868 2580 2937 perhibentur
2601 2907 2617 2935 ,
2659 2871 2751 2938 qui
2794 2872 2989 2927 oﬁ'erre
3016 2887 3170 2927 sacra
3199 2872 3418 2928 omnino
3447 2873 3547 2929 de:

1955 2963 2113 3018 siere.
2148 2962 2402 3032 Sequitur
2434 2982 2447 3017 :

2027 3056 2213 3125 (Vers.
2246 3056 2342 3122 I2,
2376 3055 2502 3128 I5.)
2545 3057 2769 3112 Currens
2798 3068 2968 3113 autem
2994 3061 3071 3113 vir
3097 3074 3231 3113 unus
3260 3060 3326 3115 de
3354 3060 3551 3130 Benja-

254 3147 395 3209 tate,
424 3144 644 3197 excutite
666 3144 920 3213 pulverem
947 3146 1009 3201 de
1036 3147 1250 3217 pedibus
1280 3152 1479 3209 uestris.
1526 3151 1689 3205 Amen
1730 3152 1845 3208 dico
1876 3180 1925 3243 ϐ
1953 3149 2059 3202 utin
2085 3166 2152 3203 ea:
2180 3149 2323 3215 acie,
2363 3152 2497 3203 venit
2529 3150 2584 3203 in
2611 3150 2725 3205 Silo
2752 3152 2806 3205 in
2835 3152 2918 3205 die
2944 3152 3066 3220 illo,
3109 3153 3270 3206 scissa
3298 3162 3431 3206 veste
3451 3190 3466 3217 ,
3497 3160 3548 3207 et

253 3230 399 3285 vobis
424 3247 442 3285 :
472 3232 791 3287 tolerablius
832 3237 932 3289 erit
973 3244 1125 3292 terra:
1155 3236 1499 3293 Sodomorum
1538 3250 1587 3293 et
1627 3239 1847 3295 Gomor-

256 3323 519 3377 rhteorunt
548 3326 603 3378 in
634 3325 715 3378 die
737 3326 947 3396 judicii,
996 3346 1149 3400 quam
1178 3331 1256 3385 illi
1300 3330 1495 3386 ciuitati
1540 3331 1763 3403 (Matth.
1795 3350 1849 3401 χ,

258 3413 371 3485 Η).
412 3415 549 3472 Hinc
582 3420 776 3473 iterum
817 3419 985 3487 dicit:
1020 3420 1123 3485 Qui
1155 3424 1431 3477 crediderit
1468 3432 1517 3477 et
1560 3424 1851 3494 baptizatus

256 3509 438 3577 fuerit,
471 3511 644 3564 saluus
670 3512 767 3565 erit
777 3503 916 3583 {qui
937 3529 1052 3567 vero
1081 3529 1186 3567 non
1215 3513 1512 3583 crediderit,
1537 3516 1852 3569 condemna-

258 3597 622 3667 bilur'(Marc.
656 3618 762 3669 xvi,
788 3602 906 3679 v16).
937 3602 1244 3658 Secundum
1271 3606 1605 3660 materialem
1634 3620 1852 3674 quoque

257 3695 667 3759 percussionem
708 3696 917 3765 plagam
949 3713 1197 3767 magnam
1228 3699 1483 3767 insinuat,
1519 3715 1642 3754 eum
1670 3700 1737 3754 ad
1764 3699 1851 3756 Je-

258 3787 493 3845 rusalem
524 3789 774 3859 loquitur,
806 3790 991 3847 dicens
1020 3809 1033 3845 :
1076 3792 1293 3847 i'enient
1323 3792 1433 3846 dies
1458 3793 1513 3846 in
1553 3800 1629 3857 te,
1670 3803 1719 3846 et
1747 3796 1851 3848 cir-

254 3880 569 3932 cumdabant
594 3890 641 3934 te
662 3882 864 3935 inimici
882 3883 955 3936 tui
982 3882 1136 3948 vallo,
1162 3893 1210 3937 et
1239 3883 1649 3954 coanguslabunt
1679 3894 1726 3939 te
1754 3902 1851 3941 uu-

257 3969 418 4039 dique
446 3979 491 4022 et
517 3972 649 4039 ﬁlios
675 3981 807 4038 tuos,
833 3984 882 4026 et
912 3975 980 4028 ad
1008 3985 1195 4030 terram
1218 3986 1543 4046 prosternant
1575 3987 1643 4045 te,
1670 3987 1719 4030 et
1746 3995 1850 4035 non

256 4058 577 4131 relinquetur
620 4060 672 4116 in
712 4072 757 4115 te
791 4061 923 4134 lapis
952 4080 1105 4135 super
1146 4064 1374 4135 lapidem
1406 4065 1557 4138 (Luc.
1605 4084 1727 4136 χιχ,
1755 4068 1860 4134 45,-

254 4151 376 4223 44).
422 4152 557 4209 Hinc
588 4158 1035 4225 compatiuntibus
1077 4158 1179 4212 sibi
1207 4166 1369 4227 atque
1398 4158 1701 4227 lugentibus
1727 4176 1848 4214 tnu-

254 4246 508 4313 lieribus,
553 4248 620 4302 ad
658 4250 921 4320 passionis
949 4266 1059 4305 suae
1087 4250 1451 4320 dignationem
1481 4252 1848 4321 proﬁciscens,

256 4337 522 4406 loqztitur,
553 4338 737 4394 dicens
770 4358 781 4393 :
814 4339 969 4395 Filia:
995 4339 1310 4408 Jerusalem,
1358 4342 1517 4396 nolite
1546 4343 1670 4410 ﬂere
1699 4358 1850 4410 super

257 4447 357 4493 me,
392 4430 483 4483 sed
524 4446 677 4500 super
702 4448 786 4486 uos
825 4434 966 4503 ipsas
1010 4435 1157 4503 ﬂete,
1203 4443 1249 4488 et
1277 4452 1429 4505 super
1466 4435 1605 4504 ﬁlios
1634 4443 1846 4501 vestros,

255 4522 503 4590 quoniam
526 4538 641 4574 ecce
662 4524 859 4581 venient
880 4524 933 4576 in
958 4534 1002 4577 te
1024 4523 1133 4577 dies
1153 4525 1208 4578 in
1229 4524 1408 4595 quibus
1437 4524 1606 4578 dicent
1632 4544 1643 4576 :
1675 4524 1851 4580 Beata:

253 4610 477 4676 steriles,
512 4621 560 4664 et
581 4621 779 4666 ventres
802 4616 883 4686 qui
908 4631 1009 4668 non
1030 4624 1337 4685 genuerunt,
1366 4623 1413 4668 et
1435 4614 1592 4669 ubera
1614 4632 1726 4687 qua:
1747 4632 1852 4671 non

254 4702 599 4759 lactaverunt.
636 4705 777 4761 Tunc
807 4708 1055 4778 incipient
1100 4708 1269 4763 dicere
1307 4710 1564 4763 montibus
1603 4726 1620 4763 :

252 4810 413 4864 super
440 4812 568 4863 nos;
600 4807 647 4851 et
676 4798 929 4853 collibus:
965 4799 1172 4871 Uperite
1200 4818 1313 4857 nos.
1351 4800 1489 4866 Quia
1527 4804 1572 4857 si
1610 4804 1665 4859 in
1703 4803 1855 4857 uiridi

264 4885 414 4956 ligno
446 4887 555 4947 Itale
585 4892 800 4961 faciunt,
832 4894 887 4946 in
928 4892 1077 4948 arido
1102 4894 1225 4965 quid
1267 4894 1356 4963 ﬁet
1386 4892 1535 4963 (Luc.
1580 4911 1731 4962 χχιιι,
1765 4894 1857 4963 98,

254 4979 433 5049 θείων
482 4980 684 5046 Quibus
711 4983 953 5055 proiecto
981 4985 1158 5039 verbis
1187 4998 1249 5040 ea
1279 5000 1395 5055 qua:
1423 4983 1725 5041 Judaaorum
1757 5002 1857 5056 po-

258 5070 391 5139 pulo
419 5086 447 5124 a
480 5071 737 5135 Romanis
762 5076 1094 5147 principibus
1122 5075 1451 5145 Vespasiano
1471 5086 1528 5130 et
1555 5075 1675 5131 Tito
1706 5077 1850 5134 illata

256 5168 349 5215 est
384 5168 442 5215 et
486 5178 634 5219 mors
680 5174 735 5221 et
772 5155 1055 5238 captivitas
1096 5167 1426 5236 designatur.
1477 5166 1624 5221 Tunc
1654 5168 1855 5238 quippe

252 5253 418 5326 plaga
461 5272 649 5328 magna
694 5258 835 5315 iacta
881 5258 1011 5326 fuit,
1061 5263 1278 5333 quando
1325 5278 1446 5317 cum
1486 5262 1853 5323 internecione

254 5346 446 5415 pepuli
472 5346 778 5407 Judmorum
808 5352 999 5409 civitas
1038 5361 1091 5408 et
1120 5362 1277 5424 capta
1323 5354 1529 5409 exstitit
1556 5362 1611 5409 et
1641 5370 1848 5423 eversa,

253 5438 475 5507 quando
504 5456 603 5513 pro
636 5442 838 5499 ultione
868 5442 1037 5499 divini
1064 5445 1355 5515 sanguinis,
1389 5454 1444 5500 et
1470 5446 1650 5501 hostili
1673 5445 1850 5515 gladio

255 5529 491 5597 populus
516 5533 739 5599 corruit,
772 5543 829 5589 et
848 5534 939 5603 qui
963 5534 1191 5591 evadere
1216 5536 1415 5591 ferrum
1441 5537 1617 5607 potuit
1636 5553 1852 5608 plenam

254 5622 517 5678 sustinuit
563 5633 779 5683 reterns:
824 5626 1168 5699 captivitatis.
1219 5628 1349 5697 Quae
1396 5631 1641 5701 profecto
1687 5632 1855 5704 plaga:

337 5792 365 5825 αι
404 5784 595 5859 Aliter,
633 5788 740 5861 qui.

1882 4566 1930 4627 Ι)

1671 4709 1854 4764 Cadite

1956 3257 2259 3309 conspersus
2306 3241 2511 3310 pulvere
2550 3252 2725 3310 caput.
2772 3242 2998 3313 Cumque
3026 3243 3116 3296 ille
3142 3244 3388 3309 uenisset,
3423 3242 3550 3301 Heli

1954 3332 2162 3385 sedebat
2188 3350 2341 3401 super
2367 3334 2516 3400 sella,
2561 3342 2800 3403 spectans
2830 3344 3011 3389 contra
3054 3336 3206 3388 viam.
3252 3334 3343 3389 Vir
3374 3342 3546 3395 autem

1954 3423 2060 3488 ille,
2094 3433 2364 3493 postquam
2392 3425 2652 3493 ingressus
2682 3435 2778 3489 est,
2811 3424 3064 3477 nuntiavit
3088 3423 3221 3488 urbi,
3254 3432 3302 3477 et
3331 3423 3548 3478 ululavit

1955 3518 2121 3570 omnis
2151 3518 2352 3569 ciuitas.

2030 3607 2115 3662 14.
2148 3607 2287 3674 Quid
2318 3622 2415 3677 per
2442 3606 2615 3662 virum
2647 3606 2806 3661 istum
2837 3607 3171 3677 exprimitur,
3215 3608 3307 3675 qui
3335 3607 3405 3663 de
3427 3608 3548 3666 acie

1954 3699 2106 3768 fugit,
2141 3700 2241 3754 nisi
2272 3714 2334 3753 ea
2364 3714 2489 3768 pars
2515 3696 2722 3753 Judaici
2753 3698 2936 3769 populi
2968 3713 3087 3769 qua:
3116 3698 3186 3754 ad
3215 3698 3546 3769 Redempto-

1952 3791 2027 3846 ris
2067 3790 2431 3861 cognitionem
2460 3788 2727 3845 veniendo
2760 3789 3038 3846 Judaicam
3079 3790 3357 3860 perlidiam
3383 3791 3547 3847 dere-

1953 3882 2145 3950 liquit?
2175 3880 2404 3935 Currere
2428 3893 2663 3949 namque
2689 3881 2739 3935 ei
2760 3880 2862 3935 fuit
2886 3895 2916 3936 a
2943 3882 3208 3951 pravitate
3239 3882 3438 3937 erroris
3463 3882 3548 3940 sui

1953 3975 2255 4031 devotionis
2312 3974 2606 4030 velocitate
2662 3974 2944 4030 desistere.
3012 3973 3149 4040 Quia
3203 3989 3331 4030 vero
3385 3973 3548 4031 fortia

1953 4081 2113 4136 agere
2142 4066 2197 4120 in
2227 4065 2607 4136 Redemptoris
2636 4063 2972 4135 professione
3001 4066 3282 4134 disposuit,
3314 4066 3396 4119 vir
3421 4064 3543 4123 fuit.

1953 4157 2055 4223 Qui
2092 4157 2341 4212 nimirum
2378 4172 2444 4212 eo
2473 4157 2561 4211 die
2600 4173 2707 4226 quo
2736 4158 2909 4213 victus
2937 4164 3019 4210 est
3048 4154 3117 4211 de
3142 4157 3325 4225 praelio
3349 4157 3540 4223 currit,

1940 4251 2079 4321 quia
2107 4267 2170 4307 ea
2203 4251 2324 4305 lidei
2357 4250 2749 4304 illuminatione
2775 4263 2879 4316 qua
2907 4246 3146 4317 perﬁdiae
3177 4248 3425 4331 tenebras
3451 4248 3548 4305 de-

1953 4344 2123 4399 seruit
2152 4344 2220 4397 ad
2250 4340 2645 4412 pra-dicandum
2673 4340 2957 4395 veritatem
2996 4356 3154 4411 quam
3193 4349 3420 4397 noverat
3448 4358 3545 4398 ac-

1954 4435 2134 4489 cessit.
2166 4433 2319 4489 Unde
2347 4441 2402 4487 et
2432 4433 2484 4487 in
2516 4431 2631 4487 Silo
2655 4434 2867 4487 venisse
2895 4433 3230 4503 perhibetur,
3264 4444 3290 4473 ι
3320 4436 3444 4506 quia
3476 4433 3544 4490 ad

1955 4526 2389 4597 praedicationem
2412 4525 2665 4581 mittitur.
2692 4525 2795 4591 Qui
2817 4535 3021 4581 vestem
3044 4528 3220 4596 scidit,
3251 4530 3374 4599 quia
3397 4538 3541 4585 vete-

1954 4635 2067 4675 rem
2105 4635 2165 4674 se
2210 4619 2483 4673 hominem
2529 4619 2704 4683 exuit;
2754 4628 2917 4689 caput
2954 4620 3174 4689 pulvere
3212 4622 3534 4691 conspersit,

1958 4712 2084 4784 quia
2117 4710 2187 4766 de
2225 4709 2515 4780 splendore
2541 4711 2669 4766 novi
2697 4711 2953 4777 hominis,
2996 4725 3103 4780 quo
3134 4728 3193 4767 se
3222 4712 3415 4779 induit,
3447 4728 3542 4767 ne-

1956 4824 2223 4879 quaquam
2270 4807 2599 4878 superbivit.
2632 4807 2806 4865 Scissa
2835 4823 3068 4877 namque
3096 4810 3262 4864 vestis
3288 4809 3353 4862 ad
3382 4809 3545 4863 deco-

1955 4918 2069 4958 rem
2113 4910 2310 4957 sancta:
2342 4901 2769 4957 conversationis
2794 4902 3056 4972 pertinet,
3088 4902 3399 4971 conspersio
3425 4902 3546 4971 pulo

1956 4994 2097 5049 veris
2127 4994 2193 5049 ad
2215 4992 2629 5049 testimationem
2658 4992 2995 5049 humilitatis.
3028 4992 3163 5058 Quia
3189 5004 3318 5059 ergo
3344 4993 3544 5047 sanctis

1960 5086 2429 5157 praedicatoribus,
2478 5100 2580 5141 nec
2620 5085 2744 5143 vitta
2783 5084 3045 5145 munditia
3073 5084 3190 5138 sine
3216 5083 3545 5152 humilitate,

1957 5195 2060 5234 nec
2102 5178 2376 5234 humilitas
2402 5176 2602 5234 suﬂicit
2628 5177 2747 5234 sine
2774 5185 2961 5231 sancta
2990 5176 3400 5232 conversatione
3417 5216 3433 5243 ,
3464 5177 3544 5229 vir

1957 5272 2050 5342 qui
2079 5272 2133 5326 in
2164 5271 2447 5327 doctorum
2477 5278 2608 5342 typo
2637 5273 2704 5325 ad
2734 5268 3158 5324 annmtisndnm
3202 5266 3411 5323 lsreelis
3456 5267 3541 5321 in.

1958 5364 2173 5418 teritum
2204 5364 2381 5428 venit,
2431 5372 2483 5418 et
2534 5371 2741 5419 vestem
2781 5360 2969 5427 scidit,
3022 5369 3075 5415 et
3117 5368 3278 5430 caput
3322 5358 3545 5429 pulvere

1948 5455 2269 5524 conspersit.
2324 5453 2437 5510 lloc
2464 5443 2699 5522 namque
2741 5451 2964 5522 pulvere
2991 5463 3152 5522 eaput
3189 5466 3541 5521 enttspersunt

1950 5547 2235 5615 portabat,
2262 5546 2353 5615 qui
2374 5588 2389 5613 ,
2419 5545 2646 5607 Domino
2674 5544 2931 5613 loquens,
2963 5544 3039 5599 ait
3065 5561 3077 5597 :
3105 5543 3311 5615 Loquar
3334 5545 3403 5599 ad
3436 5542 3544 5599 Do-

1953 5639 2148 5694 minum
2169 5656 2361 5708 meum,
2392 5655 2509 5694 cum
2528 5638 2626 5699 tim
2648 5636 2811 5705 puluis
2831 5643 2881 5689 et
2901 5635 3032 5692 sinis
3063 5634 3219 5709 (Gott.
3245 5650 3392 5705 "ut,
3412 5633 3545 5705 S7)!
