4044 6336
490 278 589 335 iﬁ'l

1695 269 1939 327 SANCTI
1979 270 2304 328 GREGORII
2345 272 2557 330 MAGNI

3659 284 3774 342 168

484 392 790 458 Consperso
839 386 970 441 item
1018 383 1196 454 capite
1241 381 1561 451 loquebatur
1600 381 1893 451 Propheta,
1948 397 2069 437 cum
2098 388 2151 444 Α
2176 385 2299 453 teri,
2330 386 2555 455 plurima
2583 388 2651 442 de
2676 387 2944 444 mandatis
2972 389 3286 448 ccelestibus
3311 398 3463 451 recte
3491 395 3776 467 intelligit,

487 482 836 553 supplicaret,
866 479 1093 533 dicens:
1144 475 1425 541 Memento,
1473 474 1717 542 Domine,
1761 474 1879 543 quia
1908 474 2072 543 pulvis

482 592 657 632 sumus
686 572 858 645 (Psal.
893 568 1124 638 cn,15).
1169 566 1387 622 Vestem
1427 580 1643 636 quoque
1683 564 1933 627 sciderat,
1977 562 2072 632 qui

482 672 774 734 conﬁtens,
807 666 980 723 dixit:
1014 664 1327 718 Conscidisti
1353 679 1561 717 saccum
1589 679 1755 717 meum
1776 703 1793 732 ,
1836 672 1886 716 et
1932 676 2071 730 prat-

482 765 688 821 cinxisti
716 761 998 816 melaztitia
1028 757 1202 829 (Psal.
1237 773 1383 825 xxix,
1418 758 1530 827 12).

552 854 636 909 15.
680 851 791 908 Sed
820 866 945 907 cum
986 848 1335 905 ecclesiastici
1381 846 1751 917 praedicatoris
1797 846 2073 903 humilitas

480 943 929 1009 commendatur,
975 941 1181 1013 pariter
1221 948 1277 996 et
1312 940 1563 1011 superbia
1600 939 1808 996 Judaici
1834 940 2073 997 doctoris

484 1036 829 1107 exprimitur,
880 1032 1019 1103 quia
1050 1031 1304 1087 videlicet
1351 1032 1468 1087 Heli
1512 1046 1676 1102 super
1710 1032 1842 1089 sella
1886 1033 2075 1087 sedere

482 1128 810 1200 perhibetur.
843 1125 903 1180 lu
940 1125 1045 1179 isto
1074 1124 1272 1194 quippe
1299 1123 1419 1179 loco
1459 1121 1580 1178 Heli
1620 1138 1729 1179 non
1765 1123 2073 1193 pontiﬁces,

487 1221 588 1277 sed
626 1218 963 1289 legisperitos
990 1216 1286 1287 Synagogae
1313 1216 1571 1275 insinuat.
1602 1216 1741 1283 Quid
1769 1223 1851 1272 est
1895 1224 2073 1271 autem

484 1311 627 1381 quod
667 1310 819 1366 sedet
843 1324 1005 1378 super
1030 1307 1179 1375 sella,
1231 1308 1336 1364 nisi
1366 1308 1491 1379 quia
1539 1309 1771 1378 superbe
1798 1308 2076 1363 extollitur

483 1405 552 1460 de
579 1403 863 1460 doctrina?
890 1400 957 1456 Et
989 1400 1118 1471 quid
1146 1408 1228 1457 est
1268 1402 1413 1471 quod
1441 1409 1653 1472 spectat
1693 1410 1881 1457 contra
1908 1401 2073 1469 viam,

485 1496 591 1553 nisi
638 1495 765 1565 quia
811 1493 935 1548 dum
972 1494 1206 1563 superbe
1252 1492 1560 1562 Scripturas
1607 1492 1839 1564 accipit,
1884 1492 1933 1546 ei
1980 1506 2077 1562 per

484 1602 648 1657 quem
677 1587 757 1641 ire
784 1584 854 1640 ad
898 1592 1159 1639 aeternam
1210 1584 1439 1654 patriam
1492 1584 1677 1640 debuit
1721 1583 2075 1641 contradicit?

484 1674 584 1730 Via
612 1675 811 1745 quippe
851 1673 1040 1729 salutis
1079 1671 1168 1728 illa
1204 1683 1287 1729 est
1310 1690 1431 1745 quae
1470 1676 1816 1746 semetipsam
1858 1676 2071 1741 asserit,

2176 478 2467 549 nonaginta
2496 488 2551 533 et
2587 488 2713 535 octo
2758 496 3024 537 annorum
3051 492 3151 539 est.
3184 484 3250 538 Et
3280 485 3407 541 dum
3434 487 3605 543 Deum
3647 506 3781 547 cre—

2175 567 2273 637 dit,
2306 576 2363 623 et
2390 584 2459 624 ex
2486 570 2704 640 Virgine
2730 574 2878 628 nasci
2906 576 3147 644 potuisse
3174 592 3272 645 per
3300 592 3517 635 carnem
3534 621 3549 647 ,
3581 590 3637 636 et
3663 584 3782 639 hu-

2171 660 2445 718 manitatis
2474 662 2590 732 ejus
2618 672 2866 719 naturam
2893 668 3092 739 suscipi
3119 668 3351 739 abnegat
3380 671 3433 725 in
3461 672 3777 741 divinitate,

2173 763 2389 811 centum
2420 771 2682 813 annorum
2719 774 2828 813 non
2852 768 2954 815 est.
2991 758 3141 816 Unde
3167 771 3242 829 et,
3270 764 3456 819 audita
3478 766 3578 821 viri
3618 769 3779 823 rela-

2173 851 2350 921 tione,
2379 852 2524 923 juste
2566 855 2824 920 moritur,
2855 856 2981 925 quia
3008 857 3127 912 sine
3169 856 3273 913 ﬁde
3312 858 3686 930 Redemptoris
3720 861 3782 916 ei

2172 945 2315 1002 bona
2355 961 2473 1017 quae
2513 950 2792 1018 cognoscit
2820 958 2875 1005 et
2905 951 3011 1006 alia
3047 967 3387 1023 nequaquam
3418 964 3669 1025 prosunt.
3702 956 3782 1011 Et

2171 1038 2297 1107 quia
2339 1037 2449 1093 alto
2498 1047 2553 1093 et
2597 1040 3128 1110 incoznprehensibili
3171 1045 3373 1115 judicio
3416 1045 3513 1101 Dei
3549 1048 3774 1102 catellas

2172 1131 2488 1201 ignorantia:
2517 1131 2635 1201 ejus
2663 1136 2832 1189 menti
2878 1137 3165 1203 incutitur,
3197 1138 3461 1209 ealigasse
3503 1150 3560 1195 et
3584 1139 3779 1194 videre

2176 1240 2284 1280 non
2314 1226 2555 1295 potuisse
2582 1238 2934 1284 memoratur.
2967 1230 3225 1299 Sequitur
3258 1248 3272 1284 :

2250 1320 2430 1391 (Vers.
2456 1320 2571 1392 16.)
2599 1322 2671 1376 Et
2699 1324 2831 1377 dixit
2866 1324 2936 1377 ad
2973 1323 3098 1378 Ileli
3129 1342 3147 1379 :
3174 1324 3289 1397 Ego
3317 1342 3429 1381 sum
3457 1326 3544 1400 qui
3567 1327 3681 1382 veni
3708 1327 3784 1381 de

2177 1416 2380 1485 prazlio,
2412 1433 2506 1487 ego
2528 1418 2614 1488 qui
2646 1416 2709 1470 de
2737 1418 2848 1470 acie
2870 1418 2980 1487 fugi
3011 1418 3180 1471 hodie.

2250 1507 2339 1563 18.
2374 1507 2537 1574 Quasi
2581 1508 2637 1563 in
2682 1507 2870 1578 prmlio
2898 1523 2958 1563 se
2986 1508 3151 1564 fuisse
3178 1510 3518 1565 memorabat
3560 1510 3653 1565 ille
3680 1510 3781 1578 qui

2178 1599 2395 1655 dicebat
2418 1617 2437 1655 :
2468 1600 2700 1655 Audistis
2731 1603 3168 1656 conversationem
3202 1618 3371 1656 meam
3408 1602 3691 1671 aliquando
3718 1602 3780 1654 iis

2176 1691 2483 1758 Judaismo;
2523 1694 2767 1763 quoniam
2796 1710 2955 1763 supra
2982 1694 3194 1748 modum
3220 1694 3562 1763 persequebar
3590 1692 3780 1746 Eccle-

484 1768 709 1823 dicens:
741 1765 857 1839 Ego
888 1784 1001 1821 sum
1027 1767 1149 1833 Via,
1187 1765 1392 1821 Veritas
1424 1776 1472 1820 et
1514 1767 1629 1821 Vita
1658 1766 1837 1837 (Joan.
1864 1785 1973 1833 xw,
1996 1768 2067 1837 ὃ).

2180 1784 2314 1837 siam
2343 1782 2460 1850 Dei,
2491 1794 2540 1838 et
2569 1783 2931 1856 expugnabam
2960 1786 3127 1851 illam,
3160 1795 3209 1839 et
3239 1784 3651 1856 proﬁciebamin
3677 1783 3782 1837 Ju-

482 1856 603 1913 Non
628 1858 811 1927 itaque
837 1857 1001 1922 viam,
1031 1856 1125 1911 sed
1154 1866 1344 1911 contra
1371 1858 1513 1912 viam
1538 1858 1779 1927 respicit,
1811 1859 1935 1929 quia
1966 1858 2075 1914 Re-

478 1948 820 2020 demptorem
848 1963 959 2003 non
987 1948 1297 2015 cognoscit,
1350 1948 1439 2003 cui
1467 1948 1807 2004 contradicit.
1840 1948 1911 2004 Et
1936 1950 2073 2007 bene

482 2046 710 2101 mortuis
738 2044 861 2099 ﬁliis
902 2051 1059 2113 pater
1095 2058 1257 2113 super
1296 2044 1429 2101 sella
1470 2046 1661 2102 sedere
1701 2046 1915 2113 dicitur,
1947 2047 2070 2116 quia

481 2136 576 2204 qui
608 2134 773 2189 veteri
800 2149 953 2189 more
997 2132 1303 2190 sacriﬁcent
1332 2134 1615 2207 Synagoga
1644 2136 1968 2202 non-habet,
2018 2145 2074 2192 et

479 2231 665 2280 tamen
688 2223 779 2294 qui
802 2224 970 2280 veteri
999 2240 1152 2281 more
1181 2225 1411 2282 doceant
1440 2228 1617 2283 adhuc
1645 2229 1828 2285 habet.
1860 2228 1927 2283 Et
1947 2230 2072 2300 quia

479 2329 579 2385 per
604 2315 877 2385 sapientes
903 2316 1157 2373 doctores
1186 2318 1255 2373 ad
1282 2319 1635 2375 ministerium
1664 2321 2069 2391 erudiebantur,

480 2402 606 2458 dum
630 2406 860 2461 cessavit
887 2407 980 2476 qui
1002 2406 1351 2477 sacriﬁcaret,
1384 2420 1439 2466 et
1460 2413 1635 2468 adhuc
1659 2414 1748 2483 qui
1770 2414 1961 2470 doceat
1986 2430 2072 2471 re-

480 2506 746 2563 maneret,
781 2507 906 2569 apte
936 2498 1029 2555 ﬁlii
1052 2500 1361 2557 referuntur
1389 2506 1608 2571 mortui,
1652 2515 1708 2562 et
1733 2517 1885 2578 pater
1912 2524 2073 2579 super

481 2586 618 2641 sella
659 2586 880 2656 sedere;
921 2590 1017 2645 sed
1044 2590 1112 2646 de
1141 2606 1204 2647 ea
1235 2608 1397 2661 quam
1427 2596 1632 2651 audivit
1661 2599 2073 2657 annuntiatione

480 2675 862 2750 Redemptoris
895 2682 1182 2739 multitudo
1211 2683 1510 2758 Synagogze
1534 2704 1641 2744 non
1671 2691 1946 2761 gaudium,
1976 2692 2073 2748 sed

476 2785 769 2827 mmrorem
796 2772 1003 2829 habuit.
1038 2773 1192 2831 Unde
1237 2785 1293 2832 et
1338 2787 1624 2848 postquam
1664 2781 1745 2837 vir
1783 2782 1851 2837 de
1887 2783 2072 2853 proelio

477 2862 647 2928 venit,
681 2873 738 2919 et
760 2865 1063 2936 captionem
1093 2882 1235 2922 arca:
1257 2870 1617 2937 annuntiavit,
1644 2872 1874 2929 ululasse
1897 2874 2072 2929 omnis

478 2954 668 3012 civitas
700 2956 919 3013 dicitur.
949 2959 1079 3025 Quae
1103 2959 1358 3016 nimirum
1380 2963 1619 3033 tristitia,
1652 2964 1778 3036 quia
1807 2980 1979 3036 usque
2004 2967 2072 3023 ad

476 3044 729 3104 doctores
751 3052 1016 3119 pervenit,
1050 3053 1294 3119 sequitur
1325 3071 1337 3106 :

2181 1878 2382 1932 daismo
2412 1880 2799 1949 supra'multos
2835 1889 3121 1934 cotetaneos
3145 1895 3313 1945 meos,
3346 1880 3401 1931 in
3431 1893 3610 1948 genere
3639 1893 3779 1941 meo,

2180 1972 2533 2026 abundantius
2582 1972 2852 2027 reinulator
2899 1974 3125 2027 existens
3167 1980 3503 2041 paternarum
3543 1986 3779 2023 mearum

2179 2064 2519 2118 traditionum
2552 2061 2695 2134 (Gal.
2724 2080 2763 2128 ι,
2796 2063 2883 2130 15,
2919 2062 3031 2134 id).
3063 2062 3170 2119 Sed
3196 2063 3263 2119 de
3294 2062 3477 2133 prmlio
3506 2064 3655 2116 venit
3684 2078 3779 2134 qui

2177 2154 2341 2210 dicit:
2378 2154 2478 2219 Qui
2511 2158 2655 2225 prius
2677 2157 2754 2227 fui
2774 2155 3177 2227 blasphemuset
3196 2162 3523 2223 persecutor;
3556 2152 3644 2205 sed
3673 2153 3778 2205 mi-

2176 2247 2512 2301 sericordiam
2536 2257 2837 2302 consecutus
2860 2263 2991 2313 sum,
3017 2248 3136 2316 quia
3159 2248 3408 2316 ignorans
3430 2244 3528 2314 feci
3554 2241 3609 2313 (Ι
3634 2241 3773 2295 Tim.

2176 2350 2216 2403 1,
2250 2334 2363 2405 i3).
2418 2335 2629 2406 Fugere
2675 2350 2805 2406 ergo
2844 2335 2912 2391 de
2958 2336 3073 2391 acie
3100 2332 3285 2389 Judmo
3332 2333 3461 2403 quid
3504 2341 3583 2387 est
3628 2330 3778 2386 aliud

2178 2439 2340 2495 quam
2381 2440 2411 2480 a
2448 2426 2781 2496 perﬁdorum
2824 2440 3010 2481 errore
3058 2423 3330 2494 separari?
3385 2430 3441 2477 et
3482 2422 3548 2476 de
3588 2421 3780 2491 prmlio

2175 2519 2364 2573 venire
2394 2518 2522 2588 quid
2568 2526 2681 2585 est,
2732 2518 2836 2573 nisi
2884 2526 3051 2573 recite
3089 2517 3213 2571 ﬁdei
3255 2517 3457 2572 bonum
3493 2515 3609 2569 aliis
3637 2532 3779 2570 nun-

2176 2611 2351 2667 tiare?
2379 2610 2591 2682 Fugere
2615 2627 2849 2681 namque
2875 2611 3167 2667 metuentis
3197 2620 3312 2677 est;
3343 2610 3557 2677 venire,
3588 2610 3780 2664 volen-

2175 2704 2265 2759 tis.
2297 2705 2415 2772 Quo
2445 2704 2498 2759 in
2524 2704 2665 2771 loco,
2697 2706 2823 2775 quia
2850 2705 3001 2776 prius
3032 2705 3229 2760 dicitur
3259 2705 3445 2760 venire
3470 2703 3537 2759 de
3566 2704 3779 2773 prmlio,

2176 2811 2337 2865 quam
2368 2811 2434 2851 ex
2468 2796 2584 2853 acie
2615 2796 2832 2865 fugere,
2884 2811 3009 2852 cum
3051 2796 3202 2867 prius
3243 2795 3525 2852 deseratur
3556 2793 3779 2864 perﬁdia

2175 2903 2336 2958 quam
2366 2889 2565 2944 veritas
2596 2890 2938 2959 praedicetur,
2988 2889 3184 2943 mirum
3214 2904 3324 2944 non
3351 2897 3452 2944 est.
3485 2887 3617 2942 Nam
3648 2886 3777 2951 hoc,

2175 2982 2320 3051 quod
2345 2980 2412 3036 de
2442 2980 2557 3036 acie
2586 2995 2645 3035 se
2676 2980 2876 3050 fugisse
2906 2981 3179 3050 posterius
3216 2980 3364 3044 dicit,
3399 2996 3507 3034 non
3537 2978 3603 3033 ad
3631 2977 3777 3031 ordi-

2175 3087 2299 3128 nem
2346 3087 2454 3142 quo
2502 3075 2703 3127 factum
2744 3081 2827 3127 est
2864 3072 3083 3139 dicitur,
3135 3070 3231 3127 sed
3281 3071 3348 3127 ad
3394 3068 3778 3126 eertitudinem

549 3137 726 3207 (Vers.
759 3138 873 3211 14.)
913 3140 984 3195 Et
1005 3143 1201 3213 audiuit
1231 3142 1353 3199 Heli
1373 3149 1599 3203 sonitum
1626 3150 1888 3217 clamoris,
1915 3151 2067 3206 dixit-

2175 3165 2325 3219 verbi
2352 3137 2497 3233 quod
2527 3163 2807 3234 praemisit.
2842 3162 2997 3231 Quod
3024 3137 3187 3218 etiam
3217 3161 3511 3218 secundum
3535 3160 3779 3216 historias

476 3245 572 3300 que
595 3248 614 3285 :
648 3230 773 3296 Quis
794 3243 870 3287 est
898 3235 981 3288 hic
1006 3238 1203 3291 sonitus
1227 3239 1475 3295 tumultus
1505 3241 1700 3313 hujus?

551 3326 704 3398 132
744 3325 832 3381 16.
864 3327 1144 3389 Tumultus
1193 3343 1277 3390 est
1327 3336 1648 3391 vociferatio
1701 3340 1920 3410 populi,
1978 3342 2071 3397 sed

473 3416 719 3483 confusa,
747 3434 867 3475 cum
893 3422 1143 3479 videlicet
1169 3425 1286 3481 sine
1316 3426 1599 3497 disciplina
1628 3430 1900 3499 audiendi,
1928 3433 2070 3487 mul-

473 3508 545 3564 tis
584 3510 745 3566 simul
788 3512 1151 3582 loquentibus,
1205 3519 1519 3588 magnitudo
1550 3518 1610 3575 ﬁt
1639 3524 1928 3580 murmuris
1954 3526 2070 3581 sine

476 3604 787 3660 ostensione
811 3608 1058 3663 rationis.
1087 3609 1205 3665 Heli
1235 3627 1363 3681 ergo
1393 3629 1513 3669 eum
1543 3615 1805 3671 ululatum
1837 3619 2071 3675 civitatis

476 3694 705 3761 audivit,
732 3696 869 3751 dixit
897 3715 909 3750 :
946 3696 1073 3761 Quis
1108 3709 1184 3754 est
1211 3705 1409 3758 sonitus
1440 3707 1683 3760 tumultus
1712 3708 1905 3777 hujus?
1932 3710 2069 3776 Quia

472 3783 722 3840 videlicet
750 3789 1120 3855 magisterium
1149 3791 1466 3863 Synagogm,
1496 3796 1752 3865 subjectis
1777 3797 1881 3853 sibi
1908 3798 2069 3868 perﬁ-

473 3873 577 3943 dis,
623 3874 688 3931 de
728 3877 1110 3946 praedicatione
1150 3879 1279 3937 Jesu
1324 3883 1522 3939 Christi
1562 3886 1891 3954 dolentibus,
1941 3890 2068 3947 dum

475 3961 694 4022 causam
724 3967 929 4025 doloris
969 3971 1155 4027 audire
1182 3973 1382 4043 voluit,
1430 3991 1539 4032 non
1576 3979 1818 4048 percepit
1846 3995 2069 4051 respon-

471 4058 677 4114 sionem
704 4061 1112 4132 rationabilem,
1155 4065 1253 4120 sed
1282 4065 1657 4124 confusionem
1703 4070 1956 4140 querelm.
1995 4072 2069 4128 Ut

472 4158 653 4207 autem
695 4155 1099 4211 excusationem
1128 4157 1449 4228 ignorantiae
1494 4161 1697 4218 habere
1729 4180 1833 4219 non
1863 4174 2066 4234 posset,

472 4241 564 4309 qui
612 4242 679 4297 de
723 4243 1135 4304 circumcisione
1184 4250 1253 4305 ad
1300 4251 1658 4309 ministerium
1688 4255 2067 4313 ecclesiastica:

468 4331 865 4401 praedicationis
915 4348 1255 4409 accesserat,
1306 4342 1356 4397 ei
1403 4343 1483 4399 rei
1510 4345 1796 4402 veritatem
1828 4349 2061 4418 aperuit.

470 4418 623 4477 Unde
651 4431 707 4477 et
734 4425 983 4481 subditur
1013 4445 1026 4481 :

469 4610 613 4667 Heli.

535 4700 644 4758 Sed
669 4704 793 4775 quia
818 4704 960 4762 idem
988 4707 1107 4764 Heli
1127 4711 1309 4767 statim
1329 4723 1576 4773 mortuus
1596 4720 2057 4778 annuntiationem

462 4797 699 4868 suscepit
727 4798 828 4854 viri
856 4801 1351 4876 venientis,'qualis
1377 4807 1449 4863 sit
1476 4807 1593 4879 ipse
1616 4811 1840 4869 audiens
1869 4816 2060 4873 subse-

461 4900 691 4958 quenter
719 4893 1010 4951 innotescit
1043 4914 1057 4952 :
1968 4890 1973 4895 δ

533 4983 710 5054 (Vers.
743 4986 858 5054 15.)
886 4988 1011 5045 Heli
1037 4999 1210 5047 autem
1229 4999 1344 5048 erat
1364 4997 1655 5066 nonaginta
1676 5006 1726 5052 et
1751 5005 1866 5054 octo
1890 5017 2055 5057 anno-

458 5087 602 5141 rum,
635 5081 685 5128 et
707 5078 842 5131 oculi
867 5079 981 5151 ejus
1005 5081 1361 5154 caligaverant
1377 5125 1392 5152 ,
1436 5094 1487 5140 et
1508 5086 1679 5142 videre
1702 5104 1808 5143 non
1832 5100 2051 5161 poterat.

527 5164 618 5220 17.
650 5163 911 5223 Perfecta:
940 5186 1176 5242 namque
1199 5176 1497 5232 senectutis
1526 5186 1691 5248 esset,
1721 5179 1767 5235 si
1794 5189 2056 5237 centena-

456 5253 597 5311 rium
654 5272 937 5316 numerum
989 5277 1255 5321 annorum
1302 5267 1537 5324 vivendo
1588 5271 1902 5340 peregisset.
1955 5270 2055 5328 Cui

455 5351 699 5420 profecto
744 5370 1006 5423 numero,
1038 5359 1166 5429 quia
1193 5361 1300 5416 duo
1332 5362 1461 5417 anni
1490 5362 1682 5420 deesse
1712 5365 2057 5436 conspiciun-

455 5447 580 5509 tur,
631 5444 758 5513 quid
797 5456 881 5504 est
919 5449 1093 5519 aliud,
1133 5453 1239 5508 nisi
1275 5454 1401 5524 quia
1428 5456 1681 5527 perfecta:
1724 5459 2050 5517 maturitatis

455 5534 737 5607 existeret,
764 5539 811 5594 si
839 5553 1237 5601 sacramentum
1264 5549 1538 5618 geminum
1577 5551 1632 5606 in
1672 5551 2051 5625 Redemptoris

453 5626 629 5682 nostri
656 5627 1031 5692 incarnatione
1060 5641 1429 5709 cognovisset,
1460 5643 1715 5700 videlicet
1751 5661 1933 5700 veram
1964 5649 2049 5701 di-

450 5714 732 5775 vinitatem
756 5723 808 5777 in
832 5724 1167 5786 humanitate
1197 5732 1332 5803 ejus,
1361 5742 1415 5790 et
1444 5749 1629 5790 veram
1657 5736 2048 5794 humanitatem

455 5808 514 5865 in
559 5810 870 5871 divinitate?
915 5818 1067 5877 Nunc
1107 5831 1306 5887 autem,
1359 5826 1482 5895 quia
1513 5826 1681 5883 multa
1710 5827 1779 5885 de
1808 5828 1929 5898 lege
1955 5843 2050 5885 ve-

2179 3252 2422 3309 ordinem
2466 3253 2896 3321 demonstratur,
2933 3254 3058 3325 quia
3105 3254 3207 3309 nisi
3243 3255 3392 3325 prius
3431 3253 3498 3309 de
3536 3251 3653 3309 acie
3696 3252 3778 3308 fu-

2174 3344 2361 3413 gisset,
2393 3345 2579 3401 venire
2605 3346 2673 3402 de
2694 3346 2881 3417 proelio
2910 3362 3251 3417 nequaquam
3275 3347 3555 3417 potuisset.

2248 3433 2337 3489 19.
2384 3434 2494 3491 Nos
2523 3444 2702 3491 autem
2745 3437 2839 3507 qui
2886 3438 3181 3493 secundum
3228 3436 3472 3506 spiritum
3513 3436 3778 3506 spiritalia

2174 3524 2337 3579 etiam
2377 3526 2432 3580 in
2471 3527 2634 3582 rebus
2673 3524 2988 3582 Judaeorum
3029 3528 3313 3583 carnaliter
3340 3527 3511 3595 gestis
3552 3526 3778 3597 inquiri-

2173 3631 2312 3680 mus,
2344 3616 2493 3672 illum
2516 3619 2689 3674 virum
2708 3635 2869 3689 quem
2898 3620 3208 3691 loquentem
3233 3622 3395 3693 paulo
3422 3623 3672 3692 superius
3698 3624 3776 3677 in-

2174 3708 2515 3767 troduximus
2541 3714 2902 3773 attendamus.
2927 3714 3059 3770 Nam
3081 3715 3319 3770 auditum
3348 3724 3430 3771 est
3447 3716 3513 3770 ab
3536 3714 3776 3771 Ecclesia

2172 3802 2300 3871 quia
2345 3804 2391 3860 is
2438 3806 2528 3875 qui
2572 3808 2842 3875 quondam
2890 3810 3315 3879 persequebatur
3353 3809 3776 3879 evangelizaret,

2171 3894 2315 3950 sicut
2336 3898 2593 3967 scriptum
2624 3899 2692 3955 de
2721 3916 2786 3957 eo
2811 3902 2924 3972 jam
2952 3903 3356 3973 evangelizante
3379 3912 3459 3959 est
3484 3922 3497 3957 :
3530 3903 3661 3959 Cum
3683 3923 3776 3958 uu-

2172 3994 2272 4041 tem
2291 3990 2507 4043 venisset
2530 3989 2846 4062 Jerusalem,
2874 3994 3108 4048 tentabat
3140 3996 3290 4065 133
3314 4012 3367 4049 se
3377 3996 3602 4067 jungere
3625 3996 3773 4050 disci-

2169 4077 2330 4145 pulis,
2359 4086 2407 4132 et
2437 4094 2614 4135 omnes
2642 4082 2891 4138 timebant
2917 4102 3053 4152 eum,
3082 4101 3186 4140 non
3213 4086 3476 4140 credentes
3498 4088 3619 4158 quia
3642 4097 3775 4142 esset

2170 4165 2453 4237 discipulus
2485 4173 2622 4241 (Act.
2650 4188 2724 4238 rx,
2755 4173 2870 4245 26).
2904 4174 3040 4233 Hinc
3060 4176 3189 4231 item
3218 4176 3284 4230 ad
3312 4176 3575 4231 Ananiam
3605 4177 3774 4233 disci-

2166 4257 2353 4326 pulum
2399 4259 2659 4318 Dominus
2704 4263 2950 4321 Damasci
2994 4282 3293 4337 apparens,
3341 4269 3418 4322 ait
3472 4286 3485 4322 :
3538 4269 3774 4342 Surgens

2165 4350 2296 4403 vade
2328 4352 2384 4405 in
2420 4354 2587 4408 vicum
2616 4356 2702 4426 qui
2730 4365 2941 4411 vocatur
2981 4358 3198 4432 Rectus,
3245 4371 3295 4417 et
3332 4381 3506 4434 quwre
3532 4364 3587 4419 in
3619 4365 3773 4420 domo

2163 4440 2318 4497 Iuda:
2348 4444 2571 4500 Saulum
2605 4450 2814 4503 nomine
2846 4449 3182 4518 Tarsensem,
3227 4465 3277 4508 et
3301 4457 3508 4525 impone
3534 4455 3633 4509 sibi
3662 4473 3772 4510 ma-

543 4515 721 4588 (Vers.
752 4516 866 4589 14.)
916 4519 983 4573 At
1012 4520 1101 4576 ille
1140 4524 1422 4596 festinavit,
1454 4537 1503 4582 et
1528 4532 1695 4599 venit,
1728 4540 1778 4588 et
1807 4535 2061 4590 nuntiavit
2090 4574 2138 4634 υ
2164 4550 2309 4599 num,
2336 4544 2395 4589 ut
2421 4538 2583 4592 visum
2608 4541 2823 4611 recipiat
2852 4542 3038 4613 (Ibid.,
3075 4542 3137 4597 11
3163 4515 3213 4598 et
3242 4543 3351 4615 12).
3374 4515 3489 4611 Ὀυί
3515 4547 3771 4602 nimirum

2165 4624 2450 4682 confestim
2478 4628 2704 4686 Domino
2727 4634 3020 4703 respondit,
3053 4634 3236 4690 dicens
3262 4654 3275 4689 :
3309 4635 3558 4705 Domine,
3590 4640 3769 4692 audiui

2162 4733 2197 4771 a
2224 4718 2398 4775 multis
2424 4729 2620 4791 quanta
2644 4723 2785 4778 mala
2812 4725 3006 4779 sanctis
3036 4727 3134 4781 tuis
3164 4728 3340 4799 fecerit
3360 4731 3417 4783 in
3441 4727 3765 4797 Jerusalem,

2160 4820 2211 4865 et
2232 4820 2535 4880 potestatem
2567 4816 2719 4871 habet
2747 4834 2779 4871 a
2806 4819 3127 4891 principibus
3156 4822 3483 4878 sacerdotum
3505 4825 3771 4896 alligandi

2161 4920 2338 4960 omnes
2357 4908 2443 4977 qui
2464 4908 2706 4962 invocant
2727 4925 2915 4965 nomen
2937 4918 3081 4965 tuum
3107 4910 3294 4983 (Ibid.,
3321 4911 3391 4966 15
3413 4922 3463 4967 et
3486 4912 3604 4984 14).
3630 4914 3769 4970 Cum

2160 5010 2291 5066 ergo
2314 4998 2463 5053 illum
2485 4996 2684 5055 Judaeis
2704 5000 3051 5071 praedicabat,
3080 5017 3240 5072 quem
3262 5004 3582 5074 impugnare
3602 5005 3769 5061 minis

2159 5087 2373 5145 solebat
2399 5096 2453 5145 et
2484 5088 2737 5157 caedibus,
2769 5090 3019 5145 nimirum
3046 5091 3114 5147 de
3135 5092 3321 5162 proelio
3349 5094 3625 5149 veniebat.
3659 5094 3768 5150 Sed

2158 5177 2287 5234 dum
2322 5182 2373 5236 ei
2416 5182 2729 5252 praedicanti
2763 5182 3017 5254 discipuli
3045 5200 3234 5242 omnes
3260 5200 3319 5241 se
3341 5187 3573 5255 jungere
3605 5189 3765 5244 time-

2158 5280 2315 5341 rent,
2363 5272 2431 5328 de
2478 5273 2598 5329 acie
2644 5290 2766 5330 eum
2814 5274 3016 5345 fugisse
3059 5276 3398 5333 dubitabant.
3448 5277 3527 5334 De
3574 5280 3768 5350 proelio

2158 5365 2361 5435 quippe
2400 5366 2687 5433 veniebat,
2726 5383 2850 5423 cum
2881 5383 2913 5422 a
2944 5378 3175 5425 vocante
3211 5370 3442 5427 Domino
3474 5372 3527 5425 in
3560 5380 3763 5427 terram

2158 5463 2427 5525 prostrato
2440 5456 2642 5511 dictum
2663 5456 2841 5513 fuerat
2864 5474 2879 5513 :
2908 5458 3101 5530 Surge,
3124 5468 3173 5513 et
3188 5460 3461 5531 ingredere
3476 5461 3763 5529 civitatem,

2156 5555 2206 5603 et
2244 5549 2440 5603 dicetur
2481 5549 2571 5603 tibi
2600 5550 2723 5620 quid
2753 5560 2799 5604 te
2833 5560 3069 5620 oporteat
3106 5552 3278 5623 facere
3307 5551 3503 5624 (Ibid.,
3542 5553 3617 5623 7).
3650 5552 3763 5608 Sed

2156 5640 2355 5709 fugisse
2384 5657 2511 5697 eum
2540 5642 2605 5696 de
2636 5644 2784 5712 acie,
2832 5644 3068 5699 Ananias
3097 5660 3207 5700 non
3235 5646 3501 5713 credidit,
3552 5647 3645 5715 qui
3693 5661 3761 5700 ea

2156 5734 2297 5788 mala
2325 5750 2442 5802 qua:
2465 5724 2666 5791 sanctis
2689 5737 2743 5791 in
2768 5735 3065 5792 Jerusalem
3091 5737 3314 5807 fecerat,
3345 5749 3399 5793 et
3426 5746 3761 5809 potestatein

2155 5840 2321 5899 quam
2366 5837 2685 5901 acceperat,
2717 5828 2947 5888 Domino
2977 5832 3316 5904 prmcipienti
3342 5832 3631 5891 intimavit.
3687 5830 3758 5888 Ut
