4044 6336
266 367 371 428 469

1107 367 1175 425 IN
1212 362 1478 427 PRIMUM
1516 362 1758 425 REGUM
1797 363 2311 426 EXPOSITIONES.
2350 395 2423 411 —
2451 368 2581 427 LIB.
2619 368 2711 427 III.

3423 376 3530 439 170

262 500 397 557 ergo
427 499 551 542 eum
585 482 798 542 venisse
826 483 895 540 de
921 483 1104 556 praelio
1134 491 1189 540 et
1215 485 1413 555 fugisse
1446 484 1513 541 de
1540 483 1657 540 acie
1687 496 1845 538 vera-
1873 480 1925 542 A
2021 477 2110 536 2!.
2140 478 2255 538 Hoc
2273 496 2506 552 namque
2557 484 2641 540 vir
2668 482 2875 553 fugiens
2923 484 3208 555 nuntiavit,
3237 489 3397 559 'quod
3432 507 3531 549 ex-

260 580 399 636 citer
419 578 836 645 demonstraret,
864 576 1039 633 eidem
1068 576 1288 631 Ananiae
1310 576 1568 631 Dominus
1586 572 1851 646 praecipit,

261 671 442 728 dicens
469 690 482 726 :
512 670 680 741 Vade,
705 671 825 742 quia
844 687 932 725 vas
951 670 1211 725 electionis
1237 678 1315 724 est
1334 670 1457 724 mihi
1479 671 1594 734 iste,
1614 672 1852 739 utjportet

260 782 445 820 nomen
479 782 642 819 meum
665 781 839 819 coram
863 762 1129 831 Gentibus,
1159 761 1433 834 etregibus
1462 771 1509 817 et
1532 762 1657 831 ﬁliis
1682 758 1852 814 Israel

262 859 401 930 (Act.
430 874 503 925 lx,
530 858 641 927 15).
669 856 735 911 Ει
762 857 1072 921 notandum,
1103 856 1228 926 quia
1253 869 1320 910 eo
1346 854 1432 910 die
1454 870 1561 924 quo
1582 854 1699 909 haec
1714 868 1853 907 nun-

258 951 446 1017 tiabat,
477 966 537 1006 se
564 950 773 1006 venisse
794 949 861 1006 de
883 949 1069 1019 praelio
1096 955 1151 1003 et
1178 947 1377 1016 fugisse
1405 947 1471 1003 de
1500 946 1618 1002 acie
1646 959 1855 1001 assere-

257 1041 370 1098 bat.
399 1041 458 1097 ιιι
484 1041 571 1098 die
586 1043 785 1113 quippe
809 1040 1056 1112 fugiunt:
1080 1040 1228 1110 quia,
1258 1047 1551 1095 attestante
1572 1037 1850 1094 Vcritate:

262 1132 366 1198 Qui
403 1135 459 1188 in
486 1132 710 1189 tenebris
738 1143 845 1203 est,
877 1135 1041 1188 nescit
1068 1148 1165 1204 quo
1196 1131 1351 1187 vadat
1382 1130 1568 1202 (Joan.
1599 1147 1701 1197 xu,
1734 1128 1843 1199 55).

258 1222 398 1281 Hinc
419 1226 584 1281 etiam
603 1226 861 1295 scriptum
881 1232 964 1281 est
993 1242 1008 1280 :
1043 1221 1142 1288 Qui
1171 1223 1453 1290 dormiunt,
1474 1224 1531 1276 in
1559 1230 1708 1277 nocte
1732 1222 1854 1275 dor-

257 1318 454 1383 miunt;
485 1327 537 1371 et
561 1318 647 1389 qui
674 1317 805 1372 ebrii
830 1326 974 1383 sunt,
1003 1318 1060 1371 in
1090 1326 1239 1372 nocte
1266 1318 1394 1372 ebrii
1423 1325 1542 1371 sunt
1572 1316 1636 1387 (I
1670 1315 1849 1371 Thess.

256 1424 315 1478 ν,
349 1410 426 1480 7).
460 1408 528 1464 Et
555 1411 681 1479 quia
705 1411 761 1466 in
789 1410 1042 1481 exemplo
1062 1410 1207 1465 beati
1229 1410 1461 1481 apostoli
1483 1408 1656 1474 Pauli,
1679 1408 1851 1463 virum

262 1501 332 1557 de
371 1502 488 1559 acie
516 1504 814 1573 fugientem
838 1503 1026 1560 videre
1052 1497 1353 1573 cmpimus,’
1374 1503 1482 1559 hoc
1512 1502 1654 1574 quod
1684 1501 1737 1557 in
1767 1500 1855 1557 die

256 1590 427 1663 Iugiat
453 1593 811 1650 attendamus.
838 1592 975 1649 Nam
1003 1609 1109 1649 nox
1133 1601 1248 1649 erat
1277 1593 1496 1663 quando
1521 1593 1693 1647 aciem
1722 1607 1855 1647 con-

256 1688 343 1737 tta
370 1694 611 1739 sanctam
636 1682 932 1740 Ecclesiam
957 1684 1340 1752 construebat,
1370 1683 1586 1754 quando
1618 1682 1854 1753 acceptis

254 1774 504 1845 epistolis
549 1792 580 1833 a
627 1778 961 1849 principibus
1003 1777 1347 1834 sacerdotum
1394 1777 1465 1832 ad
1508 1776 1849 1842 Damascum,
1879 1821 1899 1841 .

1954 572 2222 642 perientia
2250 573 2455 630 didicit.
2484 574 2624 643 Quid
2654 584 2737 631 est
2783 576 2947 646 igitur
2974 579 3117 650 quod
3145 579 3345 650 fugisse
3364 582 3517 641 Israe

1953 660 2059 716 lem
2085 662 2296 731 asserit,
2322 664 2425 719 nisi
2452 666 2578 735 quia
2604 676 2918 723 constanter
2945 667 3177 725 afﬁrmat
3208 671 3373 743 quod,
3405 674 3531 729 dum

1953 750 2207 809 Judaicus
2233 755 2462 825 populus
2488 755 2643 825 Legis
2689 772 2906 813 sensum
2959 761 3250 817 carnaliter
3300 764 3533 831 retinet,

1952 847 2283 918 Spiritalibus
2312 858 2510 905 sanctae
2538 849 2791 908 Ecclesiae
2821 853 3129 910 doctoribus
3144 856 3411 935 resistere
3440 859 3541 913 dis-

1952 940 2191 1011 putando
2213 957 2320 997 non
2343 945 2568 1013 potest?
2590 943 2654 1000 Et
2677 945 2803 1015 quid
2832 954 2916 1002 est
2961 948 3109 1017 quod
3136 964 3390 1021 magnam
3430 951 3515 1006 rui

1952 1048 2081 1089 nam
2108 1033 2308 1090 factam
2329 1035 2495 1092 fuisse
2531 1037 2586 1092 in
2615 1040 2812 1110 populo
2836 1040 3112 1111 praedicat,
3137 1041 3240 1098 nisi
3266 1043 3393 1112 quia
3422 1058 3514 1098 om

1952 1140 2049 1183 nes
2068 1126 2160 1197 qui
2189 1129 2258 1183 de
2283 1126 2506 1183 Judaico
2536 1129 2736 1199 populo
2776 1132 3000 1187 verbum
3050 1131 3175 1188 ﬁdei
3219 1132 3539 1203 repulerunt

1952 1225 2155 1273 aeterna
2175 1226 2351 1273 morte
2379 1220 2604 1289 periisse
2633 1220 2961 1278 conﬁrmat?
3007 1220 3076 1275 Et
3104 1222 3234 1293 quid
3256 1231 3340 1279 est
3389 1223 3541 1293 quod

1952 1310 2059 1367 duo
2088 1310 2205 1367 Heli
2235 1311 2330 1367 ﬁlii
2376 1312 2576 1368 mortui
2622 1312 2947 1381 referuntur,
2996 1315 3099 1370 nisi
3130 1316 3258 1384 quia
3308 1324 3541 1385 uterque
3566 1358 3610 1401 κ

1953 1402 2089 1459 ordo
2118 1403 2319 1459 veteris
2348 1403 2908 1463 sacerdotiidefecisse
2929 1409 3212 1463 asseritur?
3226 1406 3294 1461 Et
3317 1408 3444 1477 quid
3458 1413 3544 1463 est

1952 1495 2099 1563 quod
2129 1511 2314 1551 arcam
2344 1497 2439 1553 Dei
2466 1505 2682 1568 captam
2704 1498 2870 1557 fuisse
2897 1500 3047 1565 dicit,
3079 1500 3183 1556 nisi
3203 1502 3329 1571 quia
3354 1499 3543 1570 cogni-

1954 1584 2157 1641 tionem
2186 1588 2493 1643 divinorum
2523 1600 2985 1646 sacramentorum
3013 1606 3045 1645 a
3070 1589 3540 1659 Judaeisablatam,

1954 1683 2119 1746 atque
2145 1693 2176 1731 a
2205 1677 2466 1734 Gentibus
2495 1679 2725 1735 ﬁdeliter
2746 1682 3139 1751 apprehensam
3166 1681 3400 1739 asserit?
3421 1680 3546 1751 quia

1956 1782 1989 1821 a
2019 1766 2277 1824 Gentibus
2303 1768 2437 1839 jam,
2466 1769 2563 1825 Dei
2598 1773 2771 1839 gratia
2800 1780 3051 1840 vocante,
3085 1772 3331 1831 ﬁdelibus
3367 1774 3544 1829 divina

254 1866 529 1924 minarum
567 1878 623 1925 et
651 1870 817 1926 caedis
843 1871 1058 1942 spirans
1100 1870 1155 1926 in
1200 1869 1525 1942 discipulos,
1572 1871 1857 1928 festinabat
1885 1862 1936 1924 B
1959 1864 2215 1935 mysteria
2245 1872 2667 1935 cognoscuntur.
2700 1864 3001 1935 Sequitur:

251 1956 404 2027 (Act.
436 1974 525 2028 1x,
553 1958 580 2012 1
599 2001 614 2027 ,
645 1960 738 2030 2).
768 1960 871 2016 Sed
903 1962 994 2031 qui
1024 1962 1080 2016 in
1110 1970 1271 2018 nocte
1301 1961 1501 2017 bellum
1527 1963 1766 2032 paravit,
1798 1963 1853 2018 in

248 2049 347 2106 die
376 2050 544 2119 fugit:
576 2053 703 2122 quia
729 2055 795 2109 in'
812 2054 999 2111 itinere
1021 2056 1112 2111 lux
1138 2057 1207 2112 de
1231 2058 1371 2113 coelo
1398 2073 1520 2113 eum
1548 2059 1727 2114 subito
1751 2059 1855 2114 cir—

250 2140 556 2210 cumfulSit,
588 2143 643 2197 in
666 2151 970 2217 terramque
1001 2150 1324 2218 prostravit,
1363 2148 1621 2204 ineffabili
1652 2165 1855 2219 pavore

251 2234 487 2303 terruit,
538 2242 597 2290 ut
642 2237 894 2293 tenebras
928 2237 1172 2295 immensi
1203 2240 1403 2297 erroris
1432 2249 1768 2310 agnosceret,
1801 2250 1857 2296 et

254 2343 364 2400 pro
384 2343 447 2384 ea
470 2344 632 2400 quam
652 2332 993 2402 expugnabat
1010 2341 1170 2390 nocte
1188 2332 1431 2390 Ecclesia
1455 2335 1509 2389 in
1526 2334 1631 2390 diei
1654 2334 1858 2390 lumine

256 2418 566 2477 dimicaret.
616 2420 677 2476 In
730 2422 819 2478 die
864 2424 1028 2493 igitur
1074 2424 1246 2496 fugit,
1299 2441 1463 2496 quem
1513 2434 1573 2481 ut
1619 2424 1857 2498 perﬁdiae

262 2520 479 2567 noctem
510 2511 803 2581 desereret,
834 2514 901 2570 de
929 2516 1068 2571 coelo
1090 2525 1307 2573 ostensa
1335 2515 1713 2592 Redemptoris
1741 2518 1856 2574 cla-

256 2600 395 2658 ritas
420 2601 794 2659 circumfulsit.
828 2604 964 2672 Quid
995 2616 1080 2662 est
1107 2621 1238 2678 ergo
1265 2609 1411 2679 quod
1440 2625 1505 2666 eo
1528 2610 1615 2666 die
1636 2625 1695 2666 se
1720 2608 1857 2665 fate-

253 2697 348 2748 tur
378 2696 563 2754 venire
605 2700 671 2753 de
698 2698 886 2769 praelia
929 2716 1038 2770 quo
1067 2701 1137 2757 de
1166 2703 1284 2758 acie
1314 2703 1541 2772 fugerit,
1596 2704 1702 2759 nisi
1731 2704 1858 2773 quia

257 2794 427 2842 rectae
476 2789 871 2859 praedicationis
928 2792 1159 2848 intentio
1216 2793 1560 2865 designatur?
1626 2795 1859 2863 Quidam

256 2890 500 2948 namque
527 2894 592 2936 eo
622 2881 710 2937 die
740 2882 808 2937 de
837 2883 954 2939 acie
997 2883 1237 2955 fugiunt,
1281 2888 1379 2943 sed
1406 2886 1514 2943 alio
1543 2888 1765 2943 veniunt
1793 2887 1861 2943 de

257 2969 456 3042 praelia
498 2988 514 3025 :
564 2972 685 3041 quia
715 2990 929 3031 errores
968 2976 1230 3047 pristinos
1276 2993 1461 3035 amore
1490 2987 1706 3034 aeternae
1734 2980 1859 3035 vitae

254 3061 660 3132 derelinquunt,
693 3064 810 3133 sed,
840 3081 961 3122 cum
988 3068 1055 3123 ad
1082 3067 1482 3139 praedicationis
1502 3071 1858 3127 ministerium

259 3141 647 3225 assumuntur,
691 3156 759 3213 de
791 3172 890 3214 sua
936 3160 1336 3229 praedicationis
1371 3161 1620 3219 facundia
1646 3172 1856 3235 tempo-

2029 1955 2202 2028 (Vers.
2229 1956 2341 2028 18.)
2374 1956 2599 2029 Cumque
2626 1957 2718 2011 ille
2742 1959 3060 2013 nominasset
3092 1974 3269 2013 arcam
3309 1957 3428 2025 Dei,
3462 1977 3549 2015 ce-

1955 2050 2081 2105 cidit
2109 2049 2231 2105 ﬂeli
2273 2050 2335 2105 de
2363 2051 2490 2105 sella
2539 2061 2822 2107 retrorsum
2851 2053 3011 2125 juxta
3037 2054 3244 2120 ostium,
3289 2062 3339 2108 et
3366 2055 3550 2125 fractis

1956 2144 2257 2213 cervicibus,
2285 2154 2519 2199 mortuus
2548 2153 2643 2199 est.

2027 2232 2117 2288 2‘2.
2151 2233 2291 2300 Quid
2318 2242 2402 2289 est
2428 2235 2574 2306 quod
2602 2234 2741 2303 Heli,
2800 2236 2980 2292 audita
3034 2236 3248 2293 lsraelis
3287 2235 3432 2306 fuga,
3461 2252 3542 2293 re-

1957 2326 2068 2381 lata
2096 2325 2197 2381 sibi
2226 2326 2379 2381 ruina
2407 2327 2613 2398 populi,
2659 2328 2905 2383 intimata
2960 2328 3193 2384 ﬁliorum
3234 2338 3429 2397 morte,
3480 2329 3549 2385 de

1958 2418 2093 2473 sella
2121 2402 2461 2487 nequaquam
2484 2418 2631 2474 cadit
2656 2436 2669 2473 :
2701 2420 2916 2489 cognita
2943 2429 3125 2475 autem
3157 2436 3297 2475 arcae
3326 2421 3541 2491 captio-

1958 2523 2047 2575 ne,
2090 2516 2146 2563 et
2173 2507 2241 2563 de
2280 2508 2412 2563 sella
2439 2510 2603 2576 cadit,
2655 2517 2710 2565 et
2739 2510 2903 2565 vitam
2926 2510 3147 2580 perdit?
3192 2509 3298 2565 Sed
3336 2510 3461 2580 quia
3492 2508 3552 2580 in,

1960 2598 2079 2655 Heli
2142 2599 2414 2670 sapientes
2463 2598 2771 2656 Iudaeorum
2799 2609 2855 2656 et
2884 2600 3225 2671 legisperitos
3275 2600 3551 2669 designari

1958 2692 2211 2761 diximus,
2240 2694 2424 2751 audita
2480 2692 2694 2749 lsraelis
2718 2692 2863 2763 fuga,
2890 2694 2957 2749 de
2986 2695 3119 2749 sella
3141 2710 3252 2750 non
3302 2692 3502 2749 cecidit
3531 2711 3547 2748 a

1959 2787 2106 2855 quia,
2139 2784 2283 2855 quod
2310 2785 2582 2854 simplices
2612 2785 2917 2857 Synagogae'
2939 2784 3033 2839 ﬁlii
3059 2800 3091 2839 a
3133 2792 3336 2840 sanctae
3361 2782 3550 2840 Eccle-

1960 2878 2053 2932 siae
2073 2877 2385 2934 doctoribus
2406 2879 2462 2933 in
2490 2879 2879 2949 praedicatione
2923 2886 3265 2950 superentur,
3294 2894 3393 2950 pro
3422 2893 3551 2949 par-

1959 2985 2029 3026 vo
2059 2970 2227 3026 ducit.
2252 2970 2372 3027 Non
2400 2973 2548 3029 cadit
2575 2972 2747 3028 relata
2773 2972 2873 3029 sibi
2908 2974 3064 3028 ruina
3112 2973 3297 3044 populi
3331 2991 3346 3027 :
3376 2973 3503 3043 quia
3532 3012 3550 3043 ,

1960 3062 2086 3118 dum
2115 3065 2295 3135 perire
2323 3066 2475 3121 audit
2519 3081 2613 3122 eos
2641 3067 2733 3136 qui
2764 3067 2819 3122 in
2872 3066 3149 3122 Judaismo
3196 3067 3501 3122 moriuntur
3530 3105 3548 3133 ,

1960 3172 2304 3228 nequaquam
2378 3159 2714 3229 expavescit.
2780 3159 3031 3216 lntimata
3082 3159 3320 3215 ﬁliorum
3372 3167 3551 3214 morte

255 3243 403 3301 rales
431 3246 811 3305 retributiones
839 3259 1119 3321 appetunt.
1149 3252 1270 3309 Alio
1298 3254 1461 3324 igitur
1487 3256 1575 3312 die
1598 3272 1761 3326 quam
1784 3272 1852 3313 eo
1877 3247 1929 3316 C
1960 3265 2069 3306 non
2099 3250 2247 3306 Cadit
2274 3269 2287 3306 τ
2320 3252 2468 3322 quia.
2500 3260 2557 3308 ει
2583 3253 2799 3323 Obiecta
2825 3253 2929 3308 Sibi
2953 3253 3240 3309 sacerdoui
3264 3254 3546 3321 “musque

255 3349 371 3405 quo
396 3336 645 3407 fugerant
670 3341 895 3398 veniunt
924 3361 938 3398 :
969 3346 1098 3414 quia
1123 3345 1377 3402 nimirum
1405 3349 1544 3405 recti
1574 3359 1700 3406 sunt
1726 3365 1831 3406 con

260 3431 604 3499 versatione,
659 3433 755 3488 sed
803 3435 1199 3506 praedicationis
1242 3438 1546 3496 intentione
1594 3441 1854 3510 perversi.

261 3516 452 3577 Sancti
476 3535 605 3592 ergo
627 3523 1033 3593 praedicatores,
1065 3528 1157 3598 qui
1179 3544 1274 3598 per
1296 3528 1672 3600 Redemptoris
1687 3531 1857 3586 nostri

259 3614 491 3683 gratiam
520 3614 590 3670 de
619 3617 1027 3674 circumcisione
1053 3619 1433 3685 crediderunt,
1475 3638 1585 3677 non
1614 3623 1720 3678 alio
1747 3622 1856 3691 die,

261 3701 365 3757 sed
388 3716 453 3758 eo
472 3718 583 3774 quo
606 3704 675 3760 de
698 3706 814 3761 acie
835 3706 1083 3777 fugerant
1109 3708 1176 3764 de
1196 3711 1383 3779 praelio
1404 3720 1670 3767 venerunt
1695 3731 1707 3766 :
1732 3713 1860 3783 quia

260 3792 508 3864 profecto
536 3806 823 3867 utrumque
858 3799 1057 3855 donum
1088 3800 1141 3855 in
1172 3803 1389 3871 superni
1434 3805 1636 3860 amoris
1674 3805 1858 3876 splen-

268 3887 411 3943 dore
438 3891 713 3947 consecuti
742 3900 897 3960 sunt,
937 3894 1221 3951 veritatem
1250 3896 1459 3952 scilicet
1486 3898 1858 3954 conversatio-

260 3980 392 4047 nis,
422 3996 543 4037 cum
564 3984 943 4053 praedicatione
969 3987 1139 4042 verbi.
1195 3985 1259 4041 Et
1285 3988 1410 4057 quia
1437 3987 1715 4045 Judaicum
1744 4005 1860 4045 ma-

260 4071 573 4144 gisterium,
599 4076 700 4131 etsi
726 4092 837 4132 non
860 4077 1161 4133 intentione
1182 4080 1571 4147 cognoscendae
1596 4080 1859 4152 veritatis,

260 4166 599 4223 curiositatis
626 4176 808 4225 tamen
837 4170 1199 4227 sollicitudine
1242 4181 1556 4229 sanctorum
1596 4174 1859 4244 praedica-

259 4260 449 4311 torum
475 4259 801 4317 assertiones
829 4262 1013 4317 audire
1037 4262 1229 4330 voluit,
1261 4265 1506 4335 sequitur
1532 4283 1547 4320 :

340 4344 520 4417 (Vers.
552 4348 665 4420 16.)
685 4350 777 4405 Cui
803 4353 892 4407 ille
912 4356 1019 4408 ait:
1044 4353 1182 4420 Quid
1209 4365 1379 4411 actum
1399 4365 1493 4423 est,
1525 4357 1604 4428 ﬁli
1629 4358 1747 4413 mi?

337 4437 428 4493 2i).
459 4439 571 4496 Sub
597 4442 756 4500 unius
775 4446 972 4517 quippe
993 4448 1353 4520 descriptione
1382 4450 1631 4506 omnibus
1684 4448 1860 4519 loqui-

259 4535 382 4597 tur,
412 4531 536 4601 quia
558 4533 736 4602 gentis
762 4551 873 4591 suae
915 4538 1164 4595 homines
1211 4540 1365 4611 vidit,
1395 4555 1533 4612 quos
1569 4540 1858 4608 aliquando

1960 3346 2285 3411 cessatione,
2317 3346 2599 3415 superbire
2627 3362 2737 3402 non
2766 3346 2983 3402 desinit.
3030 3345 3183 3401 lllata
3213 3355 3395 3401 autem
3442 3346 3549 3402 sibi

1962 3450 2102 3491 arcae
2122 3437 2377 3506 captione
2416 3437 2587 3491 cadit:
2615 3438 2762 3506 quia,
2788 3436 2915 3491 dum
2943 3445 3284 3497 sacramenta
3307 3437 3554 3509 Scriptu-

1961 3540 2036 3581 rae
2057 3542 2167 3581 suae
2196 3526 2463 3599 profunde
2485 3536 2539 3583 et
2564 3528 2920 3598 spiritualiter
2969 3528 3095 3584 sciri
3124 3543 3153 3583 a
3208 3536 3407 3584 sanctae
3446 3527 3553 3586 Ec-

1962 3618 2141 3674 clesiae
2171 3619 2617 3689 praedicatoribus
2637 3628 2694 3678 et
2723 3620 2969 3677 ﬁdelibus
3013 3620 3177 3688 videt,
3201 3622 3271 3678 de
3300 3637 3363 3678 ea
3391 3637 3553 3691 quam

1963 3708 2253 3765 carnaliter
2284 3717 2495 3765 tantum
2526 3710 2797 3783 intelligit,
2824 3711 2966 3767 sacri
2996 3712 3200 3783 eloquii
3248 3713 3553 3769 eruditione

1965 3803 2247 3872 superbire
2270 3819 2376 3859 non
2409 3805 2591 3861 audet.
2616 3804 2696 3862 De
2724 3806 2859 3863 sella
2881 3806 3044 3876 igitur
3056 3806 3221 3873 cadit,
3268 3807 3416 3877 quia,
3441 3806 3552 3875 spi-

1964 3893 2108 3949 ritali
2137 3895 2375 3965 cognito,
2408 3897 2690 3968 superbire
2746 3898 2815 3955 de
2844 3899 3046 3954 carnali
3089 3897 3399 3968 magisterio
3442 3913 3551 3954 non

1961 3986 2257 4055 praesumit.
2286 3986 2415 4055 Sed,
2444 3989 2570 4057 quia
2596 4004 2722 4045 vera
2752 3990 3033 4059 praedicari
3074 3988 3376 4044 sublimiter
3400 3990 3552 4043 audit

1963 4088 2021 4136 et
2048 4095 2387 4151 nequaquam
2414 4083 2604 4150 credit,
2634 4084 2760 4139 dum
2781 4082 3127 4139 confunditur
3159 4090 3215 4138 et
3236 4098 3345 4139 non
3374 4084 3527 4139 salva

1963 4183 2070 4244 tur,
2100 4176 2244 4232 cadit
2273 4188 2327 4231 et
2349 4178 2596 4233 moritur.
2625 4176 2781 4247 Capit
2802 4176 3004 4248 quippe
3028 4177 3095 4232 de
3116 4177 3270 4245 sella,
3297 4178 3420 4250 quia
3444 4192 3545 4233 ex-

1964 4266 2080 4323 tolli
2102 4267 2297 4323 desinit
2320 4267 2390 4324 de
2408 4269 2674 4325 doctrina.
2700 4267 2805 4325 Sed
2827 4269 3025 4326 cadens
3069 4270 3324 4340 moritur,
3354 4268 3481 4340 quia
3501 4270 3549 4327 si

1964 4360 2176 4417 ratione
2223 4362 2474 4427 vincitur,
2531 4363 2771 4432 ejusdem
2825 4372 3007 4422 tamen
3051 4365 3276 4423 rationis
3315 4364 3548 4438 judicio,

1963 4453 2247 4521 pervenire
2275 4453 2345 4507 ad
2369 4462 2571 4509 aeterna
2600 4454 2796 4525 gaudia
2816 4472 2925 4514 non
2954 4466 3217 4514 meretur.

2033 4541 2122 4597 Ξῖ).
2156 4546 2273 4609 Qua
2304 4544 2357 4597 in
2383 4558 2443 4600 re
2466 4545 2763 4601 notandum
2786 4557 2888 4614 est,
2920 4548 3048 4617 quia
3082 4548 3178 4617 qui
3208 4549 3408 4605 cadens
3433 4564 3552 4605 mo-

254 4619 512 4714 doctrina
545 4622 701 4693 Legis
724 4626 996 4686 instruxit.
1024 4629 1123 4687 Vel
1144 4631 1373 4690 fortasse
1398 4632 1565 4689 ﬁlium
1604 4635 1857 4700 vocavit,
1886 4651 1944 4714 ι)
1967 4636 2122 4701 ritur,
2150 4635 2305 4705 juxta
2326 4635 2523 4692 ostium
2545 4638 2705 4692 cadit.
2739 4637 2879 4706 Quid
2907 4647 2993 4694 est
3041 4639 3186 4694 enim
3213 4640 3360 4709 quod
3407 4639 3553 4695 cadit

254 4725 381 4766 non
402 4710 594 4769 affectu
617 4718 838 4788 amoris,
868 4720 960 4774 sed
990 4720 1298 4778 adulatione
1322 4723 1630 4780 calliditatis
1655 4742 1668 4779 :
1708 4724 1864 4797 134
1888 4710 1927 4714 —
1964 4729 2120 4800 juxta
2148 4729 2363 4797 ostium,
2388 4729 2493 4785 nisi
2520 4730 2667 4801 quia,
2698 4730 2826 4785 dum
2873 4746 3045 4788 caecus
3090 4743 3257 4799 errat,
3306 4731 3556 4801 impingit

256 4810 330 4856 ut
358 4817 427 4858 eo
456 4803 599 4861 hunc
626 4805 834 4868 facilius
859 4826 957 4881 per
981 4812 1357 4885 deceptionem
1386 4825 1639 4888 caperet,
1668 4831 1776 4886 quo
1803 4832 1863 4873 se

254 4905 397 4949 eum
426 4906 652 4965 paterno
678 4897 877 4957 affectu
905 4903 1127 4974 diligere
1147 4904 1562 4963 demonstraret.
1594 4908 1728 4964 Eum
1759 4908 1865 4964 ita:

256 4999 381 5055 que
413 4984 580 5044 ﬁlium
614 5000 794 5059 vocat,
827 5009 857 5049 a
884 5010 992 5065 quo
1013 4996 1142 5067 quid
1179 5006 1359 5054 actum
1407 4999 1568 5055 fuerit
1595 5000 1737 5057 scire
1764 5017 1859 5072 ap-

250 5079 409 5150 petit
439 5099 452 5133 :
476 5090 534 5137 ut
561 5083 805 5155 profecto
830 5088 940 5153 ille,
966 5106 1065 5162 pro
1090 5092 1336 5163 impenso
1365 5094 1859 5152 honoreadulatio-

252 5168 385 5234 nis,
416 5172 604 5230 seriem
625 5187 962 5248 perverteret
988 5183 1250 5239 veritatis.
1274 5183 1460 5241 Honor
1486 5185 1650 5255 igitur
1670 5186 1858 5258 appel-

253 5260 493 5319 lationis
519 5282 628 5323 non
652 5269 720 5324 ad
752 5286 992 5328 amorem
1039 5273 1291 5344 refertur,
1341 5277 1436 5333 sed
1482 5278 1550 5333 ad
1593 5278 1860 5335 callidita-

256 5361 407 5409 tem.
438 5356 544 5414 Sed
568 5361 660 5431 qui
686 5364 921 5433 praelatae
954 5367 1127 5425 laudis
1169 5368 1410 5427 favorem
1456 5374 1683 5445 respuit,
1728 5389 1859 5431 con-

256 5456 493 5505 stanter
511 5468 637 5508 vera
667 5457 944 5526 patefecit.
990 5459 1139 5517 Unde
1165 5472 1219 5518 et
1246 5464 1494 5521 subditur
1525 5484 1539 5519 :

343 5537 529 5611 (Vers.
562 5544 675 5619 i7.)
706 5547 1045 5620 Respondens
1082 5565 1253 5611 autem
1284 5558 1368 5627 qui
1406 5558 1718 5615 nuntiabat:
1744 5559 1862 5615 Fu-

252 5635 375 5706 git,
406 5636 590 5708 inquit,
626 5640 799 5697 Israel
828 5660 1002 5699 coram
1027 5645 1367 5716 Pliilisthiim,
1401 5660 1451 5706 et
1494 5653 1647 5707 ruina
1672 5670 1863 5725 magna

252 5726 421 5795 facta
462 5738 536 5783 est
564 5732 621 5786 in
668 5736 881 5805 populo.
925 5735 1153 5811 Insuper
1202 5751 1251 5795 et
1297 5747 1397 5797 duo
1433 5744 1532 5815 ﬁlii
1562 5748 1635 5800 tui
1675 5748 1863 5803 mortui

249 5826 421 5889 sunt,
452 5821 627 5893 Opimi
654 5837 704 5882 et
732 5829 978 5889 Pbinees.
1006 5833 1077 5888 Et
1105 5852 1230 5891 arca
1259 5836 1355 5892 Dei
1385 5850 1534 5908 capta
1557 5850 1651 5896 est.

564 5960 837 6024 Ριτιιυι..
883 5966 1177 6030 LXXIX.

1970 4823 2027 4878 in
2054 4821 2506 4894 Redemptorem?
2534 4823 2635 4890 Qui
2658 4824 2909 4879 nimirum
2935 4824 3004 4880 de
3025 4825 3319 4895 semetipso
3336 4826 3550 4891 asserit,

1968 4912 2152 4969 dicens
2167 4930 2180 4968 :
2198 4912 2298 4978 Qut
2318 4914 2559 4969 ceciderit
2579 4930 2732 4983 super
2745 4914 2972 4987 lapidem
2983 4915 3161 4983 istum,
3173 4930 3267 4969 con
3274 4915 3549 4987 fringetur;

1964 5021 2119 5075 super
2153 5024 2301 5077 quem
2325 5023 2443 5063 vero
2491 5006 2753 5073 ceciderit,
2811 5016 3037 5063 conteret
3058 5024 3175 5062 eum
3198 5006 3412 5079 (Matth.
3437 5024 3549 5073 χιιι,

1962 5095 2077 5167 44).
2104 5096 2223 5167 Ipse
2251 5112 2466 5168 quoque
2492 5099 2561 5155 de
2590 5098 2883 5169 semetipso
2910 5100 2986 5153 ait
3018 5117 3032 5153 :
3063 5098 3178 5170 Ego
3198 5114 3312 5154 sum
3340 5100 3551 5164 ostium;

1961 5209 2054 5264 per
2068 5209 2148 5246 me
2161 5193 2207 5247 si
2218 5194 2331 5265 quis
2342 5193 2621 5263 introierit,
2638 5192 2920 5248 salvabitur
2933 5201 2982 5246 et
2996 5192 3305 5263 egredietur,
3320 5198 3371 5245 et
3382 5207 3551 5262 regre-

1963 5285 2154 5352 dietur,
2166 5294 2215 5340 et
2228 5302 2421 5356 pascua
2434 5287 2652 5341 inveniet
2668 5285 2849 5356 (Joan.
2868 5302 2923 5352 x,
2941 5284 3015 5355 9).
3030 5283 3190 5340 Juxta
3208 5284 3405 5339 ostium
3419 5296 3548 5352 ergo

1961 5388 2207 5434 mortuus
2226 5387 2309 5434 est
2324 5377 2462 5446 Heli,
2481 5379 2608 5448 quia
2632 5377 2928 5450 Synagogas
2948 5378 3317 5447 magisterium
3347 5374 3550 5433 idcirco

1973 5470 2129 5542 135
2149 5468 2324 5539 periit,
2352 5472 2478 5539 quia
2501 5471 2553 5525 in
2584 5469 3002 5540 Redemptorem
3024 5467 3265 5525 oﬁ‘endit.
3294 5467 3373 5525 lbi
3403 5470 3550 5525 enim

1966 5560 2180 5629 cecidit,
2214 5561 2306 5616 ubi
2340 5562 2583 5630 deliquit.
2607 5560 2707 5628 Qui
2741 5562 2904 5617 etiam
2927 5560 3148 5631 cadens,
3177 5563 3417 5619 cervices
3441 5560 3552 5618 fre-

1966 5652 2062 5722 git.
2088 5652 2143 5708 In
2172 5653 2383 5709 cervice
2404 5662 2582 5708 tumor
2607 5653 2915 5723 temporalis
2937 5656 3191 5724 potentiae
3215 5654 3548 5725 designatur.

1965 5745 2158 5802 Fracta
2183 5759 2311 5815 ergo
2338 5744 2547 5801 cervice
2565 5745 2816 5812 moritur,
2856 5746 2948 5817 qui
2993 5746 3230 5817 perﬁdiae
3284 5743 3549 5813 magnitu~

1966 5839 2110 5907 dine,
2135 5839 2328 5895 amissa
2358 5838 2510 5908 regni
2538 5839 2801 5911 potentia,
2819 5836 3231 5896 condemnatur.

3069 5978 3110 6043 6
