4020 6344
478 388 571 444 171
1698 375 1941 436 SANCTI
1978 372 2303 432 GREGORll
2338 371 2552 431 MAGNI

3634 372 3775 432 172

544 498 635 554 Ἃ.
666 498 850 554 Potest
871 510 1087 566 quoque
1115 509 1212 566 per
1232 495 1427 550 ostium
1451 508 1617 549 sacra:
1642 490 1934 561 Scriptura:
1962 492 2052 546 lit-
2083 497 2134 556 Α
2161 496 2269 543 tem
2297 488 2462 559 quod,
2488 486 2668 543 audita
2698 499 2837 542 arca:
2861 486 3113 558 captione
3139 495 3197 545 et
3218 488 3395 545 soceri
3441 498 3603 561 atque
3634 488 3779 549 viri

482 604 593 649 tera
624 590 908 660 designari.
930 588 1061 643 Nam
1091 588 1238 643 velut
1266 602 1363 655 per
1386 586 1585 642 ostium
1616 584 1681 639 ad
1704 582 1893 638 aeterni
1912 590 2051 638 tem-

480 687 551 757 pli
578 685 711 739 atria
754 682 1016 744 ducimur,
1050 679 1176 733 dum
1202 696 1296 749 per
1326 680 1467 735 sacri
1496 677 1698 747 eloquii
1721 678 1952 732 litteram
1984 674 2053 727 ad

478 778 821 847 allegoricam
872 783 927 829 et
965 772 1298 843 spiritualein
1352 771 1757 840 intelligentiam
1812 768 2054 823 subleva-

473 884 612 923 mur.
652 866 796 921 lntus
825 879 1037 935 quoque
1066 878 1161 919 rex
1186 863 1453 918 cernitur:
1480 864 1600 931 quia
1619 860 1912 931 promissus
1943 858 2051 913 Re-

474 961 720 1029 demptor
748 959 965 1013 humani
988 958 1200 1027 generis
1231 957 1283 1011 in
1314 956 1573 1026 spirituali
1605 970 1771 1009 sacra:
1811 953 2053 1021 Scriptu-

474 1069 545 1105 [ω
578 1051 927 1120 intelligentia
960 1050 1246 1104 invenitur.
1304 1047 1419 1103 lleli
1472 1062 1599 1117 ergo
1648 1046 1802 1115 juxta
1856 1045 2053 1099 ostium

472 1150 714 1196 mortuus
740 1142 934 1196 cecidit
966 1141 1130 1211 :quia
1171 1138 1413 1211 proiecto
1460 1140 1757 1210 Synagogm
1802 1136 2054 1203 magiste-

472 1234 612 1288 rium
644 1232 842 1289 idcirco
869 1234 1091 1301 interiit,
1121 1233 1244 1305 quia
1268 1248 1362 1303 per
1389 1231 1686 1302 Spiritalcm
1717 1228 2051 1297 Scripturam

473 1341 594 1381 eum
623 1327 713 1394 qui
739 1327 792 1381 in
822 1327 1011 1395 spiritu
1054 1326 1347 1395 promissus
1404 1326 1577 1379 fuerat
1633 1322 2053 1394 Redemptorcm

473 1417 691 1472 humani
747 1418 978 1487 generis,
1028 1433 1136 1471 non
1191 1416 1545 1487 spiritaliter,
1596 1414 1691 1469 sed
1740 1414 2049 1479 carnaliter,

471 1510 733 1580 quaesivit.
762 1508 919 1566 Juxta
968 1511 1163 1565 ostium
1193 1525 1425 1581 namque
1472 1518 1712 1562 mortuus
1742 1516 1827 1563 est
1858 1526 1869 1560 :
1928 1506 2055 1576 quia

470 1604 537 1659 de
567 1618 631 1659 eo
661 1603 885 1670 interiit,
916 1602 1058 1673 quod
1089 1603 1385 1673 spiritalem
1416 1600 1791 1671 Redemptoris
1824 1600 2054 1671 promis-

469 1695 691 1761 sionem,
752 1710 860 1747 non
914 1694 1210 1749 secundum
1260 1693 1670 1763 intelligentiam
1712 1693 2005 1763 spiritalem
2034 1732 2051 1759 ,

468 1786 559 1839 sed
587 1785 880 1840 secundum
904 1785 1201 1856 simplicem
1251 1786 1579 1841 locutionem
1618 1785 1855 1840 historia:
1895 1784 2055 1840 intel-

2155 580 2237 636 sui
2266 588 2462 645 morte,
2494 578 2768 649 peperisse
2796 577 3011 646 dicitur,
3049 578 3207 651 136
3230 579 3333 635 nisi
3354 578 3479 652 quia
3498 580 3776 641 Judaicz

2153 673 2326 745 plebis
2346 674 2641 742 residuum,
2675 674 2799 729 dum
2828 673 3087 743 spiritalia
3117 685 3455 733 sacramenta
3490 677 3773 750 Scriptu-

2154 782 2332 821 rarum
2381 764 2448 821 ad
2476 765 2729 821 Gentium
2756 764 3117 822 eruditionem
3145 764 3402 824 transisse
3425 773 3716 840 cognoscit
3746 814 3775 840 ,

2153 858 2279 914 dum
2308 858 2575 929 sapientes
2602 858 2899 931 Synagogae
2926 876 3047 915 cum
3063 868 3295 932 utroque
3323 863 3623 920 sacerdotio
3656 866 3783 920 in-

2156 950 2362 1006 teriisse
2388 949 2498 1020 jam
2528 951 2809 1021 conspicit,
2836 966 2898 1006 ea
2928 968 3046 1023 quae
3071 953 3339 1023 concepit,
3386 955 3603 1011 lueresis
3632 972 3786 1012 sua:

2152 1045 2378 1110 semina,
2402 1045 2670 1115 loquendo
2693 1044 2970 1101 eliundere
2998 1062 3106 1101 non
3136 1046 3390 1101 desistit?
3419 1047 3612 1103 Parere
3642 1066 3789 1104 au-

2154 1147 2261 1191 tem
2284 1136 2352 1203 ei,
2395 1145 2478 1193 est
2496 1146 2811 1207 conceptam
2840 1137 3164 1207 pravitatem
3194 1140 3461 1210 loquendo
3482 1141 3597 1196 aliis
3626 1155 3789 1212 ape-

2152 1227 2280 1283 rire.
2316 1226 2384 1281 Et
2408 1227 2533 1297 quia
2566 1229 2793 1298 reproba
2820 1227 3093 1297 prmdicat,
3113 1228 3240 1284 dum
3263 1246 3453 1301 parere
3468 1232 3780 1300 asseritur,

2153 1318 2434 1375 incurvata
2489 1330 2839 1376 memoratur.
2872 1320 3032 1376 Velut
3058 1322 3202 1377 enim
3230 1339 3339 1378 non
3377 1339 3435 1378 se
3462 1333 3784 1381 curvantes

2154 1412 2389 1483 pariunt,
2415 1412 2507 1483 qui
2538 1413 2780 1470 cmlestia
2809 1410 3103 1483 loquuntur
3136 1432 3149 1468 :
3182 1415 3309 1484 quia
3352 1414 3405 1470 in
3434 1424 3574 1470 statu
3621 1415 3781 1477 ﬁdei

2154 1506 2457 1563 auditorum
2480 1525 2700 1564 suorum
2746 1508 2912 1565 corda
2956 1509 3024 1565 ad
3051 1510 3287 1567 studium
3330 1510 3542 1582 erigunt
3592 1510 3783 1565 bona:

2153 1598 2503 1667 Operationis.
2536 1598 2667 1667 Quae
2692 1600 2855 1670 igitur
2880 1618 3045 1672 prava
3098 1603 3311 1669 asserit,
3346 1602 3619 1659 incurvata
3649 1617 3779 1673 ρας

2155 1690 2224 1744 rit
2257 1708 2269 1743 :
2301 1691 2427 1761 quia
2456 1692 2704 1762 profecto
2734 1692 2839 1748 hoc
2864 1694 2966 1748 sibi
2991 1694 3264 1765 loquendo
3295 1695 3493 1765 agitur,
3525 1704 3585 1749 ut
3637 1708 3779 1763 quo

2153 1780 2410 1835 attentius
2434 1778 2695 1851 loquitur,
2725 1781 2780 1836 in
2808 1781 3172 1840 damnationis
3196 1801 3307 1840 sua:
3335 1785 3593 1840 barathro
3621 1800 3785 1855 pro-

466 1876 615 1930 lexit.
649 1874 715 1929 Et
743 1876 869 1944 quia
893 1891 989 1946 per
1018 1876 1277 1931 doctrina:
1306 1894 1416 1933 sua:
1446 1877 1681 1932 studium
1714 1877 1885 1931 multo
1908 1886 2048 1931 tcm-
2080 1892 2129 1953 Β
2156 1866 2367 1925 Γυηιίἱυε
2387 1870 2712 1941 deponatur.
2748 1870 2917 1929 Recte
2974 1874 3137 1944 igitur
3167 1874 3295 1929 dum
3323 1875 3390 1930 ad
3427 1883 3633 1945 partum
3663 1874 3781 1930 in-

466 1983 617 2038 porc,
644 1967 855 2034 Judmzn,
890 1985 997 2023 non
1029 1985 1216 2024 amore
1237 1970 1373 2025 bona
1401 1969 1665 2039 operanti,
1691 1970 1785 2026 sed
1807 1971 2000 2025 timore
2020 1983 2051 2023 a

466 2059 609 2113 malo
637 2057 941 2124 declinanti,
970 2061 1203 2130 przefuit,
1235 2062 1478 2129 sequitur
1510 2080 1523 2114 :

540 2171 715 2237 (Vcrs.
748 2172 863 2241 18.)
894 2172 1067 2227 Senex
1096 2175 1233 2228 enim
1261 2184 1393 2240 erat,
1418 2184 1466 2227 et
1488 2174 1833 2246 grandwvus:
1866 2184 1916 2230 ct
1940 2176 2049 2230 inse

464 2264 715 2334 judicavit
746 2263 915 2319 Israel
943 2266 1290 2338 quadraginta
1316 2252 1516 2322 annis;

538 2357 628 2413 25.
661 2358 837 2414 Senex
861 2361 1059 2413 etenim
1091 2362 1210 2426 fuit,
1251 2371 1307 2416 et
1335 2360 1661 2429 grandaevus
1697 2360 2053 2415 diuturnitate

469 2458 795 2519 temporum.
826 2452 903 2517 (ξπ
928 2453 1188 2520 ulraginta
1218 2468 1347 2508 vero
1375 2454 1531 2507 annis
1563 2454 1791 2523 praefuit,
1834 2468 1931 2521 per
1981 2456 2049 2508 ti-

468 2559 677 2601 morem
706 2544 959 2613 legalium
982 2545 1381 2600 mandatorum.
1406 2544 2049 2614 Quadragenariusquip-

466 2651 540 2708 pe
559 2648 816 2693 numerus
842 2637 910 2692 ad
935 2647 1255 2709 peccatores
1284 2638 1541 2708 pertinet.
1569 2638 1717 2693 Unde
1730 2647 1784 2692 et
1805 2634 2051 2703 Quadra-

462 2730 679 2796 gesimte
707 2736 917 2797 tempus
958 2727 1011 2780 in
1061 2736 1253 2782 sancta
1300 2726 1545 2782 Ecclesia
1598 2727 1791 2783 eodem
1842 2728 2052 2783 dierum

456 2833 689 2874 numero
718 2828 1094 2875 consecratum
1122 2827 1224 2883 est,
1276 2826 1337 2873 ut
1375 2818 1631 2875 videlicet
1668 2835 1733 2874 ea
1764 2834 1883 2888 quae
1909 2836 2052 2875 com-

462 2910 721 2965 mittimus
776 2918 1000 2980 peccata
1053 2919 1265 2981 tergere
1329 2910 1643 2979 paenitendo
1713 2910 2049 2965 Studeamus.

464 2996 933 3068 Quadragenarius
954 3001 1155 3070 quippe
1182 3016 1437 3055 numerus
1467 3016 1535 3056 ex
1557 3002 1784 3056 denario
1808 3010 1865 3056 et
1912 3017 2051 3071 qua-

469 3092 703 3147 teruario
729 3102 1151 3148 consummatur.
1180 3092 1250 3147 Et
1276 3094 1423 3162 quia,
1467 3093 1782 3164 peccando,
1826 3093 2051 3148 Decalo-

463 3196 589 3253 gum
618 3184 809 3239 divinae
836 3183 995 3254 Legis
1025 3185 1463 3256 transgredimur,
1516 3186 1690 3256 ipsam
1743 3200 1872 3240 vero
1920 3200 2050 3254 pec-

2154 1973 2431 2029 curvatur,
2456 1963 2596 2019 mori
2650 1963 2864 2019 dicitur.
2917 1962 3143 2023 Pariens
3195 1982 3431 2037 namque
3476 1967 3717 2022 moritur
3762 2004 3789 2033 ι

2153 2056 2279 2125 quia
2330 2057 2385 2111 in
2440 2055 2791 2128 blasphemia:
2836 2075 2947 2115 sure
2988 2060 3183 2115 merito
3229 2060 3633 2116 condemnatur.
3693 2056 3789 2117 Et

2153 2147 2278 2216 quia
2306 2148 2499 2205 mortis
2528 2164 2635 2205 sua:
2662 2157 2934 2206 tormenta
2961 2166 3070 2206 non
3101 2150 3379 2221 praevidet,
3413 2150 3572 2207 subiti
3592 2148 3784 2206 dolo-

2152 2257 2239 2296 res
2268 2241 2323 2297 in
2344 2258 2465 2297 eam
2493 2243 2700 2300 irruere
2729 2243 3003 2299 dicuntur.
3034 2241 3214 2299 Subiti
3262 2256 3494 2312 namque
3533 2241 3783 2299 dolores

2154 2340 2279 2389 sunt
2325 2334 2625 2404 repentina:
2666 2332 2986 2391 afﬂictiones
3034 2333 3225 2388 mortis
3269 2332 3385 2388 sine
3432 2332 3789 2402 pmvisiona

2156 2422 2441 2479 venientis.
2468 2423 2659 2481 Subito
2692 2425 2836 2481 enim
2866 2425 3081 2480 dolores
3108 2424 3344 2490 irruunt,
3372 2436 3495 2478 cum
3519 2419 3789 2478 Iudaica

2154 2515 2297 2586 plebi
2344 2514 2733 2587 suppliciorum
2756 2516 3073 2587 perennium
3103 2515 3488 2572 retributiones
3507 2512 3783 2569 obviant:

2154 2622 2273 2676 qua:
2306 2622 2447 2662 nunc
2474 2606 2528 2661 in
2559 2614 2876 2679 contemptu
2896 2607 3139 2663 veritatis
3163 2608 3341 2679 posita
3366 2648 3381 2673 ,
3422 2621 3529 2661 non
3556 2603 3781 2661 formi-

2155 2697 2265 2753 dat.
2298 2696 2432 2765 Quia
2460 2700 2603 2754 enim
2627 2716 2726 2770 pro
2775 2710 3120 2771 paternarum
3168 2700 3513 2756 traditionum
3560 2700 3789 2757 obser-

2154 2790 2393 2855 vatione,
2421 2790 2486 2846 ad
2519 2799 2782 2847 aeternam
2808 2793 2974 2847 vitam
3004 2791 3287 2848 moriendo
3308 2806 3367 2847 se
3399 2791 3623 2846 transire
3644 2806 3788 2847 mas-

2156 2881 2332 2949 timat,
2365 2882 2420 2936 in
2449 2884 2656 2939 subitos
2684 2884 2900 2940 dolores
2927 2892 3055 2939 tunc
3068 2883 3289 2948 corruit,
3326 2898 3449 2938 cum
3478 2883 3785 2942 sustinere

2158 2979 2424 3027 tormenta
2452 2972 2691 3043 inchoat,
2714 2990 2833 3045 qua:
2856 2989 2964 3029 non
3012 2975 3270 3045 speravit.
3300 2972 3369 3029 Et
3397 2973 3713 3029 notandum
3752 3013 3781 3043 ,

2155 3065 2282 3136 quia
2308 3064 2375 3120 de
2402 3067 2668 3122 moriente
2723 3068 2917 3122 dicitur
2944 3085 2957 3122 :
2988 3064 3263 3123 Irruerunt
3292 3068 3347 3121 in
3389 3083 3506 3121 eant
3540 3066 3786 3123 dolor“

2154 3160 2311 3215 subiti
2338 3177 2357 3217 :
2388 3160 2513 3232 quia
2553 3161 2802 3219 videlicet
2847 3161 2976 3219 dum
3020 3178 3117 3234 per
3164 3162 3339 3219 carnis
3385 3161 3666 3218 molestias
3695 3161 3788 3218 ad

463 3251 619 3331 candi
642 3251 954 3332 facultatem
977 3292 1045 3332 ex
1064 3292 1129 3332 ea
1152 3251 1256 3349 qua
1284 3251 1651 3345 consistimus,
1676 3251 2054 3347 quatuor'ele-
2074 3267 2126 3335 C
2158 3251 2365 3349 famul“
2394 3253 2517 3308 νίίίθ
2549 3257 2779 3349 cogit“,
2808 3262 2961 3349 γίωέθί
3002 3253 3241 3349 ﬂagella”
3261 3254 3508 3349 ἀοιθῗυφ
3539 3256 3788 3349 "mare

462 3375 766 3423 mentorum
779 3367 1153 3439 compactione
1166 3369 1556 3433 contrahimus;
1572 3368 1669 3424 sub
1686 3382 1911 3422 numero
1924 3382 2054 3437 qua-

460 3459 805 3529 dragenario,
833 3460 1071 3532 quandiu
1100 3462 1153 3516 in
1207 3470 1431 3532 peccato
1478 3462 1777 3529 existimus,
1810 3465 2055 3518 contine—

461 3565 600 3603 mur.
628 3550 749 3605 Heli
778 3566 907 3621 ergo
966 3552 1324 3623 quadraginta
1354 3552 1510 3609 annis
1555 3552 1813 3609 lsraelcm
1838 3553 2052 3623 judica-

462 3640 559 3706 vit,
590 3642 715 3709 quia
738 3641 1035 3712 Synagoga:
1067 3644 1435 3715 magisterium
1480 3653 1537 3700 et
1588 3652 1859 3699 austeram
1897 3644 2054 3713 Legis

463 3731 804 3801 disciplinam
835 3734 903 3788 ad
924 3735 1177 3790 timorem
1235 3736 1494 3805 subjecta:
1542 3735 1713 3807 plebis
1758 3737 2047 3791 exhibuit:

466 3831 523 3878 ut
542 3824 823 3878 materiam
853 3825 1105 3881 humana:
1152 3828 1496 3893 conditionis,
1543 3844 1637 3898 per
1664 3829 2054 3898 concupiscen-

464 3918 593 3973 tiam
615 3917 879 3989 fragilem,
908 3921 963 3975 in
991 3927 1135 3976 statu
1153 3920 1374 3990 justitize
1424 3937 1521 3993 per
1550 3921 1799 3976 timorem
1845 3922 2049 3980 retine-

463 4020 564 4068 ret.
598 4012 707 4068 Sed
729 4012 842 4083 jam
864 4023 1108 4070 mortuus
1139 4022 1222 4070 est
1244 4012 1383 4081 lleli,
1407 4016 1518 4083 jam
1548 4014 1730 4070 fractis
1753 4016 2051 4073 cervicibus

459 4104 611 4174 juxta
632 4106 828 4160 ostium
846 4106 1013 4175 jacet;
1036 4106 1131 4161 sed
1159 4116 1340 4161 tamen
1386 4120 1564 4175 pravae
1619 4105 1874 4161 doctrinae
1932 4108 2049 4178 ejus

460 4198 609 4253 virus
632 4198 686 4253 in
707 4200 914 4255 semine
942 4206 1210 4255 remanet.
1238 4196 1355 4253 Jam
1380 4200 1601 4269 quippe,
1632 4199 1723 4267 qui
1774 4216 1883 4254 non
1930 4214 2049 4256 cre-

463 4290 543 4345 dit
568 4290 635 4346 de
660 4289 968 4346 Iudaeorum
994 4290 1346 4361 sapientibus,
1365 4287 1639 4359 judicatus
1661 4298 1775 4357 est;
1796 4290 1890 4346 sed
1920 4291 2048 4360 quia

463 4384 518 4438 in
546 4384 661 4453 ejus
692 4385 1045 4440 instructione
1074 4385 1352 4454 pravitatis
1378 4386 1585 4441 semina
1612 4396 1819 4442 mentes
1862 4387 2049 4442 conci-

464 4475 639 4545 piunt,
671 4477 763 4546 qui
793 4480 910 4548 ejus
937 4478 1182 4535 doctrina
1212 4477 1305 4533 ﬁlii
1330 4486 1624 4535 nascuntur
1668 4478 1903 4550 perﬁlia:
1931 4481 2047 4551 ejus

464 4570 738 4625 vesaniam
760 4585 871 4626 non
900 4572 1229 4643 relinquunt.
1261 4571 1439 4639 Quare
1470 4582 1525 4628 et
1545 4572 1793 4628 subditur
1830 4591 1841 4632 ξ

533 4684 708 4757 (Vere.
743 4686 832 4753 19,
859 4686 978 4758 20.)
1032 4686 1214 4743 Nurus
1267 4696 1438 4744 autem
1488 4691 1600 4760 ejus
1644 4705 1775 4743 uxor
1825 4688 2051 4745 Phinees

461 4794 737 4849 prwgnans
765 4790 898 4849 erat,
928 4783 1193 4854 vicinaque
1219 4784 1391 4853 partui
1412 4796 1429 4837 :
1451 4798 1585 4854 quae,
1609 4782 1786 4837 audito
1813 4784 1996 4837 nuntio
2027 4822 2044 4849 ,

459 4870 582 4940 quia
610 4879 761 4939 capta
811 4880 944 4925 esset
970 4889 1114 4940 arca,
1151 4880 1202 4927 et
1250 4882 1479 4928 mortuus
1519 4888 1667 4927 socer
1693 4890 1837 4942 suus,
1867 4883 1917 4927 et
1968 4875 2046 4929 vir

460 4976 605 5029 suus,
626 4962 909 5018 incursavit
932 4980 1007 5031 se,
1038 4973 1089 5020 et
1114 4966 1330 5036 peperit.
1361 4964 1635 5020 Irrnerunt
1662 4967 1801 5020 enim
1847 4967 1902 5020 in
1929 4984 2046 5021 eam

461 5050 665 5106 dolores
683 5053 856 5109 subiti.
911 5054 981 5109 In
1020 5058 1134 5127 ipso
1173 5067 1345 5112 auum
1391 5069 1649 5113 momento
1696 5060 1876 5112 mortis
1930 5063 2042 5132 ejus

461 5142 704 5199 dixerunt
723 5148 793 5215 ei,
814 5164 929 5219 quae
954 5148 1163 5204 stabant
1182 5150 1338 5220 juxta
1366 5166 1480 5204 eam
1509 5166 1530 5205 :
1574 5148 1663 5204 Ne
1689 5152 1889 5217 timeas,
1921 5154 2043 5224 quia

459 5238 625 5304 ﬁlium
658 5242 922 5312 peperisti.
950 5239 1079 5308 Quia
1104 5259 1211 5301 non
1260 5246 1548 5317 respondit,
1596 5262 1759 5318 neque
1810 5248 2047 5304 animad-

459 5332 629 5384 vertit.

530 5418 625 5476 26.
646 5422 777 5490 Qum
804 5433 987 5482 autem
1011 5426 1113 5484 fuit
1131 5444 1298 5487 nurus
1342 5430 1482 5500 Heli,
1524 5432 1628 5488 nisi
1649 5433 1804 5503 plebs
1827 5433 2042 5491 Judazo-

462 5524 602 5578 rum,
633 5518 878 5584 reprobis
904 5522 1270 5582 sacerdotibus
1294 5524 1585 5595 subjecta?
1614 5526 1742 5593 Qua!
1790 5530 1917 5598 (Ιυίδ
1945 5544 2041 5602 De!

462 5616 651 5659 eorum
671 5609 1108 5677 praedicationem
1135 5618 1344 5672 semina
1372 5616 1608 5687 perﬁdia:
1638 5620 1690 5674 in
1714 5633 1897 5679 mente
1925 5639 2045 5681 sus-

463 5704 702 5765 ceperat,
734 5715 1012 5771 praeguans
1038 5714 1176 5760 erat.
1198 5704 1264 5761 Et
1283 5708 1411 5776 quia
1439 5718 1759 5779 conceptam
1784 5714 2044 5770 malitiam

462 5785 579 5878 ipsa
605 5804 820 5861 quoque
836 5797 1409 5870 cogitabatctfundere,
1437 5818 1545 5860 non
1556 5804 1733 5862 solum
1756 5821 2043 5878 praegnans

466 5876 627 5936 tuisse
657 5882 867 5954 dicitur,
898 5889 996 5943 sed
1023 5890 1184 5966 etiam
1226 5897 1401 5963 partui
1430 5897 1623 5954 vicina.
1648 5899 1787 5973 Quid
1835 5876 1918 5956 est
1945 5915 2041 5956 au-

2159 3343 2217 3397 in
2244 3357 2366 3398 eam
2398 3346 2770 3416 tcmporaliter
2799 3348 3090 3419 incipiunt,
3134 3346 3327 3419 quibus
3354 3346 3471 3418 ejus
3498 3346 3787 3416 impietas

2155 3442 2358 3490 aeterna
2388 3437 2627 3493 vindicta
2654 3439 2948 3509 puniatur;
2980 3448 3037 3495 et
3075 3438 3202 3509 quia
3245 3438 3422 3495 vicino
3459 3439 3608 3494 exitu
3656 3454 3784 3494 re-

2155 3526 2337 3603 probus
2360 3528 2668 3585 Judaeorum
2690 3540 2902 3587 mentes
2938 3547 2997 3587 se
3028 3532 3344 3587 alterutrum
3374 3528 3438 3584 ad
3464 3526 3783 3600 perﬁdiam

2156 3628 2531 3684 cohortantur.
2558 3623 2617 3681 ln
2652 3625 2770 3697 ipso
2794 3635 2973 3681 autem
3012 3636 3289 3681 momento
3339 3624 3528 3679 mortis
3584 3621 3719 3692 ejus
3752 3667 3783 3696 ,

2154 3717 2409 3774 dixerunt
2438 3718 2509 3786 ei,
2565 3733 2684 3786 qua:
2712 3718 2929 3772 stabant
2971 3717 3124 3787 juxta
3175 3731 3335 3772 eam:
3396 3711 3483 3769 Ne
3524 3714 3726 3769 timeas
3754 3754 3781 3787 ,

2154 3812 2275 3883 quia
2299 3811 2465 3881 ﬁlium
2486 3811 2752 3882 peperisti.
2784 3809 2979 3864 Filium
3006 3809 3209 3880 quippe
3234 3806 3476 3880 peperit:
3502 3805 3625 3875 quia
3648 3808 3689 3859 «1
3702 3824 3785 3863 ιι-

2153 3919 2274 3957 rum
2304 3902 2357 3956 in
2381 3903 2618 3972 nequitia
2649 3912 2702 3957 et
2728 3902 3145 3973 insuperabilem
3176 3899 3435 3972 populum
3488 3897 3777 3955 erudivit.

2154 3993 2282 4060 Qua:
2311 4002 2491 4049 autem
2523 3995 2777 4050 mulieres
2795 3996 2949 4065 juxta
2973 4004 3138 4062 stant,
3170 3994 3273 4049 nisi
3302 4002 3509 4049 mentes
3549 3992 3783 4060 ωειαωί

2154 4086 2343 4141 ordine
2371 4086 2665 4157 impietatis
2694 4087 3011 4143 adstrictm?
3053 4086 3212 4142 Stant
3241 4086 3437 4157 quippe
3462 4098 3569 4137 non
3600 4084 3779 4139 veri-

2154 4186 2266 4232 tate
2292 4186 2345 4231 ct
2375 4176 2696 4233 rectitudine
2728 4176 2872 4247 fidei,
2903 4176 2997 4233 sed
3017 4176 3433 4248 prmsumptione
3458 4181 3511 4228 et
3530 4172 3779 4241 jactan-

2152 4268 2225 4323 tia
2255 4267 2548 4337 religionis.
2580 4267 2787 4324 Idcirco
2817 4284 2935 4325 eam
2956 4311 2973 4338 ,
3004 4285 3071 4325 ne
3128 4270 3337 4337 timeat,
3365 4266 3778 4338 cohortantur,

2150 4363 2277 4433 quia
2301 4362 2471 4418 tilium
2500 4365 2712 4435 peperit
2742 4382 2753 4417 ε
2788 4374 2845 4419 ιιι
2870 4363 3122 4418 videlicet
3147 4360 3550 4418 tantosecurius
3573 4360 3631 4415 in
3652 4375 3777 4417 ve-

2150 4455 2253 4510 teri
2277 4456 2569 4511 traditione
2593 4455 2732 4510 mori
2754 4472 2860 4510 non
2884 4456 3089 4519 timeat,
3114 4463 3319 4525 quanto
3344 4454 3463 4508 illos
3492 4452 3663 4508 etiam
3702 4452 3775 4508 in

2149 4563 2213 4602 ea
2249 4548 2543 4604 obduratos
2572 4559 2626 4605 et
2654 4548 3091 4605 inconvertibile‘s
3108 4548 3323 4619 aspicit,
3345 4562 3483 4619 quos
3502 4562 3604 4601 suo
3628 4561 3775 4602 ma-

2075 4651 2131 4715 D
2155 4640 2372 4711 gisterio
2400 4641 2642 4700 eruditos
2652 4642 3070 4713 cognoscit.Sed
3086 4644 3211 4699 dum
3228 4643 3282 4697 in
3303 4658 3361 4700 se
3380 4641 3775 4699 abundantius

2155 4732 2341 4788 dolore
2366 4734 2721 4804 compellitur,
2770 4748 2869 4803 pro
2916 4732 3084 4788 nihilo
3132 4733 3310 4802 ducit,
3364 4732 3621 4803 quidquid
3655 4735 3776 4792 alii

2156 4839 2252 4879 sua
2282 4824 2584 4882 eruditione
2613 4825 2979 4897 profecerunt,
3014 4828 3153 4884 unde
3181 4838 3237 4883 et
3284 4828 3525 4884 subditur
3556 4845 3571 4881 :
3605 4826 3773 4891 Qus:

2156 4934 2257 4972 non
2282 4918 2568 4989 respondit,
2598 4936 2755 4991 neque
2810 4920 3196 4975 animadvertit.
3228 4919 3364 4975 Nam
3392 4922 3516 4975 dum
3546 4922 3775 4981 mter-ni

2154 5013 2356 5070 doloris
2389 5016 2619 5086 experiri
2667 5016 3081 5071 amaritudinem
3126 5017 3366 5085 inchoat,
3415 5017 3539 5081 hoc,
3591 5019 3771 5084 quod

2157 5110 2527 5179 tcmporaliter
2547 5105 2665 5164 aliis
2692 5107 2924 5179 praefuit,
2947 5126 3056 5166 non
3086 5109 3445 5165 delectat.Vel
3474 5117 3622 5163 certe
3660 5109 3769 5164 id-

2153 5202 2298 5258 circo
2344 5201 2411 5257 de
2440 5210 2566 5255 nato
2594 5216 2762 5269 puero
2802 5216 2910 5257 non
2961 5202 3209 5257 ltetatur:
3259 5202 3387 5272 quia
3413 5202 3478 5267 is,
3526 5199 3617 5269 qui
3669 5202 3777 5268 gi-

2152 5295 2332 5366 gnitur
2372 5308 2467 5349 sua
2519 5292 2892 5361 institutione,
2935 5293 2991 5348 in
3030 5292 3343 5365 captivitate
3382 5289 3775 5361 conspicitur.

2157 5388 2309 5445 Unde
2338 5394 2392 5443 et
2418 5385 2662 5444 subditur
2692 5403 2704 5440 :

2226 5504 2401 5576 (Vers.
2430 5503 2520 5569 21,
2551 5500 2667 5574 22.)
2696 5502 2767 5557 Et
2804 5511 2999 5558 vocavit
3043 5515 3259 5571 puerum
3286 5494 3604 5560 Hic/rabo“,
3644 5495 3767 5549 ’ώ-

2073 5607 2082 5615 ”
2151 5614 2271 5655 cens
2297 5614 2317 5653 :
2361 5598 2641 5653 Translata
2684 5606 2758 5653 est
2806 5596 2975 5668 gloria
3014 5593 3247 5661 Domini,
3297 5593 3417 5663 quia
3455 5594 3610 5659 cepta
3668 5598 3774 5647 est

2214 5710 2276 5746 ca
2304 5690 2425 5747 Dei.

2214 5710 2276 5746 ca
2304 5710 2425 5747 νει.

2150 5710 2309 5840 ΜΞἿ.
2340 5784 2479 5838 Area
2508 5782 2725 5852 quidem
2752 5782 2989 5853 capitur:
3021 5782 3148 5850 quia
3168 5778 3307 5849 jam,
3336 5785 3564 5833 auctore
3583 5774 3713 5831 Deo
3735 5814 3763 5844 ,

2151 5894 2182 5935 a
2210 5879 2351 5935 veris
2372 5877 2637 5945 ﬁdelibus,
2659 5885 2859 5934 sanctis
2887 5875 3179 5945 Scriptura;
3224 5880 3569 5933 sacramenta
3592 5883 3769 5929 rem
