4020 6344
331 306 435 363 173

1143 297 1212 355 ΙΝ
1247 299 1514 358 PRIMUM
1549 297 1790 358 REGUM
1827 296 2337 361 EXPOSITIONES.
2374 331 2446 346 -
2483 305 2613 363 LIB.
2654 305 2740 363 lli.

3481 310 3584 372 174

325 419 696 492 intelligentiae
734 416 1036 490 capacitate
1064 417 1404 475 retinentur.
1446 418 1515 474 Et
1539 417 1709 489 gloria
1741 403 1905 475 israel
1930 407 1984 482 Α
2008 435 2207 490 pronus
2235 424 2290 479 in
2317 431 2458 480 terra
2482 426 2646 495 jacet,
2679 426 2870 482 faciem
2910 427 2963 482 in
3008 433 3150 484 terra
3188 429 3457 499 deprimit.
3495 432 3597 490 Per

324 517 586 573 translata
607 519 688 570 est
717 531 729 567 :
762 511 910 583 quia,
937 516 1222 581 postquam
1246 527 1277 567 a
1326 526 1454 568 vera
1482 511 1744 581 religione
1766 512 1910 568 ceci-

323 612 422 680 dit,
446 605 696 666 redolere
716 613 811 678 per
835 605 994 660 home
1023 603 1176 659 famae
1203 605 1512 675 opinionem
1535 605 1784 661 cessavit.
1803 601 1907 661 Be-

325 719 395 760 ne
417 707 598 759 autem
624 715 732 756 non
769 698 952 771 perire
974 697 1139 753 israel
1168 697 1339 768 gloria
1366 698 1583 766 dicitur,
1611 698 1707 754 sed
1735 699 1914 755 trans-

322 795 460 853 ferri
513 813 528 848 :
590 789 716 863 quia
780 790 1062 860 religionis
1101 787 1265 859 fatua,
1321 795 1480 860 quam
1544 781 1794 862 perdidit,
1844 790 1912 846 ad

323 885 697 943 Gentiiitatem
727 883 996 939 transivit.
1028 879 1314 936 Translata
1339 881 1540 952 quippe
1590 879 1673 937 est
1695 879 1865 952 gloria
1896 898 1909 934 :

329 979 462 1050 quia
485 978 541 1033 in
571 983 761 1033 saneta
777 963 1022 1032 Eceiesia
1049 985 1192 1031 verae
1217 975 1494 1045 religionis
1514 975 1806 1046 fragrantia
1829 981 1915 1030 re-

331 1073 500 1138 dolet,
527 1074 648 1141 (παῖε
685 1069 738 1123 in
782 1067 888 1124 title
933 1065 1309 1137 Redemptoris
1359 1068 1564 1138 posita,
1599 1075 1699 1136 pro‘
1729 1066 1916 1122 aeterni

337 1164 648 1235 splendoris
667 1159 1011 1227 certittrdine,
1034 1165 1194 1231 quem
1217 1165 1515 1230 exspectat,
1564 1160 1764 1217 donum
1793 1175 1918 1215 san-

326 1255 401 1310 cti
437 1253 674 1323 Spiritus
694 1252 890 1323 pignus
908 1257 1076 1306 tenet.
1105 1249 1312 1306 Idcirco
1340 1251 1406 1307 de
1431 1255 1559 1307 nato
1598 1249 1709 1307 ﬁlio
1747 1250 1920 1306 laetari

333 1335 541 1415 refugit
567 1350 582 1398 ἑ
605 1345 734 1415 quia
758 1341 1178 1414 mammarum
1213 1332 1364 1415 137
1406 1335 1478 1399 ad
1500 1343 1704 1399 Gentes
1746 1345 1920 1398 trans-

330 1440 439 1495 isse
479 1437 811 1507 praeteritam
851 1437 1080 1507 gloriam
1127 1435 1404 1506 conspicit,
1450 1435 1520 1489 ad
1553 1434 1918 1504 captivitatem

325 1537 390 1585 se
413 1533 606 1600 parere
625 1528 946 1598 ingemiscit‘.
974 1517 1021 1582 Α
1046 1527 1400 1582 translatione
1427 1527 1590 1581 etiam
1638 1519 1821 1596 gloriae
1851 1523 1918 1578 ﬁ-

329 1623 460 1677 lium
491 1623 731 1678 nominat
756 1639 771 1675 :
795 1621 920 1691 quia
941 1617 1188 1692 profecto
1226 1620 1559 1690 impietatem
1581 1620 1637 1675 in
1666 1632 1771 1689 qua
1794 1625 1912 1689 per-

328 1721 534 1782 manet,-
563 1713 720 1785 ψυαεί
745 1712 969 1784 praelato
993 1712 1235 1780 nomine,
1262 1714 1528 1782 perpetuo
1544 1715 1916 1780 repraesentat.

2010 511 2203 569 faciem
2232 531 2360 572 vero
2389 518 2680 584 simulacri,
2715 517 2983 574 simulatio
3013 519 3327 589 exprimitur
3350 511 3599 582 rationis.

2011 604 2248 663 Pronum
2275 609 2456 681 itaque
2484 611 2539 666 in
2570 616 2712 667 terra
2739 611 2944 680 jacere,
2967 619 3048 667 est
3071 611 3185 683 jam
3211 629 3343 670 vera
3369 630 3604 687 cognos-

2013 698 2277 768 centibus,
2307 701 2660 759 simulationis
2689 717 2797 758 suae
2823 702 3098 763 fraudibus
3135 705 3364 763 illudere
3392 724 3601 780 nequa-

2014 797 2176 858 quam
2220 805 2396 862 posse.
2444 791 2551 850 Sed
2598 791 2799 858 tamen,
2848 801 2907 850 ut
2954 796 3152 851 certius
3191 793 3430 854 Gentiles
3477 815 3607 855 vera

2015 887 2419 950 cognoscerent,
2439 883 2677 938 eamdem
2701 883 2823 939 ﬁdei
2841 897 3034 940 nosme
3055 884 3291 941 auditam
3313 881 3604 957 rationem,

2017 979 2074 1028 et
2100 975 2493 1043 superstitionis
2523 990 2630 1030 suae
2657 983 2922 1032 Vetustam
2963 979 3407 1033 consuetudinem
3436 980 3609 1049 magis

2019 1077 2083 1120 ac
2131 1065 2303 1136 magis
2341 1065 2613 1125 discutere
2661 1071 2841 1126 cenati
2878 1079 3022 1127 sunt.
3054 1065 3195 1142 Apte
3225 1060 3403 1142 itaque
3431 1071 3610 1143 sequi-

2014 1165 2104 1215 tur
2123 1178 2135 1213 :

2092 1249 2268 1320 (Vers.
2317 1249 2397 1321 5.)
2435 1249 2682 1308 Tulerunt
2708 1250 2920 1325 Dagon,
2948 1261 2997 1309 et
3022 1256 3354 1310 restituerunt
3393 1273 3510 1310 eum
3555 1256 3610 1312 in

2022 1337 2188 1397 [acum
2213 1360 2382 1398 suum.

2092 1434 2146 1492 2.
2184 1436 2242 1492 id
2283 1445 2383 1505 est,
2430 1439 2484 1494 in
2515 1427 2736 1511 tempio,
2766 1441 2855 1496 ubi
2899 1456 3027 1496 arca
3066 1439 3158 1498 Dei
3200 1443 3376 1514 posita
3414 1443 3610 1499 fuerat.

2023 1528 2159 1596 Quid
2189 1537 2272 1586 est
2298 1533 2424 1599 ergo
2452 1529 2634 1600 Dagon
2679 1532 2734 1586 in
2775 1532 2955 1587 locum
2995 1548 3146 1588 suum
3173 1535 3477 1599 restituere,
3511 1533 3616 1590 nisi

2019 1621 2172 1692 juxta
2198 1621 2309 1692 jam
2340 1624 2608 1691 cognitam
2635 1623 2991 1695 spiritualium
3019 1633 3481 1681 sacramentorum
3522 1641 3618 1682 ve-

2024 1712 2238 1766 ritatem
2267 1755 2282 1781 ,
2339 1711 2659 1767 idololatria:
2708 1715 2905 1768 statum
2955 1715 3136 1770 subtili
3185 1703 3618 1772 consideratione

329 1803 521 1863 Potest
547 1809 729 1862 autem
750 1819 849 1876 per
875 1805 980 1860 hoc
998 1850 1011 1875 ,
1039 1804 1184 1876 quod
1212 1819 1242 1858 a
1278 1810 1452 1858 matre
1491 1802 1545 1858 ei
1577 1816 1780 1858 nomen
1825 1801 1921 1858 im—
1949 1798 1999 1860 B
2023 1799 2376 1873 perquirere?
2422 1800 2491 1856 Et
2536 1801 2661 1872 quia
2701 1817 2808 1870 quo
2849 1793 3093 1858 subtilius
3118 1793 3437 1859 idololatriae
3464 1819 3620 1860 error

341 1899 586 1970 ponitur,
619 1901 805 1970 aperte
842 1896 1067 1966 intelligi
1095 1894 1240 1965 quod
1265 1894 1529 1950 videmus.
1573 1889 1654 1948 Ex
1684 1907 1749 1949 ea
1779 1893 1928 1948 enim

329 2003 536 2048 nomen
552 1991 808 2063 suace‘pit,
838 1995 870 2047 a
894 2003 1002 2062 qua
1029 1989 1081 2045 ei
1108 1988 1360 2045 meritum
1413 1987 1710 2060 impietatis
1751 1986 1922 2044 venit.

330 2082 595 2150 Secjuitur
625 2101 641 2135 :

953 2169 1184 2238 CAPUT
1218 2179 1302 2236 lli.

407 2272 454 2348 (Ἰ
480 2273 614 2345 Reg.
645 2281 696 2341 ν,
728 2272 874 2344 1-5.)
910 2269 1229 2328 PIn‘list/riim
1274 2281 1443 2328 autem
1475 2273 1698 2327 tulerunt
1725 2279 1922 2340 arcam,

330 2371 385 2422 et
418 2369 814 2437 asportaverunt
839 2373 871 2418 α
898 2362 1097 2435 Lepide
1123 2365 1386 2437 Adjutorii
1411 2367 1465 2419 in
1492 2361 1730 2420 Aratum.
1772 2359 1926 2417 Tule-

331 2461 458 2513 runt
485 2451 804 2511 Philisthiim
832 2471 1006 2510 arcam
1042 2454 1154 2520 Dei,
1187 2465 1237 2510 et
1264 2456 1548 2510 intulerunt
1574 2471 1689 2508 eam
1715 2455 1770 2508 in
1801 2461 1928 2507 tem-

332 2547 478 2621 plum
500 2547 689 2620 Dagon
715 2589 729 2615 ,
774 2551 829 2602 et
866 2555 1197 2603 surrexerunt
1225 2548 1397 2603 Azotii
1423 2549 1586 2602 altera
1616 2547 1717 2616 die,
1759 2551 1808 2600 et
1844 2547 1927 2600 in-

331 2647 577 2693 uenerunt
623 2637 814 2710 Dagon
857 2639 1121 2710 jacentem
1170 2644 1294 2692 ante
1342 2645 1555 2706 arcam,
1605 2649 1825 2705 pronum
1870 2635 1928 2690 in

334 2735 498 2786 terra.

410 2825 463 2879 1.
502 2823 642 2890 Quid
665 2828 754 2879 est
776 2822 924 2892 quod
952 2833 1075 2877 arca
1104 2831 1136 2876 a‘
1165 2819 1365 2892 Lapide
1391 2819 1657 2890 Adjutorii
1685 2826 1930 2889 asporta-

339 2920 450 2982 tur,
483 2915 581 2971 nisi
607 2915 732 2986 quia
760 2921 1040 2985 praecones
1068 2912 1312 2968 veritatis
1340 2911 1406 2967 ab
1437 2926 1524 2979 eo,
1573 2925 1731 2980 quem
1761 2908 1928 2965 Judaei

334 3007 475 3065 falsa
497 3008 748 3079 Opinione
773 3008 1111 3076 exspectant,
1151 3003 1371 3060 Christo
1405 3002 1658 3074 mysteria
1686 2999 1930 3072 Scriptu-

336 3111 521 3156 rarum
567 3099 854 3154 auferunt?
902 3097 1042 3152 Dum
1081 3096 1228 3153 enim
1275 3096 1344 3151 ad
1387 3095 1502 3151 Veri
1553 3091 1929 3166 Redemptoris

335 3189 708 3262 cognitionem
726 3199 923 3246 sancta
944 3188 1235 3259 Scriptura!
1259 3186 1566 3242 testimonia
1588 3193 1928 3252 convertunt,

336 3285 412 3340 ab
434 3293 508 3339 ea
548 3283 798 3338 ninnrtrm
826 3282 880 3336 in
909 3287 1076 3352 quem
1117 3279 1198 3335 sui
1249 3277 1429 3333 auxilii
1459 3285 1610 3348 spem
1639 3271 1806 3332 Judaei
1834 3285 1936 3346 ped

334 3381 562 3434 suerunt
582 3381 760 3430 erum
790 3373 1008 3428 tollunt.-
1024 3369 1090 3425 Et
1112 3371 1237 3441 quia
1258 3367 1525 3425 Gentibus
1535 3367 1660 3424 fidei
1679 3368 1931 3440 mysteria

337 3469 656 3537 creduntm,
683 3481 808 3521 arca
834 3465 930 3521 Dei
957 3465 1013 3519 in
1039 3464 1268 3518 Azotum
1291 3461 1622 3534 perducitur.
1650 3458 1781 3527 Quae
1809 3466 1934 3529 pro-

336 3558 490 3616 fecto
513 3573 646 3615 area
687 3558 744 3614 in
790 3555 1056 3628 templum
1079 3555 1330 3611 infertur”.
1354 3554 1492 3620 Quid
1521 3565 1652 3623 ergo
1676 3552 1778 3606 fuit:
1797 3555 1935 3608 tem-

341 3653 492 3723 plum
516 3651 723 3722 begun,
764 3651 865 3706 nisi
909 3661 1244 3720 metrumque
1271 3648 1450 3701 anima
1478 3645 1729 3712 inﬁdelis,
1761 3651 1934 3714 (pron-

339 3745 469 3801 dam
498 3745 818 3801 idolotatr’m
841 3742 1222 3814 superstitione
1249 3740 1504 3812 pullam?
1549 3738 1689 3807 Quid
1714 3737 1934 3794 simula-

339 3853 496 3894 crum
521 3836 722 3905 Dagon,
776 3835 880 3891 nisi
919 3835 1085 3890 totius
1133 3832 1452 3888 idololatriae
1497 3831 1934 3902 superstitionem

343 3930 623 3998 designat?
670 3927 808 3996 Quid
837 3928 998 3998 igitur
1025 3934 1146 3982 errat
1170 3924 1333 3988 aliud,
1365 3925 1624 3995 mysteria
1653 3922 1773 3978 ﬁdei
1814 3938 1936 3978 cor-

344 4023 510 4079 dibus
531 4021 823 4078 Gentilium
840 4023 1110 4086 intimarc,
1134 4029 1295 4089 quam
1309 4033 1488 4074 arcam
1502 4017 1664 4073 Deiin
1680 4016 1936 4086 templum

341 4115 532 4184 Dagon
559 4114 774 4170 inferri?
820 4114 980 4170 Vetat
1018 4113 1165 4168 enim“
1187 4111 1338 4181 juxta
1368 4107 1554 4180 Dagon
1600 4109 1938 4165 statueba‘tur

341 4221 494 4271 area,
517 4207 652 4262 duru-
671 4207 1052 4278 praedicatores
1075 4211 1276 4260 sanetae
1304 4201 1558 4257 Ecclesiae
1578 4200 1816 4256 Gentiles
1845 4201 1939 4253 ad-

343 4307 666 4366 monerent,
716 4306 812 4365 ut,
862 4296 932 4351 ad
979 4295 1314 4367 probandam
1361 4291 1485 4348 ﬁdei
1514 4292 1834 4359 veritatem,
1883 4297 1939 4344 et

346 4390 783 4460 prmdieationem
813 4402 976 4458 quam
1001 4385 1314 4454 audiebant,
1345 4393 1402 4440 et
1434 4383 1749 4439 idololatriae
1777 4393 1938 4452 quam

348 4483 607 4539 tenebat
641 4496 859 4538 errores
898 4481 1246 4537 discuterent.
1299 4478 1446 4533 Bene
1495 4477 1678 4546 itaque
1704 4476 1791 4530 die
1836 4474 1940 4528 alia

2023 1893 2298 1965 aspicitur,
2325 1885 2507 1948 verius
2537 1892 2946 1962 condemnatur,
2978 1883 3320 1963 subjunctum
3349 1899 3470 1950 est:

2097 2006 2271 2080 (Vers.
2299 2006 2380 2076 4.)
2423 2006 2718 2078 Rursusque
2747 2005 2976 2061 diluculo
2998 2015 3287 2078 surgentes,
3309 2008 3619 2065 invenerunt

2021 2097 2211 2171 Dagon
2235 2099 2496 2170 jacentem
2520 2113 2675 2167 super
2711 2097 2898 2170 faciem
2939 2114 3090 2152 suam
3133 2114 3310 2153 coram
3355 2116 3484 2156 arca
3512 2099 3620 2157 Do-

2022 2205 2171 2243 mtm.

2102 2279 2259 2350 138
2297 2277 2538 2334 Diluculo
2565 2279 2759 2334 iterum
2799 2287 3027 2348 surgunt
3057 2297 3068 2332 :
3099 2294 3225 2351 quia
3265 2280 3333 2336 ad
3375 2296 3620 2338 amorem

2025 2371 2220 2427 auditae
2274 2365 2531 2428 bonitatis
2572 2371 2683 2442 jam
2733 2371 3058 2428 certitudine
3103 2373 3508 2430 deliberationis
3561 2389 3623 2432 se

2027 2463 2260 2531 erigunt.
2291 2457 2502 2518 Primus
2528 2463 2712 2534 itaque
2738 2464 2852 2520 dies
2879 2465 3215 2535 probationis
3241 2473 3322 2522 est
3343 2506 3359 2532 ,
3391 2482 3623 2537 sequens

2027 2546 2372 2625 cognitionis,
2401 2559 2590 2613 tertius
2617 2573 2747 2614 vero
2776 2558 3085 2614 deliberatae
3123 2559 3238 2630 jam
3265 2558 3623 2629 certitudinis,

2027 2657 2083 2704 ct
2111 2648 2307 2703 oblatae
2336 2643 2703 2720 professionis.
2753 2648 2854 2717 Qui
2902 2650 3146 2720 profecto
3175 2651 3316 2718 dies,
3344 2651 3469 2720 quia
3497 2650 3623 2706 illu—

2028 2735 2244 2792 min’atis
2273 2753 2658 2794 convcrsorum
2689 2740 2958 2795 mentibus
2983 2781 3002 2808 ,
3047 2740 3100 2794 in
3131 2740 3424 2810 splendore
3447 2740 3626 2813 perfe-

2029 2835 2130 2881 cta:
2161 2833 2215 2880 et
2244 2834 2625 2881 consummatae
2657 2827 2777 2882 ﬁdei
2808 2829 3000 2895 illuxit,
3035 2830 3318 2898 sequitur:

2103 2913 2280 2988 (Vers.
2310 2915 2390 2988 4.)
2431 2915 2597 2989 Caput
2627 2926 2797 2972 autem
2824 2913 3013 2991 Dagon
3035 2960 3050 2985 ,
3082 2928 3132 2974 et
3159 2918 3276 2976 dua:
3299 2919 3491 2991 palma:
3514 2937 3629 2975 ma-

2031 3016 2189 3060 nuum
2233 3008 2344 3079 ejus
2395 3005 2637 3063 abscissae
2678 3017 2829 3063 erant
2853 3026 3008 3081 super
3033 2993 3211 3065 iimen.
3241 3001 3412 3067 Porro
3441 2997 3629 3083 Βαροη

2033 3100 2246 3152 truncus‘
2271 3107 2594 3154 remanserat
2622 3101 2677 3155 in
2710 3099 2822 3156 loco
2852 3117 2964 3155 suo.

1959 3175 2014 3246 (ἶ
2106 3181 2158 3244 3.
2203 3185 2346 3256 Quid
2373 3191 2514 3245 enim
2543 3189 2754 3262 Dagon,
2780 3191 2834 3246 id
2862 3201 2947 3248 est
2986 3179 3306 3248 idololatriae
3334 3201 3517 3262 caput,
3548 3200 3633 3247 est

2036 3277 2201 3348 aliud,
2233 3284 2337 3340 nisi
2367 3283 2783 3354 ipsuminitium
2813 3285 2988 3340 omnis
3015 3275 3311 3354 iniquitatis
3339 3283 3632 3340 diabolus?

2035 3372 2101 3428 Et
2147 3389 2266 3443 quae
2313 3380 2437 3430 sunt
2485 3375 2677 3444 palmae
2727 3390 2982 3429 manuum
3028 3376 3183 3445 ejus,
3238 3363 3340 3429 nisi
3383 3375 3635 3430 universa

2037 3481 2204 3536 opera
2233 3463 2595 3520 idololatriae?
2637 3463 2811 3536 Caput
2837 3465 3018 3535 itaque
3049 3465 3232 3536 Dagon
3263 3466 3442 3521 amisit
3471 3484 3481 3518 :
3507 3465 3631 3537 quia

2037 3563 2135 3626 per
2163 3555 2431 3611 idolordm
2459 3553 2728 3611 culturam
2775 3569 3005 3626 regnare
3051 3556 3272 3627 maligni
3319 3545 3550 3626 spiritus'
3579 3556 3636 3612 in

2039 3651 2204 3707 corde
2255 3647 2549 3706 Gentilium
2595 3645 2867 3706 desinunt.
2919 3643 3119 3706 Palma:
3165 3639 3328 3707 etiam
3378 3664 3638 3704 manuum

2039 3747 2154 3818 ejus
2183 3747 2433 3803 abscissae
2477 3752 2642 3812 sunt,
2697 3745 2824 3818 quia
2854 3743 3013 3802 idolis
3039 3745 3191 3800 vanis
3220 3743 3482 3800 sacriﬁcia
3511 3759 3642 3800 nus-

2038 3855 2201 3910 quam
2227 3837 2544 3896 oli'e‘runtur.
2576 3837 2646 3893 Et
2670 3827 2795 3908 quia
2825 3852 2855 3892 a
2885 3826 3094 3893 cunctis
3124 3835 3370 3892 fidelibus
3399 3834 3516 3905 ejus
3543 3823 3640 3891 de-

2037 3933 2283 3991 formitas
2311 3935 2511 4004 ubique
2538 3933 2882 4004 conspicitur,
2918 3939 3138 3989 truncus
3181 3929 3365 4000 Dagon
3414 3929 3467 3984 in
3519 3930 3640 3984 loco

2039 4041 2138 4082 suo
2167 4025 2494 4080 remansisse
2520 4032 2873 4079 memoratur.
2901 4020 3075 4089 Caput
3098 4034 3229 4074 vero
3258 4027 3312 4072 et
3335 4033 3526 4072 manus
3547 4011 3644 4071 ab»

2040 4117 2218 4173 scissae
2246 4158 2261 4182 ,
2312 4119 2368 4171 et
2413 4127 2578 4184 Super
2626 4115 2789 4167 limen
2837 4111 3025 4180 positae
3073 4107 3487 4163 memorantur:
3516 4097 3645 4175 quia

2038 4206 2286 4278 profecto
2315 4205 2560 4277 quisquis
2606 4203 2676 4258 ad
2711 4207 2892 4257 teram
2922 4195 3079 4254 tidem
3111 4197 3408 4269 ingreditur
3430 4238 3445 4263 ,
3495 4198 3646 4268 prin-

2041 4299 2179 4367 cipia
2210 4297 2488 4351 diabolicm
2532 4284 2799 4350 suasionis
2844 4282 3128 4364 repellere,
3160 4297 3324 4362 atque
3374 4289 3640 4345 universis

2043 4391 2283 4459 ejusdem
2312 4389 2526 4444 Satanae
2554 4388 2810 4458 operibus
2840 4388 3151 4443 renuntiare
3180 4385 3508 4457 praecipitur.
3541 4383 3648 4440 Po-

2040 4483 2150 4543 ,sita
2196 4495 2324 4549 ergo
2354 4475 2472 4535 haec
2520 4487 2646 4534 sunt
2692 4471 2748 4533 in
2796 4473 2979 4533 limine
3005 4520 3020 4548 ,
3060 4485 3118 4532 ut
3147 4477 3215 4532 ab
3246 4467 3646 4532 introeuntibus

345 4576 544 4645 53303
563 4584 796 4645 "0mm
843 4575 903 4629 Ἀ*
941 4582 1086 4628 '6?“
1115 4578 1244 4627 ειηῖθ
1268 4581 1448 4626 "eam
1475 4569 1744 4638 iacentem
1774 4565 1948 4622 Αῑοῑίί
1973 4571 2030 4634 Π
2052 4575 2437 4633 conculcentur
2463 4590 2477 4628 :
2505 4571 2630 4642 quia
2659 4585 2786 4628 vere
2814 4571 2987 4627 ﬁdelis
3015 4585 3136 4626 esse
3161 4586 3269 4626 non
3303 4569 3524 4641 poterit,
3554 4567 3648 4636 qui

346 4675 687 4739 repererunt.
721 4665 894 4722 Unam
938 4666 1140 4736 quippe
1186 4663 1329 4719 diem
1377 4663 1579 4718 Azotus
1619 4659 1845 4726 habuit,
1892 4659 1953 4716 ini

345 4760 536 4817 audita
560 4759 953 4831 praedicatione
976 4756 1238 4823 veritatis,
1266 4756 1492 4812 alteram
1542 4755 1597 4810 in
1641 4753 1950 4824 cognitione

349 4854 501 4910 ﬁdei.
527 4853 708 4913 Primo
734 4869 968 4925 eantque
991 4854 1086 4911 die
1101 4867 1226 4909 arca
1254 4853 1348 4908 Dei
1372 4852 1528 4921 juxta
1554 4852 1737 4922 Bagon
1759 4851 1950 4906 statui-

348 4955 471 5014 tur,
494 4948 621 5018 quia
647 4949 702 5004 in
731 4947 920 5004 audita
941 4945 1323 5018 praedicatione
1349 4943 1763 5013 Redemptoris,
1795 4956 1950 4998 erro-

351 5039 433 5096 ris
457 5041 655 5097 vetusti
681 5040 935 5096 tenebras
975 5035 1406 5110 deprehendunt.
1455 5034 1638 5089 Altera
1682 5043 1814 5090 vero
1859 5033 1947 5090 die

354 5141 668 5202 surgentes,
706 5147 938 5203 pronum
986 5132 1043 5188 in
1092 5143 1236 5187 terra
1283 5137 1410 5185 ante
1454 5137 1634 5183 arcam
1678 5127 1950 5198 iacentem

359 5222 546 5292 Dagon
591 5227 916 5281 invenerint
943 5243 957 5279 :
986 5224 1110 5295 quia
1157 5230 1215 5278 et
1253 5221 1312 5276 in
1357 5220 1666 5290 cognitione
1717 5219 1955 5274 veritatis

354 5325 564 5376 statum
590 5319 897 5376 idoleiatﬁa
922 5317 1175 5390 perdidit.
1207 5315 1362 5371 Unde
1385 5324 1442 5370 et
1466 5315 1606 5370 bene
1627 5321 1749 5370 cum
1774 5313 1959 5384 lapsus

355 5412 550 5481 Bagoa
578 5413 838 5470 aeseritur
856 5451 874 5479 ,
918 5412 1100 5482 jacere
1128 5419 1331 5480 pronus
1355 5407 1417 5462 in-
1441 5413 1584 5463 terra
1609 5413 1957 5463 memoratur.

349 5507 506 5564 Ante
533 5522 724 5564 aream
742 5505 964 5576 quidem
987 5502 1153 5570 cadit,
1181 5502 1309 5572 quia
1355 5513 1422 5555 ex
1467 5499 1849 5570 mysteriorum
1873 5497 1955 5554 di-

350 5599 615 5659 vinorum
663 5598 892 5658 scientia
945 5595 1254 5652 iunotescit.
1303 5592 1418 5648 Sed
1461 5606 1665 5664 pronus
1711 5593 1764 5648 in
1811 5599 1955 5648 terra

348 5693 534 5768 jacet,
561 5693 716 5764 quia,
738 5699 966 5748 auctore
997 5685 1113 5758 jam
1152 5685 1285 5750 Deo,
1316 5683 1385 5740 ad
1413 5692 1690 5755 aspectum
1718 5682 1955 5740 ﬁdelium

354 5785 635 5846 nit-aiam
676 5786 906 5845 rationis
947 5779 1240 5855 imaginem
1281 5792 1392 5835 nou
1438 5778 1620 5837 habet.
1663 5775 1766 5846 Qui
1810 5778 1955 5837 enim

2052 4675 2107 4725 et
2135 4666 2313 4736 pravis
2361 4663 2580 4734 maligni
2609 4662 2827 4734 spiritus
2855 4661 3094 4718 consiliis
3120 4660 3433 4727 adversari,
3484 4659 3649 4725 atque

2051 4758 2249 4829 iniquis
2278 4755 2550 4827 operibus,
2592 4769 2700 4808 non
2730 4743 3003 4823 proponit.
3050 4749 3185 4805 Nam
3218 4750 3309 4820 qui
3340 4749 3524 4817 Dagon
3553 4762 3648 4800 ca-

2051 4857 2149 4921 put
2177 4853 2432 4914 attcrere,
2476 4853 2531 4901 et
2568 4849 2758 4899 manus
2808 4843 2958 4910 vitat,
2992 4842 3094 4896 etsi
3138 4833 3376 4896 ﬁdelium
3423 4852 3649 4893 numero

2051 4939 2319 4997 contineri
2347 4937 2578 5004 videtur,
2609 4934 2893 4992 idololatra
2917 4923 3152 5003 quodam
3179 4923 3339 4986 modo
3366 4945 3485 4986 esse
3513 4945 3650 4986 con-
3680 4991 3686 4996 ,

2053 5035 2308 5091 vincitur.
2381 5031 2440 5088 In
2494 5030 2856 5088 oblectatione
2914 5028 3114 5083 etenim
3175 5021 3477 5080 daemonum
3539 5040 3650 5078 non

2057 5129 2233 5186 solum
2263 5125 2527 5182 exteriora
2559 5122 2844 5190 sacriﬁcia,
2876 5121 2969 5179 sed
3000 5120 3164 5176 etiam
3210 5119 3393 5188 iniqua
3442 5111 3654 5172 deside-

2059 5221 2140 5276 ria
2169 5220 2236 5275 ab
2266 5233 2451 5274 eorum
2480 5215 2774 5274 cultdribus
2803 5213 3120 5270 ofleruntur.
3145 5210 3245 5279 Qui
3275 5223 3404 5279 ergo
3433 5207 3487 5263 in
3513 5222 3656 5262 vera:

2064 5311 2188 5368 ﬁdei
2219 5310 2531 5382 cognitione
2568 5313 2817 5378 receptus
2861 5307 2963 5372 est,
2996 5307 3054 5362 et
3078 5304 3146 5359 ab
3191 5293 3482 5357 immundis
3514 5298 3654 5354 desi-

2065 5405 2231 5462 deriis
2255 5411 2311 5459 et
2340 5403 2519 5474 pravis
2565 5400 2820 5472 operibus
2849 5413 2959 5453 non
2989 5401 3229 5452 remotus
3252 5437 3270 5464 ,
3316 5393 3439 5464 quia
3469 5391 3653 5460 Dagon

2065 5495 2324 5552 collidere
2361 5497 2524 5565 caput
2562 5499 2618 5547 et
2650 5505 2838 5546 manus
2867 5488 3112 5559 despicit,
3153 5486 3394 5557 maligno
3420 5481 3650 5555 spiritui,

2060 5595 2219 5659 quem
2269 5585 2324 5640 in
2373 5583 2647 5640 oblatione
2689 5579 3128 5638 caerimoniarum
3161 5578 3407 5649 despicit,
3440 5589 3538 5647 per
3569 5575 3652 5629 in-

2059 5690 2228 5738 ternae
2271 5676 2741 5748 concupiscentiae,
2787 5681 2842 5730 et
2870 5672 3156 5729 exterioris
3198 5671 3323 5726 vitae
3361 5664 3651 5726 immundis

2060 5777 2210 5845 tiam,
2239 5773 2561 5831 oblationem
2594 5765 2735 5825 facit.
2761 5767 2940 5837 Quare
2964 5769 3020 5823 et
3042 5762 3326 5822 subditur:
