4020 6344
415 444 514 513 iis

1611 418 1853 491 SANCTI
1893 418 2219 483 GREGORII
2257 415 2472 475 MAGNl

3591 401 3701 458 5'16

478 567 655 640 (Vcrs.
686 562 762 632 5.)
804 558 1021 631 Propter
1048 556 1143 611 hoc
1172 569 1273 609 non
1305 550 1511 607 calcant
1538 542 1831 604 sacerdotes
1874 541 1991 598 Da-
2020 542 2073 604 Α
2095 534 2355 608 greditur,
2385 530 2613 586 alteram
2636 538 2799 597 quam
2827 518 3216 593 omnipotentis
3246 516 3344 573 Dei
3367 515 3541 572 virtus
3571 531 3706 640 ope-

2014 627 2021 633 '
2171 635 2182 640 -
2327 639 2350 640 η
2374 638 2385 640 -
2408 634 2541 640 ς-η-
2580 626 2650 640 --ι
2689 631 2810 640 λη.-
2843 624 2903 640 --ι
2932 621 3216 640 ..ι-...νηηηη
3249 615 3477 640 ωηκοη,
3515 605 3569 640 ςη
3640 620 3706 640 Ν,

409 679 505 734 gon
535 674 688 729 suprr
715 656 868 709 limen
897 666 1055 723 usque
1084 650 1137 703 in
1166 645 1473 701 hodiernum
1501 642 1656 696 diem.

476 750 533 805 4.
573 746 892 803 Sacerdotes
942 742 1139 811 quippe
1193 738 1376 806 Dagon
1427 751 1485 791 se
1536 749 1658 789 esse
1708 730 2001 793 insinuant,

407 842 491 912 qui
525 855 687 910 super
715 838 879 891 limen
909 849 1015 888 non
1058 832 1283 885 calcant.
1317 827 1521 894 Quibus
1548 825 1598 879 in
1630 822 1809 877 verbis
1840 826 2001 873 caule

408 931 797 1004 inSpiciendum
825 937 943 991 est,
992 925 1116 995 quia
1147 939 1253 977 non
1282 920 1454 985 dixit,
1486 919 1645 973 limen
1671 957 1685 982 ,
1719 913 1814 970 sed
1843 925 2005 981 super

407 1002 568 1080 limen
595 1068 613 1094 ,
659 1032 718 1078 ut
761 1029 923 1089 caput
951 1026 1006 1073 ct
1034 1030 1227 1071 manus
1258 1013 1439 1080 Dagon
1470 1008 1727 1065 calcanda
1760 1019 1879 1060 esse
1908 1002 2007 1056 do-

408 1126 656 1181 ceantur,
702 1128 820 1184 quas
849 1125 1010 1180 super
1043 1109 1203 1162 limen
1234 1104 1468 1159 abscissa
1516 1116 1635 1155 esse
1678 1097 2002 1151 referuntur.

408 1207 613 1261 idcirco
643 1213 823 1258 autem
853 1194 1164 1269 sacerdotes
1201 1208 1361 1263 super
1404 1192 1568 1245 limen
1613 1202 1722 1242 non
1769 1185 2002 1245 calcant,

410 1298 535 1366 quia
566 1296 831 1351 abscissas
879 1290 993 1361 ejus
1039 1302 1228 1341 manus
1271 1294 1327 1338 et
1369 1290 1531 1351 caput
1559 1278 1697 1349 pede
1724 1283 2007 1330 conterere

411 1364 603 1445 vitant.
632 1386 954 1443 Sacerdotes
997 1392 1230 1449 namque
1259 1375 1443 1444 Dagon
1475 1385 1646 1440 usque
1687 1369 1740 1422 in
1788 1364 2010 1420 hodier—

411 1500 544 1541 num
572 1484 713 1539 diem
744 1483 1025 1537 remanent
1056 1492 1069 1529 :
1100 1473 1224 1543 quia
1252 1470 1345 1540 qui
1375 1484 1470 1538 per
1498 1462 1768 1521 immunda
1798 1456 2009 1514 deside-

412 1576 495 1634 ria
525 1574 747 1643 antiquo
768 1568 915 1626 hosti
945 1564 1247 1623 sacriﬁcent
1273 1600 1287 1624 ,
1321 1559 1495 1614 adhuc
1525 1563 1669 1611 sunt.
1701 1550 1804 1619 Qui
1829 1546 2013 1619 profe-

413 1677 503 1725 (διο
549 1641 712 1738 super
757 1661 941 1731 templi
971 1660 1137 1713 limen
1167 1654 1379 1710 calcare
1408 1648 1712 1717 refugiunt:
1739 1641 1866 1711 quia
1912 1652 2012 1693 nec

330 1792 337 1797 ~
413 1757 705 1816 immundis
730 1730 1161 1822 suggestionibus
1185 1786 1198 1811 ,
1246 1758 1346 1799 nec
1384 1741 1541 1795 malis
1570 1736 1820 1807 operibus
1850 1730 2013 1787 resis-

413 1859 553 1906 tunt.
586 1849 769 1919 Dagon
798 1846 982 1915 itaque
1008 1838 1322 1897 sacerdotes
1347 1840 1491 1899 sunt,
1524 1831 1650 1901 quia
1688 1827 1788 1882 etsi
1820 1839 2011 1878 manu-

2014 627 2021 633 ’
2101 605 2255 686 ratur
2284 634 2546 679 :necesse
2574 626 2658 673 est
2685 631 2815 687 ergo
2843 624 2907 671 ut
2932 621 3218 680 utramque
3249 615 3479 664 mortem
3515 605 3571 661 in
3602 605 3711 661 hoc

2104 719 2228 776 loco
2275 713 2626 787 spiritualiter
2673 708 3036 765 attendamus.
3086 702 3232 758 Mors
3280 699 3500 770 quidem
3528 738 3546 766 ,
3597 712 3711 767 qua

2105 814 2422 882 peccatores
2452 820 2483 858 a
2514 800 2749 873 peccatis
2778 794 3091 868 pcenitendo
3120 799 3425 862 resurgunt,
3458 790 3717 857 designa-

2108 909 2193 958 tur
2219 942 2235 969 ,
2265 899 2389 967 quia
2436 896 2603 951 dicit:
2629 894 2929 964 Aggravata
2969 896 3047 943 est
3088 902 3243 957 super
3281 886 3492 939 Azotios
3529 898 3721 941 uiantis

2107 992 2344 1048 Domini.
2388 988 2483 1043 illa
2513 994 2693 1041 autem
2717 999 2864 1038 mors
2883 996 2989 1052 qua
3017 977 3261 1034 Gentiles
3281 992 3339 1031 se
3361 975 3720 1030 immundius

2110 1094 2166 1141 et
2218 1080 2490 1152 iniquitati
2538 1092 2726 1135 servos
2768 1072 3155 1135 exhibuerunt,
3205 1068 3540 1137 designatur,
3593 1080 3720 1118 cum

2109 1175 2346 1232 morderi
2378 1189 2406 1227 a
2437 1171 2700 1235 muribus,
2723 1176 2778 1224 et
2798 1164 3050 1231 interﬁci,
3074 1163 3352 1218 dicuntur.
3376 1157 3495 1219 Mus
3517 1157 3725 1226 quippe

2112 1266 2451 1324 immundum
2476 1272 2559 1319 est
2585 1260 2805 1326 animal,
2834 1268 2891 1315 et
2918 1273 3018 1329 per
3045 1255 3246 1324 Legem
3275 1252 3361 1308 edi
3386 1248 3726 1322 prohibitum

2112 1360 2322 1432 (Leuit.
2376 1375 2451 1421 χι,
2499 1356 2569 1410 29
2593 1356 2634 1427 ).
2684 1352 2825 1421 Quid
2874 1366 3005 1423 ergo
3030 1365 3129 1421 per
3156 1362 3358 1414 mures,
3386 1344 3493 1400 nisi
3525 1343 3729 1398 daamo-

2115 1454 2205 1508 nia
2254 1449 2645 1519 designantur?
2694 1445 2762 1500 Et
2809 1444 2939 1514 quid
2987 1451 3070 1499 est
3116 1440 3353 1497 morderi
3391 1454 3422 1493 a
3458 1435 3727 1503 muribus,

2115 1544 2217 1599 nisi
2244 1540 2456 1613 peccati
2502 1553 2661 1609 poma
2691 1535 2956 1593 lacerari?
2985 1533 3095 1589 Sed
3124 1531 3516 1589 mordebantur
3544 1544 3577 1584 a
3605 1542 3729 1582 mu-

2115 1636 2284 1701 ribus,
2337 1648 2460 1688 cum
2503 1632 2571 1685 ad
2615 1628 2949 1701 purgandum
3000 1634 3244 1682 ventrem
3284 1624 3729 1694 egrediebantur.

2117 1728 2255 1797 Quid
2284 1734 2369 1781 est
2395 1739 2525 1794 ergo
2554 1737 2788 1795 purgare
2818 1729 3083 1786 ventrem,
3125 1718 3225 1774 uisi
3255 1716 3569 1787 expletione
3602 1728 3733 1784 pec-

2119 1826 2247 1886 cati,
2276 1818 2488 1873 miserae
2530 1815 2688 1869 fama:
2737 1814 2963 1869 fetorem
3009 1810 3288 1883 proferre?
3336 1808 3441 1875 Qui
3486 1822 3619 1876 ergo
3664 1802 3736 1863 ad

414 1942 571 1998 factis
618 1896 693 1997 seu
725 1938 888 1994 idolis
937 1951 1049 1992 non
1096 1929 1409 1991 huntiliant,
1456 1919 2016 1991 concupiscentiarum
2047 1926 2095 1987 Β
2122 1912 2462 1985 purgandum
2491 1916 2737 1964 ventrem
2764 1907 3057 1977 egreditur,
3089 1904 3321 1958 murium
3368 1916 3557 1957 morsu
3588 1896 3737 1970 peri-

413 2043 597 2090 tamen
644 2030 946 2089 simulacris
990 2042 1086 2099 per
1129 2020 1333 2080 nefaria
1383 2033 1548 2090 opera
1590 2030 1651 2072 se
1704 2014 2010 2069 incurvant.
2065 2018 2078 2033 '

415 2127 672 2197 Sequitur
696 2142 709 2179 :

490 2192 669 2291 ('Vers.
711 2214 790 2285 6.)
830 2212 1125 2284 Aggravata
1152 2213 1229 2262 est
1258 2218 1442 2259 manus
1471 2198 1684 2256 Domini
1712 2209 1865 2266 super
1890 2192 2021 2246 Azo-

422 2314 543 2367 tios.

491 2403 544 2458 5.
587 2398 775 2454 Manus
801 2394 1018 2451 Domini
1060 2400 1145 2448 est
1186 2391 1358 2445 virtus
1387 2385 1581 2442 divinae
1611 2377 1919 2453 potestatis.
1955 2375 2024 2429 Et

421 2494 548 2568 quia
576 2493 632 2547 in
662 2490 865 2545 Azotiis
893 2484 1187 2558 primordia
1217 2478 1534 2551 gentilitatis
1564 2473 1841 2541 designata
1875 2472 2021 2531 sunt,

422 2565 553 2657 quid
577 2592 659 2639 est
685 2580 828 2652 quod
849 2592 1039 2634 manus
1062 2574 1276 2630 Domini
1305 2585 1469 2641 super
1493 2565 1714 2621 Azotios
1737 2567 2024 2632 aggravata

424 2652 774 2755 perhibetur?
822 2672 929 2727 Sed
978 2683 1195 2726 manum
1226 2680 1389 2735 super
1419 2662 1647 2716 Azolum
1694 2652 2023 2727 aggravavit,

428 2745 549 2830 cum
579 2764 875 2822 Gentilium
897 2759 1094 2816 'corda
1120 2758 1321 2812 virtute
1348 2768 1457 2809 suae
1487 2748 1737 2822 potentia?
1786 2745 1855 2799 ad
1899 2758 2029 2798 con-

426 2866 735 2919 versionem
782 2855 971 2911 movit.
1001 2852 1137 2908 Nam
1167 2851 1293 2905 dum
1326 2864 1421 2918 per
1448 2848 1717 2901 internam
1746 2838 2032 2909 aspiratio-

429 2969 555 3010 nem
585 2954 665 3009 eis
690 2952 797 3005 vim
826 2956 1041 3004 aeternae
1080 2944 1269 2999 mortis
1299 2938 1554 3007 innotuit,
1602 2936 1669 2990 de
1707 2927 2033 3005 perpetratis

432 3043 805 3116 iniquitatibus
827 3082 843 3107 ,
892 3038 1145 3095 Gentium
1174 3041 1384 3089 mentes
1414 3028 1647 3086 mirabili
1674 3037 1883 3082 terrore
1910 3037 2035 3093 per-

435 3134 624 3192 cussit.
682 3130 820 3199 Quia
874 3142 1002 3198 ergo
1063 3126 1191 3181 dum
1246 3139 1437 3179 manus
1483 3120 1696 3177 Domini
1747 3123 2036 3186 aggravata

435 3224 652 3289 dicitur,
701 3221 931 3277 interﬁci
975 3217 1150 3275 Azotii
1179 3216 1549 3288 perhibentur,
1607 3210 1765 3281 139
1800 3204 2035 3276 gravedo

2118 2006 2283 2061 mitur
2312 2002 2476 2073 :quia
2518 2000 2612 2070 qui
2656 1998 2933 2069 peccando
2981 1996 3049 2050 ad
3088 1995 3319 2050 aliorum
3350 1992 3594 2047 notitiam
3627 2003 3735 2059 per

2119 2094 2427 2165 exemplum
2456 2090 2738 2161 pravitatis
2769 2088 3103 2154 extenditur,
3132 2086 3200 2139 ad
3228 2092 3486 2139 aeternam
3512 2091 3737 2150 quoque

2119 2197 2353 2245 mortem
2399 2186 2551 2256 gravi
2598 2185 2906 2240 daemonum
2952 2180 3285 2251 obligatione
3333 2178 3618 2232 retinetur.
3670 2172 3740 2231 ln

2121 2280 2406 2338 sccretiori
2454 2279 2596 2334 enim
2647 2286 2802 2348 parte
2827 2276 3031 2331 natium
3062 2272 3304 2345 percussi
3332 2270 3691 2348 perhibentur
3714 2280 3733 2316 :

2122 2377 2249 2446 quia
2295 2380 2549 2446 peccator
2595 2372 2826 2442 quisque
2869 2385 2938 2424 ex
2983 2382 3049 2423 ea
3094 2376 3249 2437 parte
3293 2379 3489 2425 vulnus
3527 2341 3733 2430 accipit

2125 2470 2320 2525 anima:
2369 2482 2533 2536 quam
2586 2465 2831 2520 incurvat
2888 2462 2957 2517 ad
3015 2460 3227 2531 peccati
3282 2455 3735 2513 delectationem.

2126 2562 2262 2618 Cum
2293 2574 2423 2629 ergo
2454 2573 2647 2614 manus
2684 2556 2898 2612 Domini
2926 2570 3089 2626 super
3133 2553 3361 2608 Azotum
3390 2556 3743 2619 aggravetur,

2128 2670 2160 2709 a
2208 2653 2452 2708 muribus
2501 2666 2787 2723 percussus
2825 2645 3278 2716 asseritur:quia
3323 2640 3750 2714 praedicantibus

2130 2756 2345 2803 acterna:
2378 2745 2501 2800 vita:
2528 2743 2860 2807 doctoribus,
2895 2741 3023 2796 dum
3053 2739 3121 2795 ab
3150 2736 3469 2792 inﬁdelitate
3496 2733 3750 2789 Gentiles

2134 2837 2381 2894 conversi
2410 2846 2556 2905 sunt,
2586 2851 2695 2906 qua
2722 2840 3073 2904 peccatorum
3120 2836 3315 2895 morte,
3346 2825 3605 2882 suasione
3639 2824 3749 2877 dce-

2134 2946 2381 2999 monum,
2411 2928 2632 2997 obligati
2661 2934 2860 2992 essent,
2891 2930 3285 2994 cognoverunt.
3317 2918 3556 2974 Morderi
3586 2915 3752 2986 igitur

2137 3023 2341 3077 Azotiis
2386 3031 2509 3092 post
2555 3027 2903 3090 aggravatam
2948 3030 3168 3070 manum
3212 3011 3445 3074 Domini,
3495 3016 3583 3064 est
3624 3013 3752 3078 post

2136 3131 2281 3171 vera:
2309 3114 2433 3169 ﬁdei
2464 3112 2855 3182 cognitionem,
2888 3108 3222 3163 daemonibus
3268 3119 3377 3159 non
3406 3101 3625 3171 subjici,
3655 3098 3755 3154 sed

2140 3209 2335 3278 quibus
2359 3221 2419 3263 se
2448 3204 2657 3276 peccati
2686 3202 2949 3257 fetoribus
2974 3214 3148 3271 poenas
3197 3195 3388 3251 mortis
3416 3192 3756 3257 obtulerant,

436 3317 553 3372 haec
578 3330 769 3371 manus
790 3312 1053 3384 accipitur
1073 3313 1127 3367 in
1154 3307 1599 3379 multiplicatione
1627 3313 2034 3359 conversorum.
2063 3306 2111 3369 ς,
2143 3314 2241 3371 per
2282 3297 2406 3353 ﬁdei
2452 3294 2907 3351 illuminationem
2955 3289 3171 3346 intueri.
3223 3286 3391 3355 Quasi
3435 3285 3585 3341 enim
3626 3291 3756 3337 tunc

435 3408 571 3465 Nam
624 3408 763 3464 mori
808 3405 1112 3463 Gentilibus
1149 3401 1265 3469 luit,
1296 3401 1362 3455 ab
1411 3395 1730 3453 inﬁdelitate
1774 3390 2038 3463 separari.

437 3502 598 3558 Manu
624 3516 840 3575 quoque
867 3496 1080 3555 Domini
1107 3495 1314 3560 occidi,
1364 3500 1447 3549 est
1472 3488 1723 3547 eamdem
1747 3500 1890 3542 verae
1919 3482 2046 3537 ﬁdei

439 3597 833 3665 cognitionem,
884 3609 993 3647 non
1019 3590 1318 3647 ministerio
1363 3587 1642 3641 hominum
1666 3622 1683 3649 ,
1733 3581 1829 3637 sed
1859 3577 2046 3634 divina

439 3690 660 3755 virtute,
704 3684 1020 3757 promereri.
1069 3683 1227 3738 Levis
1257 3682 1441 3750 itaque
1468 3686 1584 3734 erat
1612 3689 1801 3730 manus
1830 3670 2050 3726 Domini

441 3798 607 3853 super
633 3782 879 3845 Azotum,
911 3793 1034 3835 cum
1061 3776 1237 3831 adhuc
1265 3790 1364 3846 per
1392 3788 1590 3844 paucos
1619 3770 1894 3825 ministros
1925 3764 2050 3820 ﬁdei

444 3875 609 3947 pauci
638 3887 879 3928 errorem
907 3870 1223 3926 desererent
1251 3865 1587 3937 gentilitatis.
1618 3860 1772 3916 Unde
1800 3868 1855 3914 et
1898 3856 2051 3929 quasi

444 3968 515 4023 de
546 3963 929 4036 aggravatione
958 3976 1152 4017 manus
1187 3974 1347 4015 orare
1376 3956 1525 4013 verbi
1558 3955 1835 4011 ministros
1864 3949 2050 4005 Domi-

444 4074 549 4115 nus
576 4057 851 4124 admonet,
884 4054 1069 4110 dicens
1100 4071 1112 4106 :
1138 4052 1328 4107 Messis
1356 4050 1559 4122 quidem
1589 4046 1750 4101 multa
1778 4056 1886 4111 est,
1931 4060 2054 4114 ape-

446 4153 576 4207 rarii
605 4160 778 4205 autem
805 4149 956 4221 pauci
979 4163 997 4203 :
1018 4155 1200 4219 rogate
1231 4144 1513 4199 Dominum
1541 4143 1722 4197 messis
1745 4183 1757 4207 ,
1799 4148 1852 4192 ut
1882 4140 2053 4191 mittat

447 4245 713 4317 aperarios
760 4244 816 4298 in
862 4258 1081 4297 messem
1128 4256 1277 4295 suam
1326 4236 1564 4309 (Matt/1.
1615 4252 1692 4300 1x,
1743 4233 1854 4301 58).
1888 4230 2053 4299 Quasi

450 4337 605 4391 aliter
642 4334 827 4390 dicat:
858 4334 962 4400 Qui
1008 4348 1106 4403 per
1150 4347 1352 4403 paucos
1381 4329 1658 4384 ministros
1685 4368 1700 4393 ,
1753 4326 1904 4381 velut
1950 4323 2055 4378 levi

450 4442 618 4480 manu
647 4439 849 4495 paucos
877 4424 944 4478 ab
974 4422 1289 4478 inﬁdelitate
1317 4429 1552 4491 separat,
1584 4425 1776 4488 rogate
1808 4423 1863 4471 ut
1890 4415 2053 4469 mini-

454 4526 598 4574 stros
627 4516 950 4586 multiplicet
971 4556 986 4581 ,
1036 4524 1093 4570 ut
1136 4514 1288 4586 quasi
1316 4515 1373 4568 in
1399 4526 1784 4569 conversurum
1814 4507 2056 4563 multitu-

455 4609 583 4665 dine
629 4624 848 4662 manum
899 4614 1107 4676 gravet.
1164 4605 1271 4661 Sed
1321 4613 1376 4659 et
1420 4603 1613 4659 modus
1665 4598 2058 4656 interfectionis

2146 3391 2314 3447 morsi
2361 3396 2486 3446 stmt
2514 3430 2531 3459 ,
2588 3386 2805 3457 quando
2857 3391 3207 3457 peccatorum
3264 3394 3491 3437 suorum
3541 3389 3757 3432 morsus

2148 3490 2504 3555 agnoverunt.
2530 3480 2818 3550 Sequitur:

2223 3586 2401 3658 (Vers.
2436 3584 2517 3654 7.)
2570 3583 2809 3638 Videntes
2843 3590 3011 3636 autem
3045 3580 3147 3635 uiri
3188 3578 3359 3634 Asotii
3399 3572 3756 3647 hujuscemodi

2149 3680 2395 3752 plagam,
2444 3673 2885 3734 dixerunt:Non
2930 3682 3139 3730 maneat
3184 3689 3310 3728 arca
3337 3670 3441 3726 Dei
3468 3669 3613 3739 apud
3642 3685 3758 3735 nos,

2151 3774 2396 3846 quoniam
2426 3772 2559 3824 dura
2586 3778 2661 3824 est
2690 3785 2876 3824 manus
2907 3768 3019 3840 ejus
3048 3782 3202 3839 super
3228 3782 3341 3834 nos,
3382 3773 3432 3820 et
3458 3778 3615 3835 super
3640 3760 3758 3815 Da-

2153 3880 2256 3936 gon
2283 3862 2436 3916 deum
2464 3871 2715 3915 nostrum.

2228 3957 2278 4010 7.
2321 3955 2457 4010 Nam
2496 3970 2622 4009 cum
2656 3961 2941 4009 cernerent
2967 3951 3170 4024 templa
3199 3950 3445 4019 destrui,
3495 3946 3763 4005 sacriﬁcia

2161 4048 2320 4120 ιω
2365 4062 2579 4103 cessare
2608 4088 2622 4116 ,
2670 4061 2867 4101 uxores
2896 4062 2927 4100 a
2960 4045 3088 4101 viris
3131 4052 3188 4101 et
3228 4044 3374 4099 viros
3405 4043 3474 4097 ab
3501 4040 3767 4096 uxoribus

2154 4138 2342 4205 dividi,
2374 4153 2405 4191 a
2433 4136 2767 4207 genitoribus
2814 4136 2953 4193 ﬁlios
2978 4144 3035 4191 et
3062 4144 3243 4207 patres
3271 4150 3301 4189 a
3330 4134 3451 4189 ﬁliis
3483 4131 3767 4202 separari;

2158 4228 2285 4300 quid
2310 4226 2452 4282 aliud
2481 4242 2646 4298 quam
2676 4235 2731 4282 et
2760 4242 2926 4296 super
2952 4241 3014 4283 se
3042 4235 3099 4282 et
3124 4240 3289 4296 super
3318 4223 3766 4296 superstitionem

2157 4336 2308 4377 suam
2354 4336 2571 4375 manum
2615 4319 2827 4375 Domini
2856 4320 3049 4375 duram
3096 4333 3215 4374 esse
3260 4316 3624 4388 putaverunt?
3654 4310 3768 4373 Sed

2157 4413 2286 4485 quid
2316 4412 2511 4467 deinde
2534 4411 2731 4468 factum
2760 4411 2943 4479 fuerit,
2978 4411 3258 4481 sequitur:

2232 4504 2409 4578 (Vers.
2459 4503 2538 4576 8.)
2580 4504 2649 4558 Et
2696 4505 2953 4559 mittentes
3000 4508 3441 4573 congregaverant
3470 4514 3650 4555 omnes
3679 4514 3767 4551 sa-

2162 4604 2338 4666 trapas
2369 4595 2802 4649 I’hilisthinorum
2821 4636 2837 4663 ,
2869 4594 3342 4665 responderuntque
3375 4592 3614 4647 Gethrei:
3645 4589 3766 4645 Cir-

457 4702 753 4773 exponitur
796 4719 809 4754 :
853 4701 977 4769 quia
1030 4697 1273 4769 quisquis
1329 4696 1467 4751 mori
1522 4696 1623 4750 hac
1682 4690 2058 4749 interiectione
2090 4687 2497 4763 Dcumducatur
2523 4704 2645 4739 arca
2674 4685 2793 4741 Dei.

458 4794 674 4860 dicitur,
705 4793 832 4847 dum
862 4791 929 4847 ad
958 4790 1293 4861 purgandum
1323 4795 1567 4843 ventrem
1616 4784 1825 4844 exiret,
1876 4782 1928 4836 in
1978 4795 2067 4837 sc-

459 4885 682 4942 cretiori
713 4893 869 4955 parte
896 4883 1103 4938 natium
1130 4880 1365 4935 morderi
1395 4894 1425 4932 a
1461 4877 1701 4931 muribus
1728 4872 2065 4944 perhibetur.

463 4976 547 5030 Ad
571 4978 803 5031 litteram
846 4991 953 5031 una
982 4973 1259 5046 percussio
1289 4972 1377 5027 hic
1406 4968 1729 5035 ostenditur,
1772 4965 1867 5021 sed
1896 4964 1951 5019 in
1980 4971 2066 5034 ty-

464 5067 586 5137 pica
615 5068 956 5137 expositione
984 5066 1310 5136 geminatur.
1357 5062 1488 5117 Nam
1515 5076 1611 5131 per
1642 5060 1835 5114 littera:
1864 5055 2070 5126 signiﬁ-

465 5160 753 5228 cationem,
783 5168 837 5215 et
862 5159 1234 5229 gravationem
1263 5171 1456 5212 manus
1484 5153 1712 5219 Domini,
1745 5160 1802 5208 et
1830 5151 2065 5205 murium

466 5272 681 5312 morsus
730 5254 800 5309 ad
850 5253 1093 5324 ejusdem
1140 5253 1334 5309 mortis
1364 5248 1612 5306 eﬁectum
1639 5248 1911 5319 pertinet:
1938 5244 2066 5316 quia

470 5350 537 5403 ad
580 5351 689 5407 hoc
733 5349 930 5406 dicitur
968 5362 1161 5403 manus
1199 5344 1412 5401 Domini
1441 5357 1601 5413 super
1626 5340 1847 5396 Azotios
1876 5350 2069 5409 aggra-

474 5443 590 5497 vari
616 5444 761 5514 quod
786 5458 885 5513 per
910 5442 1143 5498 murium
1174 5454 1385 5495 morsus
1414 5433 1668 5492 interﬁci.

547 5542 601 5598 6.
644 5544 780 5611 Quia
827 5560 954 5601 vero
982 5559 1080 5616 per
1105 5542 1403 5614 spiritalem
1448 5538 1889 5610 signiﬁcationem
1934 5535 2070 5590 duas

479 5646 683 5693 mortes
732 5636 1087 5705 agnovimus:
1117 5650 1280 5692 unam
1326 5632 1577 5689 videlicet
1612 5646 1717 5701 qua
1754 5636 2070 5700 peccatores

474 5728 695 5797 iustitia}
739 5728 1014 5799 peccando
1061 5728 1400 5793 moriuntur,
1454 5725 1678 5780 alteram
1723 5738 1829 5793 qua
1871 5722 2000 5793 justi
2038 5736 2072 5777 a

480 5820 719 5889 peccatis
745 5820 798 5875 in
829 5819 1024 5890 quibus
1072 5819 1319 5874 vixerant
1367 5816 1675 5889 prenitendo
1721 5831 1780 5870 se
1823 5815 2067 5883 erigunt;

483 5925 640 5966 uuam
670 5927 787 5983 quae
816 5912 882 5968 ad
911 5912 1145 5967 humana
1173 5910 1353 5977 corda,
1387 5910 1599 5967 diabolo
1639 5908 1899 5966 suadente
1922 5948 1936 5975 ,
1984 5908 2071 5962 in-

2241 4787 2294 4842 8.
2335 4786 2469 4854 Quia
2521 4795 2765 4858 satrapas
2812 4785 3253 4842 Philisthinorum
3297 4790 3769 4854 congregaverant

2169 4880 2386 4947 dicitur,
2435 4894 2600 4949 quare
2644 4888 2826 4936 autem
2876 4887 3337 4949 congregaverunt
3384 4893 3497 4933 non
3546 4876 3768 4931 dicitur.

2168 4972 2280 5028 Sed
2305 4972 2433 5043 quia
2460 4974 2802 5042 respondisse
2848 4984 3077 5042 satrapa:
3120 4973 3393 5038 dicuntur,
3423 4979 3479 5027 et
3531 4970 3771 5027 circum-

2169 5064 2428 5121 ducenda:
2457 5081 2597 5120 arca:
2626 5065 2908 5121 consilium
2954 5064 3228 5134 tribuisse,
3271 5063 3398 5133 quia
3428 5062 3496 5118 ad
3526 5063 3772 5117 tribuen-

2172 5157 2300 5214 dum
2328 5172 2427 5229 pro
2467 5158 2657 5214 eadem
2696 5174 2823 5215 arca
2850 5158 3135 5215 consilium
3160 5157 3340 5214 vocati
3367 5164 3552 5212 essent
3580 5164 3774 5224 aperte

2173 5251 2534 5322 cognoscitur.
2560 5251 2663 5319 Qui
2703 5265 2832 5322 ergo
2871 5259 2998 5309 sunt
3025 5260 3253 5321 satrapae
3296 5249 3769 5313 Pbilisthinorum,

2173 5345 2277 5401 nisi
2304 5346 2463 5402 electi
2493 5345 2869 5416 praedicatores
2897 5344 3223 5401 Gentilium?
3269 5343 3512 5414 Satrapa:
3549 5341 3772 5413 quidem

2173 5438 2444 5510 principes
2471 5440 2737 5496 dicuntur.
2783 5440 2861 5496 De
2897 5439 3092 5508 quibus
3137 5435 3386 5509 profecto
3432 5432 3775 5505 principibus

2175 5546 2271 5602 per
2299 5531 2636 5588 Psalmistam
2663 5516 2859 5588 dicitur
2879 5551 2892 5586 :
2915 5532 3185 5603 Principes
3212 5530 3519 5604 populorum
3546 5541 3775 5595 congre-

2175 5627 2282 5698 gati
2311 5638 2427 5682 sunt
2455 5645 2571 5682 cum
2598 5626 2708 5683 Deo
2733 5625 2994 5681 Abraham
3041 5624 3214 5693 (Psat.
3264 5629 3412 5691 XLVI,
3439 5619 3553 5690 10).
3588 5615 3775 5686 Popu-

2175 5718 2353 5775 lorum
2382 5735 2614 5789 namque
2639 5720 3003 5790 appellatione
3029 5716 3232 5782 Gentes
3261 5715 3632 5783 designantur.
3666 5706 3774 5774 Qui

2176 5826 2306 5882 ergo
2332 5814 2655 5884 populorum
2685 5828 2881 5867 nomen
2918 5821 2973 5867 et
3013 5809 3316 5881 principum
3346 5803 3560 5875 posuit,
3606 5798 3772 5855 nimi-

2178 5924 2296 5964 rum
2322 5924 2437 5976 eos,
2469 5907 2534 5962 de
2558 5908 2748 5977 quibus
2775 5905 3027 5975 loquitur,
3053 5902 3493 5959 l’bilisthinorttm
3517 5902 3772 5964 satrapas
