4020 6344
280 391 383 449 177

1104 382 1175 440 ΙΝ
1212 382 1479 440 PRIMUM
1519 381 1763 438 REGUM
1802 375 2313 439 EXPOSITIONES.
2355 412 2427 425 -—
2466 381 2595 439 LIB.
2637 380 2729 440 Ill.

3467 386 3573 448 178

274 505 600 587 designavit.
665 503 769 572 Qui
828 509 977 561 certe
1035 505 1359 575 populorum
1422 503 1692 575 principes
1753 516 1875 556 cum
1904 500 1954 557 A
1980 501 2485 571 putrescuntzquia
2533 502 2600 558 ad
2640 508 2957 559 consuetum
2986 510 3332 575 peccatorum
3372 503 3576 563 ﬂuxum

276 600 552 659 Abraham
580 596 693 652 Deo
719 604 1109 663 convenerunt,
1154 595 1370 666 quando
1398 597 1465 650 ad
1493 595 1721 649 salutem
1748 608 1879 649 con-

276 689 663 747 vertendarum
714 687 991 757 Gentium,
1041 689 1144 744 hoc
1171 687 1553 759 przedicatores
1580 694 1882 741 sonuerunt

278 784 470 847 verbo,
503 781 651 852 quod
681 783 1025 853 omnipotens
1075 783 1214 837 Deus
1262 782 1473 838 interno
1502 780 1580 836 eis
1610 779 1883 850 aSpirabat

284 874 571 931 desiderio.
622 873 787 942 Quasi
817 875 959 930 enim
1005 876 1058 930 in
1091 874 1396 930 auditorum
1426 872 1718 929 Gentilium
1764 886 1882 927 cor-

285 969 442 1023 dibus
470 968 608 1023 mira
636 978 754 1023 erat
782 970 1159 1025 convenientia
1182 968 1279 1025 Dei
1308 976 1363 1024 et
1389 968 1709 1040 principum,
1759 982 1883 1022 cum

282 1061 445 1117 simul
495 1068 551 1116 et
598 1077 631 1116 a
677 1062 882 1119 sanctis
929 1062 1374 1133 praedicatoribus
1409 1065 1678 1120 rationem
1723 1071 1883 1120 rectm

284 1152 687 1225 praedicationis
735 1154 1066 1225 acciperent,
1114 1162 1278 1225 atque
1322 1172 1354 1212 a
1399 1157 1627 1212 Domino
1655 1155 1887 1212 fructum

284 1244 443 1300 bona:
471 1244 787 1301 voluntatis.
820 1243 889 1298 Et
916 1245 1042 1314 quia
1081 1246 1375 1303 adversarii
1404 1262 1523 1305 esse
1552 1262 1885 1318 cognoscun-

284 1342 395 1403 tur,
442 1335 535 1404 qui
583 1335 1001 1393 dixerantznon
1032 1346 1241 1394 maneat
1290 1356 1414 1394 arca
1442 1340 1540 1393 Dei
1567 1340 1705 1410 apud
1750 1354 1886 1395 nos:

282 1428 563 1497 quomodo
607 1428 891 1500 principes
922 1430 1202 1487 mittentes
1231 1433 1595 1501 congregant?
1628 1430 1733 1487 Sed
1762 1431 1883 1486 mit-

286 1529 428 1589 tere,
460 1530 515 1576 et
540 1522 816 1593 principes
844 1538 1195 1595 congregare,
1239 1532 1322 1579 est
1352 1532 1660 1580 sanctorum
1691 1523 1889 1595 praedi-

282 1619 535 1672 catorum
582 1622 791 1670 mentes
820 1616 888 1671 ad
916 1617 1315 1687 praedicationis
1354 1618 1664 1673 instantiam
1694 1633 1893 1691 provo-

286 1721 459 1761 care:
490 1707 613 1776 quia
664 1708 775 1764 illic
825 1716 945 1766 erat
997 1710 1255 1767 attentius
1304 1711 1745 1781 pnedicandum,
1799 1713 1891 1769 ubi

286 1796 584 1855 Gentilium
632 1802 797 1857 corda
826 1803 881 1857 in
929 1818 1116 1859 errore
1145 1803 1463 1877 profundius
1491 1807 1888 1875 mergebantur.

1981 606 2081 663 per
2124 593 2302 661 iniqua
2331 610 2495 665 opera
2545 605 2918 653 recurvantur.
2951 596 3063 654 Hos
3092 598 3348 655 nimirum
3380 599 3446 653 ab
3476 598 3577 653 im-

1982 683 2219 755 perfecta
2252 686 2601 756 percussione
2645 689 2787 743 male
2828 704 2990 745 sanos
3020 690 3110 744 ille
3138 690 3434 760 redarguit,
3483 691 3575 759 qui

1984 773 2051 829 ad
2080 774 2280 833 fetores
2324 778 2579 848 pristinos
2606 778 2889 835 devolutos
2919 781 3157 836 insinuat
3176 823 3191 847 ,
3222 781 3379 837 Canis
3412 799 3580 837 rever-

1984 884 2072 922 sus
2100 869 2168 922 ad
2200 872 2459 936 vomitum,
2507 880 2555 926 et
2603 889 2689 928 sus
2721 874 2828 929 lota
2874 876 2929 929 in
2971 874 3238 930 volutabra
3266 875 3361 929 luti
3392 874 3577 941 (Prov.

1984 975 2132 1027 xxvr,
2160 961 2220 1014 ll
2246 979 2261 1028 ;
2286 961 2351 1018 ΙΙ
2381 962 2526 1019 Petr.
2552 980 2607 1032 ιι,
2640 965 2753 1037 2‘2).
2787 966 2950 1033 Quasi
2980 967 3120 1021 enim
3150 968 3215 1022 ad
3243 976 3583 1039 computres-

1986 1054 2215 1110 cendum
2243 1056 2447 1112 extales
2476 1060 2812 1129 percutiebat
2848 1060 2938 1115 ille
2962 1104 2977 1130 ,
3026 1061 3115 1130 qui
3144 1059 3296 1116 verbi
3343 1061 3581 1130 gladium

1987 1145 2256 1216 ingerens,
2307 1148 2418 1203 ait:
2445 1147 2578 1204 Non
2598 1158 2775 1222 regnet
2802 1162 3066 1222 peccatum
3095 1154 3149 1208 in
3178 1162 3344 1207 vestro
3374 1152 3583 1207 mortali

1987 1259 2222 1313 corpore,
2271 1251 2325 1298 ut
2370 1243 2624 1299 obediatis
2667 1248 3089 1317 concupiscentiis
3137 1247 3249 1315 eius
3298 1245 3474 1312 (Rom.
3505 1261 3580 1313 v1,

1988 1332 2103 1405 is).

2060 1427 2147 1481 10.
2182 1426 2377 1483 Potest
2421 1434 2602 1484 autem
2632 1443 2730 1499 per
2774 1430 2900 1497 hoc,
2930 1432 3075 1501 quod
3121 1424 3307 1487 Azotii
3349 1432 3577 1487 dicunt:

1990 1515 2119 1573 Non
2161 1528 2373 1575 maneat
2403 1537 2527 1575 arca
2563 1521 2703 1592 apud
2733 1538 2849 1588 nos,
2895 1537 3106 1591 eorum,
3136 1524 3228 1592 qui
3273 1523 3343 1579 de
3372 1522 3579 1579 eisdem

1992 1613 2257 1672 Gentibus
2279 1623 2335 1671 et
2351 1617 2575 1671 verbum
2598 1615 2720 1673 ﬁd‘ei
2742 1616 3048 1685 audierunt,
3066 1625 3121 1673 et
3140 1619 3207 1673 ad
3227 1628 3487 1675 aeternam
3508 1620 3583 1675 vi-

1993 1714 2106 1762 tam
2132 1708 2353 1763 minime
2373 1709 2737 1778 praedestinati
2763 1709 2986 1765 credere
3014 1709 3302 1765 noluerunt
3318 1751 3333 1776 ,
3358 1725 3586 1781 perver-

1994 1801 2128 1857 sitas
2156 1800 2444 1871 designari.
2476 1800 2895 1858 Circumducere
2918 1817 3049 1871 ergo
3077 1817 3257 1858 arcam
3287 1803 3383 1858 Dei
3409 1811 3583 1858 satra-

288 1885 430 1944 Hinc
455 1898 538 1945 est
565 1891 707 1959 quod
727 1893 973 1962 egregius
1001 1892 1194 1949 doctor
1215 1894 1538 1951 nobiliorem
1565 1894 1633 1949 de
1661 1894 1893 1950 indomi-
1919 1886 1969 1947 B
1994 1891 2078 1964 pis
2106 1890 2225 1956 fuit,
2258 1892 2460 1948 sanctis
2484 1893 2924 1962 praedicatoribus
2951 1891 3067 1961 ejus
3085 1895 3309 1950 verbum
3338 1894 3587 1950 veritatis

291 1981 363 2036 tis
392 1982 639 2038 hostibus
667 1999 726 2039 se
753 1984 983 2055 elegisse
1024 1985 1306 2043 victoriam
1333 1986 1614 2057 gloriatur,
1664 1986 1848 2042 dicens
1872 2004 1887 2041 :

290 2073 697 2130 AbJerusalem
740 2094 895 2148 usque
944 2077 1213 2151 Illyricum
1254 2097 1347 2150 per
1393 2080 1661 2135 circuitum
1705 2080 1892 2152 replevi

296 2166 645 2235 Evangelium
675 2168 903 2223 Christi:
926 2172 998 2224 sic
1024 2180 1193 2226 autem
1221 2173 1316 2228 hoc
1344 2173 1623 2245 prwdicavi
1652 2172 1897 2245 Evange-

291 2258 448 2323 lium,
480 2276 583 2313 non
612 2260 697 2313 ubi
726 2262 789 2315 de
811 2278 869 2317 eo
897 2265 1256 2320 annuntiatum
1277 2269 1468 2339 fuerat,
1490 2284 1555 2321 ne
1581 2284 1733 2337 super
1762 2268 1892 2321 alie-

294 2364 419 2402 num
469 2350 867 2421 fundamentum
911 2357 1225 2426 wdiﬁcarem
1274 2357 1452 2428 (Rom.
1500 2375 1593 2429 xv,
1638 2359 1726 2427 19,
1775 2358 1892 2430 20).

294 2441 583 2498 Provocati
632 2459 760 2515 ergo
812 2456 935 2502 sunt
978 2451 1252 2521 principes
1299 2468 1404 2507 non
1456 2451 1744 2518 desiderio,
1795 2451 1895 2507 sed

296 2549 484 2592 errore
514 2537 826 2607 inﬁdelium,
856 2557 978 2597 cum
1006 2543 1131 2599 inde
1155 2544 1268 2599 Deo
1298 2544 1501 2599 lucrum
1524 2544 1697 2613 majus
1716 2543 1899 2600 facere

294 2631 539 2687 arbitrati
589 2642 733 2701 sunt,
783 2635 929 2691 unde
973 2638 1147 2706 caligo
1177 2654 1422 2694 errorum
1452 2655 1550 2710 per
1576 2639 1762 2694 ﬂatum
1804 2655 1896 2694 su-

296 2722 499 2790 perbire
528 2724 810 2781 sublimius
835 2726 1126 2784 ferebatur.
1159 2728 1335 2796 Quare
1381 2737 1437 2785 et
1477 2738 1675 2786 sanctae
1700 2730 1895 2800 praedi-

295 2815 530 2872 cationis
559 2817 815 2874 instantia
845 2820 1177 2890 designatur,
1199 2839 1320 2879 cum
1349 2824 1593 2879 subditur
1617 2843 1630 2878 :
1660 2826 1899 2895 Respon-

303 2906 582 2978 deruntque
639 2907 842 2966 Gethwi
888 2929 907 2966 :
951 2913 1379 2993 Circumducatur
1442 2932 1567 2968 arca
1628 2915 1748 2972 Dei.
1815 2916 1898 2971 llli

297 2996 522 3053 dicunt:
550 2998 673 3057 Non
720 3012 931 3057 maneat
977 3021 1102 3059 arca
1134 3004 1227 3058 Dei
1260 3006 1401 3075 apud
1430 3023 1557 3072 nos;
1608 3014 1661 3060 et
1700 3007 1790 3061 isti
1818 3006 1899 3062 di-

296 3099 432 3144 cunt
457 3108 471 3143 :
501 3090 943 3149 Circumducatur.
991 3093 1129 3162 Quid
1159 3106 1242 3152 est
1271 3098 1412 3151 enim
1453 3113 1634 3153 arcam
1664 3098 1760 3153 Dei
1788 3100 1896 3154 cir-

298 3180 623 3238 cumducere
648 3225 663 3250 ,
713 3186 815 3240 nisi
843 3202 984 3241 verae
1014 3187 1136 3243 ﬁdei
1178 3190 1432 3260 mysteria
1458 3192 1673 3261 publice
1701 3192 1896 3262 praedi-

1995 1984 2333 2049 subtrahere,
2366 1992 2527 2054 atque
2556 1985 2681 2052 illis,
2709 1985 2802 2055 qui
2825 1985 2969 2056 digni
2990 1996 3163 2053 erant,
3188 1988 3443 2054 mysteria
3465 1986 3588 2042 ﬁdei

1995 2077 2257 2132 revelare.
2290 2076 2672 2133 Circumducta
2701 2092 2829 2146 ergo
2859 2085 2944 2133 est
2970 2093 3095 2133 arca
3122 2095 3135 2130 :
3163 2078 3288 2146 quia
3312 2076 3435 2132 ﬁdei
3462 2093 3589 2133 nos-

1996 2175 2094 2223 tne
2121 2175 2460 2223 sacramenta
2481 2169 2548 2222 ab
2570 2168 2798 2224 aliorum
2818 2169 3012 2224 notitia
3036 2169 3245 2226 sublata
3266 2176 3413 2239 sunt,
3428 2178 3591 2239 atque

1997 2261 2116 2316 aliis
2146 2263 2405 2317 revelata.
2456 2260 2611 2318 Unde
2638 2271 2693 2318 et
2718 2278 2840 2319 cum
2870 2263 3384 2331 circumduceretur,
3421 2264 3590 2319 inter-

1996 2352 2159 2409 fectio
2183 2367 2375 2422 magna
2406 2353 2565 2410 nimis
2584 2369 2683 2425 per
2708 2356 2946 2424 singulas
2976 2355 3222 2411 civitates
3248 2355 3366 2410 ﬁeri
3405 2355 3590 2427 perhi-

1996 2443 2191 2499 betur:
2224 2445 2352 2515 quia
2380 2444 2684 2516 ubicunque
2714 2447 2938 2501 verbum
2960 2446 3232 2504 ducebant
3252 2447 3395 2512 ﬁdei,
3417 2447 3592 2515 gratia

1998 2535 2459 2605 multiplicabatur
2512 2538 2900 2594 conversionis.
2967 2537 3034 2593 Et
3086 2539 3215 2610 quia
3283 2538 3593 2609 ubicunque

2000 2626 2403 2696 pmdicabant,
2454 2629 2595 2684 inter
2653 2645 2750 2685 eos
2799 2631 2890 2700 qui
2947 2631 3244 2688 credebant
3292 2639 3449 2687 erant
3499 2630 3593 2699 qui

2000 2720 2365 2791 prtedestinati
2397 2721 2463 2774 ad
2492 2730 2750 2777 aeternam
2774 2722 2941 2777 vitam
2969 2738 3078 2778 non
3101 2732 3274 2789 erant,
3306 2722 3588 2793 sequitur:

2075 2813 2250 2885 (Vers.
2280 2814 2377 2879 10,
2412 2814 2529 2885 ll.)
2588 2813 2848 2870 Miserum
2886 2831 3063 2870 arcam
3090 2814 3190 2870 Dei
3230 2816 3285 2869 in
3330 2816 3589 2869 Accaron.

2002 2907 2227 2978 Cumque
2257 2907 2472 2962 venisset
2502 2925 2624 2962 arca
2662 2908 2763 2963 Dei
2798 2910 2854 2962 in
2880 2910 3137 2975 Accaron,
3175 2909 3594 2963 exclamaverunt

2001 2998 2346 3065 Accaronitae,
2378 3000 2602 3053 dicentes
2625 3016 2643 3053 :
2675 2997 2931 3053 Miserunt
2960 2999 3030 3052 ad
3055 3015 3149 3054 nos
3179 3015 3356 3053 arcam
3383 2998 3503 3062 Dei,
3535 3005 3593 3051 ut

2002 3092 2284 3161 interﬁciat
2319 3107 2413 3145 nos
2451 3100 2500 3145 et
2533 3092 2779 3161 populum
2804 3100 3058 3148 nostrum.
3091 3091 3348 3145 Miserum
3383 3106 3505 3162 ergo
3541 3098 3593 3143 et

2005 3194 2445 3255 congregaverant
2492 3201 2667 3239 omnes
2712 3194 2951 3254 satrapas
2998 3184 3455 3247 Philisthinorum,
3505 3184 3594 3254 qui

298 3272 464 3327 care?
490 3271 673 3328 Manet
698 3275 843 3329 enim
872 3291 997 3331 arca
1025 3277 1168 3348 apud
1196 3294 1313 3346 eos,
1362 3281 1454 3349 qui
1482 3297 1623 3338 vera:
1652 3280 1773 3336 ﬁdei
1804 3297 1895 3337 sa.
1923 3273 1974 3337 ϐ
2005 3277 2284 3333 dixerunt:
2316 3276 2574 3332 Dimittite
2595 3295 2771 3331 arcam
2797 3278 3005 3332 Domini
3030 3279 3085 3331 in
3114 3279 3284 3332 locum
3313 3293 3482 3331 suum.

298 3373 599 3431 crementa,
651 3380 767 3434 quae
805 3367 1049 3437 audiunt,
1080 3384 1177 3439 per
1206 3386 1445 3427 amorem
1475 3374 1892 3443 amplectuntur.

299 3447 407 3520 Qui
455 3463 637 3511 autem
681 3455 808 3512 Non
836 3470 1043 3514 maneat
1070 3462 1209 3532 apud
1236 3480 1329 3517 nos
1359 3480 1484 3533 arca
1526 3465 1727 3531 dicunt,
1760 3480 1898 3534 prte-

301 3549 630 3607 dicationem
678 3552 800 3608 ﬁdei
830 3570 861 3609 a
890 3570 949 3610 se
977 3557 1147 3610 averti
1197 3559 1610 3627 concupiscunt.
1656 3558 1899 3628 Satrapm

302 3654 435 3711 ergo
482 3658 514 3699 e
562 3646 836 3702 contrario
882 3645 1556 3703 dicunt:Circumducatur
1595 3667 1719 3704 arca
1766 3650 1896 3718 Dei;

304 3732 432 3801 quia
481 3733 586 3790 illis
641 3737 901 3791 attentius
949 3737 1132 3794 divina
1186 3740 1589 3809 praedicabant,
1646 3757 1784 3811 quos
1829 3743 1900 3799 ad

301 3821 489 3878 odium
516 3825 761 3881 veritatis
786 3826 964 3895 gravis
990 3843 1143 3883 error
1172 3830 1513 3886 accenderat.
1546 3829 1614 3885 Et
1637 3831 1763 3902 quia
1802 3847 1899 3902 per

301 3925 616 3973 sanctorum
668 3920 1077 3989 praedicatorum
1133 3923 1431 3979 ministeria
1495 3925 1656 3979 etiam
1714 3926 1899 3980 talium

306 4022 505 4079 magna
550 4012 694 4069 lucra
737 4017 919 4085 regnis
962 4018 1273 4073 caelestibus
1316 4018 1465 4074 illata
1512 4026 1675 4085 sunt,
1715 4019 1896 4088 sequi-

305 4108 402 4156 tur
425 4118 442 4155 :

380 4191 558 4261 (Vers.
589 4192 668 4261 9.)
707 4195 732 4249 1
742 4197 827 4251 llis
856 4206 1027 4251 autem
1055 4195 1549 4254 circumducentibus
1577 4217 1713 4269 eam,
1742 4201 1903 4271 ﬁebat

302 4301 499 4341 manus
551 4284 765 4342 Domini
817 4306 909 4358 per
960 4290 1190 4360 singulas
1247 4290 1475 4344 civitates
1529 4293 1903 4363 interfectionis

304 4393 510 4448 magna:
538 4378 713 4442 nimis,
754 4387 803 4433 et
832 4378 1145 4449 percutiebat
1173 4382 1309 4435 viros
1338 4383 1735 4454 uniuscujusque
1760 4381 1903 4436 urbis

307 4482 345 4520 α
372 4483 526 4536 parvo
557 4484 714 4540 usque
743 4467 812 4522 ad
838 4470 1109 4540 majorem,
1138 4479 1188 4525 et
1211 4472 1682 4542 computrescebant
1709 4474 1901 4543 promi-

304 4569 490 4615 nentes
510 4561 709 4617 extales
739 4579 935 4617 eorum.

2072 3369 2161 3422 H.
2201 3369 2461 3438 Satrapes,
2493 3377 2555 3421 ut
2589 3369 2843 3434 diximus,
2887 3368 3061 3423 sancti
3088 3368 3467 3437 pmdicatores
3508 3367 3592 3424 in-

2000 3461 2337 3530 telliguntur.
2381 3460 2738 3523 Accaronitac,
2771 3461 2861 3528 qui
2897 3460 3325 3530 interpretantur
3357 3459 3589 3525 steriles,

2001 3554 2242 3611 Gentiles
2267 3553 2546 3622 designant
2567 3552 3028 3609 inconvertibiles.
3054 3551 3156 3619 Qui
3180 3553 3431 3608 nimirum
3450 3567 3590 3623 prae-

2001 3646 2272 3703 dicatores
2310 3644 2645 3702 dimittendae
2675 3661 2815 3701 arcae
2839 3644 3123 3701 consilium
3152 3643 3484 3709 tribuerunt,
3530 3650 3591 3698 ut

2002 3739 2049 3795 si
2073 3740 2303 3795 salutem
2331 3754 2484 3795 suam
2511 3739 2579 3794 de
2614 3739 2792 3794 divina
2819 3736 3208 3810 pmdicatione
3250 3744 3588 3802 recusarent,

2004 3830 2251 3887 ﬁdelibus
2288 3831 2355 3885 ad
2382 3840 2639 3887 aeternam
2668 3832 2897 3903 patriam
2925 3846 3048 3885 cum
3088 3829 3436 3885 sacramentis
3467 3827 3593 3883 ﬁdei

2001 3923 2363 3990 tendentibus,
2413 3926 2537 3980 non'
2566 3926 2913 3982 obsisterent.
2961 3924 3136 3981 Locus
3166 3937 3396 3991 namque
3428 3936 3590 3986 arcae,

2002 4015 2311 4070 divinorum
2339 4015 2593 4070 videlicet
2620 4022 3081 4070 sacramentorum
3112 4012 3185 4067 ibi
3216 4026 3335 4067 esse
3359 4025 3592 4079 cognos-

2004 4109 2164 4174 citur,
2212 4108 2303 4162 ubi
2344 4108 2601 4176 quidquid
2649 4107 2716 4160 de
2744 4106 3118 4174 omnipotente
3164 4102 3277 4157 Deo
3306 4117 3450 4156 nunc
3494 4116 3593 4171 per

2004 4201 2403 4271 Scripturarum
2434 4200 2745 4272 mysterium
2773 4197 2987 4262 dicitur,
3012 4202 3198 4267 aperta
3245 4194 3591 4265 postmodum

2006 4293 2160 4347 nobis
2188 4293 2494 4361 cognitione
2538 4291 2826 4345 revelatur.
2878 4289 3163 4360 Proprium
3204 4289 3405 4360 quippe
3450 4303 3590 4344 arca:

2004 4387 2183 4443 locum
2230 4393 2575 4455 cognoverat,
2607 4385 2699 4455 qui
2729 4385 2979 4440 dicebat:
3041 4384 3284 4439 Videmus
3321 4399 3458 4437 nunc
3497 4399 3591 4453 per

2005 4481 2265 4551 speculum
2302 4483 2357 4532 in
2398 4479 2691 4548 aenigmate,
2740 4486 2860 4531 tunc
2887 4486 3056 4531 autem
3085 4477 3220 4547 facie
3254 4475 3324 4529 ad
3367 4476 3588 4545 faciem:

2006 4587 2143 4625 nunc
2172 4586 2421 4639 cognosco
2448 4585 2514 4622 ea:
2548 4576 2714 4639 parte,
2748 4576 2868 4622 tunc
2896 4584 3228 4638 cognoscam,
3264 4566 3398 4621 sicut
3426 4574 3474 4621 et
3502 4582 3591 4620 co-

382 4651 435 4707 9.
476 4653 615 4708 Area
646 4654 843 4725 quippe
869 4655 1306 4720 circumducitur,
1347 4674 1468 4714 cum
1497 4660 1751 4730 mysteria
1782 4660 1905 4715 tidei
1933 4659 1986 4721 D
2010 4664 2183 4737 gnitus
2209 4679 2321 4717 sum
2351 4662 2404 4734 (1
2436 4661 2555 4717 Cor.
2590 4678 2705 4730 χιιι,
2736 4661 2850 4731 l2).
2878 4660 3174 4718 Consilium
3204 4662 3387 4730 itaque
3418 4667 3593 4714 satra-

302 4743 490 4815 palam
540 4751 597 4798 et
645 4744 765 4799 sine
814 4745 1008 4800 timore
1052 4746 1433 4815 praedicantur.
1486 4746 1553 4801 Et
1597 4750 1721 4818 quia
1764 4749 1906 4805 inter

304 4837 463 4893 initia
524 4836 650 4893 ﬁdei
714 4838 980 4893 innumeri
1040 4840 1529 4906 convert‘ebantur,
1598 4842 1902 4898 interfectio

305 4944 507 5000 magna
552 4930 709 4986 nimis
762 4931 912 5004 141
948 4948 1046 5002 per
1072 4933 1316 4987 civitates
1346 4935 1581 5002 singulas
1608 4935 1747 4990 facta
1779 4952 1904 5005 per-

306 5023 548 5079 hibetur.
585 5022 721 5079 ltem
750 5025 875 5093 quia
905 5041 1010 5080 non
1041 5024 1215 5082 solum
1246 5026 1538 5095 simplices,
1568 5026 1663 5081 sed
1693 5027 1907 5097 sapien-

306 5123 401 5169 tes
428 5115 673 5170 conversi
700 5122 825 5170 sunt
851 5134 863 5169 :
890 5115 1076 5171 eadem
1128 5115 1431 5171 interfectio
1460 5131 1488 5168 a
1519 5131 1684 5185 parvo
1734 5132 1905 5187 usque

306 5204 388 5260 ad
438 5205 692 5275 majorem
740 5206 878 5262 facta
926 5208 1203 5261 asseritur.
1235 5206 1341 5262 Sed
1370 5222 1467 5278 per
1495 5207 1735 5261 eamdem
1775 5223 1902 5278 per-

308 5298 622 5355 cussionem
668 5307 1105 5371 computrescere
1133 5300 1338 5354 extales
1378 5300 1702 5355 referuntur.
1734 5299 1902 5356 Exta-

307 5392 398 5448 les
422 5392 620 5463 quippe
645 5399 974 5463 putrescere,
996 5401 1079 5446 est
1099 5392 1304 5462 peccati
1326 5401 1532 5447 meatus
1557 5394 1622 5446 ab
1647 5392 1905 5449 effusione

307 5485 562 5543 consueti
589 5484 776 5541 fetoris
804 5484 1016 5555 penitus
1062 5483 1303 5538 interire.
1334 5482 1479 5538 Bene
1526 5498 1755 5553 namque
1781 5500 1904 5554 per-

307 5591 506 5634 cassus
550 5584 671 5641 est,
723 5576 877 5645 cujus
922 5575 1289 5646 prominentes
1336 5575 1541 5630 extales
1570 5583 1905 5647 computres-

310 5682 449 5730 cunt
473 5689 487 5725 :
513 5672 640 5742 quia
669 5672 921 5727 nimirum
952 5670 1194 5725 nonnulli
1236 5680 1380 5739 sunt,
1428 5672 1516 5741 qui
1547 5680 1669 5742 post
1699 5671 1906 5725 mundi-

307 5769 453 5825 tiam
481 5769 869 5840 conversionis,
892 5767 1120 5841 pristina
1151 5768 1494 5824 involvuntur
1520 5770 1678 5825 sorde
1699 5768 1903 5839 ﬂagitii.

302 5857 526 5921 Horum
574 5861 820 5934 profecto
867 5860 1237 5934 prominentes
1266 5860 1472 5917 extales
1502 5862 1721 5919 minime
1749 5877 1902 5919 com-

2005 4774 2196 4831 parum
2223 4756 2345 4824 fuit,
2373 4765 2431 4811 ut
2457 4756 2509 4810 in
2540 4756 2717 4811 locum
2739 4770 2894 4809 suum
2917 4754 3118 4810 reverti
3138 4769 3321 4809 arcam
3342 4751 3438 4805 Dei
3469 4764 3594 4819 per-

2007 4850 2322 4906 mitterent:
2371 4856 2431 4903 ut
2455 4846 2725 4911 videlicet,
2770 4846 2860 4915 qui
2905 4846 2973 4901 de
3018 4846 3171 4901 verbi
3213 4842 3595 4913 praedicatione

2009 4944 2211 4999 nullum
2236 4942 2356 4995 ﬁdei
2384 4940 2610 4995 fructum
2638 4937 2899 5004 ferebant,
2928 4953 3047 4993 eam
3075 4936 3267 4992 saltem
3288 4933 3391 4989 illis
3413 4933 3594 4988 dimit-

2010 5045 2203 5099 terent,
2234 5033 2326 5105 qui
2352 5048 2419 5087 ex
2447 5048 2512 5086 ea
2539 5030 2769 5085 fructum
2800 5030 2897 5085 sibi
2939 5030 2993 5083 in
3030 5027 3336 5083 aeternitate
3376 5040 3591 5096 praepa-

2009 5132 2214 5182 rarent.
2257 5125 2402 5179 Bene
2438 5123 2619 5193 igitur,
2660 5122 2756 5191 qui
2784 5119 3115 5177 remittenda:
3142 5132 3282 5174 arca:
3307 5118 3592 5173 consilium

2010 5219 2301 5289 accipiunt,
2332 5216 2665 5272 Accaronita:
2688 5214 3049 5270 nominantur.
3080 5209 3417 5267 Accaronitzr.
3436 5207 3596 5278 quip-

2011 5326 2079 5382 pe
2106 5311 2531 5379 interpretantur
2562 5306 2791 5361 steriles.
2824 5302 2960 5370 Quia
2989 5301 3132 5357 enim
3161 5301 3228 5356 de
3256 5300 3438 5354 audita
3470 5298 3593 5353 ﬁdei

2010 5404 2256 5469 veritate,
2282 5401 2486 5457 nullum
2510 5398 2863 5461 credulitatis,
2885 5402 2977 5450 aut
3005 5394 3131 5450 boni
3155 5393 3332 5462 operis
3354 5393 3591 5447 fructum

2009 5493 2288 5563 dederant,
2328 5489 2540 5547 steriles
2578 5494 2752 5543 erant.
2800 5482 3071 5539 Tollendae
3114 5496 3244 5551 ergo
3271 5496 3410 5536 arcae
3438 5482 3590 5550 prin-

2010 5584 2158 5653 cipes
2196 5581 2481 5636 consilium
2513 5577 2667 5650 142
2694 5574 3055 5646 praebuerunt,
3095 5571 3193 5629 sed
3221 5588 3251 5627 a
3282 5571 3586 5636 sterilibus;

2011 5683 2071 5730 ut
2098 5673 2343 5728 videlicet
2378 5670 2529 5727 verbi
2571 5670 2667 5725 Dei
2696 5682 2903 5734 semen,
2934 5666 3078 5736 quod
3102 5666 3157 5722 in
3182 5667 3412 5737 pessima
3447 5672 3590 5717 terra

2009 5768 2310 5837 germinare
2358 5780 2465 5818 non
2514 5769 2745 5833 poterat,
2794 5768 2951 5815 terrae
2996 5760 3212 5831 optima:
3258 5762 3585 5817 servaretur,

2011 5874 2130 5931 quae
2158 5857 2228 5914 de
2268 5857 2374 5913 hoc
2403 5855 2587 5912 labore
2611 5853 2822 5918 hiemis,
2854 5852 2910 5908 in
2938 5851 3160 5926 perenni
3204 5850 3317 5906 vita
3354 5846 3585 5902 fructum
