4020 6344
402 392 422 428 ’“
449 448 549 506 .79
831 411 833 413 ’
1661 437 1905 498 SANCTI
1948 437 2266 497 GREGOBII
2305 439 2518 498 MAG-Nl

3616 451 3718 508 180

446 567 799 626 centesimum
847 561 1116 637 proferret
1156 559 1378 618 aestatis.
1422 558 1493 616 Et
1533 575 1750 617 causam
1778 558 2026 632 protinus
2055 560 2107 621 Δ
2130 558 2317 629 Neque
2343 561 2485 616 enim
2511 560 2565 616 in
2594 562 2790 619 emtum
2819 562 3111 619 ascendere
3155 560 3360 618 clamor
3385 571 3604 638 poterat
3638 569 3719 624 vi-

446 659 758 718 relaxandae
785 673 924 715 arca:
965 655 1277 724 ostendunt,
1323 668 1445 711 cum
1489 653 1871 725 pradicatores
1899 651 2029 708 sub—

445 753 616 809 dunt:

516 845 692 917 (Vers.
724 843 838 914 Η.)
879 841 964 897 Ne
990 841 1270 910 interficiat
1296 855 1390 894 nos
1417 854 1531 891 cum
1552 837 1739 908 populo
1762 845 1960 891 nostro.

517 937 608 992 12.
650 935 990 1007 Accaropitsc
1015 933 1384 988 clamaverunt
1409 948 1422 982 :
1455 929 1708 983 Miserunt
1736 945 1914 982 arcam
1936 926 2037 982 Dei

445 1030 515 1085 ad
546 1045 660 1095 nos,
693 1034 748 1081 ut
767 1025 1052 1098 interﬁciat
1073 1041 1167 1078 nos
1193 1029 1240 1076 et
1256 1022 1497 1092 populum
1521 1029 1769 1073 nostrum.
1796 1017 2035 1088 Satrapa:

445 1118 733 1175 consilium
777 1117 1040 1179 tribuunt,
1087 1115 1370 1169 dicentes:
1405 1111 1662 1164 Dimittite
1708 1126 1885 1164 arcam
1936 1109 2038 1164 Dei

449 1212 638 1276 Israel,
668 1219 726 1264 ut
753 1227 855 1265 non
882 1209 1161 1280 interﬁciat
1190 1224 1282 1262 nos
1309 1222 1422 1260 cum
1453 1205 1642 1276 populo
1681 1213 1876 1259 nostro.
1910 1203 2040 1270 Quis

449 1312 534 1360 est
562 1303 814 1373 populus,
835 1302 902 1358 de
923 1317 1030 1372 quo
1052 1309 1299 1369 satrapas,
1322 1298 1372 1352 id
1397 1305 1479 1352 est
1503 1297 1792 1366 principes,
1817 1297 2035 1351 dicunt:

451 1406 509 1451 ut
529 1413 632 1450 non
660 1395 941 1464 interﬁciat
964 1411 1051 1446 nos
1077 1410 1188 1445 cum
1215 1391 1402 1462 populo
1430 1391 1646 1445 nostra?
1671 1389 1802 1456 Quis
1829 1397 1912 1444 est.
1943 1404 2040 1458 po-

453 1487 637 1559 pulus,
670 1485 770 1541 nisi
798 1485 1028 1555 populus
1051 1482 1425 1536 Christianus?
1454 1481 1650 1536 Dicunt
1681 1494 1812 1546 ergo
1843 1479 2042 1550 princi-

452 1594 568 1651 pes,
595 1579 851 1634 Dimittite
871 1593 1046 1630 arcam
1067 1574 1167 1630 Dei
1197 1573 1386 1637 Israel,
1416 1582 1472 1627 ut
1493 1581 1777 1628 revertatur
1798 1574 1850 1626 in
1876 1572 2042 1626 locum

455 1688 626 1726 suum.
655 1668 815 1736 Quasi
837 1667 978 1722 dicat
1003 1666 1106 1721 hoc
1131 1682 1145 1719 :
1182 1664 1338 1720 Unde
1359 1679 1456 1718 vos
1478 1665 1614 1718 mori
1645 1662 2039 1733 pertimescitis,

454 1764 610 1821 nobis
649 1763 716 1816 ad
741 1769 957 1815 aeternae
985 1759 1109 1813 vine
1135 1757 1388 1812 meritum
1436 1770 1825 1810 exerceremon
1855 1754 2043 1825 probi-

454 1853 649 1912 beatis.
677 1851 784 1908 Sed
813 1851 958 1921 quod
988 1849 1228 1903 addunt:
1277 1847 1346 1901 Ut
1369 1861 1473 1900 non
1494 1847 1775 1915 interﬁciat
1803 1860 1896 1898 nos
1928 1859 2043 1896 cum

2136 670 2317 710 rorum
2359 664 2708 712 mortuorum.
2761 655 2867 712 Sed
2907 657 3032 728 quia
3078 659 3482 728 percussionem
3513 661 3717 720 natium

2135 749 2385 818 superius
2409 750 2689 805 retulimus
2719 749 2784 804 ad
2812 750 3172 818 cognitionem
3197 761 3566 827 peccatorum,
3598 764 3721 810 sunt

2135 838 2379 910 profecto
2411 839 2529 906 viri,
2562 841 2652 911 qui
2679 856 2786 896 non
2807 850 2934 895 sunt
2962 843 3179 904 mortui,
3211 841 3324 897 Viri
3347 843 3546 914 quippe
3577 856 3720 912 sunt,

2135 931 2227 1000 qui
2264 947 2362 1000 pro
2391 939 2586 987 :cterna
2609 933 2717 987 vita
2747 948 2904 1002 quam
2937 942 3220 1004 appetunt,
3255 951 3414 1006 agere
3437 935 3599 992 fortia
3629 939 3724 992 de-

2138 1033 2445 1079 creverunt.
2494 1025 2600 1081 Sed
2647 1027 2743 1081 viri
2794 1026 2968 1084 adhuc
3012 1045 3118 1083 non
3170 1041 3295 1084 sunt
3342 1031 3577 1095 mortui,
3635 1035 3724 1103 qui

2141 1127 2301 1181 agere
2334 1130 2524 1182 magna
2557 1115 2874 1185 deliberant,
2912 1118 3064 1194 1&3
3095 1129 3149 1177 et
3176 1130 3353 1176 tamen
3384 1121 3451 1176 ad
3481 1123 3726 1179 dolorem

2141 1208 2572 1276 compunctionis
2614 1209 2753 1262 mala
2784 1197 3053 1278 prteterita
3095 1227 3430 1282 nequaquam
3473 1225 3725 1286 pensant.

2143 1298 2455 1352 Mordentur
2483 1313 2610 1369 ergo
2641 1313 2671 1353 a
2701 1301 2962 1366 muribus,
3012 1309 3072 1356 ut
3124 1303 3460 1357 moriantur:
3507 1304 3634 1373 quia
3678 1306 3729 1359 in

2143 1390 2337 1458 quibus
2377 1390 2628 1461 nequiter
2656 1391 2987 1462 ceciderunt,
3017 1392 3282 1462 recolunt,
3315 1403 3370 1449 et
3398 1411 3496 1470 pro
3535 1411 3729 1464 praetc-

2144 1480 2261 1534 ritis
2302 1480 2508 1535 actibus
2549 1496 2607 1535 se
2635 1483 2934 1552 promereri
2973 1493 3189 1540 (eterna:
3220 1486 3343 1540 vitae
3382 1487 3730 1544 amissionem

2144 1569 2386 1625 credunt.
2414 1569 2550 1636 Quia
2574 1584 2702 1639 ergo
2724 1572 2822 1627 viri
2849 1582 2992 1639 sunt,
3017 1575 3085 1630 de
3114 1575 3208 1630 Dei
3233 1577 3602 1633 misericordia
3625 1595 3729 1635 non

2146 1661 2465 1733 desperant:
2495 1671 2549 1718 et
2577 1664 2700 1732 quia
2730 1666 3076 1725 mordentur.
3105 1676 3164 1722 ut
3200 1669 3532 1740 moriantur,
3562 1670 3632 1726 de
3662 1685 3728 1726 eo

2147 1756 2292 1826 quod
2318 1770 2495 1826 magni
2525 1771 2644 1812 esse
2670 1757 2948 1827 incipiunt,
2981 1775 3040 1815 se
3065 1775 3174 1814 non
3205 1760 3465 1816 exaltant.

2221 1845 2307 1901 14.
2349 1848 2590 1913 Quorum
2627 1847 2874 1918 profecto
2904 1850 3112 1905 clamor
3141 1851 3191 1906 in
3219 1851 3413 1907 cmlum
3453 1852 3696 1906 ascendit

451 1944 644 2018 populo
677 1949 877 2008 nostra,
907 1939 1204 1995 Gentilium
1244 1937 1461 2006 quidem
1492 1937 1848 2006 reproborum
1879 1935 2043 1989 corda
2074 1937 2122 1996 Β
2147 1939 2270 2008 quia
2327 1941 2670 2008 omnipotens
2717 1940 2859 1996 Deus
2901 1957 3286 1998 conversorum
3332 1943 3566 2012 gemitus
3623 1943 3725 1998 cle-

451 2037 506 2091 in
534 2049 718 2090 errore
745 2048 844 2088 suo
873 2046 971 2102 per
1001 2031 1140 2085 hanc
1167 2029 1577 2100 responsionem
1617 2018 2040 2093 confunduntur,

453 2129 582 2186 dum
611 2127 737 2181 inde
773 2140 831 2180 se
869 2123 957 2179 isti
986 2123 1321 2178 afﬁrmarent
1348 2130 1580 2177 mortem
1617 2119 1871 2185 evadere,
1900 2119 2045 2174 unde

451 2219 529 2274 illi
558 2216 890 2288 trepidarent
917 2216 1077 2270 mori.
1106 2215 1300 2270 Arcam
1330 2229 1547 2286 quoque
1586 2213 1682 2268 Dei
1711 2212 1882 2268 sancti
1909 2226 2046 2280 prae.

452 2309 723 2365 dicatores
747 2305 1031 2364 auferunt:
1061 2306 1188 2374 quia
1217 2306 1343 2359 dum
1381 2303 1845 2373 contemptoribus
1881 2301 2043 2372 spiri-

453 2401 580 2456 talia
608 2401 932 2471 panduntur,
957 2399 1026 2454 ad
1061 2399 1463 2454 damnationem
1493 2398 1769 2453 indiscreti
1787 2397 2044 2468 praedica-

457 2493 592 2549 toris
615 2490 812 2561 agitur,
836 2491 880 2546 si
910 2490 1101 2546 eadem
1127 2490 1305 2545 divina
1332 2489 1607 2560 mysteria,
1641 2505 1749 2544 non
1789 2488 2044 2543 imitanda

455 2583 695 2654 perﬁdis,
727 2583 824 2639 sed
852 2581 1140 2646 irridenda,
1166 2589 1219 2636 et
1247 2590 1274 2621 ιι
1304 2579 1675 2636 concludenda
1704 2579 2040 2636 deserantur.

455 2670 592 2730 Nam
635 2673 791 2745 quasi
837 2670 1226 2728 transferenda}
1275 2685 1416 2727 arca:
1462 2686 1571 2726 non
1622 2678 1734 2726 tam
1786 2678 2041 2740 satrapze,

457 2780 618 2838 quam
663 2774 1003 2837 satraparum
1030 2764 1292 2821 Dominus
1321 2771 1648 2835 praeceptum
1679 2764 1933 2834 ponebat,
1965 2763 2048 2817 di-

455 2874 616 2916 cens:
651 2856 830 2914 Nolite
849 2866 1085 2913 sanctum
1103 2857 1232 2912 dare
1253 2856 1485 2921 canibus,
1510 2871 1670 2925 neque
1688 2855 1894 2926 ponatis
1914 2871 2048 2908 mar-

459 2952 656 3022 garitas
683 2959 803 3005 ante
824 2967 1028 3019 porcos,
1051 2966 1118 3004 ne
1137 2950 1368 3004 conuersi
1387 2948 1688 3003 conculcent
1713 2964 1804 3001 eas
1831 2946 2045 3018 pedibus

459 3041 568 3095 suis
597 3040 814 3112 (Matth.
837 3055 930 3107 vn,
959 3043 1037 3110 6).
1081 3039 1220 3095 Hinc
1241 3041 1440 3096 iterum
1478 3039 1645 3096 dicit:
1697 3038 1759 3093 Si
1795 3039 2046 3110 persecuti

457 3149 546 3188 vos
571 3133 765 3205 fuerint
788 3132 846 3186 in
869 3147 977 3186 una
1009 3132 1236 3198 ciuitate,
1268 3133 1431 3204 fugite
1456 3133 1513 3186 in
1539 3132 1700 3186 aliam
1731 3130 1949 3203 (Matth.
1987 3149 2042 3196 κ,

459 3225 577 3294 25).
625 3223 819 3279 Arcam
868 3224 1071 3293 itaque,
1101 3237 1170 3278 ne
1212 3223 1533 3290 moriantur,
1574 3222 1871 3291 auferunt:
1920 3223 2046 3292 quia

2148 2039 2357 2086 menter
2381 2033 2594 2103 accipit.
2620 2032 2686 2087 Et
2713 2034 2838 2103 quia
2865 2033 2916 2087 in
2939 2042 3184 2108 tempore
3207 2036 3576 2091 conversionis
3594 2033 3727 2091 Gen-

2148 2124 2277 2177 tium
2309 2138 2534 2192 magnus
2563 2133 2681 2180 erat
2710 2126 2776 2180 ad
2807 2125 2964 2181 (idem
2991 2142 3304 2195 concursus,
3329 2144 3436 2185 non
3465 2129 3531 2184 ab
3554 2129 3729 2199 aliqua

2148 2228 2274 2278 una,
2299 2214 2392 2269 sed
2419 2231 2449 2268 a
2470 2215 2711 2284 pluribus
2738 2217 3045 2272 civitatibus
3065 2218 3270 2274 clamor
3290 2219 3600 2276 ascendisse
3621 2235 3715 2290 per

2147 2303 2382 2358 hibetur.
2437 2304 2587 2360 Unde
2626 2314 2682 2360 et
2729 2306 2784 2361 in
2827 2322 3058 2376 persona
3108 2309 3426 2364 universalis
3475 2308 3729 2365 Ecclesia!

2148 2395 2411 2467 propheta
2437 2397 2780 2465 deprecatur,
2811 2399 2995 2453 dicens
3022 2415 3035 2452 :
3069 2397 3288 2453 Intende
3329 2401 3552 2455 orationi
3585 2414 3728 2462 mea.

2149 2503 2180 2540 a
2210 2486 2403 2557 ﬁnibus
2433 2497 2584 2542 terra:
2616 2489 2686 2541 ad
2712 2496 2762 2543 te
2790 2490 3008 2544 clamaui
3037 2490 3210 2559 (Psal.
3242 2507 3333 2559 ιχ,
3365 2490 3418 2554 2,
3453 2492 3530 2564 3).
3574 2490 3642 2544 Et
3679 2491 3730 2545 in

2148 2578 2343 2631 emtum
2376 2577 2683 2633 ascendisse
2711 2577 3003 2634 clamorem
3033 2596 3063 2634 a
3094 2581 3285 2635 tinibus
3314 2589 3470 2636 terrae
3491 2581 3729 2635 claman-

2151 2670 2216 2723 tis
2245 2669 2553 2736 ostendens,
2601 2670 2719 2724 ait:
2777 2669 3058 2726 Exaudieit
3101 2673 3164 2725 de
3195 2674 3379 2743 templo
3420 2681 3604 2726 sancto
3645 2689 3731 2727 suo

2149 2774 2319 2812 vocem
2344 2775 2532 2824 nteam,
2557 2768 2607 2813 et
2633 2760 2829 2814 clamor
2852 2777 2995 2816 meus
3022 2763 3077 2816 in
3106 2771 3375 2834 conspectu
3401 2763 3514 2834 ejus
3543 2763 3730 2816 introi-

2147 2851 2216 2903 vit
2245 2851 2299 2904 in
2329 2867 2479 2904 aures
2500 2852 2612 2922 ejus
2642 2850 2813 2922 (Psal.
2837 2868 2965 2919 xvn,
2992 2853 3066 2922 Ἰ).
3089 2854 3223 2909 Cum
3245 2870 3373 2924 ergo
3396 2870 3727 2926 unaquaeque

2123 2941 2342 3015 ‘civitas
2369 2942 2421 2996 in
2447 2943 2642 2998 caelum
2672 2942 2935 2999 clamasse
2961 2944 3178 3012 dicitur,
3212 2946 3526 3000 universalis
3561 2946 3730 3015 paeni-

2152 3032 2320 3087 tentia
2342 3034 2711 3089 conversionis
2731 3035 3159 3090 commendatur.
3189 3035 3342 3102 Quod
3371 3037 3414 3090 si
3453 3037 3727 3106 percussio

2151 3122 2220 3179 ad
2256 3125 2685 3191 conversionem,
2729 3125 2934 3181 clamor
2963 3134 3144 3182 autem
3171 3127 3402 3182 refertur
3443 3127 3512 3181 ad
3539 3127 3730 3181 divina:

2151 3215 2329 3272 laudis
2355 3216 2738 3284 devotionem;
2769 3217 2874 3273 hoc
2903 3218 3149 3288 profecto
3191 3219 3244 3273 in
3286 3220 3554 3288 mysteriis
3591 3219 3731 3274 b‘cri-

464 3318 927 3389 contemptoribus
954 3317 1156 3374 idcirco
1181 3316 1481 3388 spiritualia
1510 3316 1865 3381 abscondunt,
1892 3331 1960 3372 ne
1983 3315 2052 3371 de
2080 3326 2126 3389 (ξ
2155 3319 2431 3384 pturarum
2477 3311 2720 3381 legimus,
2774 3311 2920 3380 quod
2964 3312 3223 3370 videmus.
3271 3313 3327 3368 In
3374 3313 3468 3368 Dei
3499 3328 3734 3382 namque

463 3428 651 3468 eorum
673 3419 988 3483 contemptu
1012 3411 1049 3466 ii
1069 3411 1161 3480 qui
1178 3418 1382 3466 temere
1401 3425 1464 3466 ea
1481 3410 1782 3481 proferunt,
1803 3423 1870 3465 ex
1887 3408 2050 3464 indis-

463 3504 704 3560 cretione
730 3504 1046 3576 puniantur.
1068 3501 1178 3558 Sed
1206 3502 1332 3572 quia
1362 3501 1700 3558 Acearonitis
1719 3515 1844 3557 area
1869 3501 2051 3572 ιπωεί-

463 3598 611 3667 pitur
639 3598 855 3664 dimitti,
887 3597 993 3653 boc
1019 3595 1265 3668 profecto
1295 3597 1549 3662 insinuat,
1587 3595 1732 3666 quod
1777 3595 2008 3665 praemisi
2033 3612 2046 3648 :

463 3687 592 3758 quia
621 3695 862 3758 tempore
888 3687 1279 3758 persecutionis
1307 3696 1617 3743 sanctorum
1639 3687 2051 3757 prmdicatorum

461 3779 770 3835 ex’hortatio
817 3779 954 3833 facta
1003 3786 1108 3845 est,
1157 3786 1218 3831 ut
1264 3777 1364 3846 ipsi
1393 3778 1713 3843 crederent;
1762 3776 2052 3846 aliquando

463 3877 665 3936 autem,
694 3877 753 3923 ut
780 3869 826 3924 si
861 3868 962 3939 ipsi
993 3869 1115 3924 vitae
1142 3867 1370 3924 verbum
1398 3883 1507 3930 non
1549 3868 1872 3936 reciperent,
1921 3866 2052 3921 illud

463 3962 851 4032 recipientibus
881 3979 990 4017 non
1019 3962 1339 4018 obstarent:
1371 3969 1428 4016 et
1452 3961 1499 4016 si
1528 3961 1627 4030 ipsi
1656 3968 2052 4016 tormentorum

463 4064 630 4122 metu,
675 4056 864 4111 salutis
887 4056 1028 4112 viam
1051 4071 1159 4110 non
1204 4054 1531 4124 arriperent,
1558 4053 1639 4108 eis
1665 4053 2052 4124 impedimento

463 4165 573 4206 non
603 4157 803 4218 essent,
827 4149 918 4220 qui
935 4151 1001 4205 ad
1020 4163 1184 4219 regna
1206 4147 1449 4205 calestia
1469 4146 1722 4203 festinare
1749 4161 1846 4203 nec
1870 4148 2049 4217 minis,

464 4257 568 4299 nec
592 4245 768 4313 penis
795 4243 1146 4299 destitissent.
1179 4242 1435 4313 Sequitur
1462 4259 1474 4295 :

538 4335 716 4406 (Vers.
749 4335 860 4406 12.)
899 4335 1089 4390 Fiebat
1125 4339 1262 4390 enim
1313 4338 1464 4390 timor
1502 4337 1684 4390 mortis
1724 4337 1780 4389 in
1832 4334 2053 4406 singulis

463 4424 696 4493 urbibus,
726 4434 777 4480 st
804 4427 1108 4497 gravissima
1136 4427 1282 4481 valde
1306 4443 1492 4484 manus
1522 4427 1754 4482 Domini.
1962 4485 1971 4492 ,

535 4517 653 4574 Hoc
676 4517 895 4587 quidem
918 4516 986 4572 ad
1008 4517 1332 4573 exteriorem
1363 4519 1792 4588 persecutionem
1817 4517 2054 4587 qualiter

466 4610 785 4680 accipiatur,
815 4625 976 4681 supra
1003 4611 1308 4681 expositum
1339 4625 1441 4668 est.
1473 4612 1766 4682 Sequitur:

2155 3410 2540 3479 omnipotentis
2587 3409 2832 3464 laudibus
2879 3423 3213 3480 unaquaeque
3261 3407 3449 3464 civitas
3495 3407 3734 3462 clamat:

2153 3506 2276 3575 quia
2320 3505 2696 3575 Redemptoris
2723 3507 2995 3576 prteconia
3027 3506 3172 3561 orbis
3209 3506 3488 3560 universus
3533 3519 3742 3575 nequa-

2154 3613 2311 3666 quam
2359 3605 2535 3662 tacet;
2576 3612 2738 3666 quem
2779 3613 2884 3653 non
2925 3598 3187 3678 absconse
3217 3597 3490 3667 prtedicat,
3531 3595 3632 3650 sed
3664 3595 3741 3649 in-

2154 3689 2384 3744 cll‘abilis
2434 3689 2632 3745 lzetitite
2677 3690 2997 3758 jubilationc
3041 3690 3330 3744 collaudat.
3397 3689 3535 3756 Quid
3595 3687 3739 3743 enim

2156 3778 2318 3842 aliud,
2349 3795 2510 3849 quam
2540 3781 2818 3835 universas
2847 3782 3093 3836 civitates
3121 3781 3191 3836 ad
3221 3781 3514 3836 clamorem
3548 3781 3741 3834 cohor-

2156 3871 2386 3936 tabatur,
2411 3870 2502 3939 qui
2523 3871 2736 3925 dicebat
2755 3889 2767 3924 :
2788 3871 2982 3926 Umnes
3004 3870 3209 3937 Gentes,
3235 3871 3463 3942 plaudite
3483 3867 3736 3933 manibus,

2149 3963 2371 4034 jubilate
2399 3963 2504 4016 Deo
2531 3963 2584 4016 in
2613 3980 2732 4018 voce
2759 3966 3140 4029 exsultationis,
3172 3965 3413 4034 quoniam
3437 3963 3578 4017 Deus
3605 3979 3741 4017 sum-

2159 4070 2270 4107 mus
2322 4063 2370 4106 et
2414 4053 2680 4117 terribilis,
2728 4064 2776 4108 et
2823 4071 2917 4108 res:
2966 4071 3184 4127 magnus
3209 4072 3360 4125 super
3405 4071 3583 4108 omnes
3621 4055 3742 4107 deos

2160 4145 2333 4216 (Psal.
2367 4161 2508 4210 XLVI,
2541 4147 2596 4213 2,
2628 4146 2706 4215 5).
2739 4145 2873 4202 llinc
2899 4149 3090 4202 iterum
3117 4149 3428 4212 admonens,
3455 4148 3564 4201 ait:
3591 4145 3747 4198 lubi-

2159 4237 2261 4290 late
2296 4234 2402 4292 Deo
2426 4240 2590 4292 omnis
2623 4248 2778 4304 terra,
2813 4242 2999 4294 servile
3029 4239 3253 4296 Domino
3279 4242 3332 4294 in
3357 4241 3540 4295 lwtitia
3566 4237 3727 4308 (Psal

2158 4344 2302 4394 και,
2335 4328 2410 4395 3).
2443 4328 2578 4384 llinc
2604 4347 2839 4399 rursum,
2874 4340 2985 4388 tam
3014 4332 3221 4402 plagam
3243 4331 3607 4386 mordentium
3636 4346 3730 4385 run

2159 4420 2319 4486 rium,
2361 4436 2523 4490 quam
2563 4423 2855 4478 clamorem
2885 4423 3162 4479 civitatum
3201 4423 3474 4508 exprimit,
3515 4422 3746 4477 dicens:

2159 4511 2552 4567 Commavcatur
2593 4532 2625 4568 a
2673 4517 2806 4585 facie
2843 4518 2955 4586 ejus
2997 4516 3234 4570 universa
3275 4523 3442 4580 terra,
3496 4514 3654 4567 dicite
3695 4514 3748 4567 in

2163 4603 2430 4666 Gentibus,
2458 4607 2576 4677 quia
2607 4605 2863 4662 Dominus
2903 4599 3135 4679 regnauit
3164 4606 3333 4675 (Psal.
3373 4621 3495 4670 xcv,
3535 4603 3592 4671 9,
3635 4603 3747 4675 10).

533 4703 717 4775 (Vers.
764 4703 879 4774 12.)
927 4704 1039 4758 Viri
1067 4721 1283 4776 quoque,
1329 4706 1416 4776 qui
1447 4706 1637 4760 mortui
1681 4721 1788 4759 non
1823 4706 2049 4776 fuerant,
2082 4721 2136 4783 D
2165 4697 2506 4754 Prtemiserat
2534 4702 2675 4755 enim
2704 4720 2716 4755 :
2748 4702 2965 4756 Caritate
2996 4701 3221 4756 Domino
3251 4701 3504 4754 canticum
3537 4716 3748 4768 novum,

464 4795 885 4868 percutiebantur
903 4799 958 4850 in
975 4798 1240 4852 secretiori
1263 4806 1408 4868 parte
1429 4798 1657 4850 natium:
1676 4804 1724 4850 et
1743 4798 2056 4852 ascendebat

465 4887 692 4942 ululatus
710 4888 1114 4960 uniuscujusque
1140 4889 1364 4941 civitatis
1392 4888 1448 4940 in
1472 4887 1672 4941 calum.

539 4979 627 5034 l3.
671 4981 746 5035 De
777 4980 985 5035 natium
1011 4979 1226 5050 quidem
1257 4979 1622 5048 percussione,
1656 4979 1780 5048 quia
1811 4980 2056 5050 superius

471 5071 724 5138 diximus,
755 5072 1045 5128 dicendum
1097 5071 1184 5126 hic
1212 5087 1318 5126 non
1349 5079 1510 5136 esset,
1543 5072 1589 5126 si
1610 5071 1695 5125 hic
1719 5070 1864 5126 aliud
1893 5087 2054 5142 quam

467 5164 538 5218 ibi
568 5175 908 5235 nequaquam
930 5164 1221 5219 diceretur.
1251 5163 1390 5229 Quid
1420 5172 1503 5218 est
1529 5178 1678 5232 ergo,
1708 5165 1852 5233 quod
1880 5164 2008 5220 dicit
2035 5183 2048 5219 :

475 5253 585 5309 Viri
614 5271 840 5325 quoque,
867 5256 953 5327 qui
980 5255 1168 5309 mortui
1191 5270 1295 5309 non
1317 5256 1558 5326 fuerant,
1596 5254 2051 5325 percutiebantur?

464 5344 731 5415 Numquid
760 5362 892 5402 vero
913 5349 968 5412 ii,
1001 5348 1090 5416 qui
1119 5347 1317 5414 mqrtui
1345 5349 1576 5411 fuerant,
1601 5345 1835 5402 morderi
1857 5347 2052 5402 iterum

474 5454 571 5506 pro
602 5448 741 5492 arcae
765 5453 926 5508 prima
956 5439 1290 5494 debuerunt?
1316 5438 1420 5494 Sed
1453 5447 1650 5493 etcum
1673 5453 2050 5506 percussorum

468 5529 674 5584 clamor
721 5529 774 5582 in
809 5529 1002 5584 coelum
1047 5529 1359 5585 ascendisse
1403 5530 1628 5595 dicitur,
1675 5528 1804 5584 satis
1843 5529 2052 5583 ostendi

468 5625 718 5689 poterat,
746 5618 871 5688 quia
898 5618 966 5674 de
993 5618 1161 5686 vivis,
1186 5628 1242 5677 et
1269 5635 1378 5676 non
1407 5619 1479 5678 de
1504 5619 1733 5675 mortuis
1758 5617 2050 5675 diceretur.

543 5793 569 5822 α
606 5782 857 5857 Fortasse
882 5783 1204 5857 legendum,
1225 5782 1605 5857 canculcauda.
1645 5781 1810 5852 Sane,
1838 5782 2050 5839 conclu-

471 5856 662 5921 denda,
687 5855 819 5910 nihil
841 5854 927 5910 hic
959 5853 1246 5924 signiﬁcat.
1274 5853 1515 5924 Optimus
1541 5863 1720 5909 autem
1753 5862 1836 5910 est
1864 5870 2050 5909 sensus

473 5927 701 5995 legendo
725 5925 1096 5983 conculcanda.
1122 5925 1406 5992 Praeterea,
1431 5928 1572 5994 quod
1596 5927 1682 5981 hic
1702 5927 1777 5982 ait
1796 5925 2044 5994 scriptor,

2159 4800 2362 4846 cantate
2406 4792 2630 4848 Domino
2678 4795 2844 4848 omnis
2893 4804 3030 4848 terra
3077 4787 3240 4865 (ibid.
3298 4792 3372 4863 l).
3433 4792 3746 4847 Cominotio

2157 4887 2354 4956 quippe
2386 4894 2542 4942 terrm
2567 4889 2799 4958 pertinet
2827 4889 2894 4943 ad
2921 4890 3163 4945 dolorem
3204 4887 3534 4958 pmuitentizc
3562 4903 3575 4937 :
3611 4900 3748 4940 can-

2159 4990 2277 5038 tare
2307 4981 2557 5050 Domino,
2589 4985 2702 5040 sive
2756 4984 3080 5040 annuntiare
3111 4983 3162 5038 in
3192 4981 3453 5036 Gentibus
3485 4978 3608 5050 quia
3636 4975 3752 5032 Do—

2157 5075 2334 5131 minus
2383 5078 2648 5146 regnavit,
2697 5077 2763 5130 ad
2822 5075 3056 5130 studium
3105 5073 3520 5148 praedicationis,
3571 5078 3625 5124 et
3681 5071 3750 5124 ad

2159 5163 2505 5222 devotionem
2550 5167 2747 5222 divinae
2791 5166 2984 5221 laudis.
3040 5163 3470 5234 Uniuscujusque
3509 5161 3750 5217 civitatis

2156 5255 2362 5312 clamor
2389 5257 2440 5311 in
2472 5259 2666 5314 coelum
2689 5258 2958 5314 ascendit:
2984 5258 3106 5326 quia
3129 5257 3181 5311 in
3206 5256 3454 5310 universo
3477 5253 3611 5308 orbe
3632 5260 3745 5307 tam

2155 5350 2551 5417 prtedicationis
2599 5350 2820 5416 veritas,
2869 5365 3031 5419 quam
3082 5348 3432 5404 devotionum
3477 5344 3667 5400 laudes
3717 5359 3745 5396 a

2156 5440 2400 5496 lidclsbus
2437 5453 2640 5498 sancta:
2681 5442 2937 5498 Ecclesia:
2980 5441 3369 5505 declamantur,
3401 5451 3522 5509 qua:
3559 5436 3625 5489 ad
3657 5451 3749 5489 su-

2155 5532 2306 5602 perni
2331 5533 2542 5589 auditus
2571 5535 2943 5590 celsitudinem
2983 5549 3082 5604 per
3107 5531 3509 5604 susceptionem
3548 5527 3746 5582 divinae

2155 5621 2479 5693 dignationis
2508 5635 2876 5680 assumuntur.
3769 5627 3772 5638 '

2159 5788 2439 5844 conﬁrmat
2461 5792 2566 5845 hoc
2577 5789 2766 5848 Matth.
2785 5789 3114 5846 testimonio.
3131 5785 3310 5848 Nolite
3327 5793 3588 5858 sanctum,
3605 5797 3741 5853 etc.,

2156 5862 2386 5916 conversi
2412 5863 2708 5918 conculcent
2735 5880 2843 5919 eas.
