4020 6344
246 399 341 462 181

878 511 1105 572 CAPUT
1144 512 1238 571 IV.

319 618 366 688 (Ι
394 614 533 686 Reg.
559 627 647 680 π,
679 610 761 682 Ι.)
817 608 946 665 Fuit
966 626 1089 681 ergo
1131 624 1258 663 area
1283 605 1501 663 Domini
1532 608 1592 663 in
1628 605 1851 678 regione-

237 715 288 769 P
302 710 693 766 Itilisthinorum
715 714 911 775 septem
936 702 1219 759 mensibus.

318 804 374 858 i.
416 800 557 869 Quid
590 805 801 870 septem
828 811 1041 859 menses
1067 796 1176 865 isti,
1208 794 1311 851 nisi
1350 802 1521 851 totam
1548 795 1674 853 vitae
1700 809 1837 867 prat—

237 897 416 951 sentis
444 892 810 963 prolixitatem
840 890 1164 958 designant?
1192 886 1509 957 Quanquam
1558 888 1735 943 ΔιοιῘί
1782 894 1839 943 et

238 988 583 1043 Aecarouita:
598 986 917 1053 clamarent,
935 983 1361 1038 Circumducatur
1380 1000 1506 1038 arca
1527 982 1627 1038 Dei
1643 984 1837 1053 Israel,

237 1091 299 1136 et
339 1098 447 1135 non
491 1085 705 1134 maneat
744 1093 869 1135 arca
906 1075 1006 1131 Dei
1030 1074 1173 1146 apud
1199 1091 1335 1130 nos:
1383 1075 1613 1131 veritate
1659 1082 1838 1129 tamen

237 1182 446 1230 sanctas
478 1172 718 1229 historia
749 1170 965 1237 dicitur,
992 1168 1136 1239 quod
1168 1168 1221 1223 in
1262 1176 1391 1239 typo
1421 1174 1622 1222 sancta:
1649 1165 1841 1222 Eccle-

237 1268 339 1326 siae
385 1280 797 1335 cognoscamus,
851 1264 977 1335 quia
1023 1263 1079 1317 in
1129 1262 1353 1331 regione
1392 1259 1835 1316 Philisthinorum

237 1372 373 1414 arca
400 1358 497 1414 Dei
525 1365 737 1428 septem
756 1356 1035 1413 mensibus
1054 1355 1175 1410 fuit.
1199 1352 1317 1408 Non
1345 1366 1475 1422 ergo
1496 1353 1760 1408 malorum
1780 1360 1839 1408 et

235 1451 533 1522 impiorum
560 1451 842 1507 hominum
866 1449 1137 1515 voluntas,
1167 1446 1263 1503 sed
1291 1445 1397 1523 Dei.
1416 1444 1746 1516 dispensatio
1781 1444 1835 1497 in

232 1542 420 1600 salute
447 1541 737 1601 Gentilium
759 1539 1051 1609 adimpleta
1075 1545 1178 1593 est.
1209 1536 1330 1595 Jam
1354 1535 1575 1607 quidem
1605 1534 1670 1590 de
1698 1548 1833 1603 gen-

234 1634 438 1691 tilitate
463 1633 659 1689 sublati
688 1642 814 1688 sunt
838 1631 1009 1700 impii,
1034 1628 1148 1699 jam
1169 1627 1367 1683 mortui
1389 1635 1533 1695 sunt,
1557 1627 1649 1697 qui
1676 1626 1833 1681 Chri-

233 1726 307 1791 sti
336 1725 678 1781 confessores
705 1722 1189 1795 persequebantur,
1220 1729 1275 1774 et
1304 1727 1487 1775 tamen
1515 1734 1645 1774 arca
1675 1719 1772 1776 Dei
1802 1733 1833 1772 a

232 1814 686 1875 Philisthinorum
737 1814 959 1883 regione
1009 1828 1118 1867 non
1170 1811 1416 1866 tollitur:
1470 1810 1595 1881 quia
1651 1810 1829 1870 divina
1861 1849 1880 1868 .

230 1914 581 1963 sacramenta
617 1905 758 1979 apud
787 1905 1008 1972 Gentes,
1031 1903 1205 1960 sancti
1230 1901 1459 1974 Spiritus
1497 1901 1691 1971 poculo
1734 1902 1829 1957 de-
1863 1901 1910 1961 Β

228 1996 469 2065 briatas,
515 2013 613 2068 per
661 1997 956 2053 studiosam
1005 1995 1423 2052 sollicitudinem
1472 2004 1837 2049 reservantur.

225 2086 393 2145 Bene
421 2098 603 2143 autem
619 2088 813 2144 dicitur
839 2097 1045 2159 septem
1066 2088 1363 2155 mensibus,
1385 2086 1509 2156 quia
1531 2094 1839 2141 sanctarum

226 2182 651 2253 Scripturarum
681 2183 929 2253 mysteria
964 2180 1119 2254 144
1149 2196 1318 2252 usque
1367 2180 1420 2235 in
1452 2180 1636 2235 mundi
1678 2180 1838 2234 ﬁnem

226 2288 368 2330 cum
392 2273 591 2328 Christi
614 2273 852 2329 ﬁdelibus
873 2272 1259 2343 perdurabunt.
1291 2270 1397 2327 Sed
1424 2272 1668 2341 quisquis
1696 2271 1838 2341 ejus-

228 2365 362 2420 dem
392 2372 595 2419 sancttc
622 2364 909 2434 Scriptura:
947 2365 1205 2435 mysteria
1229 2379 1328 2434 per
1355 2364 1581 2432 gratiam
1634 2364 1837 2419 intima:

234 2456 528 2514 charitatis
553 2456 929 2527 apprehendit,
961 2471 1070 2511 non
1111 2456 1351 2519 deloco,
1384 2454 1438 2509 in
1480 2470 1589 2526 quo
1628 2462 1838 2523 tempo-

231 2547 427 2605 raliter
472 2562 599 2601 arca
642 2546 946 2611 dimittitur,
973 2547 1067 2603 sed
1095 2548 1162 2603 de
1185 2562 1270 2613 eo,
1300 2547 1355 2601 in
1378 2562 1485 2617 quo
1506 2546 1839 2602 :eternaliter

233 2642 469 2709 sistitur,
501 2642 763 2698 sollicitus
789 2640 906 2698 fuit.
936 2641 1116 2709 Quare
1139 2651 1194 2698 et
1217 2643 1465 2698 subditur
1497 2661 1510 2696 :

315 2754 495 2826 (Vers.
528 2754 606 2825 2.)
650 2751 717 2809 Et
744 2764 1053 2811 vocaverunt
1093 2755 1391 2811 Plzilistltwi
1430 2758 1746 2824 sacerdotes,
1787 2767 1836 2812 et

234 2848 445 2903 divinos
471 2849 694 2903 dicentes
719 2867 730 2901 :
760 2848 898 2913 Quid
930 2850 1177 2920 faciemus
1200 2850 1264 2903 de
1288 2867 1409 2903 arca
1432 2849 1530 2904 Dei
1553 2852 1577 2903 ?
1598 2849 1839 2905 Indicate

238 2939 417 2997 nobis.
447 2939 518 2994 Et
544 2941 797 3012 quomodo
824 2943 1146 2995 remittamus
1170 2958 1284 2996 eam
1310 2943 1363 2995 in
1388 2943 1555 2997 locum
1584 2959 1753 2997 suum.

309 3052 368 3107 2.
402 3050 504 3118 Qui
533 3062 687 3119 sunt,
718 3051 810 3121 qui
839 3052 1151 3109 sacerdotes
1192 3060 1247 3108 et
1284 3052 1497 3107 divinos
1527 3054 1836 3123 consulunt,

237 3145 348 3202 nisi
376 3145 559 3202 ﬁdeles
588 3152 787 3200 sanctae
811 3143 1089 3209 Ecclesiae,
1118 3145 1207 3217 qui
1237 3152 1455 3201 :nternte
1478 3146 1667 3201 salutis
1697 3147 1835 3202 viam

236 3237 359 3297 sine
386 3253 575 3293 errore
606 3248 789 3293 tenere
823 3236 1247 3308 conCUpiscunt?
1277 3235 1348 3290 Et
1376 3238 1468 3307 qui
1502 3237 1833 3305 sacerdotes,

241 3338 298 3386 et
338 3328 527 3394 divini,
560 3328 661 3383 nisi
688 3336 887 3385 sanctae
916 3326 1171 3383 Ecclesiae
1213 3328 1594 3398 praedicatores
1630 3329 1835 3384 intelli-

238 3422 474 3493 guntur?
497 3419 817 3477 Sacerdotes
844 3421 1042 3492 quippe
1065 3430 1193 3476 sunt
1215 3420 1284 3475 ob
1308 3419 1635 3475 oblationem
1658 3436 1838 3475 sacra-

242 3514 450 3569 menti:
503 3511 671 3568 divini
699 3526 852 3578 vero,
901 3511 1204 3571 ministerio
1235 3511 1653 3585 praedicationis.
1700 3512 1837 3566 Nam

241 3607 350 3663 duo
376 3607 481 3661 ista
506 3606 559 3659 in
586 3604 818 3676 pastoris
849 3618 1080 3675 persona
1105 3603 1453 3667 conveniunt,
1484 3602 1531 3656 si
1553 3602 1603 3656 ci
1624 3603 1763 3657 adsit
1784 3611 1839 3657 et

244 3698 505 3755 sanctitas
553 3696 696 3761 vitae,
724 3702 779 3749 et
822 3693 1055 3748 eruditio
1104 3692 1422 3762 sapientiae:
1454 3691 1579 3762 quia
1603 3691 1668 3747 ad
1710 3708 1837 3763 pur-

242 3788 417 3859 ganda
462 3794 686 3859 peccata
730 3784 1072 3842 subditorum
1122 3784 1450 3840 constitutus
1496 3791 1617 3850 est,
1668 3790 1722 3837 et
1770 3784 1839 3839 ad

241 3898 492 3940 errorum
522 3880 811 3950 caliginem
840 3877 1242 3950 praedicationis
1288 3877 1407 3933 luce
1437 3875 1834 3946 depellendam.

244 3971 445 4027 Pastor
492 3986 615 4041 ergo
644 3980 844 4026 sanctae
872 3969 1143 4035 Ecclesize,
1194 3969 1285 4037 qui
1326 3968 1450 4022 vitae
1494 3968 1838 4022 sanctitatem

244 4062 431 4128 habet,
472 4072 525 4118 et
554 4063 744 4118 divina:
782 4061 1178 4133 przcdicationis
1206 4060 1463 4114 virtutem
1510 4074 1620 4115 non
1650 4060 1836 4127 habet,

242 4142 501 4215 sacerdos
532 4156 781 4227 quidem,
824 4162 879 4209 et
908 4170 1016 4211 non
1046 4155 1259 4209 divinus
1291 4162 1394 4209 est.
1442 4152 1577 4211 lteul
1611 4153 1658 4211 si
1688 4152 1839 4208 verbi

242 4251 554 4308 lacundiam
595 4251 814 4315 retinet,
845 4250 961 4306 sine
990 4250 1115 4304 vitae
1145 4249 1452 4314 sanctitate,
1484 4249 1585 4303 etsi
1628 4247 1840 4307 divinus

242 4362 365 4403 esse
378 4346 636 4413 cernitur,
653 4343 939 4401 sacerdotii
953 4343 1159 4405 honore
1175 4357 1513 4414 nequaquam
1528 4342 1835 4397 decoratur:

244 4441 372 4512 quia
398 4441 541 4511 quod
572 4438 874 4503 sublimiter
902 4438 1188 4510 praedicat,
1219 4445 1433 4497 terrena
1464 4438 1681 4493 actione
1700 4452 1835 4492 con—

242 4534 445 4595 culcat.
496 4532 602 4599 Qui
648 4540 827 4591 autem
855 4530 923 4586 de
953 4546 1091 4589 arcae
1131 4530 1275 4598 loco,
1322 4529 1471 4585 etde
1516 4528 1839 4587 remittenda

242 4643 375 4685 arca
398 4627 493 4683 Dei
518 4627 874 4696 interrogant,
897 4634 951 4681 et
973 4624 1284 4682 saecrdores
1304 4631 1358 4679 et
1380 4624 1588 4680 divinos
1607 4630 1835 4679 vocant:

243 4721 375 4791 quia
414 4720 667 4775 nimirum
707 4719 762 4785 ii,
791 4718 882 4788 qui
908 4719 978 4774 de
1005 4718 1314 4788 cognitione
1354 4717 1548 4773 divina:
1578 4714 1840 4788 praedica-

242 4811 434 4880 tionis,
461 4820 698 4869 venturce
738 4810 861 4865 vitm
888 4808 1079 4879 gaudia
1121 4809 1369 4879 diligunt,
1393 4808 1461 4863 ad
1492 4808 1681 4871 salutis
1710 4822 1844 4862 con-

242 4903 451 4970 silium,
483 4917 586 4957 nec
607 4901 853 4965 carnales
873 4901 1166 4971 sapientes,
1190 4914 1290 4954 nec
1318 4899 1546 4955 multum
1570 4898 1843 4968 simplices

242 4997 536 5066 religiosos
578 5004 825 5066 pastores
874 5001 1138 5064 quaerunt.
1188 4991 1510 5049 Sacerdotes
1556 4992 1739 5060 itaque
1789 4998 1845 5047 et

1072 403 1141 459 ΙΝ
1179 399 1448 459 PRIMUM
1486 396 1730 457 REGI”!
1772 396 2285 458 EXPOSITIONES.
2314 428 2385 443 —
2423 401 2552 458 LIB.
2597 402 2685 459 ΙΙΙ.

1872 4674 1925 4735 D

3425 408 3526 466 182

1863 516 1919 575 Α
1940 510 2167 581 gloriam
2196 511 2487 582 cernimus,
2516 514 2733 583 quando
2753 516 2823 573 ab
2856 517 2981 574 altis
3010 518 3301 589 ﬁgurarum
3329 526 3524 593 tegmi-

1939 603 2101 661 nibus
2141 607 2379 674 speciem
2403 606 2597 663 divina:
2633 609 2932 678 maiestatis
2957 613 3195 670 revelata
3233 614 3369 670 facie
3394 632 3525 673 con-

1936 705 2175 757 tuemur.
2208 700 2285 757 De
2315 701 2417 757 ista
2457 700 2658 772 quippe
2679 703 2733 761 in
2775 703 2896 763 loco
2937 722 3037 762 suo
3080 722 3220 763 arcm
3257 707 3528 765 relatione

1938 806 2037 862 per
2057 793 2373 862 prophetam
2402 794 2593 849 dicitur
2621 813 2633 849 :
2666 793 2738 847 Et
2766 814 2869 850 non
2897 798 3099 853 docebit
3132 800 3208 853 uir
3232 800 3372 855 ultra
3399 817 3527 872 pro-

1936 887 2131 941 trimum
2161 904 2329 952 suum,
2364 889 2576 942 dicens:
2608 888 2870 961 Cognosce
2897 890 3220 948 Dominum:
3252 910 3285 949 a
3314 895 3529 950 minimo

1936 998 2097 1048 usque
2136 982 2205 1035 ad
2233 982 2518 1039 maximum
2547 993 2857 1053 cognoscent
2888 1001 2967 1041 me
2996 987 3216 1055 (Jerem.
3241 1003 3391 1056 xm,
3414 986 3529 1059 34).

1941 1071 2077 1127 llinc
2101 1071 2339 1129 Joannes
2368 1075 2714 1143 repromittit,
2759 1076 2977 1135 dicens:
3032 1078 3160 1133 Cum
3201 1081 3528 1151 apparuerit,

1938 1165 2134 1220 similes
2172 1167 2221 1220 ei
2248 1169 2474 1231 erimus,
2505 1169 2745 1236 quoniam
2774 1168 3057 1224 videbimus
3108 1188 3225 1227 eum
3273 1173 3425 1227 sicuti
3454 1181 3532 1231 est

1942 1256 1997 1330 (I
2020 1257 2180 1314 Joan.
2207 1275 2287 1326 Ill,
2321 1258 2398 1330 2).
2442 1259 2547 1315 Sed
2572 1260 2683 1329 jam
2710 1262 3047 1318 remittenda:
3078 1264 3225 1335 quod
3246 1266 3530 1321 consilium

1938 1348 2256 1406 sacerdotes
2288 1357 2343 1407 et
2382 1350 2548 1405 divini
2577 1353 2939 1421 quaerentibus
2983 1355 3249 1425 tribuant,
3279 1357 3530 1415 attenda-

1938 1454 2079 1497 mus.
2112 1441 2247 1499 Nam
2272 1443 2517 1511 sequitur
2544 1460 2557 1497 :

2011 1565 2191 1635 (Vers.
2223 1565 2302 1637 3.)
2346 1566 2445 1631 Qui
2477 1565 2720 1621 dixerunt
2746 1584 2762 1621 :
2793 1566 2856 1622 Si
2886 1568 3188 1623 dimiseritis
3225 1583 3403 1623 arcam
3428 1566 3528 1623 Dei

1937 1653 2132 1723 Israel,
2162 1657 2321 1711 nolite
2344 1656 2603 1711 dimittere
2626 1676 2740 1712 eam
2768 1676 3004 1726 vacuam,
3033 1662 3123 1715 sed
3158 1661 3293 1733 quod
3314 1662 3530 1728 debetis,

1935 1748 2134 1802 reddite
2158 1750 2203 1801 ei
2231 1764 2325 1817 pro
2372 1757 2611 1818 peccato,
2660 1758 2711 1803 et
2759 1760 2878 1805 tunc
2907 1753 3247 1823 curabimini,
3283 1760 3333 1808 et
3360 1755 3535 1809 scietis

1935 1854 2096 1909 quare
2125 1854 2231 1893 non
2255 1839 2460 1894 recedat
2488 1856 2677 1895 manus
2695 1843 2807 1913 ejus
2838 1858 2869 1895 a
2896 1842 3058 1901 vobis.

2015 1950 2069 2005 '5.
2112 1949 2377 2016 Quidnam
2422 1962 2506 2005 est
2560 1966 2689 2009 arca
2714 1966 2911 2021 vacua,
2959 1954 3060 2009 nisi
3089 1954 3268 2010 divina
3308 1956 3535 2017 scientia

1942 2042 2061 2097 sine
2080 2042 2224 2096 bona
2245 2043 2600 2112 operatione?
2621 2043 2859 2099 Vacuam
2887 2060 3122 2116 namque
3141 2062 3328 2102 arcam
3349 2049 3532 2104 remit-

1944 2144 2081 2197 tere,
2120 2142 2204 2189 est
2246 2132 2314 2187 de
2347 2134 2657 2202 cognitione
2680 2136 3038 2204 spiritualium
3067 2146 3534 2194 sacramentorum

1941 2224 2176 2280 fructum
2204 2224 2331 2279 boni
2360 2226 2540 2297 operis
2570 2228 2777 2282 nullum
2805 2226 2973 2283 ferre.
3019 2228 3200 2285 Vacua
3230 2244 3360 2299 ergo
3407 2245 3535 2287 arca

1942 2317 2257 2383 remittitur,
2275 2333 2399 2373 cum
2428 2333 2583 2375 mens
2609 2320 2676 2374 ad
2703 2320 2865 2375 ﬁdem
2886 2320 3171 2387 venientis,
3195 2323 3260 2377 ad
3275 2331 3533 2379 aeternam

1942 2408 2041 2463 Dei
2071 2410 2589 2479 contemplationem
2615 2414 2727 2481 jam
2759 2416 2993 2469 transire
3022 2415 3311 2481 desiderat,
3355 2425 3413 2471 et
3453 2427 3536 2471 ta-

1943 2519 2069 2559 men
2096 2504 2149 2558 in
2179 2506 2281 2560 hac
2309 2505 2419 2559 vita
2450 2506 2606 2561 bonis
2632 2507 2888 2576 operibus
2916 2509 3167 2565 insudare
3194 2525 3536 2579 nequaquam

1942 2605 2117 2652 curat.
2161 2597 2578 2653 Prmdicatorum
2612 2613 2742 2668 ergo
2767 2616 2903 2655 voce
2946 2603 3283 2672 praecipitur,
3312 2612 3374 2657 ut
3406 2619 3534 2659 arca

1944 2703 2069 2742 cum
2113 2688 2417 2754 dimittitur,
2464 2704 2633 2745 vacua
2685 2706 2793 2747 non
2844 2692 3139 2759 relaxetur,
3168 2701 3249 2757 ut,
3300 2695 3346 2750 si
3393 2695 3537 2750 bona

1944 2794 2141 2850 opera,
2158 2780 2396 2850 quisquis
2427 2780 2597 2837 ﬁdelis
2620 2790 2724 2848 est,
2755 2798 2862 2838 non
2903 2783 3249 2854 multiplicat,
3282 2784 3354 2840 ad
3379 2794 3537 2841 aeter-

1943 2887 2072 2926 nam
2101 2872 2197 2927 Dei
2227 2874 2616 2943 omnipotentis
2634 2877 3018 2945 cognitionem,
3043 2878 3189 2946 quod
3211 2882 3538 2935 transiturus

1944 2967 2034 3032 sit,
2063 2967 2337 3023 conﬁdere
2358 2985 2467 3023 non
2486 2978 2794 3038 praesumat.
2828 2971 2984 3044 1&5
3006 2970 3187 3027 Vacua
3204 2980 3384 3027 autem
3410 2988 3540 3029 arca

1946 3072 2054 3111 non
2076 3056 2382 3123 dimittitur,
2412 3058 2457 3112 si
2487 3058 2618 3113 illud
2647 3059 2697 3113 ei
2721 3074 2822 3128 pro
2846 3068 3074 3129 peccato
3103 3060 3365 3126 redditur,
3394 3062 3541 3133 quod

1945 3148 2194 3204 debetur.
2239 3149 2379 3215 Quid
2405 3158 2491 3205 est
2538 3150 2683 3219 quod
2725 3167 2823 3221 pro
2851 3160 3075 3222 peccato
3106 3153 3334 3210 debetur
3372 3169 3534 3222 arcae,

1949 3239 2052 3293 nisi
2080 3238 2305 3295 alllictio
2334 3239 2545 3296 devota:
2566 3241 2938 3310 poenitentitn?
2962 3242 3081 3309 Quo
3110 3243 3167 3299 in
3194 3244 3317 3301 loco
3343 3256 3538 3301 notan-

1947 3330 2077 3385 dum
2107 3341 2209 3398 est,
2240 3332 2363 3401 quia
2394 3333 2472 3387 eis
2494 3332 2733 3403 loquitur
2754 3334 2897 3401 quia
2919 3335 3157 3400 muribus
3179 3336 3343 3393 morsi
3388 3344 3535 3399 sunt.

1946 3424 2048 3489 Qui
2079 3425 2223 3478 enim
2254 3432 2381 3478 sunt
2407 3426 2574 3480 mersi
2605 3440 2636 3479 a
2667 3426 2925 3491 muribus,
2957 3427 3058 3482 nisi
3081 3429 3173 3495 qui
3204 3427 3259 3481 in
3292 3430 3420 3483 ﬁuet'
3446 3444 3539 3483 ca-

1945 3516 2157 3570 tholicm
2209 3516 2600 3571 illuminatione
2654 3517 2856 3586 positi,
2914 3527 3040 3573 ante
3093 3518 3333 3588 ejusdem
3408 3520 3531 3577 ﬁdei

1948 3608 2337 3676 cognitionem,
2372 3608 2487 3663 sive
2533 3616 2675 3678 post,
2712 3624 2877 3679 prava
2921 3611 3098 3681 egisse
3138 3627 3199 3668 se
3240 3613 3537 3669 recolunt?

1946 3699 2081 3755 Nam
2120 3700 2212 3769 qui
2247 3709 2376 3755 ante
2410 3701 2639 3769 gratiam
2672 3704 3100 3771 regenerationis
3134 3705 3282 3761 nulla
3311 3706 3543 3761 crimina

1947 3793 2182 3859 admisit,
2207 3802 2263 3848 et
2282 3793 2705 3863 regenerationis
2726 3793 2926 3851 donum
2942 3796 3102 3866 digna
3124 3798 3539 3855 conversatione

1946 3887 2189 3952 retinuit,
2224 3902 2360 3943 arca:
2385 3887 2599 3957 quidem
2628 3887 2813 3958 debet,
2844 3892 2938 3945 sed
2967 3891 3017 3945 ei
3046 3907 3145 3961 pro
3174 3898 3399 3961 peccato
3428 3907 3537 3947 non

1946 3980 2128 4037 debet.
2153 3981 2474 4053 Cognitione
2501 3982 2718 4051 quidem
2758 3983 2922 4039 divini
2950 3984 3175 4053 eloquii,
3203 3986 3332 4041 boni
3356 3986 3538 4055 operis

1944 4076 2174 4131 reddere
2214 4076 2447 4133 fructum
2494 4076 2729 4143 cogitur,
2762 4077 2857 4133 sed
2899 4078 2969 4131 ad
3016 4078 3347 4146 paenitentiae
3376 4079 3538 4135 satis-

1945 4167 2238 4225 factionem
2267 4186 2336 4225 ex
2364 4172 2649 4236 scelerum,
2682 4186 2804 4241 quae
2832 4168 3056 4236 respuit,
3090 4168 3271 4223 debito
3302 4184 3410 4222 non
3448 4185 3533 4223 ur-

1945 4268 2119 4328 getur.
2152 4260 2255 4326 Qui
2284 4275 2412 4329 ergo
2438 4263 2756 4317 mordentur
2784 4260 2980 4325 adhuc,
3003 4258 3243 4317 debitum
3273 4274 3411 4315 arca:
3439 4277 3539 4331 pro

1944 4360 2173 4420 peccato
2201 4352 2461 4416 reddant;
2496 4360 2553 4407 ut
2589 4368 2689 4422 pro
2717 4352 3003 4407 criminum
3032 4351 3315 4416 memoria,
3359 4352 3538 4408 humi-

1945 4440 2054 4497 lem
2094 4443 2430 4512 pmnitentize
2472 4444 2804 4501 oblationem
2834 4444 3193 4515 omnipotenti
3231 4443 3345 4501 Deo
3382 4446 3541 4501 resti-

1945 4538 2118 4587 tuant.
2164 4530 2232 4587 Et
2274 4540 2403 4587 tunc
2448 4533 2665 4601 quidem
2723 4543 3012 4601 curantur;
3056 4534 3184 4604 quia
3230 4543 3343 4591 tum
3400 4552 3541 4591 con-

1948 4620 2188 4676 scientiae
2238 4622 2432 4679 vulnus
2478 4624 2783 4692 obducitur,
2834 4640 2957 4683 cum
3006 4609 3205 4683 amicta
3257 4642 3412 4684 mens
3440 4643 3540 4701 per

1948 4713 2320 4785 paenitentiam
2365 4717 2434 4771 ad
2479 4718 2759 4785 speranda:
2803 4719 2974 4775 veniae
3018 4720 3368 4777 securitatem
3400 4721 3540 4776 rele-

1945 4815 2121 4863 vatur.
2169 4806 2321 4863 Tunc
2344 4808 2508 4863 etiam
2537 4808 2733 4873 sciunt,
2767 4824 2937 4878 quare
2966 4826 3158 4867 manus
3182 4810 3400 4866 Domini
3427 4824 3539 4865 non

1946 4899 2167 4956 recedat
2195 4899 2262 4955 ab
2288 4900 2367 4957 eis
2393 4918 2404 4954 :
2449 4900 2576 4970 quia
2608 4908 2736 4956 tunc
2764 4902 3051 4957 utilitatem
3082 4900 3536 4970 compunctionis,

1947 5004 2045 5045 seu
2072 4988 2283 5047 alﬁictm
2313 4992 2489 5046 carnis
2516 4992 2718 5047 bonum
2746 4992 3069 5062 intelligunt,
3100 5006 3223 5045 cum
3244 4990 3311 5055 tle
3341 4989 3537 5048 ﬁducia

243 5088 459 5145 divinos
484 5096 712 5144 vocant:
736 5088 862 5156 quia
878 5087 1027 5142 eisse
1052 5084 1529 5155 connuittunt,qui
1551 5091 1604 5139 et
1626 5083 1848 5154 superni
1948 5082 2143 5139 divinm
2180 5084 2524 5155 indulgentim
2565 5084 2905 5141 iueﬁ‘abiliter
2946 5084 3215 5139 laetantur.
3267 5080 3404 5149 Quid
3455 5090 3540 5137 est

249 5182 626 5238 rectitudinem
659 5181 868 5236 itineris
891 5180 1261 5243 demonstrant
1291 5178 1623 5237 sublimitate
1666 5178 1842 5235 scien-

251 5276 362 5341 tim,
404 5285 457 5329 et
496 5290 595 5345 pro
637 5274 866 5329 subditis
892 5271 1264 5342 omnipotenti
1301 5271 1414 5326 Deo
1456 5270 1634 5326 idonei
1677 5272 1845 5335 inter-

250 5383 499 5425 ccssorcs
544 5375 691 5436 sunt,
741 5382 838 5437 per
874 5368 1164 5437 puritatem
1215 5366 1355 5419 vitae.
1407 5365 1484 5421 De
1520 5366 1845 5427 remittenda

248 5460 415 5529 igitur
442 5460 496 5514 in
532 5459 710 5514 locum
742 5474 897 5521 suum
922 5473 1049 5523 arca
1080 5458 1454 5525 interrogant:
1489 5455 1616 5525 quia
1646 5455 1712 5510 de
1742 5456 1844 5512 ista

252 5552 566 5620 cognitione
594 5551 1027 5622 Scripturarum,
1055 5564 1217 5621 quam
1249 5548 1300 5602 in
1338 5546 1609 5617 mysteriis
1649 5547 1843 5601 verbo-

254 5660 378 5699 rum
400 5644 691 5713 accipiunt,
714 5642 946 5696 transire
964 5640 1031 5695 ad
1048 5640 1341 5709 perfectam
1367 5640 1460 5694 Dei
1479 5638 1844 5709 cognitionem

256 5736 311 5791 in
342 5739 645 5795 :ctcrnitate
672 5737 1082 5807 concupiscunt.
1119 5736 1273 5791 Velut
1293 5736 1435 5792 enim
1467 5750 1589 5790 arca
1618 5735 1846 5790 remitti-

258 5837 366 5889 tur,
399 5846 519 5884 cutn
544 5844 707 5899 parva
736 5831 838 5885 ista
854 5828 1091 5897 cognitio
1113 5844 1209 5898 per
1228 5828 1349 5881 vitae
1370 5826 1648 5897 praesentis
1680 5834 1847 5879 trans-

258 5921 395 5977 itum
426 5922 771 5993 adimpletur.
817 5921 886 5980 Et
919 5922 975 5979 in
1018 5922 1141 5979 loco
1176 5935 1276 5979 suo
1304 5929 1533 5978 ostensae
1572 5934 1710 5979 arcae
1748 5918 1846 5977 Dei

1952 5176 2093 5230 enim
2124 5176 2279 5231 dolor
2318 5178 2679 5247 paenitentiae,
2708 5178 2811 5233 nisi
2850 5176 3018 5247 plagae
3057 5174 3306 5233 molestia
3335 5189 3405 5230 ex
3429 5174 3536 5227 (kn-

1952 5282 2172 5325 monum
2222 5269 2615 5337 percussione?
2662 5269 2796 5323 Nam
2833 5258 2986 5337 quasi
3034 5268 3089 5322 in
3130 5266 3320 5323 dolore
3368 5265 3536 5333 plaga:

1954 5361 2128 5418 adhuc
2171 5362 2371 5419 acriter
2416 5363 2704 5433 pungentis
2752 5361 3056 5431 suspirabat
3089 5373 3381 5419 conversus
3423 5358 3533 5424 ille,

1956 5472 2077 5512 cum
2119 5457 2359 5512 diceret:
2413 5456 2697 5511 Conversus
2724 5472 2835 5510 sum
2870 5458 2926 5511 in
2966 5470 3199 5509 mmmaa
3235 5469 3378 5519 mea,
3411 5451 3535 5505 dum

1956 5552 2231 5622 conﬁgitur
2256 5552 2411 5621 spina
2441 5550 2613 5619 (Psal.
2649 5566 2797 5616 xm,
2827 5548 2903 5619 4).
2931 5548 3068 5615 Quid
3099 5548 3241 5603 enim
3267 5560 3529 5612 aerumna,

1954 5643 2053 5697 nisi
2076 5642 2418 5698 alllictionem
2445 5642 2679 5701 insinuat
2708 5641 3070 5711 pmnitentim?
3117 5640 3224 5696 Sed
3254 5640 3305 5694 in
3336 5638 3529 5701 eadem

1948 5750 2187 5790 aerumna
2214 5748 2534 5789 conversum
2556 5748 2613 5789 se
2636 5734 2841 5797 asserit,
2861 5734 2984 5788 dum
3008 5734 3174 5802 spinm
3195 5730 3529 5788 conﬁxuram

1947 5828 2129 5881 sentit.
2162 5826 2323 5892 Quasi
2364 5826 2507 5880 dicat
2542 5843 2554 5880 :
2607 5827 2740 5882 Dum
2767 5828 3140 5881 recordatione
3168 5822 3353 5891 ﬂagitii
3380 5833 3525 5873 mor-

1947 5920 2097 5985 deor,
2121 5934 2258 5976 arae
2282 5916 2522 5976 debitum
2547 5918 2773 5977 reddere
2798 5936 2905 5977 non
2925 5917 3150 5976 desisto.
3178 5913 3345 5982 Spina
3364 5908 3522 5977 quip-
