4020 6344
472 407 573 466 ’185

1661 396 1901 456 SANCTI
1942 391 2268 452 GREGORII
2306 391 2518 452 MAGNI

3214 312 3251 357 οὶ

3634 406 3736 463 18ι

464 536 533 594 pe
578 517 883 590 configitur,
920 518 1046 572 dum
1092 527 1191 586 per
1219 509 1607 582 omnipotentis
1643 509 1740 565 Dei
1770 509 2042 581 diSpensa-
2071 506 2121 569 Α
2145 505 2227 559 nis
2250 504 2431 577 quibus
2459 504 2681 561 vidimus
2706 507 2846 562 mata
2873 508 3046 582 (Psal.
3068 524 3291 577 ιχχχιχ,
3320 510 3406 580 lt,
3432 511 3545 583 l5).
3575 515 3737 578 vctu;

463 614 689 679 tionem,
731 612 796 667 ad
828 611 1095 682 lacrymas
1122 619 1509 663 conversorum
1539 603 1716 658 anima
1756 601 2043 656 criminum

461 706 841 763 recordatione
868 701 1251 759 inﬂammatur.
1281 696 1351 751 Et
1369 710 1509 751 arca:
1530 695 1767 751 debitum
1794 692 2042 758 solvitur,

460 799 680 871 quando
714 798 827 869 jam
870 813 970 868 pro
994 794 1256 865 qualitate
1284 791 1549 858 criminis,
1577 803 1826 845 mensura
1851 794 2042 843 exten-

459 893 602 947 ditur
656 889 1092 946 lamentationis:
1148 900 1270 939 cum
1310 891 1433 955 post
1458 883 1735 937 diuturnas
1777 880 2045 952 lacrymas

460 981 672 1039 afﬂictas
699 983 788 1038 diu
819 980 1008 1047 menti,
1041 978 1235 1034 interni
1262 976 1438 1032 solatii
1479 972 1573 1028 lux
1603 971 1929 1037 infunditur,
1962 979 2045 1025 at-
2073 1007 2090 1024 .

461 1090 568 1146 que
596 1091 628 1130 a
650 1074 1012 1147 percussionis
1040 1072 1243 1127 intima:
1268 1066 1508 1141 pondere
1537 1064 1721 1120 divino
1745 1064 1889 1119 dono
1920 1063 2046 1119 levi-

460 1177 655 1236 gatur:
705 1181 828 1221 cum
873 1165 983 1235 jam
1028 1171 1269 1234 purgatae
1317 1158 1484 1214 menti
1533 1172 1631 1228 per
1680 1157 1906 1226 gratiam
1934 1172 2045 1213 suae

461 1259 830 1329 inspirationis
872 1257 1211 1327 omnipotens
1251 1254 1391 1309 Deus
1428 1254 1732 1324 appropiat,
1772 1261 1937 1322 atque
1976 1267 2046 1308 ex

462 1350 657 1405 fiducia
693 1358 996 1404 consecutae
1032 1346 1372 1414 indulgentiae
1402 1360 1521 1401 eam
1567 1345 1851 1411 exbilarat,
1881 1360 2041 1413 quam

461 1442 515 1497 ei
556 1456 625 1496 ex
645 1440 943 1511 prresentiae
964 1453 1071 1493 suae
1094 1438 1266 1507 gratia
1291 1436 1683 1492 subministrat.
1709 1435 1871 1503 Quasi
1900 1437 2044 1491 enim

460 1533 533 1589 de
561 1534 905 1603 percussione
934 1538 1061 1586 tunc
1098 1538 1343 1596 sanatur,
1375 1544 1495 1585 cum
1527 1544 1624 1601 per
1649 1528 1839 1583 refusa:
1869 1528 2044 1584 indul-

456 1621 1288 1707 gentingratiammagnitudo
1343 1622 1547 1678 doloris
1600 1620 1668 1676 de
1732 1620 2042 1692 pmnitentis

457 1718 655 1775 afflicta
675 1726 857 1774 mente
880 1723 1208 1773 removetur.

521 1848 579 1905 4.
611 1846 765 1903 Unde
792 1854 847 1903 et
875 1847 938 1911 is,
971 1846 1063 1915 qui
1095 1846 1148 1898 in
1176 1856 1416 1897 aerumna
1447 1840 1883 1903 convertebatur,
1913 1838 2041 1893 dum

452 1938 815 2008 configeretur
842 1937 1027 2005 spina,
1066 1935 1121 1988 in
1151 1933 1346 1988 eodem
1376 1932 1583 2003 psalmo
1614 1931 2040 2000 omnipotentem

450 2028 623 2086 Deum
653 2027 949 2084 curationis
988 2041 1098 2080 suae
1132 2033 1409 2080 auctorem
1439 2025 1684 2080 lzetanter
1726 2024 2040 2093 alloquitur,

450 2122 637 2177 dicens
671 2138 685 2174 :
721 2120 798 2173 Tu
817 2136 872 2173 es
903 2119 1029 2173 mihi
1048 2120 1303 2191 refugium
1324 2137 1355 2173 a
1383 2135 1648 2189 pressura,
1682 2134 1795 2186 qua:
1816 2118 2042 2172 circum-

452 2212 594 2267 dedit
622 2228 719 2276 me,
753 2212 1030 2265 exsultatio
1053 2228 1167 2265 mea
1190 2210 1415 2281 (Psalm.
1448 2226 1596 2273 xxxi,
1624 2209 1697 2278 7).
1729 2207 2040 2265 Pressuram

453 2303 657 2373 quippe
682 2308 838 2357 vocat
875 2302 1247 2371 gravissimam
1277 2301 1435 2357 valde
1456 2316 1674 2357 manum
1698 2300 1931 2355 Domini.
1964 2300 2040 2355 De

450 2410 559 2465 qua
587 2396 937 2465 percussione
976 2395 1304 2465 gravissima:
1331 2410 1523 2449 manus
1551 2395 1715 2448 etiam
1739 2393 1935 2448 Paulus
1966 2394 2040 2447 lo-

453 2488 656 2558 quitur,
675 2486 886 2542 dieens:
906 2486 1030 2559 Ipse
1052 2488 1190 2541 enim
1204 2486 1414 2555 spiritus
1430 2503 1529 2554 pro
1552 2486 1697 2539 nobis
1716 2486 1942 2555 postulat
1961 2501 2044 2555 ge-

450 2578 662 2634 mitibus
682 2578 1115 2635 inenarrabilibus
1135 2578 1309 2649 (Rom.
1327 2594 1436 2643 vm,
1452 2576 1566 2647 26).
1582 2576 1683 2645 Qui
1706 2590 1834 2645 ergo
1855 2592 1883 2630 a
1902 2591 2044 2647 pres-

450 2686 580 2727 sura
606 2674 877 2729 invenisse
897 2672 1111 2727 Domini
1128 2671 1411 2740 refugium,
1438 2680 1495 2725 et
1517 2670 1935 2724 exsultationem
1958 2669 2042 2723 in-

449 2768 649 2832 sinuat,
677 2767 745 2821 ab
774 2768 972 2822 interni
1002 2768 1204 2822 doloris
1230 2767 1599 2837 percussione,
1628 2764 1824 2834 gaudio
1845 2764 2041 2819 divinae

446 2856 796 2929 indulgentia:
830 2868 1078 2914 curatum
1106 2874 1167 2913 se
1195 2874 1313 2914 esse
1343 2859 1673 2913 manifestat.
1724 2856 1860 2912 Hinc
1910 2858 2039 2911 item

447 2950 637 3007 dolens
666 2953 839 3007 adhuc
865 2954 1176 3021 confitetur,
1206 2952 1391 3007 dicens
1419 2970 1431 3004 :
1463 2951 1579 3005 Tibi
1608 2952 1707 3006 soli
1737 2952 1960 3022 peccavi,
1990 2958 2041 3005 et

445 3042 646 3095 malum
684 3059 859 3095 coram
884 3051 930 3095 te
969 3045 1068 3113 feci
1091 3042 1261 3113 (Psal.
1292 3059 1345 3107 ι,
1378 3042 1456 3110 6).
1489 3041 1593 3095 Sed
1623 3042 1746 3111 quia
1775 3041 1842 3095 de
1882 3055 2041 3095 cura-

446 3136 600 3190 tione
644 3138 947 3204 prazsumit,
982 3137 1286 3202 insinuans,
1335 3136 1453 3189 ait:
1488 3136 1699 3189 Auditui
1740 3151 1851 3188 meo
1892 3132 2037 3189 dabis

449 3230 698 3298 gaudium
745 3238 794 3283 et
839 3230 1101 3295 lwtitiam,
1146 3240 1194 3284 et
1243 3229 1575 3284 exsultabant
1619 3246 1737 3283 ossa
1767 3230 2037 3283 humiliata

447 3286 638 3391 (Ibid,
671 3321 747 3391 7).
781 3322 1030 3376 Debitum
1059 3286 1189 3391 ergo
1219 3337 1357 3377 arae
1388 3320 1633 3376 redditur
1661 3336 1758 3389 pro
1791 3328 2032 3389 peccato,
2061 3286 2109 3351 ϐ

448 3418 571 3464 cum
601 3422 917 3481 peccatores
946 3429 1013 3468 ex
1042 3413 1332 3482 Scriptum
1362 3427 1530 3468 sacrae
1571 3411 1877 3481 cognitione
1903 3408 2043 3464 affli-

446 3511 677 3572 guntur;
716 3513 772 3560 et
818 3506 1059 3561 cruciatu
1112 3514 1324 3575 tergere
1367 3506 1556 3577 culpas
1603 3510 1873 3573 satagunt,
1906 3519 2040 3572 quas

446 3598 625 3653 carnis
646 3598 1003 3654 delectatione
1026 3606 1326 3654 traxerunt.
1355 3598 1626 3653 Curantur
1648 3605 1847 3661 autem,
1874 3612 2040 3665 quan-

450 3689 522 3745 do
545 3690 655 3758 jam
686 3692 901 3760 expleta
941 3706 1192 3746 mensura
1218 3690 1544 3756 alilictionis,
1589 3691 1655 3744 ad
1687 3690 1932 3744 liduciam
1958 3689 2039 3744 di-

449 3783 592 3838 vina:
618 3782 961 3851 indulgentia:
1006 3784 1161 3854 1&6
1191 3799 1289 3852 per
1318 3784 1572 3845 auxilium
1618 3783 1927 3838 relevantur
1956 3784 2040 3836 in-

448 3874 595 3928 terni
642 3872 1028 3930 solatii.-Unde
1077 3885 1132 3929 et
1182 3875 1467 3929 Psalmista
1515 3874 1773 3943 loquitur,
1813 3873 2036 3929 dicens:

450 3964 659 4020 Cibabis
688 3984 781 4022 nos
805 3983 940 4039 pane
963 3968 1334 4039 lacrymarum,
1365 3977 1412 4022 et
1433 3974 1609 4036 potum
1629 3966 1779 4021 dabis
1809 3966 1955 4020 nobis
1984 3968 2039 4020 in

445 4060 690 4131 lacrymis
721 4062 775 4116 in
803 4078 1049 4117 mensura
1080 4061 1252 4132 (Psal.
1283 4078 1471 4130 Lxxtx,
1513 4062 1601 4131 6).
1658 4060 2038 4132 Lacrymarum

444 4156 646 4226 quippe
675 4162 834 4227 potus
864 4155 931 4210 ad
963 4171 1273 4211 mensuram
1313 4156 1406 4210 dat
1439 4174 1451 4209 :
1484 4156 1610 4226 quia
1641 4155 1884 4227 profecto
1914 4171 2041 4225 pec-

446 4256 622 4314 cator,
653 4252 754 4305 etsi
777 4266 847 4306 ex
874 4252 1083 4307 interna
1112 4250 1207 4306 Dei
1233 4250 1565 4321 aspiratione
1593 4265 1693 4319 pro
1716 4251 1871 4320 culpa
1898 4265 2038 4305 com-

447 4342 723 4409 pungitur,
755 4357 822 4395 ex
848 4342 1037 4397 eadem
1058 4342 1496 4412 compunctiouis
1526 4341 1813 4397 afﬂictione
1843 4341 2036 4395 eodem

444 4433 764 4488 consolante
809 4434 1101 4489 relevatur.
1136 4434 1291 4490 Unde
1321 4444 1376 4489 et
1405 4450 1502 4507 per
1531 4435 1750 4506 Moysen
1782 4434 2039 4489 Dominus

444 4522 577 4577 dicit
606 4540 619 4575 :
653 4522 769 4594 Ego
790 4524 1045 4587 occidam,
1078 4534 1128 4578 et
1147 4542 1240 4596 ego
1269 4527 1435 4579 vivere
1466 4527 1656 4595 faciam
1685 4542 1703 4579 :
1732 4526 2035 4595 percutiam,

444 4620 494 4666 et
523 4629 619 4682 ego
648 4613 845 4668 sanabo
874 4614 1055 4685 (Deut.
1080 4632 1249 4682 χχχιι,
1280 4615 1391 4687 59).
1422 4615 1661 4673 Percutit
1689 4632 1940 4687 namque,
1981 4626 2038 4674 et

443 4712 603 4759 sanat
629 4722 641 4757 :
676 4706 801 4774 quia
831 4718 967 4774 quos
996 4721 1095 4776 per
1124 4709 1596 4776 compunctiouem
1646 4710 1883 4776 sauciat,
1938 4727 2036 4781 per

447 4797 793 4869 indulgentiae
822 4800 1167 4854 securitatem
1207 4807 1380 4855 curat.
1436 4800 1580 4855 Bene
1621 4801 1802 4871 itaque
1836 4804 2035 4858 curatis

441 4889 551 4959 jam
579 4891 805 4946 dicitur:
836 4890 909 4944 Et
933 4892 1123 4958 scietis,
1154 4908 1313 4964 quare
1339 4909 1525 4946 manus
1551 4894 1664 4964 ejus
1695 4911 1798 4948 non
1828 4896 2036 4949 recedat

446 5001 477 5037 α
506 4984 664 5039 vobis.
699 4983 829 5039 Nam
861 4994 1152 5055 antequam
1181 4995 1362 5051 curet,
1403 5001 1572 5056 quare
1602 5002 1792 5041 manus
1821 4987 2034 5042 Domini

445 5076 514 5131 ab
562 5076 640 5132 eis
690 5093 794 5131 non
840 5078 1088 5141 recedat,
1138 5080 1279 5135 scire
1308 5096 1416 5135 non
1448 5089 1675 5149 possunt
1705 5100 1716 5134 :
1748 5083 1872 5150 quia
1903 5091 2034 5138 tunc

444 5168 774 5237 pmnitentire
798 5169 998 5225 bonum
1024 5170 1349 5238 intelligunt,
1376 5186 1497 5225 cum
1534 5172 1583 5223 in
1618 5172 1897 5240 puriﬁcato
1918 5172 2031 5241 jam

443 5259 608 5313 corde
636 5261 806 5314 sancti
850 5260 1081 5329 Spiritus
1109 5262 1334 5330 gratiam
1381 5272 1808 5331 recognoscunt,
1853 5272 1910 5318 et
1947 5265 2030 5320 di-

443 5351 581 5404 vinae
610 5352 954 5420 indulgentia:
984 5353 1125 5408 dona
1154 5355 1563 5426 concupiscunt,
1589 5355 1655 5412 de
1680 5359 1872 5426 quibus
1893 5356 2032 5413 inef-

444 5440 592 5494 fabili
645 5443 1006 5499 exsultatione
1052 5446 1408 5514 gratulantur.
1454 5446 1587 5503 Nam
1636 5450 1869 5506 curantis
1920 5450 2032 5519 jam

445 5547 638 5589 manus
666 5531 878 5589 Domini
907 5550 1145 5603 causam,
1172 5552 1278 5607 qua
1303 5540 1370 5593 ab
1400 5538 1691 5597 afflictione
1719 5557 1826 5598 non
1856 5558 2036 5599 reces-

445 5633 621 5692 serat,
679 5639 775 5681 eos
829 5627 994 5681 scisse
1051 5640 1440 5700 conspexerat,
1512 5633 1603 5703 qui
1654 5647 2035 5703 percussorum

446 5710 839 5771 exsultationes
870 5718 1154 5786 exprimit,
1183 5719 1299 5776 Deo
1330 5722 1556 5791 loquens
1586 5732 1639 5778 et
1662 5723 1851 5780 dicens
1886 5744 1897 5778 :
1928 5725 2034 5781 Re-

447 5805 569 5873 pleti
616 5824 792 5860 sumus
835 5824 985 5863 mane
1020 5813 1375 5869 misericordia
1419 5824 1525 5883 tua,
1571 5819 1935 5874 exsultavimus
1984 5830 2033 5875 et

448 5896 691 5953 delectati
715 5915 892 5956 sumus
920 5919 1011 5963 pro
1043 5903 1241 5982 diebus,
1272 5908 1455 5985 quibus
1484 5927 1577 5965 nos
1600 5912 1904 5979 humiliasti,
1936 5929 2033 5968 an-

2065 4677 2115 4736 D

2148 598 2291 653 enim
2325 597 2379 653 in
2422 605 2581 654 nocte
2628 600 2958 669 poenitentia;
2996 603 3199 659 luctum
3239 618 3604 678 exceperant,
3648 612 3739 682 qui

2146 703 2327 756 mane,
2358 688 2609 745 videlicet
2649 688 2841 746 divinae
2886 692 3213 761 dignationis
3251 706 3549 767 apparente
3578 699 3742 757 clari-

2146 789 2278 850 tate,
2308 798 2368 839 se
2396 784 2632 855 repletos
2661 785 3031 844 misericordia
3061 791 3473 861 congaudebant
3492 835 3510 863 ,
3558 796 3652 865 qui
3681 813 3741 854 se

2146 874 2443 933 delectatos
2480 892 2579 947 pro
2622 877 2831 944 diebus,
2867 880 2921 932 in
2967 879 3164 950 quibus
3202 882 3469 939 bumiliati
3500 884 3738 953 fuerant,

2146 976 2396 1023 asserunt
2430 985 2444 1022 :
2474 983 2572 1039 per
2597 967 2797 1023 donum
2826 970 3149 1037 curationis,
3191 973 3512 1041 gravitatem
3550 990 3743 1033 manus

2146 1055 2379 1126 Domini,
2407 1074 2577 1129 quare
2604 1059 2671 1114 ab
2700 1059 2777 1116 eis
2813 1076 2923 1116 non
2951 1071 3286 1133 recesserat,
3332 1064 3471 1121 scire
3509 1066 3744 1122 demon-

2145 1157 2404 1207 strantur.
2436 1151 2541 1208 Sed
2562 1153 2686 1223 quia
2710 1169 2739 1208 a
2766 1155 3098 1226 principibus
3126 1157 3304 1215 adhuc
3327 1173 3424 1229 per
3451 1160 3743 1216 consilium

2146 1242 2363 1311 dicitur,
2395 1254 2454 1301 ut
2481 1247 2623 1317 quod
2650 1247 2874 1304 debetur
2901 1264 3000 1320 pro
3032 1258 3257 1321 peccato
3284 1266 3424 1308 arcae
3450 1250 3743 1318 reddatur;

2146 1344 2203 1391 et
2228 1338 2356 1408 quid
2385 1339 2456 1394 sit
2480 1340 2608 1396 illud
2635 1339 2781 1410 quod
2810 1341 3056 1411 debetur,
3089 1358 3197 1399 non
3219 1343 3528 1416 exponitur,
3555 1343 3745 1415 adjun-

2145 1436 2292 1485 ctum
2321 1438 2405 1486 est
2433 1448 2446 1484 :

2218 1566 2395 1637 (Vers.
2429 1566 2482 1633 4,
2511 1565 2587 1639 5.)
2622 1566 2719 1633 Qui
2753 1572 3117 1641 respondentes
3154 1573 3440 1629 dixerunt:
3472 1569 3614 1638 Quid
3666 1580 3744 1629 est

2144 1660 2280 1729 quod
2302 1675 2395 1728 pro
2417 1658 2601 1712 delicto
2630 1660 2845 1714 reddere
2866 1660 3177 1716 debeamus?
3202 1662 3601 1734 Responderunt
3626 1665 3746 1720 illi:

2143 1749 2308 1804 Juxta
2325 1768 2595 1805 numerum
2622 1756 3007 1824 provinciarum
3031 1755 3351 1813 Pbilisthiim
3376 1759 3598 1832 quinque
3612 1776 3747 1815 anos

2148 1859 2335 1897 aureos
2356 1844 2578 1915 facietis,
2608 1854 2656 1898 et
2684 1847 2905 1917 quinque
2930 1863 3099 1900 mures
3124 1864 3142 1900 :
3174 1849 3294 1919 quia
3325 1850 3482 1920 plaga
3510 1867 3617 1902 una
3643 1851 3747 1922 fuit

2144 1934 2286 1989 vobis
2306 1944 2355 1989 et
2385 1936 2610 2005 satrapis
2638 1938 2840 1991 vestris.
2866 1936 3197 2010 Facietisque
3224 1940 3587 1995 similitudines
3610 1959 3741 1995 ano-

2145 2042 2261 2080 rum
2289 2035 2593 2092 vestrorum,
2627 2037 2675 2080 et
2715 2030 3082 2084 similitudines
3112 2034 3354 2099 murium,
3388 2035 3474 2105 qui
3512 2033 3743 2088 demoliti

2144 2128 2263 2171 sunt
2292 2128 2504 2185 terram,
2536 2126 2585 2171 ct
2626 2117 2814 2173 dabitis
2854 2119 2963 2176 Deo
3011 2120 3185 2177 Israel
3229 2125 3473 2197 gloriam,
3524 2126 3573 2179 si
3612 2128 3743 2197 forte

2143 2210 2328 2265 relevet
2351 2226 2561 2264 ntanum
2578 2227 2727 2267 suam
2752 2228 2784 2264 a
2813 2212 2974 2283 vobis,
2991 2224 3040 2266 et
3064 2230 3095 2266 a
3116 2214 3215 2268 diis
3244 2217 3444 2282 vestris,
3470 2224 3519 2269 et
3547 2232 3582 2268 a
3605 2225 3739 2270 terra

2145 2316 2334 2360 υεεινα.

2217 2414 2268 2471 5.
2302 2414 2443 2483 Quid
2482 2425 2565 2473 est
2584 2461 2600 2488 ,
2632 2418 2781 2490 quod
2811 2433 3049 2490 qumque
3076 2434 3305 2474 anorum
3332 2416 3738 2485 similitudines,

2144 2520 2201 2566 et
2232 2511 2455 2568 totidem
2479 2514 2858 2571 similitudines
2878 2516 3132 2581 murium,
3153 2515 3307 2584 juxta
3337 2517 3742 2586 provinciarum

2145 2618 2462 2669 numerum,
2497 2603 2613 2659 fieri
2639 2605 2921 2674 jubentur,
2950 2614 3005 2660 et
3034 2606 3111 2659 sic
3140 2619 3279 2659 arca:
3308 2604 3549 2661 debitum
3580 2605 3741 2661 solvi-

2146 2700 2271 2753 tur?
2302 2698 2427 2753 llaec
2449 2697 2714 2770 profecto,
2735 2699 2778 2753 si
2802 2714 2952 2755 more
2975 2698 3201 2753 Judaico
3230 2698 3525 2754 secundum
3551 2698 3741 2754 litterae

2143 2791 2407 2845 vilitatem
2456 2801 2773 2860 pensantur,
2822 2808 2931 2846 non
2980 2793 3158 2848 solum
3198 2791 3545 2861 despicienda
3594 2800 3741 2857 sunt,

2142 2883 2236 2941 sed
2281 2899 2383 2939 nec
2413 2884 2599 2939 auditu
2641 2885 2819 2953 digna.
2853 2884 2982 2954 Qum
3025 2885 3271 2955 profecto
3316 2885 3491 2967 digne.
3518 2886 3737 2957 accipit,

2144 2977 2235 3046 qui
2263 2991 2373 3048 quo
2401 2978 2589 3033 viliora
2625 2993 2720 3048 per
2747 2979 2937 3033 litterte
2965 2995 3158 3036 sonum
3205 2980 3382 3045 audit,
3416 2995 3483 3035 eo
3531 2995 3599 3034 ea
3640 2995 3737 3049 per

2143 3069 2440 3139 spiritalem
2464 3070 2912 3139 signiﬁcationem
2936 3073 3152 3127 utiliora
3176 3088 3294 3128 esse
3314 3073 3587 3143 intelligit.
3605 3072 3735 3128 Nam

2144 3167 2361 3215 sanctus
2392 3159 2647 3231 Spiritus,
2679 3176 2786 3231 quo
2828 3162 3127 3232 inspirante
3158 3173 3271 3219 tota
3300 3164 3413 3219 haec
3450 3180 3606 3221 sacra
3659 3165 3743 3219 bi-

2142 3254 2309 3308 storia
2340 3254 2609 3318 scribitur,
2640 3270 2912 3324 nunquam
2943 3264 3053 3311 tam
3083 3257 3211 3312 vilia
3257 3266 3562 3328 promeret,
3606 3260 3653 3313 si
3683 3258 3737 3313 in

2144 3345 2301 3415 huius
2337 3346 2554 3401 vilitatis
2600 3363 2800 3403 arcano
2841 3362 3032 3417 magna
3072 3349 3343 3419 quaedam,
3397 3359 3449 3405 et
3498 3352 3742 3420 pretiosa

2143 3436 2298 3491 valde
2329 3438 2582 3509 mysteria
2612 3455 2718 3493 non
2756 3441 3011 3507 signaret.
3059 3441 3215 3497 Unde
3256 3442 3451 3498 doctor
3492 3443 3744 3513 egregius

2145 3529 2363 3597 fatetur,
2394 3531 2575 3585 dicens
2606 3550 2618 3583 :
2655 3530 2845 3586 Omnia
2890 3535 2947 3588 in
2986 3535 3160 3605 ﬁgura
3206 3535 3571 3607 contingebant
3601 3538 3742 3596 illis;

2144 3624 2341 3689 scripta
2368 3633 2487 3677 sunt
2528 3632 2700 3678 autem
2730 3635 2939 3696 propter
2969 3644 3083 3692 nos,
3117 3623 3173 3681 iri
3204 3645 3329 3698 quos
3361 3629 3492 3697 ﬁnes
3521 3628 3745 3683 sa'culo-

2145 3732 2261 3770 rum
2290 3716 2599 3771 devenerunt
2633 3715 2687 3789 (1
2704 3718 2822 3773 Cor.
2845 3736 2900 3787 χ,
2925 3719 3038 3792 11).
3072 3718 3149 3775 Eo
3180 3720 3343 3790 igitur
3371 3736 3467 3790 per
3494 3722 3744 3791 spiritum

2145 3807 2305 3863 altius
2346 3809 2669 3877 requirenda
2711 3821 2858 3878 sunt,
2890 3828 2997 3881 quo
3027 3812 3079 3865 in
3122 3812 3369 3881 exposita
3397 3811 3546 3866 velut
3577 3826 3740 3867 carne

2143 3899 2335 3954 litterae
2367 3901 2471 3956 vile
2518 3902 2759 3957 cernitur
2785 3906 2927 3973 quod
2953 3904 3267 3974 loquuntur.
3300 3903 3429 3971 Quae
3457 3918 3590 3972 ergo
3616 3912 3744 3959 sunt

2143 4003 2371 4044 auorum
2427 3991 2825 4058 similitudines,
2872 4010 2991 4062 qum
3038 3996 3274 4050 murium
3328 3994 3626 4063 imagines?
3680 3993 3746 4051 Et

2143 4078 2267 4147 quia
2294 4078 2407 4134 haec
2436 4087 2544 4132 tam
2577 4079 2641 4133 ad
2673 4083 2934 4136 tentantia
2964 4084 3252 4153 daemonia,
3284 4098 3449 4153 quam
3475 4085 3538 4138 ad
3564 4099 3747 4139 mem-

2143 4168 2237 4223 bra
2279 4176 2626 4239 peccatorum
2657 4170 2917 4229 fetoribus
2948 4176 3192 4245 exposita
3215 4216 3231 4242 ,
3261 4176 3507 4245 superius
3548 4176 3746 4230 retuli-

2143 4277 2282 4326 mus,
2316 4261 2696 4319 similitudines
2724 4280 2949 4319 anorum
2977 4276 3031 4322 et
3056 4268 3309 4333 murium,
3337 4282 3440 4337 qua
3465 4267 3744 4336 signiﬁca-

2142 4355 2293 4409 tione
2322 4355 2688 4413 deaurantur?
2732 4357 2836 4413 Sed
2877 4360 3119 4430 proiecto
3165 4369 3292 4417 tunc
3321 4375 3459 4416 arca:
3497 4360 3744 4417 debitum

2143 4463 2242 4518 pro
2272 4458 2494 4518 peccato
2529 4450 2667 4506 bene
2706 4452 2951 4519 solvitur,
2983 4454 3028 4507 si
3058 4469 3286 4509 anorum
3317 4463 3371 4509 et
3400 4456 3634 4509 murium
3666 4455 3747 4510 si-

2143 4541 2472 4598 militudines
2502 4559 2569 4598 ex
2600 4560 2733 4599 auro
2760 4545 3110 4601 fabricentur.
3154 4548 3209 4602 ln
3238 4550 3326 4602 ani
3353 4549 3557 4618 quippe
3587 4549 3745 4603 simi-

2143 4631 2366 4687 litudine
2404 4634 2682 4691 emittendi
2712 4635 2864 4707 15.7
2895 4636 3083 4692 fetoris
3126 4640 3425 4695 membrum
3454 4641 3704 4695 cernitur
3727 4660 3745 4696 :

2141 4731 2196 4779 et
2225 4731 2439 4792 tamen,
2479 4727 2604 4797 quia
2647 4728 2969 4795 similitudo,
3018 4746 3125 4785 non
3156 4732 3356 4787 veritas
3402 4740 3516 4800 est,
3563 4732 3748 4788 letore

2134 4815 2243 4885 jam
2272 4817 2419 4873 nullo
2449 4820 2770 4878 maculatur.
2818 4821 2885 4877 Et
2909 4823 3035 4895 quia
3075 4824 3141 4879 de
3168 4840 3303 4880 auro
3345 4823 3601 4890 efﬁcitur,
3636 4826 3749 4881 hoc

2140 4911 2383 4980 profecto
2413 4913 2653 4970 insinuat
2686 4935 2699 4969 :
2733 4918 2858 4987 quia
2902 4934 2968 4973 ex
2999 4900 3287 4990 splendore
3326 4918 3749 4990 pulchritudinis

2139 5003 2349 5071 species
2376 5016 2742 5063 commutatur
2764 5010 3426 5067 delormitatis.Peccator
3445 5027 3575 5083 ergo
3606 5028 3745 5068 eon-

2140 5109 2330 5152 versus
2370 5099 2460 5153 ani
2498 5100 2900 5157 similitudinem
2932 5100 3088 5169 facit,
3140 5119 3263 5158 cum
3292 5103 3488 5172 quibus
3529 5105 3747 5175 peccati

2140 5182 2401 5241 fetoribus
2448 5190 2689 5245 membra
2735 5206 2831 5246 sua
2879 5190 3242 5262 deposuerat,
3293 5196 3360 5248 ad
3414 5195 3743 5250 memoriam

2124 5271 2305 5330 'ducit.
2339 5277 2440 5331 Ani
2480 5295 2611 5348 ergo
2650 5282 3057 5339 similitudinem
3098 5284 3397 5355 fabricare,
3444 5294 3529 5341 est
3558 5302 3741 5342 mem-

2140 5367 2359 5422 brorum
2382 5385 2602 5426 suorum
2628 5388 2801 5443 nuper
2823 5376 3163 5445 peccantium
3195 5378 3589 5447 turpitudinem
3620 5396 3743 5451 pm-

2140 5462 2333 5517 nitenti
2377 5462 2544 5517 corde
2585 5465 2850 5521 recolere.
2882 5465 3001 5521 Non
3048 5468 3231 5539 itaque
3272 5485 3467 5537 anum,
3522 5480 3619 5526 sed
3652 5473 3743 5528 ani

2139 5554 2545 5609 similitudinem
2592 5555 2849 5626 fabricat,
2900 5561 2991 5628 qui
3034 5569 3090 5615 et
3138 5576 3169 5615 a
3215 5562 3426 5632 peccati
3474 5564 3743 5620 fetoribus

2140 5645 2380 5699 membra
2411 5645 2615 5710 abluit,
2646 5655 2703 5700 et
2734 5648 2928 5703 eadem
2959 5652 3233 5718 membra,
3265 5653 3465 5721 quibus
3493 5658 3745 5725 peccatis

2137 5733 2465 5801 subdiderit,
2498 5736 2739 5791 recolere
2763 5754 2874 5793 non
2905 5740 3124 5795 omittit.
3151 5740 3220 5795 Et
3245 5742 3465 5811 quidem
3498 5760 3569 5799 ex
3597 5761 3742 5799 auro

2142 5824 2255 5878 fieri
2284 5825 2372 5878 ani
2395 5825 2690 5883 similitudo
2711 5830 2972 5897 cernitur,
3000 5831 3127 5900 quia
3156 5832 3222 5885 ad
3247 5838 3483 5902 pretium
3516 5844 3747 5893 sterilae

2137 5915 2326 5974 salutis
2352 5924 2698 5993 peccatorum
2727 5920 3092 5997 turpitudines
3117 5931 3451 5989 atteruntur.
3469 5924 3572 5997 Vel
3618 5927 3746 5994 (ob
