4020 6344
225 435 328 492 185

1043 428 1106 484 lN
1144 427 1408 485 PRIMUM
1446 427 1687 487 necum
1721 413 2234 490 EXPOSlTlONES.
2258 457 2330 470 —
2368 428 2500 486 LIB.
2543 431 2632 487 lll.

3385 431 3495 493 186

222 564 366 611 Iesse
395 546 747 606 memorando
773 543 1149 601 similitudines
1175 560 1400 602 auorum
1429 543 1596 612 ﬁunt,
1623 544 1802 601 flendo
1828 547 1877 608 Α
1906 557 2154 613 Supernae
2178 545 2602 602 conversationis
2630 545 2894 616 fulgorem
2915 545 3166 612 radiant;
3195 557 3252 602 et
3277 546 3381 618 ipsi
3402 550 3498 618 qui
3577 607 3580 612 _

219 648 552 702 deanrantur
575 659 588 694 :
614 641 741 709 quia
783 646 837 694 et
864 639 1174 705 recolendo,
1220 653 1340 709 quae
1369 639 1620 704 fecimus,
1651 637 1806 707 ﬁngi-

219 751 372 792 mus:
401 741 458 788 et
488 732 615 786 dum
638 729 922 785 commissa
948 728 1202 783 attentius
1231 729 1490 796 lugemus,
1515 727 1567 782 in
1587 727 1806 796 iustitiae

217 829 564 900 splendorem
595 824 835 879 membra
864 823 1199 877 deauramus.
1235 822 1472 877 Anorum
1500 834 1630 890 ergo
1652 821 1802 876 simi-

217 920 421 983 litndo,
452 932 558 972 non
591 915 1078 978 veritas'cernitur,
1103 913 1230 982 quia
1263 921 1388 967 tunc
1416 919 1668 981 peccator
1693 924 1804 966 suae

215 1008 575 1066 deformitatis
606 1005 952 1077 ignominiam
991 1004 1249 1074 respicit,
1292 1019 1411 1059 cum
1447 1017 1611 1073 prava
1639 1015 1804 1072 opera

214 1118 322 1156 non
354 1100 528 1155 solum
558 1095 945 1153 committendo
974 1110 1083 1150 non
1127 1104 1366 1161 exercet,
1412 1093 1506 1149 sed
1547 1093 1710 1148 etiam
1749 1094 1804 1148 in

213 1193 490 1265 praeterito
531 1205 590 1246 se
617 1189 953 1245 commisisse
981 1188 1331 1243 vehementer
1355 1188 1520 1242 dolet.
1554 1186 1804 1256 Quinque

213 1291 396 1338 autem
441 1281 530 1336 ani
580 1281 696 1335 fieri
737 1280 1013 1348 jubentur,
1057 1278 1184 1347 quia
1216 1278 1532 1333 universalis
1562 1277 1803 1332 omnium

212 1375 508 1432 Gentilium
536 1372 833 1428 satisfactio
869 1371 1184 1440 imperatur.
1213 1368 1366 1424 Unde
1393 1379 1448 1424 et
1468 1376 1624 1424 caute
1651 1376 1804 1423 nota-

212 1477 326 1524 tum
368 1462 492 1520 est:
520 1463 688 1518 Juxta
730 1479 996 1516 numerum
1036 1462 1417 1531 provinciarum
1460 1459 1800 1512 Philisthiim.

212 1560 394 1626 Quare
425 1557 568 1612 enim
594 1557 832 1626 quinque
870 1561 996 1608 sunt
1026 1551 1465 1607 Philisthinorum
1495 1550 1800 1620 provinciae,

208 1652 314 1705 nisi
345 1649 472 1719 quia
522 1646 753 1704 carnalis
793 1644 904 1699 vita
948 1642 1240 1696 Gentilium
1271 1641 1621 1712 designatur?
1665 1639 1802 1707 Quia

210 1744 357 1798 enim
387 1741 622 1812 quinque
650 1752 841 1793 sensus
878 1735 1120 1805 corporis
1149 1750 1257 1790 non
1293 1735 1362 1788 ad
1401 1734 1614 1788 laudem
1642 1731 1805 1787 Crea~

208 1836 368 1898 toris,
398 1835 491 1890 sed
512 1833 581 1888 ad
610 1831 884 1888 carnalem
904 1829 1070 1882 vitam
1093 1827 1337 1893 contulit,
1364 1842 1462 1897 per
1489 1825 1800 1895 quinarium

1900 635 2014 705 jam
2044 635 2139 691 Dei
2168 637 2550 706 omnipotentis
2576 637 2777 692 auxilio
2807 636 2973 693 fortia
3000 637 3232 707 agimus,
3262 637 3498 692 immun-

1903 728 2094 782 dorum
2124 728 2404 798 spirituum
2433 737 2735 798 prostratos
2761 727 2926 784 fuisse
2952 727 3228 784 fraudibus
3259 741 3500 785 nosmet-

1904 819 2051 888 ipsos
2078 819 2340 876 videmus.
2365 820 2522 887 Quod
2554 821 2799 892 profecto
2825 821 3131 884 consilium,
3164 822 3290 892 quia
3320 823 3493 891 pluri-

1902 913 2004 970 bus
2031 914 2303 980 tribuunt,
2352 915 2592 984 ejusdem
2621 931 2840 988 quoque
2867 918 3136 973 rationem
3167 917 3496 986 ostendunt,

1903 1005 2028 1074 quia
2061 1004 2290 1061 dicunt:
2325 1004 2459 1070 Quia
2504 1008 2660 1077 plaga
2700 1008 2806 1062 una
2849 1010 2948 1080 fuit
2993 1007 3132 1063 vobis
3179 1015 3228 1063 et
3268 1010 3499 1078 satrapis

1901 1101 2102 1154 vestris.
2149 1098 2316 1166 Quasi
2354 1107 2539 1169 aperte
2581 1100 2764 1155 dicant
2806 1119 2820 1154 :
2865 1099 3000 1168 Quia
3048 1115 3237 1156 omnes
3270 1107 3502 1170 peccato

1903 1191 2099 1246 subditi
2138 1190 2334 1257 fuistis,
2382 1206 2604 1248 necesse
2631 1201 2714 1249 est
2748 1201 2808 1248 ut
2840 1195 2908 1248 ad
2937 1194 3176 1250 melioris
3228 1194 3353 1249 vitae
3380 1201 3502 1248 stu-

1903 1281 2048 1336 dium
2070 1281 2236 1336 corda
2258 1281 2462 1350 pariter
2484 1282 2816 1352 praeparetis.
2846 1282 3000 1339 Unde
3025 1293 3080 1339 et
3103 1282 3299 1340 Paulus
3325 1283 3500 1338 dicit:

1905 1370 2098 1426 Omnes
2144 1383 2498 1443 peccaverunt,
2549 1383 2598 1426 et
2643 1381 2792 1443 egent
2839 1375 3010 1446 gloria
3068 1375 3184 1445 Dei,
3217 1373 3504 1446 justiﬁcati

1905 1466 2068 1535 gratis
2093 1481 2184 1535 per
2209 1466 2433 1536 gratiam
2460 1466 2621 1534 ipsius
2648 1465 2827 1537 (Rom.
2851 1483 2928 1533 ut,
2951 1467 3068 1536 25).

1987 1554 2040 1608 7.
2074 1553 2144 1609 Et
2185 1563 2246 1610 ut
2290 1557 2547 1611 attentius
2598 1557 2948 1612 nteliorandae
2992 1558 3115 1613 vita:
3161 1558 3503 1629 propositum

1904 1646 2303 1713 commendent,
2326 1647 2644 1702 inculcando
2671 1656 2942 1718 repetunt,
2965 1648 3204 1705 dicentes
3229 1669 3241 1702 :
3269 1649 3505 1705 Facietis

1902 1736 2262 1791 similitudines
2293 1754 2511 1791 auorum
2540 1746 2846 1807 vestrorum,
2869 1749 2919 1793 et
2937 1743 3181 1806 murium,
3206 1742 3290 1813 qui
3316 1741 3501 1797 demo-

1905 1830 1982 1884 liti
2004 1840 2122 1884 sunt
2154 1841 2365 1894 terram,
2391 1837 2440 1884 et
2469 1831 2660 1884 dabitis
2686 1830 2798 1885 Deo
2823 1831 2994 1886 Israel
3024 1834 3266 1904 gloriam,
3294 1837 3339 1888 si
3364 1837 3504 1906 forte

206 1940 496 1980 numerum
545 1921 985 1976 Philisthinorum
1051 1919 1345 1990 provincia:
1399 1919 1794 1988 exprimuntur.
1830 1932 1877 1991 Β
1902 1922 2087 1976 relevet
2115 1939 2328 1975 manum
2365 1939 2511 1976 suam
2533 1939 2565 1974 a
2593 1921 2753 1986 vobis,
2784 1939 2817 1975 a
2845 1924 2944 1976 diis
2973 1927 3174 1990 vestris,
3219 1935 3269 1978 et
3297 1942 3331 1978 a
3362 1935 3506 1980 terra

206 2016 626 2084 Quinque-auos
655 2027 846 2067 aureos
873 2011 1261 2082 praecipiuntur
1289 2019 1348 2064 ut
1377 2008 1596 2074 faciant,
1642 2015 1702 2062 ut
1731 2007 1801 2064 de

203 2105 469 2159 omnibus
514 2111 936 2172 compungantur
981 2101 1227 2156 sensibus
1270 2107 1372 2154 :et
1432 2099 1559 2169 quia
1608 2113 1798 2154 omnes

201 2201 598 2264 peccaverunt,
631 2191 751 2245 ideo
780 2189 847 2244 ad
875 2205 1118 2260 superna:
1147 2189 1272 2243 vitae
1301 2189 1603 2244 claritatem
1627 2204 1800 2244 mem-

202 2286 305 2342 bra
340 2285 521 2340 omnia
564 2284 841 2351 redigant,
881 2299 998 2353 quae
1050 2298 1147 2354 per
1188 2282 1590 2338 oblectamenta
1619 2282 1800 2336 carnis

207 2376 524 2433 omnimoda
572 2375 880 2444 polluerunt
920 2373 1082 2429 sorde
1109 2373 1314 2442 flagitii.
1345 2373 1406 2428 ln
1434 2388 1568 2428 auro
1599 2373 1798 2444 quippe

205 2483 453 2540 superna:
484 2467 909 2522 conversationis
938 2465 1116 2534 fulgor
1155 2463 1482 2533 ostenditur,
1527 2465 1654 2534 quia
1701 2479 1801 2534 per

205 2558 470 2616 Joannem
487 2557 554 2613 de
580 2572 812 2627 superna
832 2556 1051 2611 civitate
1071 2555 1296 2610 dicitur:
1317 2552 1443 2625 Ipsa
1470 2571 1587 2608 vero
1616 2554 1798 2608 civitas

207 2665 394 2703 aurum
420 2664 690 2716 munaum,
730 2647 916 2700 similis
944 2647 1074 2700 vitro
1097 2645 1287 2700 mundo
1332 2646 1514 2716 (Apoc.
1534 2659 1657 2710 xxi,
1683 2644 1794 2716 18).

208 2739 450 2796 Membra
495 2741 657 2809 igitur
697 2740 1044 2804 deanrantur,
1095 2753 1217 2792 cum
1259 2751 1456 2806 corpus
1494 2745 1711 2791 terrena
1745 2743 1800 2789 et

211 2848 433 2889 caenosa
444 2832 998 2902 concupiscentiarurn
1013 2829 1255 2886 foeditate
1270 2828 1531 2896 deferme,
1555 2830 1607 2882 in
1626 2828 1803 2898 splen-

210 2928 404 2982 dorem
435 2933 790 2982 commutatur
817 2931 1033 2978 arternae
1067 2923 1189 2976 vita:
1216 2940 1228 2974 :
1264 2937 1384 2976 cum
1414 2921 1663 2976 videlicet
1700 2935 1798 2989 per

209 3026 415 3074 sanctze
454 3015 876 3072 conversationis
915 3014 1368 3084 pulchritudinem
1406 3013 1607 3081 radiat,
1653 3011 1798 3082 quod

211 3116 264 3170 in
293 3115 536 3184 appetitu
579 3113 862 3168 mundanae
897 3112 1272 3168 delectationis
1319 3121 1666 3181 peccatorum
1713 3109 1795 3164 fe-

212 3216 335 3261 tore
357 3206 628 3260 sordebat.
649 3206 728 3259 ΑΔ
749 3205 905 3258 istam
929 3219 1159 3274 namque
1179 3203 1583 3258 deaurationem
1604 3201 1797 3257 beatus

211 3295 408 3351 Paulus
444 3296 729 3351 auditores
781 3311 906 3350 suos
960 3296 1314 3362 admonebat,
1388 3295 1613 3350 dicens:
1648 3294 1798 3350 Sicut

212 3389 519 3442 exhibuistis
548 3387 774 3442 membra
804 3395 972 3441 vestra
1003 3390 1191 3442 servire
1229 3387 1591 3452 immunditiw,
1620 3396 1669 3441 et
1697 3387 1801 3440 ini-

213 3481 396 3550 quitati
440 3480 509 3533 ad
552 3481 900 3552 iniquitatem,
942 3482 1018 3534 ita
1045 3480 1329 3534 exhibeatis
1367 3479 1594 3533 membra
1633 3490 1802 3534 vestra

213 3577 401 3630 servire
437 3576 660 3646 justitiaz
691 3577 745 3628 in
773 3576 1238 3643 sanctiﬁcationem
1283 3573 1460 3644 (Rom.
1485 3590 1559 3639 vt,
1591 3573 1702 3642 i9).
1734 3573 1804 3626 Et

214 3665 365 3735 quasi
404 3667 472 3718 ad
518 3679 744 3718 auorum
791 3665 1166 3718 similitudines
1196 3677 1291 3718 eos
1330 3663 1603 3732 respicere
1651 3676 1803 3718 com-

215 3759 438 3829 pellens,
469 3758 673 3825 intulit,
695 3759 878 3813 dicens
903 3775 914 3809 :
950 3753 1114 3819 Quem
1141 3772 1262 3827 ergo
1289 3758 1511 3826 fructum
1551 3755 1804 3808 habuistis

213 3855 264 3908 in
293 3857 422 3922 illis,
443 3858 498 3908 in
527 3852 710 3926 quibus
739 3868 874 3905 nunc
903 3849 1236 3904 erubescitis?
1274 3847 1417 3902 Nam
1444 3849 1568 3918 ﬁnis
1594 3848 1804 3902 illorum

214 3963 381 4000 mors.
416 3946 648 4000 Ariorum
679 3959 807 4013 ergo
837 3942 1208 3997 similitudines
1236 3942 1305 3996 ad
1336 3941 1588 3995 ruborem
1618 3939 1752 3995 fiunt
1783 3959 1797 3994 :

215 4037 344 4107 quia
374 4034 610 4106 profecto
636 4034 894 4091 foeditatis
916 4041 1112 4087 nostra:
1133 4033 1373 4087 maculas
1395 4032 1462 4086 ad
1483 4033 1803 4086 memoriam

214 4129 494 4194 ducimus,
545 4129 708 4182 ut'de
751 4127 954 4182 eisdem
999 4127 1222 4181 maculis
1247 4125 1661 4181 confundamur.
1694 4124 1804 4180 Sed

214 4224 544 4278 deanrantur
572 4221 640 4276 ad
668 4221 1012 4276 securitatem
1044 4237 1056 4272 :
1091 4221 1215 4289 quia
1257 4218 1498 4290 profecto
1535 4220 1663 4274 dum
1702 4219 1802 4274 de-

214 4319 543 4374 formitatem
584 4324 823 4370 nostram
855 4328 1099 4383 supernae
1139 4314 1262 4368 vitae
1302 4313 1548 4368 claritate
1576 4313 1802 4368 obduci-

215 4428 350 4474 mus,
370 4411 539 4465 divini
561 4407 823 4465 examinis
845 4407 1233 4463 discussionem
1254 4407 1485 4477 quadam
1513 4406 1805 4462 securitate

214 4501 612 4572 praestolamur.

283 4591 339 4646 6.
375 4591 555 4646 Mures
575 4591 760 4657 etiam,
787 4587 879 4658 qui
907 4594 1107 4643 terram
1137 4586 1376 4642 demoliti
1399 4594 1542 4655 sunt,
1574 4589 1642 4642 de
1669 4601 1804 4642 auro

1901 2027 2091 2074 vestra.
2122 2017 2230 2083 Eis,
2251 2034 2372 2088 quae
2401 2019 2668 2089 praedictae
2697 2025 2845 2086 sunt,
2869 2018 3302 2074 similitudinibus
3323 2019 3502 2088 factis,

1900 2107 2014 2164 Deo
2053 2108 2277 2177 gloriam
2309 2107 2459 2173 dare,
2509 2117 2592 2163 est
2637 2108 2706 2163 de
2733 2107 2913 2163 studio
2941 2099 3069 2163 boni
3099 2108 3300 2178 operis,
3333 2117 3390 2165 et
3429 2109 3504 2166 de

1859 2201 2259 2262 aestimatione
2307 2201 2644 2269 humilitatis,
2688 2203 2742 2256 in
2787 2203 3081 2272 semetipso
3126 2202 3358 2256 inaniter
3386 2217 3499 2258 non

1901 2295 2151 2365 gloriari;
2182 2293 2280 2348 sed
2308 2293 2403 2350 Dei
2433 2295 2819 2365 omnipotentis
2848 2294 3097 2350 laudibus
3147 2309 3310 2350 omne
3352 2293 3500 2364 quod

1901 2386 2075 2454 agitur
2113 2385 2446 2455 impendere.
2497 2383 2566 2440 Et
2612 2387 2740 2456 quia
2786 2385 3008 2442 dicunt:
3037 2387 3098 2441 Si
3131 2388 3265 2458 forte
3310 2386 3504 2441 relevet

1901 2496 2111 2533 manum
2137 2495 2287 2533 suam
2314 2496 2344 2532 a
2392 2479 2534 2533 vobis
2580 2478 2632 2549 (l
2669 2479 2800 2552 Reg.
2833 2496 2914 2547 vr,
2949 2478 3047 2548 5):
3080 2479 3209 2550 quid
3250 2479 3396 2534 aliud
3443 2480 3500 2534 in

1901 2569 2006 2625 hoc
2045 2570 2212 2625 verbo
2243 2569 2596 2624 dubitationis
2624 2571 2906 2640 accipitur,
2958 2571 3062 2625 nisi
3103 2571 3230 2639 quia
3270 2567 3500 2625 difﬁcilis

1906 2661 2213 2717 ostenditur
2240 2660 2608 2716 reconciliatio
2637 2661 3087 2717 criminosorum?
3131 2660 3283 2717 Unde
3319 2669 3374 2715 et
3399 2674 3500 2730 per

1901 2751 2092 2808 Jonam
2121 2754 2317 2807 dicitur
2343 2771 2354 2806 :
2390 2752 2518 2817 Quis
2545 2755 2661 2819 scit,
2704 2754 2751 2808 si
2780 2764 3130 2822 convertatur,
3179 2763 3228 2809 et
3257 2755 3497 2825 ignoscat

1902 2846 2041 2902 Deus
2070 2849 2242 2914 (dona:
2274 2864 2348 2913 Ill,
2379 2846 2470 2917 2)?
2499 2847 2634 2912 Quia
2664 2862 2816 2916 ergo,
2861 2849 2904 2903 si
2944 2848 3084 2902 forte
3135 2847 3341 2901 relevet
3378 2861 3502 2902 ma-

1903 2954 2052 3002 num,
2071 2937 2285 3005 dicitur,
2299 2938 2630 2992 commoveri
2653 2938 2719 2992 ad
2741 2939 3074 3009 poenitentiae
3092 2938 3357 3010 lacrymas
3373 2953 3502 2993 cum

1903 3042 2097 3096 magna
2131 3028 2446 3082 fortitudine
2487 3028 2748 3083 debemus
2781 3046 2793 3081 :
2823 3029 2948 3097 quia
2977 3028 3079 3084 etsi
3119 3029 3172 3082 hi
3202 3028 3292 3097 qui
3323 3027 3504 3097 υωηὶ-

1910 3122 2132 3177 tentiam
2163 3127 2431 3176 austeram
2461 3119 2696 3190 faciunt,
2739 3121 2830 3175 vix
2859 3120 3107 3176 fiduciam
3135 3121 3320 3175 salutis
3349 3120 3504 3174 inve-

1903 3214 2092 3280 niunt,
2130 3213 2459 3282 negligentes
2488 3213 2621 3267 salvi
2671 3213 2784 3268 fieri
2827 3213 3044 3284 quando
3076 3214 3334 3283 possunt?
3365 3211 3500 3277 Quae

1825 3320 1872 3380 ε
1903 3306 2148 3376 profecto
2175 3305 2636 3360 reconciliationis
2657 3305 2943 3360 difficultas
2973 3305 3018 3358 si
3045 3305 3099 3359 in
3124 3304 3503 3373 pmnitentium

1904 3399 2266 3457 aestimatione
2294 3406 2527 3462 tenetur,
2568 3399 2709 3466 apud
2751 3397 3177 3468 omnipotentem
3208 3395 3376 3450 Deum
3407 3409 3502 3448 nc-

1906 3507 2176 3563 quaquam
2217 3491 2486 3545 invenitur
2515 3508 2528 3543 :
2557 3490 2682 3559 quia
2706 3498 2761 3544 et
2787 3489 2914 3542 dum
2953 3489 3197 3542 Ninivitm
3227 3488 3378 3544 velut
3399 3503 3502 3558 pro

1905 3585 2106 3641 difficili
2137 3583 2576 3638 reconciliatione
2601 3583 2749 3652 gravi
2779 3582 3093 3652 poenitentia
3119 3595 3180 3636 se
3208 3580 3489 3650 dejiciunt,

1907 3675 2291 3746 omnipotentis
2311 3673 2405 3728 Dei
2435 3673 2856 3728 misericordiam
2881 3673 3034 3728 facile
3062 3671 3502 3729 meruerunt..Et

1906 3787 2029 3828 cum
2059 3769 2338 3839 propheta:
2367 3766 2534 3823 Joelis
2564 3782 2698 3822 voce
2742 3767 2852 3822 acri
2899 3783 2958 3823 se
3003 3767 3114 3822 Deo
3156 3766 3386 3838 populus
3423 3766 3500 3819 la-

1904 3872 2090 3920 mento
2119 3867 2449 3931 prostraret,
2487 3861 2596 3929 egit
2622 3859 2889 3930 profecto,
2922 3866 2982 3913 ut
3009 3859 3101 3928 qui
3123 3859 3407 3913 videbatur
3433 3856 3498 3911 ad

1843 4011 1852 4015 -
1904 3956 2228 4029 placandum
2252 3953 2503 4019 diﬂicilis,
2535 3953 2650 4022 ejus
2681 3953 2814 4007 iram
2847 3953 3122 4020 levigaret.
3154 3951 3286 4006 Nam
3318 3951 3499 4004 statim

1904 4049 1961 4102 in
1991 4061 2058 4102 eo
2083 4046 2345 4115 scriptum
2373 4053 2484 4099 est:
2506 4043 2718 4096 Zelatus
2743 4050 2818 4095 est
2839 4040 3094 4094 Dominus
3122 4050 3310 4092 terram
3328 4054 3499 4101 suam,

1905 4148 1953 4194 et
1985 4139 2210 4210 pepercit
2240 4137 2429 4207 populo
2456 4151 2549 4188 suo
2573 4132 2711 4204 (Joel
2742 4149 2801 4199 ιι,
2836 4131 2946 4200 18).
2978 4130 3166 4183 Manus
3196 4130 3377 4196 itaque
3409 4143 3500 4180 re-

1910 4232 2137 4292 levatur,
2170 4243 2294 4283 cum
2330 4242 2484 4281 mens
2515 4227 2569 4280 in
2615 4222 2931 4293 pmnitentia
2975 4221 3150 4276 valide
3180 4227 3501 4290 compuncta

1906 4322 1973 4376 ad
1991 4327 2298 4376 consecuta:
2319 4316 2699 4372 misericordiae
2721 4315 2942 4378 donum,
2975 4313 3155 4367 divina
3173 4312 3498 4384 aspiratione

1906 4412 2226 4468 sustollitur.
2260 4409 2325 4462 Et
2365 4409 2520 4476 quia,
2551 4414 2610 4461 ut
2636 4406 2781 4474 dixi,
2832 4405 2886 4460 in
2917 4405 3067 4459 initio
3098 4404 3370 4460 nascentis
3399 4403 3498 4458 Ec-

1906 4506 2104 4570 clesim,
2147 4503 2287 4557 sicut
2315 4499 2581 4569 generalis
2609 4506 2953 4570 peccatorum
2985 4500 3293 4567 conversio,
3345 4499 3416 4553 ita
3444 4504 3501 4553 et

1909 4595 2177 4665 generalis
2199 4600 2316 4647 erat
2338 4591 2706 4646 reconciliatio
2725 4606 3110 4646 conversorum
3134 4609 3147 4643 :
3169 4605 3360 4646 manus
3381 4590 3501 4659 Dei,

215 4685 327 4740 fieri
365 4683 662 4753 jubentur:
695 4683 819 4752 quia
847 4690 903 4737 et
932 4680 1193 4736 immundi
1233 4681 1475 4750 spiritus,
1524 4681 1618 4752 qui
1653 4683 1802 4736 carni
1827 4695 1880 4755 D
1906 4702 2029 4758 qua:
2062 4683 2353 4740 relevanda
2384 4683 2661 4746 asseritur,
2695 4691 2749 4737 et
2776 4683 2843 4736 ab
2873 4681 3225 4748 auditoribus,
3257 4692 3312 4736 et
3340 4697 3371 4734 a
3401 4682 3501 4736 diis

213 4786 414 4833 nostrae
435 4776 795 4846 corruptionis
816 4775 1210 4831 oblectamenta
1233 4775 1626 4844 suggerunt,ad
1644 4774 1802 4844 justi-

214 4869 522 4924 ficationem
553 4879 791 4923 nostram
823 4875 1210 4922 memorantur.
1257 4867 1396 4933 Quid
1434 4875 1517 4921 est
1559 4869 1701 4922 enim
1729 4869 1805 4923 si-

214 4960 543 5014 militudines
569 4960 801 5013 murium
852 4958 1050 5026 facere,
1101 4957 1202 5012 nisi
1241 4973 1336 5012 eas
1381 4973 1512 5025 quas
1550 4958 1617 5012 de
1646 4960 1802 5014 nobis

217 5053 438 5121 maligni
467 5052 684 5122 spiritus
714 5052 1018 5107 habuerunt
1037 5051 1313 5115 victorias,
1342 5051 1667 5105 memorari?
1696 5051 1806 5106 Sed

218 5141 452 5194 murium
499 5155 715 5210 quoque
761 5141 1136 5196 similitudines
1163 5140 1510 5205 deanrantur,
1541 5156 1665 5194 cum
1705 5157 1805 5196 nos

219 5246 409 5287 eorum
423 5232 580 5288 elisos
591 5233 794 5288 viribus
803 5233 1153 5303 suspiramus.
1168 5233 1299 5287 Nam
1313 5233 1437 5288 dum
1450 5234 1688 5303 ipsorum
1705 5249 1805 5290 nos

218 5325 494 5381 fraudibus
523 5327 696 5381 victos
723 5326 1054 5397 plangimus,
1089 5326 1247 5398 148
1279 5326 1652 5382 similitudines
1676 5343 1806 5397 pro-

218 5417 360 5474 fecto
385 5421 617 5473 murium
638 5434 830 5474 aureas
854 5427 1120 5484 tenemus,
1146 5417 1272 5472 dum
1292 5419 1559 5487 praeterita
1581 5419 1807 5476 consilia

220 5508 525 5564 demonum
549 5525 656 5565 non
683 5510 939 5565 habemus
956 5511 1007 5564 in
1031 5510 1394 5566 blandimento
1415 5512 1613 5581 operis,
1637 5513 1731 5567 sed
1753 5515 1808 5570 in

221 5608 537 5671 contemptu
555 5602 969 5672 reprobationis.
983 5601 1060 5656 Ex
1082 5617 1212 5658 auro
1235 5603 1415 5674 itaque
1436 5604 1808 5662 similitudines

221 5692 454 5745 murium
486 5690 620 5747 flunt
642 5734 656 5759 ,
690 5695 816 5763 quia
851 5693 1136 5763 praeteritae
1165 5695 1379 5751 fraudes
1409 5695 1712 5751 daemonum
1742 5699 1808 5754 ad

225 5777 490 5848 fulgorem
529 5784 685 5839 nobis
727 5784 883 5838 bona:
925 5783 1048 5837 vitte
1099 5781 1404 5852 proficiunt.
1455 5784 1629 5840 Tanto
1667 5787 1809 5842 enim

225 5867 541 5932 hmniliores
563 5873 675 5942 jam
707 5889 909 5942 sumus,
958 5879 1160 5946 quanto
1207 5873 1446 5933 membra
1486 5884 1670 5934 nostra
1714 5892 1810 5948 per

1908 4792 2132 4842 eorum,
2178 4783 2234 4830 et
2278 4789 2308 4828 a
2350 4782 2494 4827 terra
2543 4771 2832 4827 relevanda
2875 4771 3204 4841 perhibetur.
3241 4771 3342 4824 Per
3369 4769 3502 4824 deos

1907 4882 2142 4937 namque
2165 4865 2420 4920 sublimes
2435 4871 2489 4919 et
2505 4863 2775 4933 sapientes
2790 4862 2890 4916 viri
2907 4862 3270 4931 designantur.
3289 4859 3422 4913 Nam
3447 4867 3502 4915 et

1909 4959 1975 5013 ad
1993 4957 2215 5027 Moysen
2238 4955 2495 5010 Dominus
2519 4953 2678 5008 dicit:
2697 4952 2857 5006 Posui
2882 4963 2926 5006 te
2947 4955 3001 5006 in
3023 4953 3175 5006 deum
3198 4950 3502 5006 Pharaonis

1911 5049 2106 5122 (Exod.
2128 5063 2218 5112 vn,
2248 5046 2322 5115 l).
2342 5045 2406 5101 Et
2428 5047 2480 5101 in
2506 5045 2659 5114 Legis
2680 5045 2845 5099 etiam
2867 5045 3120 5098 mandato
3151 5043 3458 5114 praecipitur
3485 5062 3498 5097 :

1911 5141 2030 5196 Diis
2060 5157 2163 5196 non
2192 5139 2429 5193 detrahes
2462 5137 2659 5208 (Exod.
2687 5155 2817 5202 χχιι,
2848 5137 2960 5208 28).
2993 5137 3094 5191 Per
3118 5145 3316 5191 terram
3347 5151 3499 5199 vero,

1907 5235 2232 5304 simplicium
2255 5235 2362 5288 vita
2385 5233 2702 5302 exprimitur
2725 5251 2738 5286 :
2762 5232 2887 5301 quia
2908 5232 3034 5286 dum
3057 5231 3500 5302 praedicationem

1908 5329 2269 5399 superiorum,
2307 5327 2454 5380 velut
2492 5327 2612 5382 coeli
2643 5326 2880 5396 pluviam
2910 5325 2963 5379 in
2992 5340 3050 5380 se
3079 5324 3379 5387 cadentem,
3414 5337 3500 5376 re-

1909 5421 2134 5491 cipiunt,
2161 5419 2226 5474 de
2255 5419 2566 5488 irrigatione
2595 5417 2744 5471 verbi
2773 5416 3005 5472 fructum
3037 5415 3318 5486 proferunt
3345 5415 3500 5469 bona:

1911 5511 2261 5582 operationis.
2297 5511 2338 5563 A
2386 5511 2488 5565 diis
2531 5524 2682 5578 ergo,
2713 5517 2768 5563 et
2806 5525 2835 5563 a
2864 5517 3009 5564 terra
3053 5523 3242 5564 manus
3291 5509 3499 5568 Domini

1916 5603 2207 5668 relevetur,
2251 5616 2374 5656 cum
2429 5609 2535 5654 tam
2569 5600 2870 5668 sapientes,
2922 5615 3081 5670 quam
3126 5600 3394 5670 simplices
3434 5599 3499 5658 ad

1920 5695 2298 5753 certitudinem
2328 5693 2521 5748 divina:
2551 5692 2898 5761 indulgentias
2919 5702 3012 5748 aut
3040 5695 3254 5750 occulto
3294 5703 3348 5750 et
3392 5696 3497 5764 spi~

1916 5787 2058 5844 ritali
2087 5785 2310 5849 solatio,
2343 5792 2436 5837 aut
2463 5783 2874 5853 praedicatorum
2899 5784 3102 5854 judicio
3147 5785 3500 5843 reducuntur,

1923 5877 2072 5934 Unde
2099 5884 2153 5934 et
2171 5876 2235 5942 is,
2260 5873 2352 5946 qui
2379 5874 2539 5946 paulo
2568 5877 2816 5949 superius
2840 5876 3090 5934 deaurari
3115 5875 3355 5931 membra
3381 5887 3494 5927 mo-
