4020 6344
523 343 624 402 187

1727 345 1971 405 SANCTI
2010 345 2333 418 6W
2370 354 2587 419 HAGNI

3688 390 3785 445 188

526 462 926 567 Λιοιιεη,
941 477 956 516 :
970 458 1228 567 inhibete
1243 460 1479 567 membra
1492 466 1869 567 uestra-seruire
1880 464 2101 567 iustitia:
2125 467 2179 529 Α
2202 466 2359 567 simul
2388 483 2575 567 saneta
2602 479 2864 555 Ecclesia,
2892 495 2988 545 aut
3010 503 3348 564 unaquaeque
3366 496 3635 567 cuiusque
3663 499 3787 558 uae.

518 572 570 612 ,η
596 555 1269 660 safetTmtiei-icml‘liom.
1294 570 1368 622 vr,
1396 555 1506 660 lii),
1535 558 1685 660 quasi
1717 557 1965 660 relevatae
1987 574 2101 615 ma-
2204 560 2270 617 lis
2309 566 2487 623 anima
2534 570 2886 642 designatur?
2914 580 3080 651 Cujus
3109 555 3351 655 profecto
3401 555 3788 660 plane-trimam;

513 666 614 706 nus
641 648 799 721 ιω
816 649 1023 704 Domini
1042 648 1303 718 judicium
1325 649 1913 720 proferens,ait:Nunc
1929 660 2099 707 autem
2198 666 2325 716 sunt
2362 669 2652 735 utrumque
2679 648 3265 734 Τθεωωθηιίιω,’Νεω
3305 648 3433 736 dun}
3469 692 3660 739 sancta

512 746 716 802 liberati
740 764 772 801 a
797 756 1025 817 peccato,
1058 747 1188 801 servi
1217 756 1387 800 autem
1426 749 1551 818 facti
1582 746 1713 812 Deo,
1741 748 1939 803 habetis
1982 750 2095 821 fru-

2199 748 2386 816 clesia,
2417 753 2498 808 vel
2517 756 2692 814 electa
2716 761 2970 829 quislibet
2993 781 3151 823 mens
3195 783 3294 837 per
3313 778 3470 828 vetus
3497 780 3556 829 et
3584 788 3784 831 novum

508 843 646 890 ctum
684 845 909 891 vestrum
952 838 1009 890 in
1062 837 1550 907 sancti/irationem,
1594 840 1752 908 ﬁnem
1784 856 1900 895 vero
1941 840 2096 896 vitam
2197 840 2599 903 Testamentum
2628 849 2910 920 instructa,
2939 857 3007 911 ad
3035 864 3295 917 aeternam
3320 862 3484 919 vitam
3511 864 3777 933 innititur,

512 939 759 986 teternam
800 929 989 1002 (κήδη
1018 929 1131 1001 22).
1183 928 1321 985 Hinc
1368 930 1563 985 iterum
1609 932 1885 989 conversis
1926 946 1958 987 α
1995 947 2092 987 nc-

507 1023 713 1092 quioris
733 1024 856 1078 vitae
884 1021 1244 1089 deformitate,
1274 1022 1538 1091 integrum
1566 1024 1682 1078 auri
1714 1023 1970 1092 fulgorem
1991 1024 2090 1079 mi-

502 1116 755 1181 rabatur,
807 1117 1034 1171 dicens:
1068 1115 1269 1169 Fuistis
1319 1115 1601 1187 aliquando
1646 1116 1898 1182 tenebris,
1953 1132 2090 1172 nunc

502 1221 675 1267 autem
706 1213 796 1267 tua:
835 1211 891 1265 in
932 1210 1157 1266 Domino
1189 1208 1347 1280 (Epit.
1390 1225 1446 1273 v,
1478 1208 1556 1279 8).
1590 1208 1726 1264 Hinc
1774 1209 1913 1263 idem
1960 1224 2088 1264 suos

499 1303 832 1369 collaudans,
857 1302 930 1356 ait
959 1320 970 1354 :
1002 1300 1069 1355 In
1095 1301 1261 1357 medio
1288 1301 1515 1354 nationis
1536 1316 1709 1372 pravis
1735 1309 1783 1353 et
1814 1315 2083 1370 perversae,

496 1398 554 1453 in
582 1400 765 1469 quibus
796 1397 992 1461 lucetis,
1023 1396 1170 1467 quasi
1208 1394 1487 1449 luminaria
1513 1394 1568 1448 in
1611 1394 1805 1447 mundo
1833 1392 1996 1463 (Phil.
2023 1407 2080 1457 tt,

495 1489 611 1563 15).
635 1491 813 1547 Factis
840 1490 1002 1560 igitur
1025 1505 1094 1545 ex
1134 1505 1270 1544 aure
1297 1487 1735 1545 similitudinibus
1762 1502 1986 1541 anorum
2026 1494 2083 1540 et

494 1586 748 1655 murium,
780 1592 836 1640 et
865 1583 988 1639 data
1032 1584 1144 1639 Deo
1172 1582 1365 1655 gloria,
1407 1596 1597 1636 manus
1625 1580 1837 1636 Domini
1867 1580 2080 1635 releva-

492 1683 619 1731 tur:
648 1677 771 1745 quia
799 1682 923 1747 post
951 1673 1281 1746 paenitentiae
1324 1673 1555 1736 luctum,
1603 1678 1727 1739 post
1751 1669 2081 1725 melioratio-

2194 936 2346 1005 quasi
2366 938 2681 997 sublimibus
2706 944 2939 1011 prmlatis
2967 949 3120 1017 rotis,
3148 950 3213 1008 ad
3242 954 3580 1024 propositum
3603 958 3785 1015 locum

2190 1041 2288 1097 per
2326 1028 2492 1084 altum
2521 1029 2710 1088 fertur.
2738 1034 2846 1090 Sed
2876 1036 3172 1106 plaustrum
3213 1039 3327 1099 ﬁeri
3352 1060 3555 1101 novum
3586 1050 3781 1117 praeci-

2188 1118 2353 1189 pitur,
2400 1130 2458 1176 ut
2501 1122 2769 1195 videlicet,
2809 1128 2900 1198 qui
2928 1130 2995 1185 ad
3024 1141 3226 1191 acterna
3249 1136 3443 1204 gaudia
3488 1141 3785 1209 pervenire

2188 1211 2481 1280 desiderat,
2530 1230 2627 1285 per
2655 1230 2983 1291 prmceptum
3033 1223 3335 1282 dilectionis
3384 1230 3513 1285 novi
3542 1232 3783 1293 hominis

2186 1304 2473 1374 splendore
2500 1309 2781 1365 vestiatur.
2812 1310 2928 1368 [loc
2955 1314 3154 1385 quippe
3180 1318 3479 1386 plaustrum
3528 1321 3782 1380 innovari

2186 1398 2532 1467 pracipiebat
2556 1400 2834 1469 Dominus,
2866 1408 3024 1478 150
3040 1408 3260 1465 dicens:
3292 1411 3410 1468 Hoc
3438 1423 3514 1471 est
3543 1433 3783 1488 pracep-

2187 1499 2293 1544 tum
2320 1508 2507 1558 iuseum,
2538 1502 2594 1547 ut
2620 1494 2850 1566 diligatis
2872 1499 3108 1567 invicem,
3141 1504 3273 1557 sicut
3291 1504 3452 1561 dilexi
3473 1524 3567 1564 eos
3590 1508 3776 1580 (Joan.

2186 1596 2275 1645 xv,
2309 1582 2418 1651 12).
2461 1584 2599 1640 Hinc
2643 1584 2839 1643 Paulus
2866 1591 3127 1661 prmcipit,
3176 1596 3397 1651 dicens:
3430 1597 3780 1657 Renoeamini

2181 1672 2366 1742 spiritu
2392 1677 2576 1728 mentis
2617 1687 2821 1746 vestrm,
2863 1689 2912 1733 et
2936 1681 3213 1739 induimiui
3254 1702 3440 1747 nouum
3483 1689 3777 1758 hominem,

486 1782 611 1826 nem
639 1770 795 1839 vitae,
838 1776 893 1824 et
919 1766 1290 1832 mstimationis
1336 1763 1719 1829 humilitatem,
1768 1764 1834 1818 ad
1863 1764 2078 1834 plenam
2181 1766 2267 1836 qui
2292 1766 2571 1823 secundum
2596 1768 2761 1825 Deum
2789 1784 2992 1829 creatus
3013 1783 3089 1829 est
3116 1776 3135 1844 (
3161 1774 3356 1846 Ephes.
3382 1795 3456 1847 iv,
3478 1778 3601 1848 25),
3628 1779 3776 1843 Ηίηο

486 1862 877 1933 omnipotentis
902 1856 1439 1914 Deimisericordlam
1469 1863 1785 1927 peceatores
1808 1856 2076 1911 reducam-
2106 1848 2154 1909 B
2182 1853 2455 1911 Romanos
2493 1858 2790 1927 alloquens,
2818 1863 2893 1919 ait
2926 1881 2939 1916 :
2974 1862 3026 1918 Ν
3031 1882 3099 1920 en
3126 1866 3181 1919 in
3219 1869 3681 1927 conussationibus
3722 1880 3771 1927 et

480 1961 591 2010 tur.
622 1952 688 2007 Et
714 1952 839 2023 quia
884 1950 986 2005 ista
1018 1949 1198 2005 omnia
1228 1947 1403 2004 adhuc
1447 1964 1543 2019 per
1566 1948 1851 2005 consilium
1879 1950 2075 2019 pmci-
2177 1946 2523 2015 ebrietatibus,
2548 1966 2651 2005 non
2680 1953 2735 2005 in
2766 1955 3092 2011 contentione
3128 1966 3177 2015 et
3197 1960 3548 2025 lapidatione,
3580 1978 3685 2019 non
3712 1962 3769 2019 in

479 2047 731 2118 piuntur;
778 2043 1193 2115 prmdicatorum
1236 2056 1368 2098 vero
1410 2042 1691 2098 consilium
1738 2042 1831 2096 alii
1875 2041 2072 2097 devote

477 2140 794 2213 perﬁciunt,
826 2138 917 2193 alii
944 2154 1073 2194 vero
1101 2143 1475 2207 contemnunt,
1514 2137 1609 2207 qui
1650 2136 1719 2192 de
1764 2138 1921 2193 bona:
1950 2137 2071 2191 vitm

477 2236 767 2313 splendore
804 2235 977 2291 bonos
1014 2234 1263 2289 laudibus
1288 2232 1547 2299 efferunt,
1590 2239 1778 2287 contra
1807 2230 2070 2300 superbos

475 2343 576 2399 per
604 2327 960 2383 invectioncm
989 2325 1377 2396 increpationis
1407 2323 1793 2380 accenduntur.
1822 2322 1953 2377 Nam
1981 2336 2069 2377 so-

475 2419 658 2489 quitur
678 2437 694 2472 :

546 2509 723 2581 (Vcrs.
781 2508 860 2582 6.)
903 2509 1075 2576 Quare
1126 2508 1423 2582 aggravatis
1473 2508 1633 2564 corda
1684 2516 1875 2573 vestra,
1932 2510 2066 2564 sicut

470 2596 760 2673 Egyptus,
784 2611 835 2655 et
863 2599 1076 2655 Pharao
1099 2602 1123 2655 ?
1459 2626 1476 2652 ι

544 2692 599 2749 8.
631 2691 739 2748 Cor
764 2708 1016 2763 namque,
1060 2700 1123 2747 ut
1145 2690 1411 2763 Egyptus
1440 2700 1497 2747 et
1526 2690 1757 2755 Pharao,
1786 2698 2061 2761 aggravat,

470 2782 563 2856 qui
586 2784 695 2855 iam
725 2784 1033 2855 cognitione
1054 2785 1193 2839 sacri
1223 2784 1445 2853 eloquii,
1467 2783 1691 2838 vulnera
1715 2790 2061 2853 peccatorum

468 2891 690 2934 suorum
721 2878 990 2947 intelligit,
1019 2885 1075 2931 et
1103 2886 1287 2932 tamen
1330 2893 1429 2947 per
1456 2877 1885 2931 meliorationem
1914 2877 2057 2944 vitae,

465 2982 567 3041 per
595 2969 1004 3025 amaritudinem
1047 2971 1391 3040 poenitentiae,
1428 2969 1494 3024 ad
1542 2984 1667 3025 vera
1700 2968 1890 3024 futura:
1936 2971 2060 3024 vitae

465 3060 663 3132 gaudia
692 3062 925 3115 animum
957 3076 1064 3115 non
1093 3061 1342 3116 intendit.
1375 3061 1520 3115 Bene
1548 3074 1677 3128 ergo
1698 3059 1967 3131 Egyptiis
2004 3061 2059 3115 in

465 3156 733 3225 gravitate
762 3153 940 3209 cordis
968 3154 1253 3209 similatur.
1287 3152 1555 3225 Egyptus
1594 3155 1793 3225 quippe
1822 3155 2058 3209 tenebrm

2173 2036 2423 2091 cubilibus
2462 2050 2511 2093 et
2539 2041 2896 2111 impudicitiis,
2928 2047 3019 2101 sed
3054 2047 3334 2105 induimini
3363 2049 3653 2106 Dominum
3677 2050 3769 2107 Je-

2170 2143 2283 2181 sum
2306 2127 2568 2185 Christum
2614 2132 2791 2203 (Rom.
2835 2152 2947 2199 xm,
2982 2137 3096 2207 15).
3138 2138 3442 2201 Plaustrum
3475 2142 3643 2211 igitur
3671 2158 3769 2205 n0-

2168 2234 2294 2275 vum
2323 2222 2474 2287 facit,
2494 2225 2661 2291 quiet
2684 2236 2969 2298 utrumque
2995 2228 3399 2293 Testamentum
3426 2243 3582 2292 recte
3609 2235 3767 2297 intel-

2167 2312 2286 2382 ligit
2316 2353 2332 2378 ,
2381 2324 2437 2375 et
2481 2317 2769 2387 splendore
2806 2329 3005 2376 sancta:
3043 2326 3469 2391 conversationis
3514 2328 3759 2395 indutus.

2166 2406 2233 2461 ad
2271 2424 2507 2479 superna
2534 2426 2656 2467 sese
2683 2412 2950 2470 desideria
2974 2417 3237 2479 extendit.

2238 2508 2326 2563 10.
2359 2509 2590 2567 Possunt
2631 2528 2846 2585 quoque
2885 2523 3038 2583 rotze,
3072 2520 3266 2588 quibus
3307 2522 3415 2578 hoc
3459 2524 3763 2592 planam

2164 2601 2423 2672 graditur,
2452 2604 2612 2659 electi
2653 2607 2912 2676 cujusque
2942 2610 3212 2679 geminum
3254 2612 3587 2669 desiderium
3613 2616 3760 2671 desi-

2164 2704 2330 2759 gnare
2351 2710 2363 2746 :
2386 2693 2512 2761 quia
2535 2695 2778 2765 quisquis
2797 2697 2927 2767 iam,
2955 2702 3257 2770 opitulante
3277 2703 3407 2771 Deo,
3432 2716 3760 2774 praesentem

2161 2785 2328 2839 vitam
2353 2785 2407 2840 in
2432 2802 2725 2842 arumnam
2754 2792 3201 2862 peregrinationis
3233 2803 3402 2861 tenet,
3426 2796 3492 2850 ad
3521 2796 3760 2854 futuram

2162 2876 2550 2934 beatitudinem
2576 2880 2778 2938 idcirco
2805 2886 3086 2954 pervenire
3112 2885 3378 2941 desiderat
3405 2905 3418 2954 ;
3453 2899 3510 2943 ut
3550 2890 3760 2960 impas-

2162 2968 2333 3024 sibilis
2358 2979 2414 3025 et
2439 2971 2759 3029 immortalis
2780 2972 2912 3028 ﬁat:
2938 2984 2997 3030 ut
3013 2976 3267 3033 videlicet
3292 2994 3390 3048 per
3410 2995 3601 3047 unum,
3634 2996 3757 3036 eam

2162 3076 2321 3131 quam
2361 3063 2567 3129 horret,
2624 3066 2896 3122 miseriam
2947 3066 3204 3137 deserat;
3253 3086 3352 3140 per
3390 3070 3560 3135 aliud,
3606 3086 3754 3138 eam,

2163 3166 2325 3220 quam
2374 3163 2736 3223 promeretur,
2788 3157 3177 3215 beatitudinem
3222 3176 3498 3231 nunquam
3538 3163 3756 3232 perdat.

460 3219 677 3303 dicitur.
711 3246 848 3315 Quid
895 3261 1025 3317 ergo
1056 3245 1277 3318 Aﬁgypti
1310 3219 1525 3302 nomine
1564 3219 1842 3317 accipitur,
1878 3248 1978 3303 nisi
2023 3264 2053 3304 a
2082 3219 2133 3284 ο
2163 3243 2349 3300 Vaccae
2377 3219 2558 3300 autem
2593 3257 2717 3303 sunt
2744 3250 2916 3305 Sancti
2956 3219 3369 3321 prtedicatores:
3400 3253 3502 3321 Qui
3538 3219 3676 3324 quia
3702 3264 3760 3313 et

458 3339 722 3396 oculorum
779 3340 997 3397 sedibus
1045 3340 1357 3409 angelorum
1405 3339 1554 3410 lapsa
1609 3340 1946 3396 multitudo?
1986 3342 2054 3396 Et

458 3429 589 3499 quid
620 3430 672 3483 in
703 3429 982 3487 Pharaone
1011 3430 1231 3503 .tEgypti
1261 3446 1407 3502 rege,
1441 3432 1541 3487 nisi
1564 3433 1678 3502 ipse
1707 3434 2051 3489 tenebrarum

458 3540 654 3588 auctor
681 3533 924 3589 diabolus
943 3532 1257 3603 designatur
1277 3534 1462 3590 ?Bene
1478 3548 1605 3604 ergo
1627 3535 2054 3593 dissimulatores

460 3623 811 3693 pmnitentize,
839 3623 1077 3696 Egypto
1108 3635 1162 3680 et
1190 3624 1459 3681 Pharaoni
1501 3628 1555 3682 in
1586 3627 1766 3683 cordis
1793 3644 2052 3699 aggrava-

458 3715 611 3771 tione
631 3715 952 3771 similantur.
982 3716 1217 3788 Reprobi
1247 3716 1443 3787 quippe
1490 3720 1663 3787 angeli
1685 3720 1853 3775 semel
1879 3736 1908 3774 a
1934 3736 2050 3777 coe-

454 3805 681 3863 lestibus
712 3807 868 3879 lapsi,
894 3808 1033 3863 sicut
1062 3823 1301 3863 amorem
1331 3809 1540 3864 amissa?
1566 3809 1913 3865 beatitudinis
1942 3827 2049 3867 non

452 3898 749 3970 recipiunt,
793 3900 866 3954 ita
895 3909 949 3954 et
988 3900 1363 3971 pcenitentiam
1413 3913 1574 3969 agere
1622 3898 1689 3957 de
1738 3909 2048 3971 perpetrata

450 3989 705 4061 Superbia
746 4006 1019 4060 nunquam
1052 3998 1297 4060 possunt.
1332 3989 1467 4045 Dum
1497 4005 1625 4061 ergo
1654 3992 1825 4048 sancti
1854 3992 2051 4063 pracdi-

453 4087 667 4136 catores
711 4088 901 4137 contra
950 4080 1289 4151 impudentes
1335 4090 1652 4152 peccatores
1689 4099 1786 4153 per
1833 4094 2048 4140 acutam

453 4175 879 4247 increpationem
926 4191 985 4231 se
1026 4175 1324 4243 invehunt,
1368 4176 1590 4248 {Egypti
1637 4186 1691 4233 et
1749 4178 2048 4235 Pharaonis

448 4266 852 4327 similitudinem
886 4266 955 4321 ad
996 4267 1232 4321 medium
1280 4268 1523 4337 ducunt;
1556 4277 1618 4324 ut
1648 4269 1922 4325 auditores
1951 4285 2047 4324 eo-

448 4372 571 4413 rum
597 4366 747 4412 tanto
773 4356 981 4412 facilius
1007 4356 1072 4411 ad
1095 4354 1514 4414 satisfactionem
1538 4370 1819 4430 proruant,
1844 4367 2048 4431 quanto

447 4463 548 4518 per
569 4448 641 4514 id,
667 4449 809 4518 quod
834 4448 1210 4518 paenitentiam
1234 4452 1426 4505 nolunt
1449 4466 1627 4521 agere,
1662 4453 1926 4508 damnatis
1948 4467 2047 4507 an-

450 4540 583 4619 gelis
610 4556 669 4596 se
698 4556 816 4596 esse
840 4540 1044 4596 similes
1072 4556 1183 4597 non
1210 4542 1477 4611 ignorant.
1522 4542 1674 4599 Unde
1702 4552 1758 4600 et
1782 4546 2044 4600 instanter

444 4632 515 4687 ad
542 4632 777 4693 studium
806 4633 1133 4704 adimplendi
1164 4635 1369 4691 consilii
1399 4651 1493 4691 eos
1513 4644 1730 4706 cogunt,
1763 4637 1889 4694 dum
1910 4638 2039 4695 sub-
2066 4632 2103 4665 “

446 4723 744 4781 inferentes
773 4724 958 4779 dicunt
985 4743 998 4778 :

518 4814 695 4889 (Vers.
741 4815 1134 4890 7—9.)Aecipite
1161 4835 1303 4891 ergo,
1334 4827 1383 4873 et
1427 4822 1581 4892 facile
1629 4822 1916 4888 plaustrum
1942 4839 2040 4877 no-

448 4925 565 4964 vum
594 4926 773 4976 unum,
802 4918 851 4963 et
894 4910 1025 4964 duas
1066 4927 1247 4965 vaccas
1278 4913 1429 4983 fetas,
1464 4912 1644 4983 quibus
1674 4929 1777 4966 non
1817 4920 1893 4966 est
1938 4914 2037 4967 im-

441 5001 665 5072 positum
687 5000 897 5072 jugum,
920 5001 1127 5073 jungite
1155 5002 1222 5054 ad
1250 5003 1555 5072 plaustrum,
1585 5014 1633 5056 et
1664 5005 1889 5058 claudite
1912 5006 2037 5059 vitu-

440 5090 522 5147 los
553 5109 732 5147 earum
775 5094 944 5148 clomi:
978 5094 1262 5165 tnlletisque
1290 5111 1469 5147 arcam
1496 5093 1727 5158 Domini,
1761 5104 1810 5148 et
1841 5098 2040 5167 ponetis

441 5186 559 5238 eain
586 5185 637 5238 in
671 5186 981 5256 plaustrum,
1002 5194 1052 5240 et
1078 5202 1200 5239 vasa
1218 5202 1399 5252 aurea,
1422 5202 1535 5257 qua:
1560 5188 1849 5242 exsolvistis
1876 5189 1922 5242 ei
1947 5205 2042 5258 pro

442 5277 653 5341 delicto,
702 5277 902 5345 ponetis
933 5278 985 5332 in
1024 5278 1250 5351 capsella
1288 5278 1356 5331 ad
1385 5278 1521 5332 latus
1549 5278 1682 5349 ejus,
1711 5288 1762 5332 et
1800 5280 2044 5334 dimittite

444 5384 582 5433 eam,
616 5377 673 5421 ut
712 5369 882 5423 vadat.
916 5369 985 5425 Et
1025 5374 1325 5443 aspicielis:
1376 5383 1424 5426 et
1467 5374 1512 5425 si
1542 5373 1743 5441 quidem
1785 5392 1877 5443 per
1905 5376 2041 5429 riam

449 5460 731 5525 conﬁnium
772 5478 983 5517 suorum
1011 5465 1299 5519 ascenderit
1339 5474 1521 5518 contra
1564 5465 1886 5535 Bellisnmes,
1930 5468 2042 5532 ipse

451 5554 571 5624 fecit
596 5554 733 5609 vobis
763 5557 960 5626 grande
1001 5557 1192 5610 malum
1224 5556 1336 5610 hoc.
1370 5556 1431 5611 Si
1458 5566 1627 5611 mitem
1655 5558 1884 5624 minime,
1917 5561 2042 5614 scie-

452 5647 517 5701 tis
560 5650 681 5718 quia
722 5666 1041 5721 nequaquam
1072 5667 1253 5706 manus
1281 5650 1391 5721 ejus
1439 5651 1606 5723 tetigit
1646 5667 1758 5717 nos,
1791 5652 1879 5706 sed
1915 5669 2040 5707 casu

451 5741 661 5795 accidit.

527 5830 580 5885 9.
612 5830 753 5896 Quid
797 5832 940 5890 enim
981 5834 1206 5901 plaustri
1236 5837 1476 5901 nomine,
1521 5836 1621 5893 nisi
1648 5844 1744 5892 aut
1786 5836 2039 5893 universa

2158 3339 2373 3408 gemino
2401 3348 2673 3410 praecepto
2699 3342 2979 3399 charitatis
3008 3345 3245 3415 insignes
3271 3356 3414 3411 situt,
3443 3355 3498 3401 et
3528 3348 3583 3402 in
3611 3362 3757 3405 nova

2159 3433 2573 3487 conversatione
2621 3449 3006 3491 conversorum
3056 3438 3265 3493 animas
3307 3439 3548 3508 gignunt,
3600 3449 3756 3497 recte

2157 3532 2267 3579 tam
2316 3525 2526 3580 binario
2570 3542 2816 3594 numero,
2854 3543 3015 3598 quam
3069 3529 3326 3585 feminino
3354 3544 3551 3598 genere
3605 3531 3754 3593 desi-

2155 3610 2407 3689 gnantur.
2455 3621 2619 3677 Vituli
2670 3631 2849 3678 autent
2888 3631 3015 3679 sunt
3041 3623 3305 3679 desideria
3334 3632 3574 3679 terrena.
3608 3622 3746 3681 Cum

2155 3726 2283 3780 ergo
2299 3726 2474 3767 vacem
2495 3714 2791 3781 plaustrum
2812 3714 3054 3780 trahunt,
3079 3713 3227 3769 domi
3242 3714 3439 3769 vitulos
3453 3713 3750 3773 claudunt:

2153 3802 2276 3873 quia
2309 3802 2433 3856 dum
2463 3801 2652 3857 electis
2679 3802 2921 3857 ﬁdelibus
2948 3802 3018 3858 ad
3059 3818 3349 3877 supernam
3388 3805 3615 3873 patriam
3640 3802 3747 3865 du-

2154 3903 2332 3949 catum
2359 3895 2619 3963 praebent,
2643 3909 2707 3949 ea
2735 3894 3001 3949 desideria
3028 3910 3148 3965 qum
3176 3896 3254 3952 eis
3272 3897 3560 3966 reprobam
3576 3898 3753 3963 vitam

2152 3993 2470 4054 suggerunt,
2502 3985 2719 4054 prodire
2746 3986 2813 4041 ad
2841 3986 3096 4043 eﬁ‘ectum
3124 3976 3432 4057 prohibent.
3475 3988 3752 4049 Claudunt

2151 4079 2352 4148 quippe
2397 4080 2615 4146 vitulos,
2648 4096 2770 4135 cum
2800 4080 2910 4150 jam
2950 4081 3186 4151 superba
3233 4082 3495 4139 desideria
3524 4083 3578 4138 in
3624 4085 3754 4154 ipso

2153 4171 2511 4239 suggestionis
2538 4172 2715 4238 initio,
2747 4173 2889 4229 intra
2920 4173 3309 4230 conscientiam
3348 4182 3659 4242 conterunt,
3690 4184 3752 4232 et

2148 4261 2414 4333 prolicere
2442 4277 2506 4318 ea
2534 4264 2602 4318 ad
2632 4263 2881 4318 allectum
2910 4266 3090 4336 operis
3117 4280 3227 4321 non
3252 4267 3593 4335 permittunt.
3632 4265 3745 4323 Un-

2148 4355 2217 4410 de
2254 4364 2312 4411 et
2341 4371 2538 4423 vaccae,
2589 4357 2786 4426 quibus
2830 4373 2939 4412 non
2968 4366 3054 4413 est
3074 4356 3262 4427 iugum
3309 4359 3645 4429 impositum,
3676 4360 3749 4416 ad

2150 4449 2469 4504 trahendum
2498 4448 2793 4519 plaustrum
2817 4451 3027 4519 exquiri
3055 4442 3439 4520 perhibentur:
3461 4452 3593 4521 quia
3608 4467 3750 4522 prm-

2149 4540 2422 4596 dicatores
2467 4540 2655 4595 electis
2694 4540 2941 4597 ﬁdelibus
2987 4542 3307 4610 providendi
3346 4551 3494 4605 sunt,
3525 4544 3621 4612 qui
3647 4558 3744 4612 per

2149 4631 2295 4686 nulla
2327 4645 2494 4686 onera
2531 4630 2772 4689 criminis
2798 4630 3029 4700 subjecti
3054 4630 3163 4687 sint
3190 4631 3421 4701 imperio
3458 4632 3745 4689 diabolica:

2144 4721 2447 4794 potestatis.
2482 4722 2561 4775 De
2603 4737 2713 4791 quo
2737 4722 2980 4791 profecto
3005 4721 3134 4792 jugo
3162 4738 3260 4793 per
3286 4724 3612 4792 prophetam
3653 4723 3741 4777 di-

2147 4813 2287 4867 citur
2320 4829 2333 4865 :
2364 4810 2955 4884 Computreseetjuguns
2980 4830 3015 4867 a
3062 4814 3196 4883 facie
3223 4813 3324 4868 olei
3353 4812 3488 4884 (Isa.
3535 4830 3593 4882 x,
3624 4813 3740 4882 27).

2146 4902 2294 4959 Bene
2309 4910 2490 4959 autem
2502 4918 2788 4974 processus
2808 4918 3065 4963 sensuum
3091 4904 3271 4961 ordini
3290 4906 3588 4967 concordat
3614 4920 3743 4959 ver-

2147 4998 2381 5053 borum:
2431 4996 2560 5067 quia
2588 4996 2689 5055 etsi
2717 4994 2942 5051 adversa
2987 4995 3361 5055 dominatione
3387 5004 3513 5050 sunt
3557 4995 3744 5064 liberi,

2149 5105 2373 5148 necesse
2402 5098 2487 5145 est
2523 5096 2583 5143 ut
2610 5104 2829 5159 semper
2856 5088 2965 5145 sint
3006 5090 3074 5143 de
3113 5087 3293 5144 futura
3322 5090 3746 5146 conversatione

2146 5186 2399 5255 suspecti.
2454 5184 2643 5240 Vaccae
2672 5196 2803 5253 ergo
2832 5190 2889 5238 et
2936 5182 3057 5238 sine
3094 5182 3225 5251 jugo
3274 5190 3419 5245 sunt,
3452 5188 3509 5235 et
3559 5190 3747 5241 tamen

2144 5293 2332 5334 earum
2361 5278 2513 5332 vituli
2543 5277 2691 5332 domi
2718 5275 3077 5334 clauduntur:
3108 5276 3235 5345 quia
3276 5274 3447 5333 sancti
3476 5274 3749 5342 praedica-

2146 5376 2293 5424 tores
2324 5367 2643 5423 adversariis
2681 5367 2960 5438 spiritibus
3005 5380 3075 5421 ex
3118 5367 3317 5425 virtute
3345 5363 3701 5427 dominantur
3728 5382 3745 5416 :

2144 5458 2238 5515 sed
2282 5460 2351 5513 ab
2387 5457 2699 5513 edomandis
2728 5455 2907 5527 pravis
2951 5456 3246 5521 desideriis,
3279 5468 3345 5512 eo
3377 5454 3750 5509 intentionem

2144 5568 2252 5608 non
2295 5552 2563 5621 auferunt,
2592 5565 2700 5619 quo
2744 5549 2814 5604 de
2839 5548 3146 5611 sanctitate,
3172 5560 3276 5616 qua
3302 5560 3363 5600 se
3390 5552 3623 5599 ornatos
3649 5556 3748 5599 as-

2145 5647 2370 5717 piciunt,
2410 5645 2757 5699 securitatem
2812 5640 2869 5697 in
2916 5642 3017 5696 hac
3051 5640 3161 5697 vita
3187 5648 3507 5709 perpetuam
3536 5638 3753 5695 habere

2147 5756 2253 5797 non
2280 5746 2526 5808 possunt.
2559 5736 2626 5791 Et
2664 5736 2789 5807 quia
2821 5735 3014 5790 talibus
3052 5733 3242 5789 divine:
3271 5733 3598 5802 cognitionis
3622 5746 3725 5800 gra
3814 5752 3840 5816 μ

2146 5837 2221 5893 tia
2250 5832 2412 5890 latius
2440 5831 2698 5904 aperitur,
2744 5838 2870 5900 apte
2896 5843 3021 5885 arca
3049 5826 3262 5884 Domini
3292 5826 3429 5895 tolli,
3477 5836 3535 5885 et
3575 5840 3750 5895 super
