4020 6344
226 426 327 491 189

1038 412 1105 470 IN
1140 412 1405 471 PRIMUM
1441 411 1689 479 REGUM
1718 409 2230 478 EXPDSITIUNES.
2256 443 2329 461 -—
2354 415 2487 473 LIB.
2518 418 2611 478 Ill.

3380 425 3484 485 190

218 542 520 623 plaustrtun
549 532 678 607 poni
704 529 1030 607 prgecipitur.
1059 528 1213 597 Quod
1242 535 1422 586 autem
1448 527 1650 600 imponi
1677 540 1802 623 arca
1825 527 1879 599 Α
1904 527 2256 585 eruditionem
2302 530 2621 602 percipiant,
2667 540 2726 590 et
2777 532 2991 597 ﬁrmam
3038 536 3486 599 consuetudinem

222 632 559 699 auditoribus
604 643 771 701 super
816 626 1115 709 plaustrum
1141 623 1383 696 jubetur,
1414 623 1518 683 hoc
1564 622 1805 693 profecto

215 729 479 797 insinuat,
527 721 799 791 videlicet,
845 718 996 793 quod
1036 718 1092 773 in
1138 723 1326 775 sancta
1353 714 1590 779 Ecclesia
1628 713 1807 786 plures

219 820 442 883 ordines
460 815 748 900 prtesulum
778 812 1119 877 invenimus:
1149 810 1273 882 quia
1299 813 1428 871 dum
1455 809 1808 883 praerogativa

219 909 308 965 alii
350 899 469 971 aliis
496 905 770 975 digniores
795 909 943 973 sunt,
997 901 1159 967 etiam
1198 901 1575 963 auctoritatem
1614 899 1807 972 pransi.-

219 998 403 1074 piendi
442 998 744 1061 sortiuntur
778 1006 801 1033 ³
832 995 886 1059 in
915 994 1147 1061 culmine
1176 993 1377 1061 ordinis
1414 993 1638 1055 altioris.
1672 991 1808 1050 Cum

217 1108 351 1163 ergo
378 1104 501 1159 arca
532 1090 743 1155 Domini
768 1087 951 1153 reduci
971 1086 1302 1167 praecipitur,
1326 1101 1487 1158 super
1511 1086 1809 1159 plaustrum

217 1199 421 1247 novum
464 1181 596 1263 poni
626 1181 979 1252 perhibetur;
1011 1180 1134 1247 quia
1163 1179 1409 1253 profecto
1440 1179 1508 1243 ad
1552 1190 1811 1246 aeternam

218 1275 452 1353 patriam
479 1289 603 1337 cum
626 1273 935 1343 cognitione
962 1279 1427 1339 sacramentorum
1451 1271 1807 1344 spiritualium

217 1376 375 1435 recte
401 1367 663 1440 graditur,
695 1365 787 1443 qui
832 1366 939 1423 hoc
985 1365 1131 1437 quod
1183 1364 1252 1424 de
1302 1373 1488 1423 sancta
1533 1365 1808 1437 Scriptura

215 1459 425 1527 didicit,
454 1474 550 1539 per
576 1473 732 1521 novae
759 1457 1187 1523 conversationis
1217 1457 1675 1528 pulchritudinem
1700 1474 1810 1517 non

215 1552 496 1633 relinquit.

292 1644 384 1705 11,
416 1642 498 1707 Ad
522 1641 663 1701 latus
687 1640 1140 1711 autcm‘ejusdem
1163 1655 1302 1698 arca:
1328 1656 1457 1697 vasa
1479 1655 1661 1710 aurea,
1691 1639 1812 1713 quin

214 1736 266 1793 ei
293 1750 398 1810 pro
438 1733 637 1797 delicto
664 1744 790 1793 sunt
814 1732 1043 1802 reddita,
1069 1733 1201 1806 poni
1231 1734 1639 1806 prmcipiuntur.
1670 1735 1810 1797 Vasa

1904 625 2061 691 boum
2107 625 2458 697 operationis.
2489 626 2622 687 Nam
2652 642 2755 685 nec
2778 626 3115 698 simplicibus
3144 628 3404 697 subjectis
3432 638 3488 687 et

1906 719 2044 781 bene
2068 719 2391 786 viventibus,
2433 734 2535 776 nec
2562 718 2789 780 eruditis
2817 725 2874 775 et
2923 718 3149 781 inﬁrmis
3175 718 3391 779 vivendi
3419 720 3488 776 li-

1906 812 2088 873 bertas
2114 820 2265 871 recte
2303 812 2637 870 conceditur.
2678 810 2761 871 Illi
2789 810 2988 883 quippe
3013 826 3042 867 a
3072 811 3267 871 callido
3294 811 3489 873 adver-

1907 904 2050 967 sario
2066 904 2239 974 decipi
2260 912 2413 963 tanto
2432 903 2637 961 facilius
2656 911 2936 975 poterunt,
2963 904 3183 974 quando
3210 912 3267 961 et
3293 906 3489 975 depre-

1907 993 2144 1052 hendere
2169 992 2285 1063 ejus
2308 995 2526 1057 insidias
2548 1010 2647 1066 per
2672 995 2971 1067 spiritalem
3005 996 3363 1053 eruditionem
3394 1011 3493 1053 ne-

1908 1101 2177 1156 quaquam
2208 1086 2546 1147 didieerunt:
2578 1087 2668 1145 isti
2717 1103 2846 1147 vero
2873 1102 2940 1145 eo
2968 1088 3241 1147 difficilius
3276 1098 3496 1149 servant

1908 1177 2110 1233 bonum
2153 1178 2491 1246 eruditionis,
2536 1194 2646 1250 quo
2692 1182 2977 1241 tentatoris
3020 1182 3247 1252 laqueos
3298 1182 3496 1239 eruditi

1908 1270 2268 1342 conspiciunt,
2295 1282 2352 1328 et
2392 1287 2583 1331 eorum
2624 1273 2838 1333 vincula
2864 1276 3105 1334 devitarc
3152 1276 3346 1335 eruditi
3386 1292 3496 1333 non

1909 1371 2152 1435 possunt.
2177 1364 2328 1425 Tunc
2346 1380 2476 1437 ergo
2505 1374 2875 1438 competenter
2895 1383 3021 1425 arca
3042 1369 3352 1435 dimittitur,
3373 1384 3498 1426 cum

1908 1455 1985 1523 id,
2014 1458 2099 1514 cui
2147 1458 2351 1528 imponi
2395 1458 2609 1526 debeat,
2663 1458 2963 1529 plaustrum
3006 1469 3137 1519 ante
3180 1461 3495 1530 fabricatur,

1906 1564 2031 1607 cum
2052 1550 2103 1613 ei
2132 1565 2259 1609 vasa
2284 1565 2467 1617 aurea,
2497 1564 2616 1621 qum
2635 1549 2900 1611 debentur
2928 1566 3027 1621 pro
3049 1560 3294 1622 peccato,
3324 1567 3393 1609 ex
3420 1554 3499 1608 la.

1910 1654 2025 1703 tere
2039 1643 2419 1715 dependuntur
2436 1658 2448 1697 :
2464 1643 2589 1713 quia
2607 1643 2854 1713 profecto
2870 1651 2996 1701 tunc
3010 1658 3201 1699 secura
3214 1659 3335 1699 esse
3353 1651 3500 1714 pote.

1910 1735 2103 1797 ritvita
2140 1735 2310 1793 libere
2340 1734 2566 1795 viventis
2597 1733 2819 1800 subditi,
2851 1748 2975 1790 eum
3002 1734 3498 1791 renovationemim

211 1826 420 1901 quippe
445 1840 612 1889 aurea
640 1832 825 1895 vocat,
848 1840 970 1897 quae
995 1824 1243 1897 superius
1274 1835 1559 1896 memorat,
1584 1827 1804 1889 dicens:
1911 1828 2126 1884 terioris
2145 1827 2377 1884 hominis
2390 1826 2668 1884 custodire
2688 1827 2852 1896 longo
2878 1842 2976 1883 usu
2991 1827 3405 1894 didicerit;cum
3435 1840 3502 1881 es

212 1917 451 1981 Fecistis
478 1920 839 1984 similitudines
891 1936 1109 1979 auorum
1148 1928 1429 1979 vestrorum
1465 1929 1517 1983 et
1558 1922 1799 1977 murium.
1835 1913 1878 1984 ﬂ
1905 1919 3197 1993 vitaepuritatecelsitudinemdivinaeeruditionis
3212 1920 3503 1991 apprehen‘

210 2013 274 2077 In
301 2015 501 2084 Quibus
529 2016 771 2095 profecto
802 2015 943 2079 vasis
972 2024 1322 2087 peccatorum
1353 2026 1515 2087 atque
1546 2019 1805 2077 tentatio-
1906 2016 2005 2085 dit,
2028 2024 2186 2086 atque
2203 2016 2341 2072 inter
2366 2013 2504 2071 dona
2522 2012 2794 2079 sublimia,
2812 2028 2877 2068 ea
2889 2027 3009 2082 quas
3028 2013 3316 2082 aliquando
3335 2026 3499 2082 prave

205 2118 351 2169 num
378 2106 640 2168 memoria
683 2106 949 2177 designari
993 2107 1322 2171 dixeramus.
1358 2108 1497 2176 Quid
1545 2119 1627 2165 cst
1654 2124 1807 2179 ergo,
1909 2109 2081 2177 egisse
2126 2115 2412 2176 memorat,
2443 2107 2686 2163 recolere
2714 2107 2782 2163 ad
2810 2107 3167 2163 humilitatem
3196 2120 3305 2161 non
3334 2106 3503 2175 πιθειί-

204 2200 371 2271 quod
415 2201 659 2273 superius
711 2217 956 2268 auorum,
986 2209 1043 2267 et
1078 2206 1232 2276 151
1280 2205 1511 2265 murium
1552 2204 1808 2263 similitu-
1909 2200 2004 2270 git.
2039 2200 2168 2267 Quae
2206 2198 2447 2269 profecto
2497 2199 2714 2255 vivendi
2762 2198 3006 2267 libertas,
3047 2197 3172 2269 quia
3218 2197 3290 2253 ad
3335 2197 3506 2256 solum

204 2291 374 2348 dines
395 2308 517 2348 esse
540 2294 828 2366 perhibuit,
849 2311 993 2361 nunc
1013 2312 1140 2359 vasa
1162 2305 1325 2354 aurea
1347 2298 1683 2370 appellavit?
1703 2300 1811 2355 sed
1912 2291 2146 2349 studium
2185 2291 2405 2361 superni
2432 2291 2634 2347 amoris
2661 2291 2818 2347 bonis
2860 2290 3122 2360 subjectis
3150 2289 3503 2361 impenditur,

207 2384 285 2443 ibi
325 2383 396 2439 de
428 2399 517 2461 eo,
542 2386 686 2466 quod
725 2402 861 2447 arca:
900 2403 998 2469 pro
1040 2397 1263 2460 peccato
1309 2390 1516 2447 exsolvi
1555 2390 1805 2457 debebat,
1912 2396 2037 2458 apte
2065 2395 2120 2442 et
2146 2401 2386 2453 causam,
2437 2400 2543 2457 qua
2571 2386 2761 2440 eadem
2791 2400 2920 2440 arca
2964 2383 3287 2452 dimittatur,
3317 2381 3507 2452 adjun-

208 2475 574 2544 tractabatur,
602 2476 689 2535 hic
717 2486 895 2535 autem
914 2478 982 2545 de
999 2495 1139 2543 arca:
1161 2481 1499 2545 remissione.
1519 2483 1659 2550 Quid
1680 2498 1811 2554 ergo
1912 2480 2025 2550 git:
2060 2488 2117 2533 ut
2157 2478 2332 2546 vadat,
2376 2480 2561 2550 inquit.
2594 2477 2760 2544 Quasi
2789 2477 2933 2533 enim
2970 2486 3028 2533 et
3067 2476 3186 2531 aliis
3220 2474 3400 2560 verbis
3429 2473 3508 2529 di-

213 2575 325 2635 est,
356 2568 501 2639 quod
544 2584 632 2635 res
662 2569 779 2633 istae
804 2570 1008 2626 eaedem
1037 2571 1336 2633 honestiori
1379 2574 1599 2631 nomine
1627 2576 1812 2643 cxpri-
1915 2582 2037 2630 eat:
2069 2573 2151 2629 Ad
2190 2574 2295 2630 hoc
2323 2573 2499 2629 solum
2524 2573 2748 2629 liberius
2775 2574 2960 2629 vivere
2985 2571 3334 2644 permittendi
3357 2577 3506 2638 sunt,

209 2669 455 2737 muntur,
488 2661 591 2717 nisi
623 2663 751 2733 quia
792 2672 1039 2736 peccata,
1078 2680 1197 2741 qua:
1241 2665 1572 2737 poenitentia:
1599 2664 1815 2725 ﬂetibus
1916 2674 1977 2723 ut
2006 2665 2076 2722 ad
2113 2666 2389 2722 caelestem
2418 2665 2648 2734 patriam
2677 2664 2905 2721 celerius
2933 2662 3359 2735 proﬁciscantur.
3394 2658 3502 2718 Sed

210 2756 362 2806 tersa
391 2767 499 2808 non
538 2761 684 2821 sunt,
719 2754 772 2809 in
801 2754 1146 2821 deformitate
1172 2772 1271 2815 sua
1301 2757 1557 2817 attentius
1587 2756 1814 2813 videnda

211 2851 380 2913 atque
420 2844 646 2913 lugenda
674 2853 835 2911 sunt;
883 2862 949 2903 ea
976 2862 1133 2912 vero,
1180 2863 1301 2917 qua:
1326 2848 1441 2919 jam
1473 2856 1601 2904 sunt
1642 2848 1814 2904 diluta

212 2930 431 3001 magnis
455 2931 681 3011 ﬂetibus,
710 2952 820 2999 non
848 2938 1129 3008 attentius,
1152 2953 1331 3017 neque
1358 2940 1415 2995 in
1469 2938 1816 3001 deformitate

210 3038 315 3081 sua
340 3025 692 3097 respicienda,
718 3028 811 3084 sed
840 3029 1199 3093 aestimatione
1230 3030 1546 3095 humilitatis
1569 3031 1815 3103 aliquan-

212 3118 285 3172 do
337 3119 661 3187 cogitanda?
690 3120 855 3189 Quasi
896 3122 1040 3178 enim
1078 3123 1135 3179 in
1185 3132 1370 3189 mente
1398 3126 1732 3198 pmnitentis,
1761 3134 1819 3182 et

212 3208 417 3263 acriter
444 3208 674 3267 dolentis
697 3213 782 3266 ani
801 3212 1116 3282 similitudo,
1148 3223 1202 3277 et
1223 3215 1457 3279 murium
1487 3225 1569 3273 est
1597 3236 1611 3272 :
1636 3234 1811 3288 quau-

1915 2756 2042 2828 qnia
2068 2754 2310 2812 nonnulli
2332 2754 2534 2813 subditi
2557 2762 2666 2809 tam
2696 2755 3107 2811 conversatione
3142 2767 3304 2824 quam
3322 2766 3501 2809 scien-

1917 2847 1992 2902 tia
2021 2847 2259 2903 bumano
2283 2844 2489 2916 judicio
2517 2845 2744 2917 perfecti
2771 2854 2918 2914 sunt,
2956 2848 3111 2919 152
3141 2860 3250 2901 non
3277 2844 3459 2899 divino
3485 2859 3503 2911 ;

1917 2938 2309 3011 providendum
2337 2938 2603 3003 bonorum
2632 2946 2903 2995 rectorum
2952 2938 3131 2994 studio
3172 2946 3276 3003 est,
3306 2944 3366 2992 ut
3409 2951 3507 2992 eo-

1917 3044 2037 3085 rum
2068 3044 2252 3084 curam
2281 3036 2409 3084 tunc
2438 3043 2538 3085 nec
2566 3029 2788 3085 omnino
2818 3034 3162 3099 praetereant,
3195 3043 3316 3083 cum
3344 3026 3508 3082 iidem

1918 3124 2116 3180 subditi
2141 3138 2200 3180 se
2212 3123 2476 3191 decorum
2499 3138 2627 3197 cura
2646 3123 2893 3182 dimissos
2921 3131 3135 3195 putant,
3165 3121 3258 3181 sed
3285 3119 3374 3191 pia
3401 3119 3508 3177 cal-

1920 3213 2130 3271 liditate
2158 3215 2437 3286 explorent
2466 3215 2578 3288 jam
2610 3215 2766 3273 liberi
2794 3214 3027 3286 qualiter
3053 3214 3252 3279 vivant,
3283 3228 3511 3283 quorum

212 3296 284 3354 do
334 3305 390 3353 ut
420 3300 676 3355 attentius
720 3302 899 3371 lugeat
939 3319 1079 3371 eam,
1113 3321 1274 3377 quam
1316 3316 1442 3371 ante
1481 3311 1675 3371 mentis
1703 3326 1815 3367 sum
1849 3300 1897 3375 Ο
1926 3307 2247 3367 subditionis
2274 3309 2412 3371 bona
2442 3307 2649 3380 plenius
2678 3315 2961 3373 noverant.
3004 3306 3183 3375 Quare
3208 3314 3263 3362 et
3293 3305 3513 3374 subjuns

214 3388 407 3446 oculos
436 3392 700 3461 congerit,
731 3394 943 3463 peccati
990 3410 1226 3461 massam
1254 3398 1615 3457 coadunatam
1641 3400 1809 3459 videt.

215 3478 325 3537 Sed
364 3497 486 3538 cum
521 3482 634 3553 jam
679 3485 887 3554 magnis
915 3494 971 3543 et
1000 3487 1265 3547 diuturnis
1311 3489 1526 3551 ﬂetibus
1554 3492 1816 3562 quodam-

215 3574 382 3630 modo
414 3574 483 3630 de
511 3582 860 3655 peccatorum
890 3593 1110 3637 suorum
1153 3580 1475 3645 remissione
1499 3598 1721 3638 securus
1748 3583 1817 3641 ad

216 3680 505 3737 supernam
536 3668 766 3738 patriam
796 3669 1052 3725 festinare
1080 3686 1241 3728 cursu
1270 3688 1479 3742 magnae
1521 3690 1813 3737 conversa-

216 3756 380 3815 tionis
408 3760 656 3837 coeperit,
684 3760 837 3829 quasi
866 3776 1031 3819 aurea
1056 3762 1167 3833 jam
1194 3779 1324 3827 vasa
1352 3766 1655 3836 conspicit:
1688 3768 1814 3840 quia

216 3857 444 3920 peccata
471 3850 635 3917 videt,
668 3865 777 3904 non
821 3851 1016 3920 quibus
1045 3867 1106 3909 se
1131 3854 1427 3924 obligatum
1458 3856 1688 3928 viderat,
1719 3858 1815 3923 sed

214 3955 341 4011 quae
361 3941 744 4015 omnipotentis
756 3942 850 3997 Dei
872 3942 1117 4005 laudibus
1142 3945 1439 4017 impendat.
1464 3946 1610 4005 Bene
1633 3960 1813 4007 autem

216 4032 278 4087 in
317 4033 549 4104 capsella
577 4033 642 4088 ad
675 4034 816 4091 latus
865 4051 1002 4099 arae
1048 4038 1239 4095 eadem
1285 4054 1414 4095 vasa
1459 4051 1811 4111 reponuntur,

212 4121 355 4179 Nam
381 4123 427 4179 si
448 4138 570 4179 arca
600 4125 791 4180 divinze
812 4128 1136 4195 cognitionis
1161 4141 1432 4187 secretum
1462 4133 1720 4201 insinuat,
1747 4136 1816 4201 ad

212 4212 356 4269 latus
400 4229 530 4268 vasa
576 4214 987 4286 dependuntur:
1021 4220 1145 4291 quia
1187 4221 1314 4275 dum
1364 4223 1591 4278 altitudo
1620 4224 1815 4281 divinae

214 4305 543 4379 cognitionis
586 4316 825 4366 mentem
855 4311 1051 4377 elevat,
1097 4314 1164 4369 ad
1195 4315 1449 4371 virtutem
1494 4318 1816 4389 humilitatis

215 4396 428 4459 inﬁrma
468 4407 655 4456 nostra
704 4404 980 4474 prteterlta
1028 4407 1096 4460 ad
1137 4409 1458 4464 memoriam
1507 4412 1816 4470 reducenda

215 4501 362 4546 sunt.
400 4492 520 4549 Non
544 4493 708 4565 igitur
737 4495 985 4566 ponenda
1015 4506 1138 4552 sunt
1168 4509 1294 4555 ante
1324 4516 1503 4559 arcam
1532 4519 1548 4574 ί
1574 4518 1662 4572 ne,
1687 4504 1815 4559 dum

213 4583 624 4643 immoderatius
652 4588 861 4643 infirma
890 4590 1227 4663 respicimus,
1277 4594 1449 4649 attolli
1488 4594 1555 4651 ad
1584 4611 1817 4677 superna

1916 3399 2059 3467 gitur
2085 3416 2097 3452 :
2129 3398 2200 3455 Et
2222 3399 2501 3469 aspicietis,
2527 3407 2575 3455 et
2605 3400 2650 3453 si
2676 3399 2881 3471 quidem
2909 3415 3001 3466 per
3021 3398 3155 3459 viain
3184 3396 3369 3466 ﬁnium
3396 3413 3511 3453 sua.

1918 3510 2033 3547 rum
2062 3492 2352 3551 ascenderit
2379 3502 2563 3547 contra
2595 3492 2914 3557 Betltsames,
2957 3492 3067 3561 ipse
3089 3490 3210 3561 fecit
3241 3488 3391 3545 nobis
3417 3489 3515 3549 hac

1918 3586 2111 3647 malum
2144 3585 2361 3657 grande.
2397 3584 2495 3640 Sin
2524 3590 2695 3639 autent
2732 3582 2962 3648 minime,
2995 3582 3213 3637 sciemus
3242 3581 3365 3651 quia
3419 3595 3514 3643 ne-

1918 3695 2172 3751 quaquam
2200 3694 2384 3733 manus
2408 3677 2520 3750 ejus
2552 3678 2715 3750 tetigit
2744 3692 2858 3743 nos,
2889 3675 2979 3731 sed
3008 3691 3131 3729 casu
3158 3672 3368 3729 accidit.

2016 3773 2104 3828 15.
2168 3772 2483 3829 Bethsames
2514 3812 2529 3837 ,
2588 3779 2647 3828 ut
2694 3769 2809 3841 jam
2866 3769 3130 3835 diximus,
3188 3768 3513 3837 interpreta~

1919 3874 2007 3925 tur
2049 3865 2242 3925 domus
2295 3866 2445 3931 solis.
2499 3865 2779 3922 Dimissam
2828 3872 3009 3923 autem
3040 3878 3223 3920 arcam
3264 3860 3514 3932 praedium

1920 3968 2064 4018 tores
2107 3958 2410 4030 aspiciunt,
2460 3965 2638 4023 utrum
2679 3966 2832 4017 recto
2880 3959 3079 4015 itinere
3122 3962 3311 4013 contra
3355 3954 3493 4011 Beth

1918 4064 2096 4106 sanies
2124 4048 2403 4119 gradiatur
2430 4067 2441 4102 ε
2468 4048 2597 4119 quia
2624 4057 2823 4113 etcum
2846 4047 3067 4118 proprio
3094 4044 3317 4101 arbitrio
3334 4043 3513 4099 dimit-

1920 4149 2108 4199 tuntur
2130 4140 2366 4205 subditi,
2400 4141 2686 4210 explorare
2712 4137 2925 4208 prielati
2950 4138 3181 4199 debent,
3212 4150 3282 4195 an
3310 4135 3513 4195 bonum

1920 4230 2186 4293 libertatis
2214 4230 2282 4287 ad
2320 4230 2623 4301 profectum
2662 4234 2982 4291 convertant
3018 4226 3253 4283 omlestis
3282 4225 3512 4283 itineris.

1920 4323 2027 4380 Sed
2055 4334 2111 4381 et
2146 4331 2306 4380 caute
2342 4323 2639 4387 notandum
2672 4330 2757 4379 est
2790 4338 2803 4381 :
2835 4321 2958 4392 quia
2989 4328 3116 4381 tunc
3146 4327 3291 4376 recte
3323 4328 3512 4378 contra

1920 4417 2236 4479 Bethsames
2262 4431 2390 4475 arca
2433 4414 2695 4481 ascendit,
2727 4430 2852 4475 cum
2883 4413 3177 4481 confinium
3206 4412 3347 4470 viam
3387 4425 3512 4480 gra-

1921 4508 2116 4569 diendo
2165 4524 2275 4567 non
2320 4506 2542 4569 deserit.
2599 4505 2853 4565 Conﬁnes
2897 4506 3101 4567 etenim
3160 4502 3331 4563 nostri
3385 4508 3514 4560 sunt

1920 4598 2079 4655 electi
2131 4597 2378 4669 priores:
2427 4595 2668 4659 contines
2715 4597 2916 4668 quiDPO
2954 4605 3103 4662 tium,
3145 4597 3236 4666 qui
3259 4595 3410 4665 juxta
3451 4609 3515 4651 se

213 4693 571 4749 nequeamus.
594 4678 818 4736 Constat
839 4682 1042 4751 itaque,
1070 4684 1195 4753 quia
1220 4700 1286 4739 ex
1312 4685 1481 4741 latere
1503 4686 1805 4758 dependam
1837 4694 1895 4757 1)
1917 4689 2287 4763 possessiones
2315 4689 2604 4772 dispositas
2634 4689 2853 4753 habent.
2880 4688 3136 4747 Confines
3165 4687 3327 4756 igitur
3357 4688 3507 4744 elec-

212 4779 305 4826 tur
331 4788 345 4824 :
377 4779 440 4826 ut
464 4780 522 4827 et
546 4787 780 4842 superna
803 4772 1078 4831 videamus
1099 4775 1289 4842 libere,
1321 4784 1395 4841 et,
1420 4791 1541 4832 cum
1571 4780 1806 4851 expedit,

211 4862 279 4916 ad
302 4871 492 4917 nostra
517 4861 728 4917 inﬁrma
760 4863 955 4919 mentis
980 4864 1167 4921 oculos
1199 4880 1538 4923 revoccmus.
1794 4854 1799 4859 ’

284 4953 376 5008 η.
407 4952 547 5020 Quid
574 4963 658 5009 est
687 4962 888 5021 autem,
916 4955 1062 5026 quod
1091 4958 1504 5028 praecipiuntur:
1538 4959 1607 5015 Et
1637 4963 1811 5018 dimit-

213 5050 307 5103 tite
334 5065 475 5115 eam,
501 5057 557 5103 ut
589 5050 789 5106 vadat?
814 5050 921 5107 Sed
952 5067 1079 5108 arca
1108 5053 1413 5120 dimittitur,
1442 5056 1657 5123 quando
1687 5071 1811 5111 eru-

210 5142 346 5196 ditre
373 5150 582 5199 mentes
624 5143 962 5200 subditorum
992 5160 1023 5199 a
1053 5146 1164 5202 suis
1193 5146 1494 5201 rectoribus
1529 5146 1697 5202 libere
1725 5147 1809 5202 vi-

209 5245 351 5287 vere
372 5234 793 5302 permittuntur:
830 5244 885 5290 ut
922 5236 1177 5293 videlicet
1204 5237 1269 5292 ad
1295 5245 1549 5294 aeternam
1582 5242 1810 5312 patriam

208 5332 538 5395 properent,
571 5342 682 5382 non
704 5327 817 5397 jam
838 5328 1061 5399 majoris
1081 5330 1329 5400 imperio,
1355 5332 1448 5387 sed
1473 5332 1699 5403 propria:
1724 5348 1811 5386 ar-

208 5418 381 5475 bitrio
404 5420 655 5475 rationis.
684 5419 936 5477 Teneuda
960 5423 1245 5491 estigitur,
1277 5433 1335 5477 ut
1364 5423 1609 5493 plaustro
1638 5424 1808 5498 impo—

1913 4790 2091 4835 torum
2136 4786 2261 4833 sunt
2285 4779 2475 4845 αξιοτηί
2516 4780 2667 4848 regni
2694 4778 2940 4850 perpetui
2991 4778 3320 4839 oohaaredes.
3371 4775 3508 4833 Nam

1919 4872 2065 4927 velut
2088 4870 2237 4951 juxta
2269 4886 2327 4925 se
2356 4870 2629 4941 dispositis
2658 4868 3092 4943 possessionibus
3122 4867 3389 4933 habitant,
3413 4864 3509 4934 qui

1915 4964 1969 5020 in
2003 4963 2245 5020 eamdem
2270 4970 2486 5018 aeternae
2517 4961 2704 5045 patriae
2735 4960 3052 5023 societatem
3080 4957 3279 5023 vocati,
3306 4956 3373 5012 de
3403 4971 3512 5013 una

1916 5066 1971 5112 et
1999 5054 2188 5112 eadem
2216 5053 2523 5111 Conditoris
2550 5053 2832 5131 majestate
2865 5051 3040 5107 sortiti
3063 5048 3327 5125 suntjura
3353 5056 3509 5104 teter-

1914 5166 1997 5205 nm
2040 5149 2384 5206 haereditatis.
2418 5148 2514 5204 Vel
2544 5149 2745 5213 idcirco
2771 5147 3021 5211 dicuntur
3059 5141 3301 5200 contines
3330 5160 3343 5196 :
3377 5141 3507 5211 quia

1914 5258 2034 5299 cum
2086 5242 2152 5297 de
2179 5242 2322 5297 bona
2352 5240 2765 5296 conversatione
2793 5239 2859 5294 ad
2888 5236 3140 5309 perennis
3170 5235 3292 5289 vitm
3316 5233 3509 5304 gaudia

1910 5338 2068 5394 electi
2111 5335 2449 5408 perveniant,
2482 5335 2575 5409 qui
2618 5343 2767 5395 recte
2806 5333 2993 5393 vivunt
3038 5332 3092 5387 in
3122 5331 3227 5385 hoc
3273 5326 3498 5393 mundo,

1910 5427 2219 5485 cmlestibus
2250 5425 2456 5493 civibus
2482 5425 2645 5481 vicini
2673 5433 2814 5480 sunt.
2842 5422 2972 5492 Quae
2995 5430 3214 5490 estergo
3230 5420 3315 5476 via
3334 5416 3506 5475 conti-

210 5520 419 5575 natur;
451 5512 701 5584 imposita
730 5529 945 5585 quoque
974 5515 1296 5571 dimittitur:
1325 5514 1353 5555 δ
1384 5518 1508 5588 quia
1555 5519 1807 5575 nimirum
1912 5519 2083 5588 nium,
2126 5517 2229 5573 nisi
2278 5516 2499 5572 afﬂictio
2535 5515 2891 5588 temporalis?
2920 5514 3070 5573 lianc
3098 5512 3239 5577 viam
3280 5511 3509 5567 Bethsa-

212 5604 409 5660 electis
434 5605 664 5661 subditis
686 5605 1033 5676 disponenda:
1074 5607 1195 5662 vita:
1223 5622 1333 5662 suae
1359 5608 1576 5665 licentia
1617 5625 1646 5664 a
1676 5626 1813 5682 pnn-
1917 5610 2017 5664 mis
2047 5623 2145 5678 per
2168 5607 2515 5683 semetipsum
2566 5602 2823 5659 Dominus
2861 5604 3214 5671 demonstrat,
3268 5602 3496 5659 dicens:

146 5759 151 5763 _
212 5693 348 5751 latis
374 5704 501 5752 ante
543 5697 720 5752 danda
751 5711 859 5751 non
890 5705 992 5763 est,
1023 5712 1187 5767 quam
1234 5699 1493 5756 doctrina:
1521 5701 1810 5779 spiritualis
1915 5703 2076 5758 Arcta
2121 5707 2200 5756 est
2234 5702 2335 5769 uia,
2376 5714 2490 5773 qua:
2529 5697 2669 5753 ducit
2709 5697 2780 5759 ad
2808 5698 2966 5757 vitam
3015 5696 3233 5779 (Matth.
3264 5712 3358 5765 vtt,
3391 5695 3501 5766 14).

294 5863 323 5901 ⁸
363 5857 449 5915 ΑΙ.
480 5874 545 5914 ea:
570 5858 791 5913 cadmina
809 5856 1007 5912 ordinis
1031 5856 1250 5911 altioris.

1909 5864 2108 5922 nedicti
2132 5878 2182 5921 c.
2207 5863 2257 5931 1,
2282 5860 2377 5919 ubi
2406 5861 2597 5921 eadem
2621 5863 3003 5935 compendiose
3026 5862 3278 5935 legimus.

298 5926 329 5965 ιι
366 5926 466 5993 Hic
490 5930 771 5999 attendere
808 5930 1017 5989 videtur
1045 5928 1113 5991 ad
1142 5927 1399 5998 Regulam
1428 5930 1597 5989 sancti
1622 5931 1685 5987 P.
1710 5931 1813 5991 Be-
