4020 6344
526 439 623 496 191

1732 427 1979 487 SANCTI
2022 425 2358 487 GREGORII
2398 430 2615 489 MAGNI

3685 444 3791 500 192

515 544 667 605 Hanc
722 546 847 602 item
888 543 1265 613 commendat,
1293 556 1416 599 cum
1466 541 1757 613 discipulos
1794 544 2100 611 increpans,
2129 540 2186 601 Α
2278 542 2367 599 15.
2397 543 2455 600 In
2509 545 2771 602 directum
2818 561 2918 617 per
2953 545 3097 603 viam
3135 561 3257 619 qua:
3284 550 3436 609 ducit
3479 553 3799 617 Bethsames

515 643 626 696 ait:
655 638 699 693 0
721 638 884 703 stulti,
902 644 951 690 et
973 638 1113 690 tardi
1134 635 1287 690 corde
1307 636 1375 689 ad
1403 635 1732 699 credendum,
1752 644 1923 689 nanne
1948 650 2104 704 opor-

516 734 610 787 tuit
649 732 760 801 pati
804 729 1087 791 Christum,
1118 736 1169 781 et
1198 729 1273 781 ita
1318 728 1521 782 intrare
1547 729 1601 782 in
1642 727 1861 798 gloriam
1908 725 2105 780 suam?

513 824 665 895 (Luc.
692 838 838 889 xxiv,
855 820 973 891 25.)
1004 818 1142 874 Hinc
1168 818 1365 875 Paulus
1393 819 1507 873 ait:
1539 818 1644 873 Per
1663 820 1852 873 multas
1881 817 2102 873 tribula-

513 916 677 969 tiones
724 919 924 980 oportet
966 926 1059 965 nos
1101 912 1302 964 intrare
1344 910 1401 963 in
1427 926 1640 981 regnum
1670 908 1768 963 Dei
1816 909 1954 981 (Act.
1990 923 2099 975 xlv,

509 1005 625 1073 21).
654 1002 854 1059 Contra
884 1003 1203 1058 Bethsames
1221 1016 1349 1071 ergo
1378 1010 1509 1057 tunc
1529 1017 1654 1057 arca
1685 1002 1948 1070 dirigitur,
1974 1017 2098 1057 cum

510 1110 608 1165 per
634 1096 775 1148 viam
822 1094 1115 1150 conﬁnium
1147 1094 1438 1149 ascendere
1466 1093 1715 1149 videtur:
1748 1095 1873 1163 quia
1920 1095 1974 1149 in
2006 1111 2098 1150 su-

512 1202 679 1258 perna
731 1186 1143 1242 conversatione
1187 1186 1275 1241 ille
1328 1186 1510 1242 verius
1560 1186 1821 1257 proﬁcit,
1877 1187 1968 1256 qui
2026 1187 2095 1241 ad

510 1287 713 1333 :cterna
745 1279 940 1348 gaudia
968 1278 1251 1350 pervenire
1281 1293 1389 1333 non
1416 1293 1515 1348 per
1540 1279 1835 1333 mundanas
1864 1279 2100 1334 delecta-

508 1372 708 1435 tiones,
736 1370 832 1426 sed
881 1386 979 1442 per
1009 1370 1533 1427 carnis'aﬂlictiones
1558 1379 1613 1427 et
1640 1370 1825 1425 mundi
1856 1370 2099 1426 adversi-

509 1472 650 1519 tates
674 1464 888 1534 quaerit.
917 1464 1022 1518 Sed
1051 1463 1176 1533 quia
1206 1480 1315 1520 non
1346 1466 1447 1530 ire,
1479 1463 1575 1520 sed
1604 1463 1900 1520 ascendere
1925 1462 2102 1518 dimis-

507 1570 567 1610 sa
598 1571 724 1611 arca
751 1556 966 1623 dicitur,
996 1555 1157 1610 altior
1182 1556 1268 1610 via
1298 1556 1533 1612 dimissis
1554 1556 1609 1610 in
1639 1556 1888 1612 libertate
1913 1556 2097 1611 subdi-

507 1645 578 1700 tis
627 1645 934 1700 indicatur:
976 1647 1243 1717 quia-per
1270 1648 1410 1702 viam
1463 1648 1769 1704 Bethsamis
1795 1662 1904 1702 non
1948 1654 2100 1702 recte

504 1739 841 1807 gradiuntur,
872 1740 919 1794 si
950 1755 1057 1794 non
1085 1740 1324 1809 quotidie
1352 1740 1419 1795 de
1448 1741 1604 1796 bonis
1628 1740 1695 1794 ad
1722 1741 1945 1796 meliora
1972 1756 2098 1810 pro-

502 1825 711 1882 ﬁciunt.
756 1828 1061 1884 Ascendere
1111 1828 1256 1881 enim
1300 1829 1508 1884 meritis
1546 1829 1824 1896 virtutum,
1859 1830 2097 1899 quotidie

2206 635 2318 700 ire,
2350 645 2436 693 est
2462 637 2517 693 in
2544 638 2720 694 studio
2757 640 2993 696 curlestis
3020 644 3369 712 perfectionis
3392 687 3409 714 ,
3441 646 3797 709 alliictionem

2205 730 2381 786 carnis
2424 740 2611 787 tenere
2654 746 2754 803 per
2782 732 3033 789 virtutem
3064 735 3422 792 discretionis.
3468 738 3603 793 Nam
3635 741 3689 795 in
3721 743 3798 798 di-

2204 832 2413 879 rectum
2436 840 2613 881 vaccae
2629 840 2965 895 nequaquam
2990 826 3328 897 gradiuntur,
3354 831 3399 885 si
3422 831 3478 886 in
3502 831 3800 891 afﬂictione

2204 916 2381 970 carnis
2424 916 2676 973 discretio
2728 934 2836 973 non
2879 926 3143 974 servatur.
3194 919 3437 991 Denique
3480 924 3610 979 dum
3658 927 3799 983 ultra

2202 1004 2423 1059 modum
2452 1021 2578 1061 caro
2604 1007 2877 1077 afﬂigitur,
2913 1008 3162 1065 conferre
3186 1026 3343 1080 opem
3368 1012 3579 1083 spiritui
3606 1018 3800 1073 eadem

2202 1109 2330 1149 caro
2357 1098 2577 1153 omnino
2603 1098 2813 1155 defecta
2844 1116 2950 1155 non
2980 1100 3202 1157 suﬂicit.
3231 1102 3296 1155 Et
3320 1104 3366 1158 si
3397 1106 3558 1173 digne
3580 1123 3693 1162 non
3722 1109 3799 1161 af-

2200 1183 2417 1255 ﬂigitur,
2446 1188 2572 1243 dum
2602 1191 2879 1261 superbit,
2910 1193 3057 1248 velut
3086 1194 3257 1250 libera
3288 1198 3493 1253 servire
3514 1200 3689 1253 menti
3715 1200 3797 1255 in-

2201 1279 2403 1335 domita
2431 1282 2767 1351 dedignatur.
2802 1283 2945 1340 Bene
2974 1286 3153 1355 igitur,
3187 1289 3314 1343 dum
3346 1305 3443 1360 per
3465 1291 3611 1346 viam
3642 1290 3799 1349 Beth-

2199 1375 2365 1429 samis
2388 1375 2440 1429 in
2470 1376 2733 1432 directum
2762 1393 2942 1433 vaccae
2970 1379 3048 1435 ire
3084 1380 3411 1448 referuntur,
3441 1382 3796 1454 subiunctum

2200 1474 2319 1521 est:
2348 1466 2485 1531 Quia
2522 1486 2627 1523 non
2658 1470 2987 1525 declinabant
3026 1490 3185 1546 neque
3214 1476 3283 1529 ad
3311 1476 3600 1545 dexteram,
3632 1496 3798 1553 neque

2198 1557 2269 1611 ad
2299 1559 2583 1615 sinistram.
2608 1560 2691 1616 Ad
2721 1562 2998 1618 dexteram
3019 1565 3217 1636 quippe
3244 1566 3537 1633 declinare,
3568 1579 3657 1626 est
3686 1573 3795 1627 vir-

2199 1648 2301 1702 tuti
2330 1648 2667 1705 abstinentiae
2702 1652 3054 1709 immoderate
3091 1654 3339 1711 insistere
3370 1675 3383 1710 :
3414 1658 3536 1728 quia
3565 1674 3671 1729 per
3696 1661 3795 1717 bo-

2200 1756 2350 1809 num,
2377 1742 2521 1813 quod
2544 1743 2775 1811 videtur,
2804 1746 2947 1799 viam
2975 1745 3272 1803 deserimus
3291 1788 3308 1815 ,
3339 1749 3465 1805 dum
3490 1750 3569 1807 sic
3596 1768 3798 1809 neces-

2198 1834 2393 1889 sariam
2422 1834 2758 1891 ahstinentite
2783 1838 3037 1893 virtutem
3066 1841 3377 1911 sequimur,
3405 1851 3464 1897 ut
3489 1843 3596 1897 alia
3632 1844 3795 1900 nobis

503 1915 573 1972 ad
604 1918 831 1973 meliora
860 1917 1125 1988 proﬁcere
1139 1926 1240 1973 est.
1272 1917 1379 1973 Sed
1406 1934 1528 1975 cum
1555 1930 1703 1977 recte
1718 1931 1905 1977 contra
1934 1922 2097 1978 Beth-
2126 1926 2176 1989 Β
2201 1926 2398 1982 auxilia
2438 1927 2506 1983 de
2538 1942 2701 1983 carne
2730 1930 3129 1986 subtrahamus.
3162 1932 3242 1986 Ad
3270 1933 3544 1988 sinistram
3572 1948 3793 2004 quoque

500 2023 681 2065 sames
727 2023 853 2062 arca
910 2008 1145 2073 ducitur,
1195 2010 1395 2065 malum
1424 2013 1627 2079 grande
1671 2014 1816 2083 quod
1856 2016 2096 2086 perpessi

500 2098 715 2155 fuerant
758 2100 1146 2169 omnipotentis
1166 2101 1261 2157 Dei
1285 2104 1539 2173 operibus
1579 2105 1869 2160 ascribunt.
1892 2106 2091 2161 Malum

503 2206 741 2260 namque
787 2193 992 2260 grande
1036 2209 1156 2250 eam
1200 2197 1601 2266 percussionem
1640 2206 1857 2266 vocant,
1893 2200 1961 2255 de
1989 2215 2095 2271 qua

499 2285 748 2353 superius
778 2286 1012 2357 legitur:
1040 2288 1090 2342 F
1094 2289 1228 2344 iebat
1266 2307 1450 2344 manus
1482 2289 1695 2345 Domini
1724 2308 1877 2363 super
1914 2294 2095 2363 singu-

500 2374 582 2429 las
642 2376 873 2432 civitates
923 2380 1301 2451 interfectionis
1359 2397 1563 2454 magna:
1610 2383 1787 2437 nimis.
1848 2383 1918 2437 Et
1968 2384 2093 2453 quia

501 2467 751 2523 eamdem
787 2470 1223 2528 interfectionem
1253 2481 1361 2527 tam
1393 2472 1463 2528 ad
1491 2475 1903 2529 conversionem
1944 2474 2093 2531 Gen-

500 2558 696 2627 tilium,
747 2576 911 2631 quam
959 2564 1027 2619 ad
1074 2562 1309 2620 ﬁdelium
1357 2566 1785 2637 delinquentium
1823 2569 2092 2625 salubrem

503 2652 977 2720 compunctionem
1021 2654 1327 2725 retulimus,
1377 2672 1501 2714 cum
1542 2673 1669 2714 arca
1702 2669 1853 2715 recte
1903 2668 2093 2715 contra

498 2740 816 2801 Bethsames
863 2746 1128 2815 graditur,
1172 2748 1372 2803 malum
1422 2750 1552 2805 illud
1579 2752 1783 2819 grande
1811 2752 1955 2822 quod
1996 2767 2090 2808 ac-

496 2833 719 2901 ciderat,
764 2851 796 2891 a
825 2836 936 2893 Deo
966 2852 1087 2895 esse
1130 2839 1427 2895 indicatur:
1456 2843 1579 2913 quia
1611 2843 1855 2912 profecto
1888 2844 2092 2899 electo-

496 2933 616 2981 rum
646 2927 977 2998 singulorum
1020 2928 1141 2986 ﬁnis
1188 2931 1409 2997 indicat,
1450 2934 1685 3003 qualiter
1712 2936 2088 3005 praedicatoris

497 3017 709 3071 animus
736 3033 926 3074 eorum
954 3021 1129 3090 prima
1155 3036 1323 3092 opera
1352 3032 1727 3095 recognoscat.

568 3134 660 3192 14.
688 3133 823 3192 Nam
869 3138 917 3193 si
946 3138 1000 3193 in
1048 3137 1158 3195 ﬁne
1185 3140 1464 3207 deﬁciunt,
1511 3150 1697 3210 aperte
1726 3142 2088 3211 cognoscitur,

498 3228 623 3297 quia
669 3229 813 3285 bona
843 3244 1031 3285 eorum
1070 3231 1335 3302 principia
1367 3248 1397 3286 a
1436 3232 1662 3288 Domino
1711 3249 1819 3288 non
1852 3235 2085 3289 luerunt.

2201 2017 2493 2084 declinare,
2516 2030 2601 2074 est
2624 2021 2774 2076 carni
2797 2022 3159 2079 abundantius
3199 2024 3495 2093 indulgere.
3527 2025 3665 2080 Nam
3693 2042 3791 2097 per

2200 2119 2399 2181 apertae
2442 2113 2776 2170 remissionis
2802 2115 2991 2169 vitium
3021 2131 3051 2170 a
3082 2113 3383 2173 Bethsamis
3419 2119 3507 2173 via
3548 2119 3789 2176 deﬂecti-

2198 2217 2335 2269 mur,
2366 2203 2490 2257 dum
2520 2218 2738 2259 carnem
2763 2220 2861 2275 per
2884 2206 3103 2263 delicias
3133 2207 3471 2277 deducimus,
3500 2210 3596 2280 qui
3622 2226 3781 2282 para-

2197 2294 2295 2349 disi
2317 2294 2457 2349 viam
2482 2295 2534 2349 in
2567 2294 2855 2352 aﬁlictione
2880 2298 3193 2368 dispositam
3220 2314 3571 2357 noveramus.

2224 2470 2234 2480 .
2269 2404 2355 2457 16.
2399 2404 2465 2460 Ει
2493 2407 2615 2477 quia
2643 2408 2789 2464 nulla
2829 2419 2913 2465 est
2937 2411 3058 2466 vitae
3101 2412 3364 2483 parcioris
3401 2414 3711 2484 sinceritas,
3739 2419 3783 2474 si

2196 2497 2471 2552 munditiae
2500 2500 2625 2553 boni
2654 2502 2833 2571 operis
2877 2502 3191 2573 simplicitas
3219 2522 3327 2560 non
3368 2508 3673 2563 concordat
3708 2510 3785 2565 in-

2196 2590 2472 2659 tentionis,
2509 2600 2667 2647 caute
2695 2608 3010 2663 expressum
3039 2603 3158 2650 est:
3189 2594 3261 2651 Et
3301 2599 3487 2652 itinere
3524 2616 3633 2656 uno
3671 2619 3788 2673 gra-

2196 2680 2484 2737 diebantur.
2521 2682 2639 2739 Uno
2668 2687 2867 2757 quippe
2896 2688 3086 2744 itinere
3124 2690 3386 2759 graditur,
3415 2694 3506 2762 qui
3534 2695 3786 2750 virtutem

2194 2786 2356 2840 quam
2388 2776 2665 2845 przntendit
2690 2778 2741 2831 in
2764 2779 2908 2833 bono
2938 2795 3121 2850 opere,
3152 2781 3206 2836 in
3230 2791 3377 2837 recta
3407 2794 3591 2839 servat
3611 2785 3786 2842 inten-

2193 2862 2361 2915 tione.
2411 2861 2529 2928 Quo
2574 2872 2762 2920 contra
2810 2866 2877 2921 de
2925 2884 3251 2940 unoquoque
3278 2873 3512 2941 reprobo
3544 2873 3783 2930 dicitur:

2200 2950 2294 3006 γω
2317 2956 2573 3023 peccatori
2599 2955 2909 3027 ingredienti
2946 2968 3134 3014 terram
3163 2961 3361 3016 duabus
3391 2964 3484 3018 viis
3508 2963 3704 3032 (Eccli.
3730 2984 3787 3037 Π,

2193 3041 2305 3117 14).
2338 3043 2556 3101 Duabus
2581 3048 2783 3118 quippe
2813 3050 2912 3104 viis
2938 3061 3191 3121 peccator
3217 3062 3414 3109 terram
3459 3057 3783 3127 ingreditur,

2192 3149 2314 3189 cum
2357 3136 2452 3192 Dei
2484 3138 2698 3194 videtur
2738 3156 2857 3197 esse
2902 3146 3045 3212 quod
3089 3148 3216 3215 agit,
3240 3148 3337 3203 sed
3367 3164 3437 3205 ex
3468 3154 3617 3207 omni
3642 3154 3787 3223 quod

2193 3226 2505 3294 religiosum
2552 3228 2680 3286 foris
2726 3234 2981 3301 exhibet,
3023 3236 3167 3293 intus
3205 3240 3385 3295 saeculi
3430 3242 3788 3299 intentionem

502 3317 652 3375 unde
679 3327 736 3375 ει
762 3321 1049 3377 subditur;
1107 3323 1207 3379 δίη
1246 3332 1417 3378 auge,"
1461 3326 1696 3389 minime,
1745 3326 1937 3379 scimus
1966 3330 2088 3399 quia
2118 3303 2165 3369 C
2195 3326 2362 3375 tenet.
2400 3319 2514 3376 Uno
2545 3330 2723 3379 autem
2747 3325 2938 3382 itinere
2968 3330 3115 3399 gradi
3146 3331 3347 3387 electos
3370 3348 3496 3389 suos
3527 3335 3790 3391 Dominus

496 3422 818 3484 nequaquam
845 3430 1033 3468 manus
1075 3415 1187 3486 ejus
1221 3417 1385 3488 tetigit
1428 3432 1544 3481 nos,
1592 3417 1684 3472 sed
1712 3434 1835 3472 casu
1876 3421 2087 3477 accidit.

494 3499 685 3559 Manus
712 3505 926 3562 Domini
967 3508 1097 3579 quid
1124 3518 1225 3576 est,
1258 3510 1361 3566 nisi
1389 3511 1695 3580 unigenitus
1727 3511 1903 3570 Patris
1929 3523 2091 3570 teter-

496 3594 553 3650 ni
575 3597 599 3648 ‘I
622 3596 786 3651 Manu
814 3614 1048 3668 namque
1080 3600 1296 3655 Domini
1324 3617 1431 3657 non
1463 3611 1775 3672 tanguntur,
1804 3606 1897 3675 qui
1932 3606 2087 3677 153

497 3700 608 3742 non
638 3688 991 3757 inspiratione
1020 3690 1183 3746 divini
1212 3694 1383 3758 verbi,
1414 3695 1507 3749 sed
1529 3695 1707 3750 subita
1736 3696 2087 3754 deliberatio-

498 3791 569 3833 ne
585 3777 763 3833 cordis
781 3779 861 3833 sui
885 3794 915 3833 a
932 3780 1157 3848 pristina
1183 3785 1597 3839 conversatione
1621 3795 1960 3855 separantur.
1984 3787 2086 3854 Qui

496 3876 651 3925 certe
680 3876 831 3925 tanto
878 3871 1109 3926 celerius
1148 3873 1217 3926 ab
1254 3872 1490 3943 incmpta
1529 3875 1767 3931 bonitate
1812 3877 2084 3945 deﬁciunt,

497 3969 703 4030 quanto
732 3960 876 4031 quod
918 3978 1014 4031 per
1042 3971 1245 4019 arctam
1295 3965 1438 4019 viam
1488 3966 1694 4035 ingredi
1735 3967 1801 4022 ad
1829 3976 2087 4025 teternam

497 4054 726 4124 patriam
756 4066 1176 4128 proposuerant,
1206 4074 1313 4129 qua
1342 4059 1657 4115 fortitudine
1685 4063 2086 4133 exsequendum

496 4153 660 4212 esset,
682 4150 1030 4218 praecogitare
1051 4152 1379 4207 nescierunt.
1401 4150 1579 4219 Quare
1602 4160 1729 4223 apte
1749 4154 1948 4210 dictum
1970 4165 2084 4211 est:

496 4234 635 4291 Casu
666 4239 874 4296 accidit.
905 4240 1063 4307 Quod
1089 4243 1231 4297 enim
1267 4259 1394 4299 casu
1422 4243 1640 4312 accidit,
1683 4245 1863 4302 subito
1893 4255 1949 4302 et
1973 4248 2089 4304 sine

496 4328 727 4384 consilio
756 4338 813 4383 et
860 4332 1167 4400 provisione
1196 4335 1479 4404 contingit.
1512 4334 1647 4391 Cum
1678 4351 1807 4406 ergo
1854 4338 1910 4391 hi
1936 4340 2028 4408 qui
2056 4354 2085 4393 a

499 4418 684 4472 mundi
714 4433 920 4488 amore,
950 4422 1065 4477 sive
1094 4424 1188 4492 qui
1216 4425 1285 4481 ab
1314 4425 1630 4482 inﬁdelitate
1675 4428 1982 4484 discessisse
2007 4430 2088 4484 vi-

498 4509 767 4565 debantur
795 4513 1061 4579 conversi,
1094 4514 1162 4568 ad
1208 4517 1404 4585 prioris
1435 4518 1556 4573 vita:
1602 4518 1896 4589 nequitiam
1946 4522 2088 4575 revi-

499 4599 732 4664 viscunt,
763 4611 948 4670 aperte
975 4607 1343 4674 cognoscitur,
1370 4608 1495 4677 quia
1522 4623 1629 4663 non
1658 4624 1821 4665 manu
1852 4610 2081 4676 Domini,

498 4698 558 4747 ut
585 4690 902 4748 videbantur
928 4695 1218 4764 interfecti,
1248 4697 1340 4752 sed
1369 4699 1643 4755 accidente
1673 4715 1800 4755 casu
1832 4716 1862 4754 a
1903 4702 2086 4771 pristi-

496 4801 567 4842 na
595 4786 703 4842 sint
748 4790 1157 4844 conversatione
1185 4791 1442 4860 separati.
1473 4778 1759 4862 Sequitur:

567 4901 743 4972 (Vers.
780 4901 867 4969 10,
902 4902 1014 4974 11.)
1046 4902 1307 4960 Fecerunt
1330 4906 1410 4960 illi
1434 4909 1529 4961 hoc
1556 4908 1708 4962 modo
1728 4949 1742 4973 ,
1771 4918 1822 4961 et
1850 4907 2084 4964 tollentes

495 4993 627 5047 duas
656 5010 836 5048 vaccas
851 4996 1143 5066 junxerunt
1166 4997 1237 5050 ad
1264 4996 1571 5068 plaustrum,
1603 5001 1886 5071 vitulosque
1906 5018 2085 5056 earum

495 5086 790 5140 clauserunt
816 5088 987 5155 domi,
1029 5100 1079 5143 et
1119 5093 1398 5161 posuerunt
1420 5107 1597 5146 arcum
1630 5091 1727 5146 Dei
1754 5110 1908 5165 super
1934 5094 2084 5165 plau-

493 5185 681 5244 strum,
706 5188 756 5232 et
776 5182 1054 5249 capsellam
1074 5198 1190 5255 quae
1218 5181 1437 5236 habebat
1455 5199 1626 5238 mures
1655 5201 1839 5240 aureos
1864 5195 1914 5242 et
1940 5189 2087 5243 sinti-

493 5268 740 5325 liludines
767 5288 1003 5327 auorum.

568 5361 703 5425 Quia
736 5362 851 5418 haec
872 5378 1034 5434 supra
1054 5364 1215 5423 latius
1243 5367 1490 5437 exposita
1523 5376 1675 5437 sunt,
1717 5370 1844 5439 quid
1881 5370 1989 5441 jam
2032 5372 2086 5428 in

496 5462 556 5501 se
612 5449 678 5504 de
722 5454 949 5522 spiritali
993 5458 1295 5513 eruditione
1345 5460 1620 5516 contineat
1661 5462 1776 5532 ipsa
1819 5464 2085 5535 profectio

496 5555 658 5607 arcae,
688 5543 986 5602 videamus.
1016 5548 1148 5604 Nam
1179 5552 1421 5620 sequitur
1451 5569 1464 5607 :
1858 5620 1869 5633 ⁸

571 5635 749 5703 (Vers.
780 5637 1073 5709 i2.)1bant
1102 5652 1273 5697 autem
1291 5645 1344 5698 in
1366 5643 1613 5702 directum
1642 5664 1809 5705 vaccae
1828 5670 1919 5723 per
1946 5655 2082 5709 viam

497 5740 612 5796 qua:
642 5728 784 5783 ducit
808 5729 1129 5800 Bethsames,
1150 5744 1199 5789 et
1228 5738 1409 5793 itinere
1428 5756 1529 5795 uno
1553 5738 1948 5816 gradiebantur,
1968 5763 2083 5817 per-

497 5828 671 5888 gentes
701 5830 750 5873 et
776 5821 1061 5892 mugientes
1090 5836 1174 5879 :et
1197 5844 1302 5883 non
1329 5831 1659 5889 declinabant
1675 5852 1834 5907 neque
1860 5839 1929 5893 ad
1958 5839 2085 5895 dea:-

500 5915 687 5976 teram,
717 5926 876 5981 neque
901 5912 971 5967 ad
997 5916 1282 5975 sinistram.

2192 3413 2450 3481 insinuat,
2480 3415 2663 3471 dicens
2696 3435 2709 3470 :
2742 3416 2803 3472 Si
2832 3421 3009 3474 oculus
3041 3431 3152 3475 tuus
3176 3425 3331 3494 fuerit
3357 3425 3604 3495 simplex,
3630 3435 3790 3481 totum

2191 3521 2376 3576 corpus
2408 3514 2547 3560 tuum
2567 3507 2793 3562 lucidum
2815 3512 2911 3564 erit
2938 3510 3151 3581 (Matth.
3179 3530 3251 3581 vt,
3283 3514 3395 3587 22).
3429 3514 3567 3570 Hinc
3588 3514 3789 3573 Paulus

2191 3597 2309 3651 ait:
2345 3597 2524 3653 Gloria
2552 3609 2731 3654 nostra
2774 3603 2881 3656 hinc
2924 3614 3019 3671 est,
3066 3607 3410 3660 testimonium
3452 3612 3801 3667 conscientia

2190 3697 2383 3744 nostra:
2412 3689 2499 3759 (II
2527 3690 2647 3745 Cor.
2674 3708 2713 3760 ι,
2741 3691 2850 3761 12).
2886 3691 3021 3749 llinc
3049 3693 3211 3751 David
3240 3714 3252 3749 :
3280 3696 3465 3753 Omnis
3485 3701 3659 3770 gloria
3678 3706 3785 3774 ejus

2188 3780 2316 3850 ﬁlia:
2359 3782 2494 3851 regis
2536 3781 2601 3835 ab
2643 3784 2782 3835 intus
2813 3782 2985 3852 (Psal.
3028 3800 3172 3851 κων,
3206 3785 3319 3857 il).
3354 3787 3468 3843 Uno
3502 3789 3668 3859 igitur
3693 3792 3781 3844 iti-

2189 3887 2318 3927 nere
2349 3879 2537 3928 contra
2563 3872 2877 3931 Bethsames
2906 3892 3081 3932 vacca:
3108 3879 3445 3947 gradiuntur,
3470 3882 3600 3950 quia
3624 3882 3782 3938 electi

2189 3964 2256 4019 ad
2280 3972 2539 4018 mternam
2569 3966 2796 4034 patriam
2828 3966 3176 4036 festinantes,
3222 3970 3364 4026 bona
3412 3970 3547 4028 foris
3595 3984 3784 4045 agunt,

2188 4056 2283 4111 sed
2313 4072 2380 4111 ex
2401 4057 2605 4112 eisdem
2627 4058 2784 4115 bonis
2813 4060 3068 4131 operibus
3099 4062 3283 4119 surculi
3312 4064 3532 4134 praemia
3562 4080 3676 4119 non
3700 4082 3787 4122 re-

2187 4146 2430 4217 quirunt.

2262 4260 2349 4314 l7.
2382 4259 2519 4328 Quid
2542 4270 2625 4317 est
2645 4271 2825 4320 autem
2852 4267 2995 4334 quod
3021 4268 3089 4323 de
3109 4267 3313 4323 eisdem
3340 4268 3519 4325 vaccis
3562 4269 3787 4339 dicitur,

2190 4351 2315 4422 quia
2343 4352 2716 4423 gradiebantur
2756 4367 3025 4429 pergentes
3073 4366 3122 4413 et
3159 4362 3467 4431 mugientes.
3512 4360 3625 4417 Sed
3657 4379 3783 4433 per-

2187 4454 2317 4509 gere
2356 4443 2625 4514 dicuntur,
2650 4450 2777 4517 quia
2805 4450 2977 4504 sancti
3008 4451 3106 4505 viri
3147 4451 3291 4506 bona
3340 4452 3683 4510 incessanter
3710 4456 3787 4510 fa-

2188 4534 2337 4589 ciunt
2367 4554 2379 4587 :
2420 4537 2577 4608 154
2616 4539 2860 4608 mugiunt
2883 4556 3013 4597 vero
3034 4580 3048 4605 ,
3082 4541 3206 4611 quia
3235 4543 3475 4598 carnalia
3517 4544 3788 4600 desideria

2191 4625 2243 4680 in
2277 4630 2580 4699 semetipsis
2614 4632 2956 4703 exstinguere
2980 4635 3094 4690 sine
3118 4650 3312 4704 magna
3340 4636 3588 4706 quotidie
3621 4641 3789 4695 tribu-

2192 4722 2392 4777 latione
2431 4738 2540 4779 non
2586 4738 2829 4795 possunt.
2875 4730 3079 4800 Mugire
3128 4749 3391 4805 namque,
3425 4737 3493 4792 ad
3543 4738 3789 4803 laborem

2191 4815 2509 4871 edomandae
2538 4819 2715 4874 carnis
2743 4822 3009 4890 pertinet;
3065 4841 3287 4896 pergere
3314 4838 3529 4900 autem,
3562 4832 3633 4887 ad
3664 4849 3792 4904 per-

2191 4910 2547 4965 severantiam
2570 4911 2725 4967 bona:
2750 4913 3061 4971 voluntatis.
3099 4917 3231 4973 Nam
3260 4920 3390 4975 dum
3412 4931 3609 4981 contra
3631 4938 3791 4982 natu-

2190 5015 2307 5055 ram
2346 5016 2471 5057 caro
2501 5004 2744 5061 carnales
2770 5019 2949 5062 motus
2977 5014 3332 5085 comprimere
3355 5019 3570 5089 cogitur
3589 5060 3605 5085 ,
3638 5024 3794 5079 velut

2191 5095 2361 5164 mugit
2404 5096 2530 5151 dum
2577 5100 2837 5168 graditur,
2870 5104 2996 5172 quia
3048 5109 3264 5178 propria
3289 5110 3557 5168 desideria
3611 5117 3790 5171 adim-

2192 5187 2343 5257 plere
2372 5191 2703 5258 prohibetur.
2734 5195 2878 5251 Bene
2904 5199 3103 5269 quippe
3124 5199 3231 5255 duo
3252 5201 3368 5257 hinc
3388 5204 3442 5258 in
3472 5216 3792 5264 sanctorum

2192 5280 2527 5350 profectione
2544 5285 2942 5359 describuntur,
2961 5293 3211 5350 videlicet
3233 5309 3459 5367 pergere
3480 5308 3537 5355 et
3558 5304 3789 5371 mugire.

2192 5372 2328 5440 Quia
2374 5376 2473 5430 etsi
2530 5378 2608 5432 eis
2654 5379 2722 5433 ad
2772 5394 3061 5452 supernam
3114 5388 3342 5455 patriam
3382 5390 3792 5464 festinantium,

2189 5479 2382 5534 magna
2406 5477 2488 5521 est
2525 5467 2780 5525 instantia
2808 5471 3079 5539 desiderii,
3110 5483 3197 5531 est
3224 5479 3579 5536 nihilominus
3608 5484 3759 5539 invin
3779 5517 3793 5526 -

2189 5556 2362 5613 cibilis
2390 5558 2648 5628 patientia
2676 5561 2896 5619 laboris.
2928 5564 3063 5620 Nam
3096 5568 3163 5623 de
3194 5569 3276 5624 his
3302 5574 3479 5628 vaccis
3507 5579 3791 5646 pergenti-

2188 5650 2290 5706 bus
2320 5665 2415 5721 per
2441 5649 2781 5708 Ezechielem
2812 5654 3008 5711 dicitur
3033 5673 3046 5710 :
3079 5655 3205 5713 Non
3232 5664 3639 5733 revertebantur,
3674 5685 3787 5725 cum

2190 5743 2484 5798 incederent
2511 5743 2721 5813 (Ezeclt.
2752 5762 2790 5808 ι,
2817 5746 2927 5819 12).
2949 5748 3243 5805 Vaccarum
3265 5768 3483 5823 quoque
3498 5758 3787 5827 mugitum,

2192 5845 2250 5892 et
2275 5852 2491 5891 causam
2520 5839 2770 5907 exprimit
2809 5839 3044 5909 Paulus,
3073 5842 3256 5901 dicens
3281 5863 3295 5898 :
3336 5846 3498 5903 Video
3527 5852 3691 5906 aliam
3723 5853 3777 5906 le

2195 5945 2311 6003 gem
2337 5929 2771 5986 contradicentem
2808 5931 2911 6005 legi
2937 5936 3122 5991 mentis
3147 5952 3295 6006 mea,
3325 5946 3375 5994 et
3415 5941 3675 6012 captivum
3704 5961 3786 6001 me
