4020 6344
237 428 339 490 195

1064 423 1132 485 ΙΝ
1168 421 1437 487 PRIMUM
1476 419 1720 487 REGUM
1757 428 2272 490 EXPOSITIONES.
2313 460 2382 474 —-
2419 431 2550 490 LIB.
2592 430 2680 490 Ill.

3414 437 3515 505 191

233 538 504 611 ducentem
541 551 599 606 in
640 549 750 621 lege
794 549 1010 621 peccati.
1040 549 1243 622 Infelix
1282 569 1377 625 ego
1400 553 1575 619 homo,
1605 552 1719 620 quis
1743 568 1825 607 me
1848 552 1904 614 Δ
1928 550 2181 623 plationis
2203 552 2558 621 altitudinem,
2590 560 2685 609 aut
2711 568 2812 625 per
2838 557 3262 628 assumptionem
3286 562 3520 620 retribu-

234 644 474 701 tiberabit
493 643 556 698 de
573 658 787 715 corpore
812 643 995 697 mortis
1026 642 1218 715 hujus?
1249 644 1428 716 (Rom.
1451 661 1543 715 vn,
1585 644 1673 711 25,
1703 643 1821 714 24.)

230 735 480 805 Mugiunt
499 747 629 805 ergo
651 748 852 800 vaccae,
883 733 977 789 sed
1024 742 1254 806 pergunt
1286 753 1299 789 :
1331 736 1456 805 quia
1498 736 1673 791 sancti
1697 734 1820 801 viri,

231 830 334 884 etsi
358 843 551 898 magna
581 837 705 882 sunt
733 834 1066 882 tentamenta
1090 842 1210 897 qua:
1239 828 1534 900 perferunt,
1566 827 1707 882 viam
1738 834 1822 881 ta-

229 938 356 978 men
394 936 641 993 superum
681 921 867 991 patriae
902 936 1008 976 non
1040 920 1370 991 relinquunt.
1398 918 1639 989 Pergunt
1660 919 1821 986 item,

228 1015 323 1070 sed
354 1015 602 1086 mugiunt
630 1031 645 1067 :
670 1013 796 1084 quia
824 1012 924 1067 etsi
954 1013 1160 1082 magnis
1186 1012 1468 1068 desideriis
1496 1010 1563 1065 ad
1591 1023 1825 1080 superna

228 1114 564 1180 properant,
592 1104 895 1177 profectum
922 1115 1102 1159 tamen
1133 1104 1356 1174 superni
1385 1102 1593 1157 itineris
1622 1117 1731 1157 non
1761 1100 1824 1155 de

227 1200 414 1269 quiete
458 1197 612 1269 pacis
639 1196 887 1254 obtinent
904 1238 921 1267 ,
948 1197 1045 1253 sed
1066 1211 1158 1269 .ex
1184 1195 1459 1268 triumpho
1488 1193 1821 1251 tentationis.

228 1292 489 1365 Sequitur
526 1310 541 1348 :

296 1385 479 1457 (Vers.
505 1384 619 1455 12.)
649 1384 760 1440 Sed
804 1393 854 1439 et
899 1391 1130 1452 satrapa:
1164 1380 1595 1436 Plritisthinorum
1644 1393 1825 1451 seque-

226 1477 421 1532 bantur
446 1492 606 1547 nsque
632 1475 703 1529 ad
728 1476 974 1529 terminos
1004 1472 1315 1528 Bethsamis.

296 1568 389 1623 18.
432 1566 664 1634 Quinam
710 1573 838 1621 sunt
878 1564 1094 1620 termini
1137 1563 1204 1619 ad
1238 1578 1374 1633 quos
1413 1562 1565 1632 sequi
1605 1558 1822 1632 proﬁci-

222 1667 469 1714 scentem
495 1671 674 1713 arcam
698 1655 796 1710 Dei
815 1655 1054 1726 prmlatis
1076 1653 1441 1709 necessarium
1472 1660 1577 1721 est,
1607 1658 1663 1709 et
1685 1665 1824 1721 quos

222 1749 277 1805 in
326 1764 466 1804 arcte
512 1747 608 1803 Dei
646 1747 905 1803 comitatu
950 1744 1201 1815 progredi
1238 1758 1532 1813 congruum
1566 1758 1673 1798 non
1701 1743 1824 1797 est?

222 1840 375 1909 Quos
402 1840 660 1896 nimirum
686 1838 948 1895 terminos
990 1838 1037 1893 si
1070 1836 1399 1906 accipiamus
1429 1837 1484 1891 in
1521 1835 1825 1891 eruditione

219 1932 369 1987 sacri
397 1931 634 2001 eloquii,
664 1938 719 1985 et
766 1929 911 1985 bona
958 1927 1303 1999 operatione,
1333 1926 1664 1982 contrarium
1707 1940 1817 1980 non

220 2023 461 2079 videtur.
486 2022 595 2077 Sed
620 2021 679 2076 hi
703 2020 946 2091 profecto
976 2020 1195 2074 termini
1224 2018 1547 2085 Bethsamis,
1580 2032 1820 2088 sequen-

218 2110 369 2168 tium
415 2111 718 2182 principum
767 2110 980 2165 termini
1026 2118 1182 2176 sunt,
1216 2126 1339 2165 cum
1385 2126 1485 2181 pro
1533 2110 1695 2166 modo
1722 2123 1820 2166 suo

218 2202 465 2272 quisque
509 2215 675 2271 super
713 2199 938 2256 subditis
964 2200 1236 2271 perlectus
1280 2208 1364 2254 est
1398 2198 1654 2275 doctrina
1682 2198 1821 2255 sacri

218 2295 448 2366 eloquii,
484 2303 543 2350 et
582 2310 680 2351 usu
719 2295 873 2349 bonae
913 2294 1266 2365 operationis.
1312 2290 1393 2347 Eo
1435 2291 1577 2348 enim
1602 2291 1713 2361 jam
1751 2289 1823 2346 de

219 2384 328 2440 isto
358 2398 586 2439 securus
627 2391 812 2452 pastor
837 2382 1092 2452 eflicitur,
1123 2397 1233 2453 quo
1261 2391 1317 2438 et
1349 2389 1507 2437 caute
1525 2381 1635 2451 jam
1665 2380 1822 2450 spiri-

221 2473 353 2528 talia
376 2472 663 2544 conspicit,
694 2480 750 2527 et
776 2486 842 2528 ea
883 2487 1004 2542 quae
1044 2472 1257 2528 ratione
1294 2471 1561 2542 comperit
1604 2470 1821 2526 fortitu-

221 2563 352 2618 dine
395 2563 526 2619 boni
555 2563 738 2633 operis
765 2563 1140 2634 apprehendit.
1173 2562 1273 2630 Qui
1315 2562 1556 2633 profecto
1581 2561 1820 2630 termini,

222 2654 530 2711 Bethsamis
578 2670 700 2711 esse
748 2656 965 2711 termini
1020 2655 1312 2711 dicuntur:
1342 2656 1472 2725 quia
1526 2654 1821 2722 nimirum‘,

224 2745 358 2802 dum
385 2747 624 2803 eruditos
654 2746 752 2802 Dei
780 2762 1063 2818 operarios
1112 2747 1395 2816 dignanter
1433 2746 1726 2815 excipiunt,
1755 2745 1825 2799 ad

224 2840 743 2910 contemplationem
774 2855 1025 2911 supernae
1065 2840 1251 2910 patria:
1289 2840 1656 2895 introducunt.
1690 2836 1827 2894 Ter-

226 2933 370 2987 mini
392 2948 621 3003 namque
655 2942 781 2989 sunt
812 2950 826 2987 :
858 2934 986 3004 quia
1017 2941 1073 2989 et
1097 2933 1288 3002 dignos
1314 2933 1383 2987 ad
1412 2931 1825 3002 contemplatio»

226 3038 360 3080 nem
414 3025 746 3096 suscipiunt,
779 3024 1028 3094 indignos
1054 3025 1347 3097 expellunt.
1379 3023 1587 3080 lndocti
1624 3025 1824 3095 quippe

226 3116 275 3171 si
309 3116 377 3169 ad
416 3117 833 3188 contemplanda
873 3117 1123 3173 subtilius
1164 3132 1395 3188 superna
1433 3130 1495 3172 se
1537 3116 1825 3173 sustollere

228 3218 582 3280 praesumunt,
626 3209 805 3281 potius
851 3210 1082 3266 errando
1133 3209 1383 3276 deviant,
1433 3223 1594 3279 quam
1642 3208 1822 3263 lumen

1925 644 2117 710 tionis‘,
2146 646 2214 701 ad
2250 653 2451 704 aeterna
2479 647 2674 719 gaudia
2701 649 3040 707 sublimatur.
3066 650 3172 720 Qui
3199 668 3329 725 ergo
3356 664 3519 713 aeter-

1924 751 2053 791 num
2082 737 2260 805 illum,
2286 746 2340 794 et
2376 737 2701 796 ineliabilem
2725 755 2864 797 arcze
2883 742 3048 798 situm
3082 744 3222 801 scire
3251 761 3358 801 non
3389 763 3516 817 pos-

1926 841 2131 893 sumus,
2164 842 2247 893 ea,
2279 844 2401 899 qua:
2446 830 2513 885 de
2562 830 2690 897 isto,
2717 846 2879 901 quem
2929 833 3209 903 novimus,
3239 835 3515 904 dicuntur,

1926 918 2225 974 audiamus.
2277 918 2416 986 Quid
2444 928 2526 976 est
2550 936 2699 991 ergo,
2731 920 2881 992 quod
2927 922 3271 979 Bethsamitce
3311 933 3521 983 metunt

1927 1007 2160 1063 triticum
2206 1007 2260 1060 in
2290 1008 2466 1076 valle,
2499 1008 2601 1062 nisi
2645 1010 2771 1077 quia
2809 1012 3239 1081 contemplativa:
3268 1013 3389 1068 vita:
3426 1013 3520 1070 dea

1924 1093 2045 1161 diti,
2066 1093 2285 1149 delicias
2332 1094 2559 1151 internae
2602 1095 2913 1154 refectionis
2951 1101 3211 1171 colligunt
3238 1102 3293 1158 in
3320 1103 3522 1160 virtute

1925 1185 2280 1241 humilitatis?
2304 1186 2471 1242 Vallis
2497 1188 2695 1259 quippe
2718 1189 2774 1244 in
2794 1205 2950 1246 sacro
2971 1191 3190 1263 eloquio
3208 1195 3521 1252 aestimatio-

1927 1291 2051 1333 nem
2084 1277 2330 1347 designat
2375 1279 2680 1347 humilium,
2710 1280 2993 1338 Psalmisla
3034 1290 3289 1355 testante,
3316 1288 3411 1359 qui
3451 1288 3523 1343 de

1926 1372 2156 1427 Domino
2193 1371 2453 1443 loquens,
2485 1372 2561 1427 ait
2589 1391 2602 1427 :
2636 1371 2738 1439 Qui
2765 1376 2952 1431 emittis
2983 1378 3149 1448 fontes
3181 1379 3238 1433 in
3265 1380 3521 1435 convalli-

1928 1463 2020 1520 bus
2053 1464 2225 1537 (Psal.
2252 1480 2365 1533 cru,
2400 1463 2513 1536 10).
2546 1463 2683 1519 Nam
2711 1464 3031 1523 inlusionem
3061 1484 3307 1540 supernae
3334 1470 3522 1539 gratiae

1927 1558 2198 1614 mentibus
2236 1556 2470 1612 infundit
2513 1557 2785 1627 dispositis
2814 1572 2911 1628 per
2942 1559 3321 1617 humilitatem.
3352 1560 3521 1616 Beth-

1928 1651 2136 1706 samiae
2164 1665 2294 1720 ergo
2320 1651 2375 1706 in
2404 1650 2541 1705 valle
2576 1651 2813 1705 triticum
2841 1662 3050 1709 metunt
3075 1671 3088 1707 :
3119 1654 3245 1723 quia
3275 1663 3523 1711 contem-

1928 1738 2156 1809 plationi
2199 1747 2484 1805 vacantes,
2530 1738 2656 1793 dum
2699 1755 2799 1809 pro
2846 1725 3160 1799 humilitatis
3188 1744 3384 1800 merito
3410 1743 3523 1799 cla-

1926 1830 2042 1886 rius
2076 1846 2311 1900 superna
2332 1829 2694 1900 conspiciunt,
2727 1830 2798 1885 ad
2828 1833 3132 1889 suaviorem
3168 1834 3523 1891 refectionem

1847 1910 1897 1971 B
1922 1923 2186 1977 mentium
2215 1923 2385 1992 ligant
2406 1922 2711 1994 manipulos
2736 1923 3075 1991 gaudiorum.
3105 1925 3241 1981 Nam
3272 1928 3521 1983 triticeus

1923 2014 2110 2084 panis,
2138 2015 2277 2070 sicut
2304 2022 2527 2084 aspectu
2551 2013 2845 2081 candidior,
2877 2014 2951 2069 ita
2978 2023 3033 2071 et
3058 2030 3255 2084 sapore
3280 2015 3519 2074 delecta-

1922 2104 2084 2161 bilior
2110 2112 2211 2159 est.

1994 2194 2085 2249 20.
2118 2194 2229 2250 Sed
2259 2194 2488 2251 fortasse
2524 2195 2579 2250 in
2610 2195 2709 2250 ista
2738 2196 2849 2252 vita
2873 2196 3054 2254 adhuc
3092 2197 3254 2269 positi
3283 2212 3395 2253 non
3422 2212 3517 2252 su-

1924 2287 2118 2342 mimus
2150 2302 2341 2357 panem
2366 2327 2382 2354 ,
2412 2288 2508 2343 sed
2561 2288 2738 2359 Spicas
2783 2291 3067 2357 metimus;
3118 2290 3172 2345 in
3209 2289 3301 2345 illa
3331 2297 3513 2345 autem

1925 2395 2161 2451 superna
2205 2381 2314 2435 vita
2365 2381 2744 2449 beatitudinis,
2786 2399 2896 2439 non
2945 2385 3154 2455 spicas,
3183 2384 3281 2442 sed
3308 2398 3524 2456 panem

1926 2473 2335 2529 manducamus.
2393 2474 2450 2527 In
2480 2475 2581 2529 ista
2617 2476 2817 2531 etenim
2846 2477 2955 2532 vita
2979 2519 2996 2547 ,
3026 2493 3149 2533 cum
3179 2478 3249 2532 ad
3276 2486 3523 2533 contem-

1926 2564 2125 2637 planda
2144 2574 2347 2621 aeterna
2374 2566 2729 2633 sustollimur,
2752 2550 3106 2638 supemarum
3129 2584 3309 2624 rerum
3332 2569 3524 2625 simili-

1928 2657 2143 2713 tudines
2190 2672 2388 2727 capere
2432 2658 2498 2713 de
2535 2658 2696 2714 rebus
2746 2658 2861 2714 istis
2911 2660 3107 2716 inlimis
3147 2668 3203 2715 et
3228 2660 3527 2714 visibilibus

1928 2749 2149 2804 nitimur
2180 2767 2193 2803 :
2220 2756 2277 2803 ut
2300 2749 2455 2817 juxta
2485 2750 2686 2820 egregii
2706 2750 2945 2805 doctoris
2972 2767 3161 2807 vocem
3188 2793 3204 2818 ,
3240 2750 3528 2805 Invisibitia

1929 2857 1966 2893 a
1993 2849 2235 2894 creatura
2256 2840 2458 2904 mundi,
2490 2857 2582 2911 per
2606 2857 2670 2894 ea
2708 2858 2821 2911 qua:
2841 2842 3061 2896 visibilia
3092 2846 3235 2913 facta
3264 2852 3403 2909 sunt,
3437 2859 3529 2897 co-

1930 2948 2240 3002 gnoscamus
2269 2930 2448 3002 (Rom.
2483 2947 2534 3000 ι,
2563 2931 2677 3001 ΞΟ).
2701 2930 2879 2999 Quare
2900 2942 2954 2987 et
2992 2933 3084 2988 ille
3108 2948 3271 2989 verus
3302 2932 3529 2988 Bethsa-

1929 3024 2083 3087 mila,
2116 3031 2171 3078 et
2199 3024 2528 3078 domesticus
2554 3022 2688 3079 solis
2711 3023 2930 3092 justitite
2955 3024 3250 3091 exsultans,
3280 3024 3356 3078 ait
3379 3042 3392 3077 :
3415 3023 3527 3078 De-

1930 3115 2128 3171 lectasti
2155 3132 2258 3184 me,
2289 3115 2539 3181 Domine,
2582 3116 2639 3169 in
2683 3118 2888 3188 factura
2942 3126 3069 3186 tua,
3100 3128 3150 3172 et
3194 3119 3248 3172 in
3290 3116 3532 3187 operibus

1930 3223 2181 3261 manuum
2228 3218 2432 3262 tuarum
2478 3206 2769 3264 exsultabo.
2828 3207 2997 3273 Quam
3044 3211 3381 3283 magniﬁcam
3411 3216 3531 3263 sunt

228 3302 478 3358 veritatis
505 3302 940 3374 apprehendant.
966 3302 1036 3358 Et.
1062 3304 1164 3359 nisi
1190 3304 1306 3374 quis
1331 3304 1475 3359 bona
1496 3316 1663 3373 opera
1689 3316 1824 3372 pra:-
1852 3298 1900 3365 C
1929 3317 2089 3371 opera
2119 3310 2226 3364 tua,
2252 3300 2499 3368 Domine,
2530 3301 2683 3355 nimis
2705 3301 2981 3371 profunda:
3009 3302 3165 3371 facta:
3188 3310 3308 3354 sunt
3332 3300 3534 3370 cogita-

231 3394 431 3461 mittat,
454 3395 561 3451 hoc
586 3395 831 3466 profecto
859 3397 990 3464 agit,
1024 3404 1083 3451 ut
1120 3395 1263 3450 illam
1290 3411 1451 3466 quam
1480 3394 1685 3465 appetit
1713 3394 1827 3449 cla-

231 3486 448 3542 ritatem
477 3487 705 3542 internae
732 3487 974 3554 visionis,
997 3502 1273 3557 nunquam
1301 3487 1560 3543 inveniat.
1591 3483 1744 3540 Unde
1772 3492 1829 3540 et

232 3575 492 3633 Dominus
515 3577 571 3632 in
606 3576 916 3650 Evangelio,
946 3579 1101 3649 quasi
1132 3579 1200 3634 ad
1240 3579 1501 3634 terminos
1527 3576 1828 3633 Bethsamis

235 3667 817 3738 contemplativaevitae
846 3678 1115 3724 amatores
1144 3670 1513 3725 transmittens
1533 3710 1549 3738 ,
1582 3669 1657 3723 ait
1684 3685 1699 3721 :
1727 3665 1829 3731 Qui

235 3761 388 3816 habet
434 3760 591 3817 verba
616 3777 751 3827 mea,
784 3769 835 3815 et
876 3763 1005 3832 facit
1045 3778 1129 3829 ea,
1160 3762 1243 3815 hic
1266 3770 1343 3817 est
1370 3762 1457 3832 qui
1484 3778 1566 3815 me
1595 3760 1766 3832 diligit
1803 3776 1825 3815 :

231 3854 323 3926 qui
348 3862 519 3907 autem
546 3853 718 3925 diligit
737 3870 838 3920 me,
865 3853 1109 3924 diligetur
1136 3870 1169 3906 a
1196 3851 1360 3908 Patre
1386 3870 1521 3917 meo,
1554 3860 1604 3906 et
1625 3868 1716 3924 ego
1745 3852 1829 3906 di-

231 3940 404 4012 ligam
430 3958 562 4008 eum,
581 3951 630 3997 et
660 3943 1006 4013 manifestabo
1027 3943 1075 3998 ei
1097 3945 1344 4015 meipsum
1376 3943 1556 4014 (Joan.
1578 3959 1688 4008 xrv,
1712 3942 1825 4014 21).

236 4030 347 4098 Qui
369 4034 509 4088 enim
532 4050 589 4091 se
602 4034 1066 4091 manifestaturum
1079 4051 1189 4092 non
1202 4037 1303 4092 nisi
1320 4036 1663 4106 diligentibus
1676 4038 1827 4105 dicit,

228 4136 296 4178 se
318 4131 500 4179 autem
526 4126 747 4195 diligere
768 4142 864 4184 eos
884 4128 975 4197 qui
991 4136 1207 4184 servant
1225 4128 1475 4183 mandata
1492 4128 1628 4197 ejus,
1643 4138 1830 4199 aperte

231 4215 396 4272 docet
442 4220 566 4288 quia
608 4219 783 4276 lucem
816 4235 929 4278 suae
958 4221 1182 4277 occultae
1212 4222 1434 4277 visionis
1464 4238 1573 4277 non
1622 4222 1827 4288 tribuit,

232 4307 340 4364 nisi
383 4324 483 4380 pro
513 4311 865 4368 retributione
893 4313 1046 4367 bona:
1074 4313 1422 4383 operationis.
1455 4310 1711 4381 Sequitur
1740 4330 1754 4366 :

305 4399 488 4469 (Vers.
512 4400 627 4473 15.)
660 4401 830 4459 Porro
870 4403 1203 4461 Betluamitaz
1232 4403 1490 4461 metebant
1520 4406 1745 4459 triticum
1773 4405 1829 4459 iu

231 4490 391 4546 ualle.

304 4579 393 4637 19.
429 4580 532 4650 Qui
560 4586 702 4640 enim
730 4584 1078 4643 Bethsamitre
1102 4588 1303 4643 rectius
1342 4596 1567 4659 possunt
1606 4585 1830 4656 intelligi

228 4686 401 4745 quam
451 4677 507 4732 hi
559 4678 651 4749 qui
706 4680 931 4750 perlecti
972 4682 1085 4752 jam
1114 4682 1218 4737 viri
1253 4689 1379 4737 sunt
1418 4682 1472 4736 in
1501 4681 1830 4737 sublimitate
1856 4682 1912 4746 Ι)

229 4771 747 4840 contemplationis?
772 4771 907 4828 Nam
929 4774 1077 4829 velut
1106 4774 1173 4829 de
1202 4773 1366 4830 domo
1395 4774 1525 4829 solis
1552 4781 1698 4838 sunt,
1718 4773 1832 4843 qui,

229 4862 563 4932 contemptis
592 4864 820 4920 terrenis
844 4865 1123 4935 omnibus,
1149 4867 1261 4921 veri
1288 4865 1501 4921 luminis
1530 4865 1834 4935 splendori-

230 4952 337 5009 bus
374 4953 735 5013 illustrantur.
793 4957 871 5013 De
915 4958 1078 5013 domo
1132 4957 1348 5027 quidem
1376 4957 1504 5011 solis
1531 4964 1687 5023 sunt,
1719 4955 1834 5023 qui,

225 5040 347 5113 jam
402 5045 552 5101 omni
605 5032 807 5103 mundo
858 5046 1083 5118 sepulti,
1128 5045 1199 5101 ad
1244 5046 1527 5101 videndam
1573 5044 1835 5100 Condito-

228 5135 315 5190 ris
359 5138 445 5193 sui
480 5139 781 5195 claritatem
831 5138 1048 5195 flamma
1095 5138 1243 5195 mira:
1271 5137 1576 5193 dilectionis
1613 5135 1833 5193 inarde-

225 5237 421 5286 scunt.
465 5230 569 5300 Qui
611 5232 679 5289 ad
712 5233 986 5291 civitatem
1034 5249 1186 5289 suam
1230 5232 1442 5289 duobus
1466 5230 1638 5287 modis
1679 5230 1833 5301 155

232 5323 586 5380 ascendunt:
617 5326 710 5397 qui
764 5326 834 5381 ad
887 5339 1132 5397 supernae
1180 5325 1366 5399 patria:
1411 5325 1745 5390 claritatem,
1783 5332 1839 5380 et

227 5430 384 5474 nunc
424 5433 521 5489 per
549 5419 1086 5490 contemplationem,
1118 5429 1173 5477 et
1211 5421 1267 5475 in
1296 5417 1405 5475 ﬁne
1433 5435 1531 5490 per
1554 5419 1838 5475 veritatem

227 5508 425 5579 gloria:
454 5510 830 5580 perducuntur
852 5552 869 5579 ,
911 5526 1055 5569 nunc
1082 5511 1150 5567 ad
1177 5512 1397 5569 domum
1435 5513 1565 5569 solis
1590 5522 1837 5567 contem-

228 5599 443 5672 plan'do
468 5602 717 5670 evolant;
749 5603 848 5660 sed
875 5604 1021 5675 quod
1050 5619 1194 5660 nunc
1219 5606 1415 5661 mentis
1439 5605 1670 5676 puritate
1698 5605 1840 5675 aspi-

228 5694 412 5758 ciunt,
439 5701 567 5752 tunc
614 5712 711 5767 per
751 5706 1070 5768 praesentem
1099 5697 1339 5753 ltetitiam
1369 5707 1584 5755 aeternae
1604 5700 1839 5755 retribu-

232 5788 405 5843 tionis
435 5790 717 5846 veritatem
749 5790 1184 5863 apprehendunt.
1217 5791 1530 5850 Bethsames
1555 5805 1685 5862 ergo
1710 5809 1836 5850 arca

236 5878 339 5935 Dei
372 5882 704 5947 perducitur.
731 5900 855 5941 cmn
900 5900 1052 5943 meus
1082 5883 1256 5943 electa
1277 5923 1296 5954 ,
1334 5895 1428 5947 aut
1474 5902 1570 5959 per
1596 5895 1840 5946 eontem-

1935 3391 2101 3444 tiones
2131 3399 2233 3444 tua:
2262 3390 2437 3462 (Paul.
2470 3406 2591 3458 χοι,
2638 3388 2700 3458 5,
2734 3390 2814 3459 6).
2850 3389 2957 3444 Sed
2992 3390 3118 3444 dum
3159 3391 3215 3444 in
3252 3391 3416 3445 rebus
3448 3389 3530 3443 vi-

1933 3482 2178 3537 sibilibus
2206 3483 2557 3539 invisibilium
2584 3498 2767 3538 rerum
2807 3483 2998 3554 gaudia
3029 3484 3355 3555 excipimus,
3384 3484 3532 3540 velut

1933 3580 2077 3635 intra
2122 3580 2310 3650 paleas
2358 3580 2536 3635 adhuc
2583 3578 2820 3635 triticum
2868 3588 3133 3635 tenemus.
3168 3579 3320 3636 Tunc
3347 3588 3531 3636 autem

1933 3672 2091 3728 nobis
2116 3687 2307 3742 purum
2335 3672 2590 3737 triticum,
2618 3670 2732 3727 sive
2762 3671 2829 3727 de
2857 3673 3035 3728 tritico
3063 3672 3219 3742 panis
3239 3672 3360 3727 erit.
3393 3670 3529 3726 Nam

1934 3781 2060 3822 cum
2083 3766 2333 3835 absorpta
2352 3765 2465 3836 jam
2496 3773 2690 3834 morte,
2721 3768 2776 3824 in
2794 3777 2998 3825 aeterna
3026 3769 3157 3834 vita,
3182 3767 3419 3825 revelata
3449 3766 3531 3822 fa-

1934 3861 2037 3927 cie,
2062 3860 2256 3916 clarius
2298 3861 2713 3933 Redemptorem
2743 3877 3061 3928 cernemus,
3101 3861 3171 3916 ad
3198 3860 3315 3930 ejus
3340 3860 3529 3929 cogni-

1934 3954 2139 4010 tionem
2169 3955 2341 4011 thecis
2360 3956 2771 4013 similitudinum
2809 3971 2918 4012 non
2942 3969 3182 4025 egemus.
3226 3953 3373 4009 Bene
3400 3969 3530 4024 ergo

1933 4046 2003 4101 de
2055 4046 2404 4102 Bethsamitis
2459 4048 2674 4115 dicitur,
2704 4046 2850 4117 quod
2891 4046 3165 4100 metebant
3212 4044 3445 4099 triticum
3474 4044 3531 4099 in

1934 4139 2078 4193 valle
2104 4157 2117 4193 :
2144 4140 2271 4209 quia
2299 4140 2527 4210 perfecti
2552 4141 2682 4207 viri,
2710 4139 2810 4194 etsi
2857 4153 2956 4207 pro
2986 4135 3303 4192 humilitatis
3335 4136 3531 4191 merito

1935 4228 2323 4283 sublimitatem
2361 4244 2609 4299 supernae
2646 4226 3117 4297 contemplationis
3143 4226 3433 4297 accipiunt,
3464 4225 3532 4281 ad

1936 4317 2083 4372 illam
2112 4319 2496 4389 omnipotentis
2541 4319 2637 4375 Dei
2675 4333 2865 4389 puram
2894 4318 3252 4375 substantiam
3280 4326 3531 4374 contem-

1934 4410 2204 4480 plandam
2228 4426 2295 4466 eo
2344 4411 2655 4481 pertingere
2700 4420 3009 4481 nequeunt,
3043 4426 3151 4481 quo
3176 4409 3530 4466 refectionem

1935 4517 2047 4557 suae
2092 4503 2289 4557 mentis
2335 4504 2511 4559 adhuc
2537 4504 2683 4559 velut
2727 4503 2869 4560 inter
2890 4505 3076 4576 paleas
3105 4510 3334 4561 metunt.
3365 4502 3530 4573 Cujus

1936 4596 2184 4667 profecto
2205 4596 2520 4650 humilitatis
2539 4595 2740 4651 bonum
2754 4596 3083 4665 designatur,
3101 4611 3224 4652 cum
3242 4594 3487 4652 subditur
3511 4610 3527 4647 :

2009 4688 2185 4760 (Vers.
2211 4687 2325 4757 15.)
2363 4688 2435 4743 Et
2457 4689 2713 4744 elevantes
2740 4689 2915 4745 oculos
2936 4689 3173 4745 viderunt
3200 4705 3378 4743 arcam
3407 4686 3529 4740 Dei.

2007 4778 2097 4837 21.
2142 4776 2340 4834 Oculos
2380 4780 2582 4850 quippe
2628 4780 2880 4835 elevant:
2913 4781 3039 4852 quia
3081 4780 3208 4836 dum
3238 4779 3306 4834 de
3333 4793 3392 4833 se
3419 4776 3529 4830 alta

1939 4884 2048 4925 non
2077 4870 2335 4937 sentiunt,
2366 4870 2721 4925 aestimatione
2748 4886 2844 4926 sua
2872 4870 3021 4926 velut
3073 4871 3127 4925 in
3170 4869 3333 4939 plano
3381 4873 3531 4921 sunt.

1939 4960 2134 5018 Oculos
2164 4961 2412 5017 elevant:
2437 4962 2563 5031 quia
2590 4977 2685 5017 eos
2703 5002 2719 5029 ,
2766 4975 2904 5033 quos
2931 4961 3111 5016 divina
3139 4958 3311 5028 gratia
3339 4957 3537 5026 dignos

1943 5057 2244 5127 aspiciunt,
2284 5057 2339 5112 in
2375 5056 2485 5112 alte
2528 5056 2735 5127 positos
2775 5055 3091 5111 meritorum
3135 5051 3372 5108 culmine
3400 5065 3537 5107 con-

1943 5150 2295 5220 templantur.
2326 5148 2435 5205 Sed
2456 5149 2729 5205 elevantes
2751 5148 2937 5205 oculos
2958 5160 3138 5203 arcam
3156 5143 3343 5201 vident
3368 5161 3380 5196 :
3408 5141 3539 5210 quia

1942 5257 2051 5313 quo
2076 5256 2137 5296 se
2173 5240 2429 5296 humilius
2457 5255 2553 5311 per
2578 5238 2990 5295 mstimationem
3019 5234 3308 5306 dejiciunt,
3346 5231 3535 5302 proxiv

1940 5348 2151 5389 morum
2190 5333 2333 5387 bona
2356 5345 2684 5402 cognoscere
2720 5330 2915 5385 melius
2941 5333 3185 5399 possunt.
3226 5321 3300 5378 Ea
3331 5320 3533 5376 etenim

1941 5425 2163 5491 veritas,
2184 5402 2307 5495 αυέ
2324 5425 2682 5495 superborum
2709 5422 2872 5478 corda
2890 5436 2988 5491 per
3006 5417 3347 5487 semetipsam
3377 5412 3529 5467 dese-

1942 5518 2033 5585 rit,
2066 5519 2157 5572 illa
2186 5518 2264 5572 eis
2292 5518 2459 5573 etiam
2485 5517 2625 5572 dona
2643 5555 2659 5581 ,
2688 5530 2807 5586 quae
2832 5511 3042 5569 confert
3067 5509 3374 5573 humilibus,
3406 5504 3527 5559 absa

1943 5608 2156 5675 condit;
2191 5616 2249 5663 ut
2275 5609 2423 5664 velut
2452 5607 2709 5663 obcaecati
2738 5592 2972 5677 penitus,
3004 5617 3105 5659 nec
3143 5602 3199 5657 in
3255 5610 3402 5657 terra
3427 5594 3537 5650 dﬂ-

1943 5703 2118 5759 fusum
2145 5702 2255 5771 jam
2285 5701 2453 5756 solem
2484 5700 2738 5769 videant,
2766 5699 2858 5771 qui
2888 5697 3004 5768 ejus
3050 5694 3311 5752 claritatis
3353 5688 3536 5745 radios

1940 5797 2122 5852 videre
2144 5797 2195 5851 in
2216 5794 2354 5850 cwlo
2380 5792 2675 5848 desierunt.
2700 5792 2806 5848 Sed
2831 5793 2956 5863 quia
2983 5787 3375 5858 regressionem
3396 5793 3534 5831 arca:

1945 5886 2040 5943 Dei
2067 5886 2131 5941 ad
2178 5883 2512 5957 propositum
2549 5887 2704 5959 156
2733 5881 3163 5951 contemplativa:
3191 5884 3315 5930 vrtze
3340 5866 3535 5925 retuli-
