4020 6344
514 298 617 357 195

1705 290 1947 351 SANCTI
1984 289 2313 349 GREGORII
2352 288 2566 346 MAGNI

3667 282 3767 343 196

509 434 647 484 mus,
673 413 901 473 elevatio
926 412 1089 470 etiam
1122 409 1400 468 oculorum
1425 406 1492 462 ad
1518 404 1750 463 studium
1777 406 2085 462 diacerneu-
2113 405 2158 464 A
2188 403 2418 459 amando
2446 400 2738 467 inhabitat;
2772 407 2955 461 tamen
2980 400 3124 473 quod
3159 412 3399 456 amorem
3427 399 3652 455 vtsmnis
3680 400 3773 458 tie-

496 502 701 565 ‘dorum
725 507 1007 588 spirituum
1050 520 1160 561 non
1205 497 1647 559 inconvenienter
1674 498 1859 554 relerri
1886 504 2081 569 potest.

508 603 853 661 Betheamita
874 601 1075 671 quippe
1096 598 1283 655 oculos
1308 596 1512 661 levant,
1536 604 1659 649 cum
1677 592 1802 648 vita:
1826 590 2088 647 secretius

508 700 584 755 rb
619 696 899 767 proposito
940 691 1326 750 conﬂuentium
1366 690 1437 745 ad
1474 703 1538 745 se
1581 686 1755 754 dona,
1794 683 1979 744 subtili
2005 684 2087 738 in-

507 794 783 865 spectione
796 790 1169 855 considerant;
1200 800 1325 843 eum
1351 785 1555 841 intenta
1575 790 1756 838 mente
1775 780 2087 848 discutiunt,

508 900 576 940 an
606 887 730 942 vita:
756 886 961 942 altioris
990 885 1357 957 propositum,
1386 880 1529 952 quod
1572 878 1877 935 accedendo
1921 886 2087 946 expe-

506 984 660 1043 tunt,
698 984 845 1033 recta
874 972 1160 1047 validaque
1202 973 1499 1031 intentione
1528 976 1939 1043 prosequantur.
1988 966 2089 1022 Le-

507 1076 638 1122 vare
664 1067 826 1137 igitur
852 1068 1042 1124 oculos
1082 1067 1161 1121 eis
1198 1073 1280 1121 est
1305 1063 1627 1119 novitiorum
1657 1061 1902 1131 spiritum
1932 1058 2090 1114 altius

508 1158 870 1212 considerare.
919 1155 1027 1212 Sed
1075 1156 1315 1211 levantes
1354 1155 1539 1210 oculos
1590 1166 1767 1207 arcam
1800 1149 1894 1206 Dei
1924 1150 2086 1219 respi-

508 1247 661 1303 ciunt
690 1265 705 1301 :
737 1247 863 1317 quia
886 1246 1011 1302 dum
1042 1246 1288 1302 subtilius
1329 1245 1447 1313 ejus
1490 1244 1871 1300 conversiones
1912 1241 2088 1296 discu-

510 1340 669 1407 tiant,
714 1339 838 1409 quia
885 1337 1141 1392 virtutum
1187 1335 1547 1405 spiritualium
1606 1334 1776 1404 gratia
1831 1331 2090 1401 fulgeant,

507 1426 943 1498 deprehendunt.
974 1425 1041 1480 Et
1085 1426 1212 1497 quia
1248 1436 1349 1496 per
1387 1424 1639 1480 allectum
1668 1423 1967 1479 dilectionis
1987 1462 2003 1489 ,
2027 1421 2095 1477 de

506 1522 741 1592 cognitis
760 1532 946 1577 eorum
969 1518 1127 1574 bouis
1158 1517 1519 1583 hilarescunt,
1550 1518 1677 1587 apte
1713 1514 2091 1585 subiungitur:

576 1614 755 1686 (Vera.
785 1610 899 1683 lo.)
926 1611 996 1667 Et
1026 1613 1190 1685 gavisi
1223 1619 1363 1681 sunt,
1388 1620 1417 1649 ι
1444 1626 1557 1665 cum
1586 1610 1857 1666 venissent.

577 1706 833 1777 Sequitur
860 1725 873 1761 :

2186 490 2501 551 icctabiliter
2530 492 2807 565 possidet,
2838 494 2954 549 sine
2991 493 3307 549 incessantis
3335 508 3479 547 cura:
3507 493 3771 548 sollicitu-

2186 588 2311 644 dine
2334 598 2671 659 aequaquam
2703 595 2901 644 servat.
2938 587 3044 643 Sed
3073 588 3324 642 nimirum
3348 586 3402 641 iit
3429 588 3585 642 tanto
3604 592 3774 658 agone

2188 680 2362 750 positu
2392 692 2543 735 mens
2564 682 2796 736 humana
2823 679 3078 736 deﬁceret
3098 722 3113 746 ,
3143 678 3189 733 si
3224 678 3341 743 ille,
3367 677 3459 749 qui
3485 674 3773 735 hutnanam

2189 772 2555 829 inﬁrmitatem
2584 776 2635 829 in
2666 788 2761 829 sua
2803 774 3083 829 divinitate
3125 770 3429 838 roboravit,
3462 770 3514 827 ei
3544 787 3778 842 prasen-

2190 865 2279 919 tias
2304 880 2413 921 su'n
2442 867 2699 921 auxilium
2740 881 2847 921 non
2896 865 3178 936 praeberet.
3230 862 3409 931 Quare
3456 869 3514 919 et
3559 877 3779 921 causam

2191 968 2486 1026 exponens,
2521 972 2625 1026 qua
2653 964 2799 1012 stare
2820 957 2873 1011 in
2911 970 3042 1027 agro
3077 956 3374 1027 plaustrum
3402 958 3665 1029 potuerit,
3690 957 3780 1014 ad-

2191 1048 2346 1115 didit,
2379 1049 2564 1104 dieeus
2592 1064 2608 1103 :

2266 1139 2442 1209 (Vera.
2475 1138 2587 1209 14.)
2618 1137 2751 1193 Erat
2776 1140 2911 1193 enim
2930 1138 3001 1193 ibi
3030 1138 3165 1210 lapis
3190 1155 3431 1212 magnus.

2270 1232 2422 1304 157
2455 1230 2543 1285 Ἅι
2572 1229 2729 1301 [Apis
2754 1232 2954 1302 quippe
2986 1238 3211 1300 magnus
3258 1230 3600 1301 Redemptor
3625 1232 3780 1288 intel—

2195 1323 2375 1393 ligitur
2402 1323 2614 1391 generis
2634 1322 2873 1377 humani.
2913 1322 2990 1377 Dc
3044 1338 3151 1393 quo
3200 1322 3378 1392 lapide
3426 1330 3529 1392 per
3554 1319 3781 1376 Psalmi-

2194 1422 2333 1471 starn
2361 1415 2557 1469 dicitur
2580 1428 2593 1469 :
2619 1413 2873 1486 Lapidem
2892 1413 2921 1453 ι’
2950 1415 3032 1468 hic
3053 1424 3199 1484 quem
3221 1413 3629 1484 "protruserunt
3653 1415 3779 1469 edi-

2198 1509 2434 1579 ftcantes,
2465 1510 2633 1579 factus
2664 1516 2742 1561 est
2770 1511 2823 1562 in
2861 1514 3017 1579 caput!
3051 1508 3235 1579 anguli
3272 1506 3449 1579 (Paula
3469 1514 3641 1569 δίνης

2201 1594 2335 1655 Hine
2359 1600 2552 1655 doctor
2574 1601 2821 1669 egregius
2848 1600 3181 1666 collaudatis,
3214 1600 3289 1654 ait
3318 1616 3331 1652 ε
3366 1596 3785 1671 εαρέγωᾶβεαιὶ

2200 1706 2358 1762 supra
2388 1693 2777 1761 fundamentum
2799 1692 3217 1762 apostolorutttet
3242 1692 3628 1762 prophetarum,
3674 1694 3785 1760 ipso

578 1798 752 1875 (Veis.
798 1800 931 1882 14.).
958 1798 1031 1855 Et
1070 1800 1210 1856 venit
1253 1800 1546 1867 plaustrum
1597 1796 1656 1853 in
1701 1811 1885 1869 agrum
1935 1792 2093 1853 Iosue
2123 1788 2172 1857 B
2198 1798 2395 1837 εννηπιο
2419 1784 2656 1855 lingulati
2704 1782 3108 1882 lapide-Christo
3135 1783 3258 1882 Iesu
3288 1782 3445 1855 (Epit.
3477 1782 3679 1882 111;”),

505 1893 842 1951 Bethsarnita:
858 1936 874 1962 ,
898 1898 947 1946 et
975 1892 1117 1947 stetit
1136 1890 1230 1946 ibi.

578 1988 668 2043 92.
715 1987 774 2042 Si
822 1984 1139 2039 Bethsames
1185 1982 1572 2054 interpretatur
1594 1980 1786 2040 domus
1815 1980 1963 2045 solis,
1992 1978 2089 2034 do-

506 2096 628 2140 mus
651 2078 781 2137 solis
805 2076 995 2135 civitas
1022 2082 1105 2133 est
1134 2075 1386 2133 ctelestis.
1423 2072 1523 2132 llic
1560 2073 1725 2132 Josue
1761 2072 2091 2129 Bethsamita

506 2189 613 2231 non
644 2181 755 2227 tam
778 2180 928 2243 typo,
959 2184 1120 2239 quam
1170 2169 1288 2240 ipso
1331 2170 1551 2224 nomine
1595 2176 1651 2223 et
1694 2167 1949 2239 dignitate
1991 2166 2091 2220 hu-

503 2263 652 2320 mani
681 2262 894 2333 generis
921 2258 1339 2331 Redemptorem
1369 2260 1655 2330 signiﬁcat.
1686 2257 1850 2315 Josue
1871 2258 2089 2329 quippe,

503 2348 745 2412 salvator
794 2360 981 2410 nostro
1030 2350 1247 2423 eloquio
1295 2352 1507 2409 dicitur.
1559 2349 1628 2405 Et
1682 2350 1751 2406 de
1802 2350 2091 2418 semetipso

502 2447 762 2503 Dominus
785 2445 951 2501 dicit:
999 2444 1153 2501 Venit
1180 2445 1319 2514 ﬁlius
1351 2443 1573 2497 hominis
1611 2452 1841 2513 quwrere
1862 2483 1875 2506 ,
1907 2448 1956 2495 et
1985 2442 2092 2496 sal-

501 2552 620 2591 uum
671 2537 844 2607 facere
890 2534 1026 2605 quod
1074 2534 1303 2604 perierat
1351 2532 1503 2605 (Luc.
1534 2548 1646 2599 xxx,
1682 2531 1791 2603 l0).
1846 2524 1980 2588 lilnc
2010 2539 2092 2587 est

505 2628 689 2693 etiam,
718 2626 865 2697 quod
892 2624 1091 2697 Ioseph
1136 2626 1189 2681 in
1237 2626 1438 2681 somnis
1484 2640 1579 2697 per
1623 2625 1867 2693 angelum
1900 2639 2091 2695 repro-

503 2720 734 2775 mittitur
762 2737 776 2773 :
812 2718 935 2790 Ipse
958 2718 1155 2773 salvum
1181 2718 1337 2789 faciet
1364 2704 1609 2789 populum
1628 2730 1778 2771 suum
1811 2734 1843 2771 a
1869 2718 2089 2787 peccatis

502 2826 678 2867 eorum
702 2810 915 2881 (Matth.
945 2826 982 2877 ι,
1012 2808 1125 2879 21).
1176 2798 1560 2864 Betbsamitam
1606 2822 1821 2879 quoque
1864 2820 1923 2864 se
1972 2823 2091 2865 esse

500 2916 598 2975 per
624 2902 972 2973 semetipsum
1020 2899 1332 2957 manifettat
1351 2942 1369 2970 ,
1412 2901 1633 2958 dicens:
1660 2900 1770 2972 Ego
1800 2917 1912 2956 sum
1939 2904 2089 2973 panis

499 2996 663 3063 vivus,
688 2995 773 3067 qui
803 2995 867 3047 dc
888 2993 1014 3047 ctelo
1037 2992 1278 3047 descendi
1308 2991 1488 3064 (Ioan.
1520 3009 1592 3061 vr,
1620 2990 1734 3063 4i).
1764 2992 1901 3049 illnc
1927 2990 2089 3050 Joan-

502 3096 598 3141 nes
620 3084 858 3155 Baptista
883 3084 958 3137 ait
990 3100 1003 3136 :
1038 3081 1138 3146 Qui
1182 3082 1246 3137 de
1288 3078 1412 3137 calo
1439 3083 1604 3148 venit,
1643 3101 1794 3154 super
1816 3101 1989 3139 omnes
2016 3096 2091 3139 est

2202 1888 2303 1948 quo
2350 1883 2399 1928 et
2450 1890 2539 1929 vos
2594 1882 2838 1945 tanquam
2884 1875 3087 1945 lapides
3152 1874 3251 1929 viri
3292 1874 3789 1945 supertediﬁcantini

2192 1965 2247 2037 (ι
2271 1964 2417 2019 Petr.
2446 1979 2505 2031 ιι,
2530 1963 2605 2033 5).
2640 1964 2707 2018 Et
2734 1974 2963 2034 magnus
2990 1965 3208 2034 quidem
3226 1966 3363 2037 lapis
3389 1967 3588 2021 dicitur
3615 1982 3629 2018 ε
3658 1966 3786 2037 quia

2192 2057 2602 2127 incomparabili
2630 2053 2943 2114 lertitudine
2967 2058 3311 2128 prte‘dieatur.
3367 2057 3501 2113 Cum
3534 2072 3665 2128 ergo
3686 2073 3784 2115 ve-

2192 2147 2336 2202 nisse
2364 2155 2420 2201 et
2442 2148 2657 2203 stetisse
2685 2148 2742 2201 in
2770 2158 2902 2216 agro
2951 2147 3247 2217 plaustrum
3273 2146 3490 2215 dicitur,
3540 2146 3783 2203 additum

2194 2248 2276 2296 est
2296 2259 2309 2295 :
2329 2240 2461 2293 Erat
2476 2239 2546 2294 ibi
2566 2240 2701 2311 lapis
2720 2250 2938 2313 magnus
2960 2254 2979 2293 :
2997 2246 3055 2294 ut
3081 2240 3373 2296 latentibus
3398 2240 3672 2312 mysteriis
3692 2239 3789 2295 de-

2192 2333 2430 2402 signaret
2447 2350 2459 2387 :
2476 2333 2600 2404 quia
2616 2333 3047 2403 contemplativa
3065 2335 3186 2387 vitae
3203 2332 3387 2402 dediti,
3410 2344 3627 2389 servare
3640 2333 3793 2390 dona

2193 2433 2304 2479 tam
2328 2425 2565 2494 ingentia
2588 2424 2710 2480 ideo
2723 2431 2967 2496 possunt,
2988 2424 3109 2494 quia
3128 2424 3279 2495 jutta‘
3303 2438 3425 2481 eum
3442 2430 3539 2495 per
3556 2426 3793 2495 gratiam

2193 2524 2337 2582 sunt,
2370 2531 2401 2570 a
2426 2530 2537 2586 quo
2562 2516 2751 2571 eadem
2772 2516 2911 2571 dona
2942 2525 3322 2588 perceperunt.
3354 2514 3609 2586 Sequitur
3633 2534 3649 2569 :

2266 2610 2441 2683 (Vers.
2472 2607 2585 2682 id.)
2608 2608 2676 2664 Et
2699 2611 3031 2665 conciderunt
3055 2612 3199 2683 ligna
3229 2610 3471 2683 plaustri,
3503 2626 3795 2684 caecasque

2190 2704 2546 2774 inspiratur-unt
2567 2717 2719 2773 super
2748 2704 2883 2756 eain
2906 2701 3264 2757 holocaustum
3289 2700 3536 2755 Domino.

2262 2794 2350 2851 25.
2398 2794 2528 2863 Quae
2555 2803 2679 2852 sunt
2706 2794 2847 2864 ligna
2873 2795 3098 2865 plaustri
3134 2806 3272 2850 arca:
3300 2790 3413 2860 Dei,
3448 2795 3547 2849 nisi
3577 2802 3793 2849 sanctze

2193 2890 2484 2961 Scripturte
2511 2890 2807 2956 sententias,
2835 2897 2890 2944 et
2917 2888 3163 2959 exempla
3182 2888 3495 2959 iustorum?
3539 2882 3787 2943 Bethsa-

2192 2986 2336 3040 mitae
2384 2985 2582 3056 quippe
2628 2983 2771 3053 ligna
2813 2982 3127 3049 concidunt,
3179 2994 3300 3039 cum
3324 2982 3625 3039 secretioris
3656 2983 3801 3036 vitae

2193 3077 2465 3148 praepositi
2506 3076 2877 3145 subiectorum
2924 3086 3147 3132 suorum
3178 3068 3450 3132 mentibus
3479 3075 3804 3145 Scriptura.

506 3179 685 3247 (Joan.
718 3186 796 3241 ut,
822 3172 933 3244 5i).
969 3173 1101 3241 Quis
1126 3181 1207 3229 est
1228 3184 1358 3242 ergo
1383 3186 1511 3243 ager
1534 3170 1693 3229 Josue
1720 3173 2087 3243 Bcthsamitte,
2118 3189 2164 3251 ς
2192 3185 2312 3225 rum
2364 3180 2550 3226 sensds
2594 3170 2843 3226 subtilius
2894 3170 3185 3241 aperiunt,
3237 3180 3363 3226 cum
3400 3169 3800 3226 excellentior:

506 3269 610 3322 nisi
640 3265 929 3322 amoenitas
960 3265 1079 3319 vita:
1107 3264 1574 3336 contemplativa)?
1602 3264 1677 3321 lbi
1706 3267 1847 3320 enim
1887 3275 1940 3321 et
1969 3267 2091 3321 bet-

506 3360 694 3414 barum
723 3358 931 3413 virores
955 3396 971 3422 ,
1007 3363 1062 3412 et
1103 3356 1298 3413 odores
1346 3363 1679 3425 aromatum,
1712 3366 1766 3412 et
1794 3356 1984 3412 llorum
2013 3358 2093 3412 di-

502 3462 660 3505 versa
694 3447 1035 3520 pulchritudo
1079 3450 1349 3517 cernitur;
1402 3451 1527 3521 quia
1574 3448 1825 3505 nimirum
1868 3462 1975 3522 quo
2004 3466 2093 3505 su-

504 3556 672 3613 perna
701 3543 790 3598 illa
816 3542 1047 3597 societas
1074 3543 1269 3598 clarius
1292 3541 1568 3613 aspicitur,
1594 3544 1737 3614 quod
1770 3543 2089 3614 incorrupti-

507 3634 614 3689 bile
643 3635 800 3690 lloret
824 3635 1050 3704 angelis,
1077 3634 1219 3703 quod
1246 3633 1690 3691 immarcescibile
1711 3636 1847 3691 viret
1868 3639 2087 3703 sanctis,

2194 3262 2440 3332 exempla
2469 3261 2689 3318 Patrum
2732 3260 2799 3317 ad
2826 3274 3015 3318 eorum
3060 3262 3420 3319 imitationem
3466 3259 3798 3332 proferunt;

2194 3364 2253 3410 ut
2282 3356 2337 3409 in
2375 3370 2561 3410 eorum
2588 3354 2843 3412 cordibus
2871 3355 3091 3427 superni
3123 3356 3322 3411 amoris
3375 3352 3583 3408 ﬂamma
3629 3361 3805 3409 tanto

2195 3447 2497 3503 ferventius
2524 3449 2731 3517 ardeat,
2786 3460 2991 3520 quanto
3022 3448 3317 3504 foroentum
3348 3448 3601 3516 incendii,
3628 3448 3807 3503 velut

2196 3542 2412 3597 concisa
2444 3541 2607 3610 ligna,
2658 3542 2815 3596 citius
2843 3542 3272 3598 subministrant.
3316 3542 3542 3598 Plaustri
3582 3542 3808 3612 quippe

2195 3634 2335 3704 ligna
2359 3643 2516 3703 sunt,
2543 3634 2669 3704 quia
2695 3648 2845 3689 mens
2871 3646 2969 3705 per
2990 3634 3085 3690 Dei
3114 3628 3339 3704 gratiam
3369 3644 3620 3690 renovata
3638 3675 3657 3700 ,
3733 3648 3811 3691 ea

2194 3739 2293 3796 per
2331 3725 2649 3780 memoriam
2701 3726 2919 3780 retinet.
2980 3720 3055 3780 De
3101 3726 3295 3795 quibus
3342 3723 3576 3797 profecto
3622 3725 3815 3795 lignis

2195 3828 2409 3873 sanctus
2463 3819 2737 3887 legislator
2782 3818 3047 3885 decernit,
3094 3820 3317 3874 dicens:
3369 3818 3517 3890 Ignis
3540 3820 3592 3872 in
3616 3819 3819 3875 altari

2195 3926 2306 3965 meo
2333 3926 2529 3980 semper
2553 3910 2697 3964 debet
2726 3926 2871 3965 esse:
2898 3926 3045 3984 quem
3075 3906 3271 3965 nutriat
3298 3904 3554 3977 sacerdos,
3590 3925 3816 3981 sugge-

2196 4021 2315 4059 rens
2352 4021 2503 4058 mane
2558 4004 2702 4076 ligna
2757 4022 2848 4076 per
2897 4005 3129 4077 singulos
3186 4005 3295 4059 dies
3353 3996 3536 4077 (Levii.
3562 4018 3629 4067 vt,
3671 4004 3811 4077 ΓΞ).

2195 4094 2328 4162 Quia
2359 4110 2487 4151 vero
2526 4097 2732 4152 concidi
2774 4097 2915 4166 ligna
2938 4101 3329 4162 memorantur,
3379 4096 3606 4165 apertius
3637 4094 3819 4153 indi-

2195 4197 2338 4256 cant,
2381 4190 2507 4260 quia
2546 4191 2984 4261 contemplativa:
3024 4189 3148 4244 vitae
3179 4190 3466 4259 puritatem
3493 4191 3811 4259 qumrenti-

2196 4285 2317 4354 bus,
2346 4302 2453 4342 non
2479 4286 2782 4341 communia
2811 4284 2877 4339 de
2907 4298 3065 4340 sacro
3102 4284 3345 4355 eloquio,
3374 4284 3467 4339 sed
3496 4280 3696 4337 altiora
3756 4294 3823 4343 et

508 4365 755 4432 intendit,
781 4380 902 4421 cum
932 4366 1166 4423 caelestis
1205 4368 1315 4437 jam
1361 4370 1673 4427 amoenitate
1711 4371 1931 4427 visionis
1962 4373 2094 4428 trui-
2202 4378 2519 4433 excellentia
2546 4391 2771 4447 qumque
2799 4376 3080 4446 pandenda
3110 4383 3263 4442 sunt;
3310 4384 3368 4430 ut
3396 4390 3463 4431 eo
3492 4373 3685 4429 fortius
3746 4392 3824 4431 se

509 4463 623 4521 tur;
655 4455 779 4525 quia
805 4464 1018 4512 terrena
1043 4458 1309 4528 respicere
1346 4474 1444 4530 per
1473 4474 1711 4517 amorem
1753 4462 2091 4535 dedignatur.
2198 4462 2251 4522 in
2283 4468 2390 4522 alta
2409 4468 2638 4523 videndo
2656 4467 2954 4531 sublevent,
2980 4481 3088 4535 quo
3106 4466 3185 4522 eis
3214 4467 3476 4522 nobiliora
3498 4466 3631 4520 bona
3670 4482 3821 4538 qua:

509 4543 891 4639 Etnotandum
929 4549 1057 4617 quia
1084 4549 1189 4605 hoc
1222 4549 1516 4620 plaustrum
1545 4568 1743 4609 novum
1773 4556 1954 4623 fuisse,
1985 4573 2092 4613 non
2123 4578 2175 4639 ι)
2198 4560 2424 4615 audiunt
2448 4559 2618 4630 magis
2642 4560 2875 4629 placent.
2940 4557 3088 4613 Unde
3116 4552 3187 4613 et'
3206 4559 3344 4614 bene
3397 4556 3758 4627 subjungitur
3799 4581 3818 4616 :

508 4636 668 4692 valde
696 4651 859 4708 supra
886 4639 1115 4697 relatum
1157 4648 1269 4708 est;
1316 4643 1438 4713 quia
1468 4645 1712 4714 profecto
1738 4660 1887 4703 mens
1914 4650 2093 4704 crimi-
2123 4636 2157 4639 ί
2201 4650 2335 4716 Quia
2376 4667 2555 4707 vaccas
2596 4652 2884 4721 imposuere
2924 4667 3080 4721 super
3110 4667 3173 4704 ea
3200 4651 3251 4705 in
3276 4652 3624 4706 holocaustum
3680 4650 3824 4710 Do-

508 4744 637 4783 num
664 4736 932 4785 *θιυδωι
984 4732 1256 4800 “Wbut
1294 4734 1362 4789 εει
1408 4743 1612 4791 lautam
1655 4739 1881 4806 gloriam
1925 4736 2095 4810 recipi
2200 4742 2359 4797 mino.
2435 4741 2821 4797 Holdcaustum
2874 4756 3109 4813 namque
3172 4744 3512 4798 combustum
3546 4742 3821 4802 dicitur.

507 4833 613 4875 non
638 4829 897 4877 meretur.
2199 4831 2333 4889 Cum
2358 4844 2486 4901 ergo
2509 4833 2649 4903 ligna
2672 4834 3044 4902 conciduntur,
3076 4834 3392 4890 holocausta
3424 4835 3660 4905 desuper
3700 4839 3827 4894 isn-

579 4911 664 4965 95.
700 4910 807 4967 Sed
828 4914 995 4969 habet
1016 4914 1127 4971 vita
1155 4921 1419 4976 secretior
1449 4922 1671 4979 delicias
1697 4924 1751 4980 in
1781 4929 2093 4989 amoenitate
2198 4924 2388 4996 positis
2429 4925 2607 4980 vaccis
2658 4924 2791 4980 liunt
2818 4944 2830 4979 :
2883 4926 3007 4994 quia
3036 4927 3126 4996 qui
3154 4928 3348 4982 eximia
3378 4926 3445 4981 de
3494 4926 3826 4996 Scriptor-is

510 5000 754 5069 visionis,
780 5006 946 5061 habet
973 5008 1241 5079 ingentem
1273 5012 1511 5069 laborem
1541 5016 1595 5071 in
1625 5019 1945 5077 strenuitate
1974 5038 2096 5080 cer-
2200 5018 2394 5072 devota
2424 5024 2603 5073 mente
2633 5018 2958 5088 suscipiunt,
2984 5020 3165 5089 quoin
3194 5034 3425 5090 superna
3447 5034 3503 5075 se
3520 5018 3827 5079 desideria

511 5094 753 5161 taminia;
781 5098 907 5165 quia
932 5099 1185 5157 nimirum
1212 5102 1388 5158 divina
1416 5109 1634 5175 praemia
1655 5109 1793 5164 sicut
1815 5126 1880 5165 ex
1908 5113 2095 5170 trium-
2201 5108 2358 5163 altius
2388 5109 2703 5173 extendunt,
2738 5125 2806 5165 eo
2835 5111 2909 5165 nil
2957 5111 3009 5165 in
3042 5112 3119 5167 eis
3145 5112 3433 5181 deseritur,
3490 5110 3633 5181 quod
3688 5131 3827 5172 non

510 5185 619 5255 pho
649 5190 1051 5261 cornuquituur,
1086 5193 1159 5248 ita
1190 5202 1245 5249 et
1271 5202 1489 5252 strenue
1529 5198 1839 5257 dimicando
1864 5206 2099 5261 custodi-
2201 5196 2364 5255 divini
2420 5200 2617 5257 amoris
2646 5198 2861 5256 flamma
2891 5202 3258 5259 comburatur.
3306 5196 3375 5258 Et
3417 5213 3541 5259 tunc
3568 5204 3830 5272 quidem

511 5292 650 5335 Inus.
688 5279 834 5336 Bene
857 5296 986 5353 ergo
1023 5285 1093 5341 de
1115 5287 1366 5342 veniente
1398 5289 1451 5343 in
1480 5302 1667 5359 agrum
1698 5291 1824 5349 Jesu
1852 5296 2095 5366 plaustro
2199 5307 2389 5349 curare
2417 5288 2693 5350 doctorem
2724 5310 2947 5353 necesse
3002 5306 3103 5363 est,
3162 5305 3221 5353 ut
3273 5297 3513 5367 religiosi
3557 5292 3828 5366 subjecti

512 5370 850 5441 subjungitur
880 5392 893 5429 :
928 5375 999 5430 Et
1022 5381 1159 5433 stetit
1182 5380 1273 5435 ibi.
1305 5380 1462 5437 Stare
1488 5383 1686 5454 quippe
1714 5386 1780 5442 ad
1812 5386 1975 5458 praelii
2004 5406 2097 5448 cu-
2203 5386 2308 5440 alta
2328 5385 2688 5456 considerent,
2734 5392 2789 5444 et
2836 5396 3014 5444 tamen
3043 5404 3138 5461 per
3162 5390 3568 5444 restituationem
3614 5388 3699 5443 de
3761 5410 3835 5451 se

512 5464 740 5555 stodiam
770 5469 1021 5537 pertinet,
1046 5486 1155 5526 non
1175 5473 1241 5527 ad
1264 5476 1407 5543 pacis
1429 5475 1686 5545 quietem.
1716 5477 1875 5535 Stetit
1899 5482 2098 5555 quippe
2202 5478 2310 5533 alta
2354 5488 2463 5536 non
2504 5487 2760 5548 teneant;
2801 5497 2889 5551 ne,
2944 5496 3051 5553 quo
3078 5482 3273 5539 celsius
3303 5498 3508 5537 summa
3552 5474 3833 5541 videndo

515 5554 809 5625 plaustrum
836 5560 894 5617 in
921 5574 1079 5633 agro;
1107 5565 1231 5633 quia
1260 5568 1362 5621 etsi
1393 5580 1561 5634 mens,
1594 5584 1805 5625 amoma
1824 5572 1933 5642 jam
1958 5554 2096 5634 illius
2204 5570 2511 5643 proﬁciunt,
2566 5590 2666 5645 per
2704 5570 2991 5631 elationem
3051 5582 3387 5645 corruentes,
3427 5573 3833 5649 periculosius

513 5661 758 5719 supernae
782 5691 798 5719 ,
848 5661 905 5709 et
944 5669 1159 5727 semper
1198 5658 1423 5717 virentis
1448 5660 1639 5732 patriae
1676 5660 1907 5723 videndo
1934 5676 2097 5739 atque
2202 5665 2489 5724 elidantur.
2523 5664 2674 5725 Unde
2702 5678 2756 5725 et
2783 5668 2870 5727 hic
2889 5686 3111 5743 quoque
3140 5671 3385 5729 subditur
3415 5690 3429 5727 :

589 5812 615 5843 ι
644 5806 838 5868 Gilot..
863 5822 982 5864 cum
1009 5810 1272 5869 vidissent.
2286 5821 2318 5869 δ
2348 5823 2516 5884 Abest
2536 5826 2621 5883 Itis
2645 5841 2679 5886 a
2696 5822 2843 5886 Giiot

507 3728 651 3796 quod
674 3727 981 3783 inviolabile
1020 3727 1072 3781 in
1102 3727 1399 3795 virginibus
1436 3726 1683 3796 redolet,
1720 3731 2093 3802 contemplan-

510 3820 643 3873 tium
670 3819 843 3873 oculis
860 3817 1064 3886 gratius
1085 3817 1387 3872 exhibetur.
1415 3817 1558 3873 Bene
1585 3825 1765 3873 autem
1796 3820 1936 3875 idem
1968 3834 2095 3891 ager

506 3908 805 3963 Salvatoris
827 3922 947 3963 esse
972 3908 1324 3979 perhibetur;
1355 3907 1481 3976 quia
1520 3911 1947 3980 contemplativa:
1972 3911 2095 3968 vita:

509 4007 813 4066 amatores,
851 4012 958 4070 quo
1006 3999 1268 4055 secretius
1297 4007 1716 4067 conversantur,
1752 4001 2093 4074 Redemptori

506 4099 694 4147 nostro
722 4092 987 4162 gratiores
1016 4098 1073 4147 et
1103 4092 1477 4147 familiariores
1499 4101 1641 4148 sunt.
1666 4093 1723 4148 In
1753 4108 1935 4164 agrum
1964 4112 2096 4167 quo-

505 4196 611 4251 que
651 4181 817 4237 Josue
862 4180 1206 4238 Betbsamitte
1247 4183 1548 4253 plaustrum
1578 4186 1761 4252 venit,
1791 4198 1913 4242 cum
1943 4200 2095 4244 mens

506 4276 679 4329 electa
708 4290 739 4329 a
769 4274 947 4330 saeculi
1005 4274 1307 4332 intentione
1352 4277 1519 4333 divisa
1544 4320 1562 4347 ,
1605 4278 1735 4334 soils
1788 4280 2094 4338 etnlestibus
