4020 6344
233 329 333 389 197

1045 321 1113 379 ΙΝ
1150 320 1418 380 PRIMUM
1456 320 1698 378 REGUM
1734 318 2254 380 EXPOSITIONES.
2293 353 2368 366 —
2403 323 2534 381 LIB.
2573 323 2663 383 Ill.

3390 328 3495 388 198

297 442 473 514 (Vers.
508 436 622 509 15.)
674 435 867 492 Levita:
896 443 1068 491 autem
1107 437 1454 506 deposuerunt
1490 454 1667 491 arcam
1689 436 1808 503 Dei,
1839 438 1888 498 Α
1987 436 2162 507 (Vers.
2196 437 2312 509 16.)
2341 440 2414 495 Et
2444 444 2666 514 quinque
2702 451 2929 515 satrapa:
2957 443 3389 502 Philisthinorum
3416 450 3492 504 vi~

227 543 274 588 et
303 525 583 601 capsellam
631 544 746 601 qua:
789 534 902 582 erat
915 525 1072 599 juxta
1110 533 1246 596 eam,
1301 528 1357 582 in
1385 525 1492 600 qua'
1511 536 1660 582 erant
1685 545 1813 583 vasa

227 639 409 688 aurea,
437 627 486 675 et
507 627 789 690 posuerunt
815 635 968 689 super
994 616 1221 689 lapidem
1249 615 1519 691 grandem.

293 712 385 774 26.
417 709 617 773 Levita:
643 691 1066 784 interpretantur
1094 711 1372 782 assumpti.
1402 711 1505 780 Qui
1533 721 1662 782 ergo
1691 718 1817 766 sunt

227 812 446 875 Levitze,
471 800 573 865 nisi
598 806 692 878 qui
720 801 796 862 sic
821 809 946 861 sunt
974 801 1153 860 divina
1183 801 1356 874 gratia
1399 801 1725 869 confirmati,
1757 809 1818 858 ut

226 921 255 958 a
284 909 479 959 sancto
526 895 731 970 Spiritu
776 891 954 954 deseri
1000 903 1271 966 utinquam
1321 892 1566 967 possint?
1621 895 1818 950 Arcam

227 997 428 1069 quippe
447 994 653 1051 Levius
680 991 978 1062 deponunt,
1018 1007 1141 1047 cum
1168 987 1394 1062 perfecti
1437 991 1818 1062 praedicatores

227 1106 356 1146 suos
377 1086 654 1158 subjectos
703 1085 1020 1152 admonent,
1073 1089 1133 1141 ut
1174 1100 1270 1141 eos
1300 1079 1556 1156 spiritalis
1591 1079 1819 1140 scientia

228 1194 573 1251 nequaquam
627 1175 798 1235 inflet.
864 1171 1170 1248 Capsellam
1237 1191 1456 1247 quoque
1508 1193 1633 1233 cum
1676 1173 1818 1232 vasis

227 1277 408 1331 aureis
429 1274 728 1345 deponunt,
781 1289 904 1329 cum
933 1287 1029 1328 eos
1058 1271 1221 1328 etiam
1249 1271 1320 1328 de
1367 1274 1492 1328 vitae
1523 1273 1814 1342 splendore

229 1366 581 1432 conveniunt,
611 1371 672 1421 ut
697 1379 764 1421 eo
793 1361 861 1421 de
880 1380 940 1420 se
965 1363 1221 1420 humilius
1245 1363 1500 1430 sentiant,
1522 1378 1630 1433 quo
1656 1364 1818 1419 etiam

227 1459 650 1530 Redemptorem
674 1470 919 1513 nostrum
938 1457 1004 1512 ad
1024 1456 1370 1512 exaltationis
1385 1471 1498 1511 suae
1517 1457 1818 1528 prmmium,

227 1565 422 1606 eorum
469 1549 695 1620 quisque
735 1541 849 1618 jam
906 1547 1218 1618 pervenisse
1266 1539 1474 1612 didicit,
1517 1548 1646 1616 quia
1671 1546 1739 1602 de
1762 1561 1822 1602 se

229 1643 464 1698 inaniter
492 1643 599 1697 alta
628 1658 738 1697 non
766 1641 953 1699 sensit.
1005 1641 1154 1697 Bene
1185 1639 1369 1711 itaque
1397 1639 1639 1712 deposita
1669 1655 1817 1710 arca,

228 1745 283 1791 et
318 1751 444 1790 vasa
483 1750 645 1790 aurea
670 1749 831 1804 super
853 1732 1370 1804 grandemlapidem
1399 1735 1574 1803 posita
1609 1748 1820 1788 memo-

1918 529 2123 597 derunt,
2154 541 2200 586 et
2221 534 2406 589 reversi
2427 544 2546 588 sunt
2572 535 2626 588 in
2655 533 2887 590 Accaron
2912 527 2963 590 in
2987 536 3068 590 die
3088 533 3199 592 illa.

1987 623 2078 679 28.
2128 623 2366 696 Satrapte
2421 617 2866 684 Philistbinorum
2898 671 2912 696 ,
2974 635 3032 684 ut
3084 629 3195 700 jam
3251 632 3498 701 superius

1918 717 2049 788 dixi,
2079 717 2237 774 electi
2281 728 2405 775 sunt
2433 719 2814 791 praedicatores
2841 721 3154 779 Gentilium.
3214 722 3317 790 Qui
3343 721 3499 778 nimii

1918 825 2038 865 rum
2073 811 2319 881 quinario
2357 828 2582 868 numero
2613 813 2993 883 continentur;
3050 815 3174 885 quia
3215 815 3280 870 ad
3330 813 3498 870 refre~

1921 903 2126 960 nandos
2157 905 2394 974 quinque
2423 921 2610 962 sensus
2639 907 2905 977 corporis,
2959 909 3054 962 aut
3078 907 3299 963 rudibus
3326 907 3503 962 adhuc

1922 993 2190 1063 fidelibus,
2239 1003 2332 1050 aut
2357 998 2659 1054 carnalibus
2685 1005 2941 1070 prmsunt.
2979 988 3046 1055 Hi
3075 997 3316 1071 profecto
3348 997 3503 1069 plau~

1921 1095 2091 1142 strum
2118 1101 2238 1142 cum
2264 1083 2359 1142 Dei
2403 1103 2531 1143 arca
2577 1085 2936 1158 comitantur;
2981 1089 3108 1161 quia
3140 1088 3210 1146 ad
3263 1087 3504 1145 studium

1917 1171 2178 1249 'spiritalis
2224 1179 2346 1234 vitte
2375 1178 2715 1237 transenntes
2758 1179 2872 1252 jam
2915 1173 3155 1238 eruditos
3184 1178 3500 1251 discipulos,

1922 1271 2294 1328 sollicitudinis
2325 1289 2434 1328 sua:
2454 1285 2581 1329 cura
2613 1285 3035 1345 prosequuntur.
3067 1267 3172 1331 Sed
3201 1273 3507 1346 applicante

1924 1367 1977 1422 in
2019 1371 2206 1436 agrum
2234 1363 2396 1422 Josue
2425 1359 2697 1438 plaustro,
2753 1375 2809 1424 et
2857 1369 3038 1426 vaccis
3083 1363 3398 1436 immolatis,
3451 1361 3509 1422 in

1925 1457 2168 1516 Accaron
2211 1458 2441 1515 redeunt
2490 1479 2503 1515 :
2547 1459 2674 1534 quia
2714 1477 2837 1518 cum
2889 1478 3075 1518 eorum
3127 1461 3512 1532 perfectionem

1919 1550 2032 1620 jam
2083 1551 2566 1622 consideraverint,
2616 1547 3042 1610 conversationis
3085 1569 3273 1609 eorum
3317 1553 3512 1610 itinera

1925 1645 2152 1700 ulterius
2181 1661 2290 1700 non
2315 1645 2619 1715 explorant.
2649 1643 2708 1699 In
2733 1645 2979 1701 Accaron
3027 1645 3209 1699 autem
3231 1641 3462 1700 redeunt
3491 1683 3510 1712 ,

1925 1733 2051 1804 Quia
2081 1739 2147 1790 ad
2175 1737 2573 1791 convertendos
2596 1729 2732 1790 alios
2770 1749 2829 1793 se
2873 1741 3216 1792 convertunt.
3266 1735 3514 1790 Accaron

227 1837 421 1884 rantur
445 1848 457 1882 :
489 1827 615 1898 quia
643 1825 784 1884 inter
813 1827 955 1884 dona
983 1829 1233 1884 sublimia
1253 1829 1320 1885 de
1348 1845 1406 1886 se
1435 1830 1710 1885 humiliter
1733 1845 1822 1886 sa-
1847 1829 1899 1895 Β
1925 1828 2122 1898 quippe
2147 1835 2336 1884 nostro
2364 1827 2583 1899 eloquio
2624 1829 2821 1884 sterilis
2863 1825 3078 1885 dicitur.
3128 1827 3349 1886 Steriles
3379 1843 3515 1898 quo-

226 1936 362 1993 pere
390 1919 466 1976 illi
489 1917 670 1976 verius
699 1929 942 1990 possunt,
969 1921 1063 1990 qui
1094 1917 1473 1990 Redemptoris
1492 1921 1823 1991 magnitudi-

229 2029 361 2068 nem
412 2021 468 2067 et
511 2006 876 2066 humilitatem
907 2009 1152 2066 recolere
1191 2011 1350 2084 158
1398 2013 1588 2083 smpius
1617 2011 1820 2069 didice-

226 2110 384 2156 runt.
415 2099 550 2155 Nam
584 2097 853 2170 deponere
899 2116 1076 2156 arcam
1107 2097 1224 2169 Dei,
1279 2116 1334 2157 et
1383 2117 1545 2174 super
1593 2104 1824 2176 lapidem

227 2191 499 2260 grandem
521 2189 737 2246 volebat
766 2207 985 2261 ponere,
1040 2193 1136 2262 qui
1183 2193 1441 2249 dicebat:
1498 2193 1615 2250 Hoc
1645 2198 1826 2250 sentite

227 2285 287 2337 in
324 2280 486 2348 vobis,
512 2283 652 2354 quod
671 2283 722 2336 in
747 2279 945 2338 Christo
969 2279 1114 2338 Jcstt.
1165 2281 1265 2348 Qui
1309 2297 1423 2341 cum
1451 2283 1504 2340 in
1529 2289 1697 2357 forma
1728 2286 1826 2342 Dei

228 2379 384 2437 esset,
415 2388 520 2426 non
536 2373 774 2442 rapinam
799 2375 1080 2430 arbitratus
1105 2385 1182 2429 est
1202 2392 1254 2430 se
1269 2389 1378 2431 esse
1405 2384 1649 2449 a’qualem
1679 2373 1825 2445 Deo;

231 2465 328 2520 sed
355 2469 681 2537 semetipsum
721 2469 1020 2533 exinanivit,
1057 2471 1278 2542 formam
1310 2473 1439 2525 servi
1463 2473 1740 2542 accipiens,
1771 2473 1827 2526 in

233 2557 629 2613 similitudinem
677 2561 941 2616 hominum
971 2563 1159 2633 factus,
1204 2565 1254 2617 et
1287 2563 1465 2617 habitu
1493 2565 1728 2619 inventus
1772 2572 1829 2619 ut

235 2651 422 2717 homo;
454 2649 744 2707 humiliavit
764 2669 818 2708 se
848 2655 1017 2725 factus
1053 2655 1294 2711 obediens
1319 2673 1480 2728 usque
1518 2657 1587 2710 ad
1614 2666 1828 2712 mortem

236 2746 405 2798 crucis
456 2743 677 2816 (Philip.
710 2759 769 2810 ιι,
796 2745 873 2817 5).
926 2745 1032 2802 Sed
1059 2747 1152 2816 qui
1181 2747 1246 2804 de
1287 2745 1624 2804 subditorum
1653 2743 1828 2804 cordi-

239 2837 347 2893 bus
369 2837 566 2894 amoris
587 2835 824 2894 bestiam
842 2822 1143 2895 ministerio
1169 2837 1565 2910 praedicationis
1591 2835 1701 2895 Deo
1733 2841 1833 2894 im-

240 2929 488 2998 molant,
541 2929 606 2986 de
633 2931 746 2987 suis
771 2931 936 2987 etiam
966 2929 1238 2988 mentibus
1264 2932 1648 2988 excellentiora
1674 2932 1833 2990 valde

239 3018 581 3076 oblationum
609 3017 752 3077 dona
788 3031 1199 3093 repraesentant.
1256 3016 1410 3080 Unde
1434 3031 1490 3080 et
1541 3021 1828 3081 subditur:

317 3129 494 3204 (Vers.
518 3131 634 3205 i5.)
673 3127 786 3190 Viri
808 3143 981 3190 autem
1008 3134 1339 3190 Betltsamita:
1363 3134 1656 3191 obtulerunt
1681 3136 1830 3192 Italo-

1927 1935 2032 1991 que
2054 1930 2204 1989 sunt,
2252 1919 2344 1990 qui
2375 1927 2469 1976 aut
2511 1915 2616 1976 fide
2641 1923 2852 1988 carent,
2903 1925 2998 1974 aut
3045 1915 3187 1976 bona
3226 1935 3516 1976 conversa-

1927 2014 2097 2069 tione.
2153 2009 2302 2069 Bene
2356 2019 2536 2069 autem
2596 2029 2718 2069 cum
2766 2013 2969 2070 reversi
3008 2013 3280 2084 principes
3332 2007 3519 2070 dicun-

1931 2111 2038 2174 tur,
2067 2106 2307 2162 additum
2337 2114 2422 2163 est
2452 2125 2465 2160 :
2511 2095 2579 2161 In
2609 2103 2692 2162 die
2716 2107 2846 2162 illa:
2877 2101 3001 2179 quia
3047 2105 3152 2161 nisi
3181 2102 3236 2162 in
3265 2105 3343 2162 eis
3364 2105 3520 2162 clari-

1928 2203 2096 2253 tatem
2141 2206 2307 2253 tantte
2362 2197 2710 2269 perfeCtidnis
2763 2206 3158 2269 agnoscerent,
3211 2196 3279 2253 ab
3328 2212 3516 2254 eorum

1930 2287 2290 2348 sollicitudine
2316 2291 2618 2349 securitatis
2647 2291 2970 2350 certitudine
2990 2306 3098 2348 non
3126 2289 3386 2348 redirent.
3411 2287 3512 2348 Se-

1930 2383 2114 2454 Quitur
2144 2401 2159 2438 :

2004 2496 2184 2568 (Vers.
2218 2496 2306 2562 17,
2335 2495 2451 2570 18.)
2480 2497 2554 2553 Hi
2575 2506 2696 2554 sunt
2724 2497 2817 2553 ani
2845 2499 3016 2568 aurei,
3036 2514 3161 2570 quos
3187 2495 3522 2552 reddiderunt

1933 2576 2253 2646 must/ium
2280 2610 2376 2662 pro
2421 2592 2633 2660 delicto,
2689 2593 2884 2650 Azotus
2935 2608 3117 2662 unum,
3174 2590 3318 2646 Gaza
3343 2606 3525 2658 unum,

1931 2683 2157 2740 Ascalon
2183 2701 2362 2751 unum,
2393 2684 2523 2740 (ἱειή
2550 2701 2731 2754 unum,
2757 2692 2807 2740 et
2833 2686 3070 2739 Accaron
3095 2699 3274 2739 unum.
3323 2677 3392 2736 Et
3413 2698 3525 2736 mu-

1934 2791 2015 2830 res
2037 2790 2242 2839 aureos,
2282 2774 2440 2845 159
2481 2775 2761 2830 secundum
2807 2790 3076 2829 numerum
3107 2771 3310 2827 urbium
3351 2771 3527 2826 Phili-

1935 2863 2130 2931 stlu'im,
2159 2865 2380 2936 quinque
2405 2866 2806 2936 provinciarum,
2839 2865 2902 2919 ab
2947 2866 3071 2920 urbe
3121 2873 3326 2919 murata
3367 2876 3526 2934 usque

1938 2957 2007 3010 ad
2032 2955 2224 3023 vittam,
2258 2974 2372 3030 qua:
2407 2969 2520 3013 erat
2549 2959 2739 3030 absque
2776 2975 2948 3026 muro,
2991 2967 3042 3012 et
3091 2974 3248 3030 usque
3276 2957 3345 3011 ad
3376 2954 3526 3010 Abu-

1937 3065 2201 3120 magnum,
2254 3066 2409 3121 super
2462 3067 2612 3122 quem
2640 3057 2922 3119 posuerunt
2951 3063 3130 3102 arcam
3183 3047 3413 3116 Domini,
3440 3046 3526 3118 qui

1937 3149 2051 3194 erat
2078 3155 2235 3212 usque
2260 3141 2317 3194 in
2340 3133 2426 3194 die
2455 3137 2545 3195 illa
2566 3139 2621 3194 in
2653 3157 2779 3213 agro
2805 3137 2963 3194 Iosue
2985 3131 3343 3193 Bethsamitte.

240 3233 446 3292 causta,
477 3237 528 3282 et
554 3227 947 3284 immolaverunt
988 3227 1222 3283 victimas
1260 3227 1320 3282 in
1345 3227 1430 3282 die
1461 3228 1560 3283 illa
1585 3226 1831 3285 Domino.
1857 3215 1910 3284 ο
2008 3239 2100 3295 29,
2154 3238 2291 3308 Quid
2317 3241 2433 3296 meo
2476 3240 2657 3296 omnia
2693 3240 2998 3310 designent,
3033 3239 3143 3295 lare
3163 3253 3324 3310 supra
3354 3251 3515 3308 expc.

315 3341 407 3396 27.
461 3341 520 3396 ln
547 3357 658 3412 qua
697 3341 807 3410 die,
863 3342 968 3399 nisi
993 3342 1047 3398 in
1078 3343 1168 3399 illa
1212 3343 1268 3398 in
1315 3351 1425 3414 qua
1455 3342 1832 3398 holocaustum

244 3431 479 3488 Domino
514 3448 710 3490 vaccas
739 3448 902 3504 super
938 3434 1166 3505 plaustri
1202 3434 1346 3504 ligna
1384 3435 1658 3504 posuere?
1705 3433 1836 3500 Quae

245 3530 334 3580 est
359 3523 524 3594 igitur
550 3523 668 3580 dies
692 3523 806 3592 illa,
860 3525 965 3582 nisi
994 3525 1320 3582 illuminatio
1354 3524 1550 3580 divina:
1580 3524 1838 3595 praedica-

250 3615 451 3671 tionis?
479 3615 559 3670 Ea
586 3631 823 3686 namque
851 3617 937 3672 die
965 3617 1316 3674 Betbsamitte
1357 3618 1678 3674 holocausta
1731 3617 1838 3674 Ds-

250 3705 404 3763 mino
429 3706 686 3779 oderunt,
739 3724 804 3766 ea
855 3709 944 3766 die
968 3709 1217 3766 victimas
1259 3710 1544 3766 inmolant
1563 3723 1673 3780 qua
1697 3711 1838 3781 ligna

249 3800 564 3868 concidunt,
589 3815 695 3871 qua
715 3815 878 3873 super
901 3815 966 3859 ea
986 3801 1366 3858 holocaustum
1388 3802 1622 3859 Domino
1646 3815 1839 3860 vaccas

248 3888 570 3958 imponunt;
618 3890 746 3961 quia
791 3893 968 3949 sancti
1013 3893 1492 3962 praedicatoresea
1521 3895 1642 3951 luce
1663 3895 1837 3963 verbi,

253 3994 369 4049 qua
399 3981 646 4049 subjectis
671 3983 926 4051 emicant,
967 3985 1071 4042 sibi
1117 3999 1340 4055 quoque
1364 3986 1433 4042 ad
1465 3987 1840 4043 rectitudinem

253 4073 482 4142 superni
526 4073 732 4131 itineris
782 4075 1020 4134 ofﬁcium
1063 4078 1292 4135 visionis
1330 4080 1732 4149 administrant,
1785 4087 1844 4136 et

251 4166 582 4235 contemptis
609 4167 773 4224 rebus
801 4166 1019 4235 infimis,
1048 4179 1146 4239 per
1187 4170 1297 4225 vim
1334 4170 1640 4228 dilectionis
1663 4172 1843 4228 omni-

252 4255 466 4326 potenti
490 4254 605 4312 Deo
631 4263 783 4312 tanto
811 4272 873 4315 se
906 4258 1128 4316 liberius
1154 4261 1428 4329 exhibent,
1447 4271 1650 4334 quanto
1679 4263 1843 4318 etiam

253 4346 534 4404 auditores
562 4363 694 4405 suos
712 4349 760 4405 ei
781 4350 893 4419 jam
913 4366 1110 4422 magna
1133 4352 1499 4410 familiaritate
1525 4355 1845 4426 coniunctos

254 4437 466 4494 vident.
523 4439 660 4507 Quia
710 4456 843 4498 vero
871 4458 980 4499 non
1006 4443 1184 4500 solum
1212 4445 1526 4503 holocausta
1565 4447 1842 4515 obtulisse,

254 4529 358 4586 sed
389 4530 699 4588 immolasse
749 4534 998 4591 victimas
1023 4535 1126 4591 viri
1152 4535 1493 4593 Bethsamitae
1518 4539 1675 4595 relati
1700 4548 1843 4609 sunt,

255 4622 626 4692 perfectorem
665 4623 904 4682 virorum
953 4627 1208 4697 spiritalis
1265 4629 1467 4685 oblatio
1512 4630 1848 4700 designatur.

251 4713 395 4769 Nam
425 4715 743 4774 holocausta
771 4717 1028 4785 oflerunt,
1081 4733 1206 4774 cum
1231 4735 1329 4790 per
1377 4721 1848 4793 contemplationis

257 4825 553 4866 ascensum
605 4827 666 4868 se
705 4811 818 4868 Deo
880 4813 1236 4883 omnipotenti
1263 4813 1521 4870 iaedabili
1565 4816 1850 4872 affectione

253 4901 618 4970 conjungunt.
667 4903 778 4959 Sed
810 4903 1140 4960 holocaustis
1167 4905 1414 4962 victimas
1435 4906 1646 4962 sociant
1677 4925 1692 4961 ε
1720 4908 1846 4978 quia

256 4993 519 5048 nimirum
543 5000 705 5048 tanta:
729 4993 1086 5063 iucunditatis
1111 4995 1314 5050 bonum
1350 5007 1462 5050 non:
1486 4995 1598 5052 suis
1621 4998 1848 5067 meritis,

171 5107 182 5168 ς
256 5085 359 5140 sed
389 5085 584 5141 divinae
609 5085 852 5142 referunt
896 5087 1146 5142 bonitati.
1186 5087 1316 5144 Sine
1361 5089 1595 5144 victimis
1634 5090 1849 5159 quidem

257 5177 644 5233 holocaustum
669 5178 844 5245 oﬂ'ert,
899 5180 992 5248 qui
1031 5179 1144 5248 jam
1189 5179 1512 5249 supernisiu
1540 5194 1736 5251 magna
1765 5181 1856 5238 de-

1938 3333 2100 3389 situm
2139 3341 2240 3387 est.
2272 3331 2410 3399 Quid
2437 3341 2520 3388 est
2557 3339 2760 3396 autem,
2778 3329 2924 3399 quod
2950 3343 3074 3384 eum
3099 3327 3251 3384 reddi
3273 3342 3374 3396 pro
3399 3339 3529 3396 pee-

1939 3436 2062 3482 cato
2091 3426 2332 3481 debitum
2356 3440 2496 3481 arcae
2548 3424 2887 3494 prmcipitur,
2943 3420 3182 3490 quinque
3230 3418 3321 3474 ani
3377 3415 3527 3473 aurei
3611 3405 3618 3417 ’

1939 3524 1995 3572 et
2019 3516 2254 3588 quinque
2281 3530 2464 3572 mures
2494 3514 2653 3569 simul
2682 3513 3056 3579 nominantur;
3094 3526 3216 3566 cum
3242 3525 3374 3568 vero
3411 3507 3525 3578 jam

1939 3607 2209 3666 redditum
2249 3608 2394 3677 quod
2424 3605 2724 3662 debebatur
2771 3604 3052 3670 asseritur,
3111 3603 3274 3660 urbes
3301 3599 3526 3672 singulae

1939 3700 2236 3772 separatim
2286 3714 2455 3756 unum
2503 3695 2801 3756 reddidisse
2845 3696 3190 3753 referuntur?
3238 3695 3345 3752 Sed
3369 3696 3532 3752 simul

1939 3810 2103 3866 supra
2132 3795 2481 3850 nominantur
2505 3811 2518 3848 :
2546 3792 2672 3864 quia
2700 3790 2864 3848 simul
2890 3791 3134 3847 omnium
3162 3789 3531 3846 membrorum

1941 3889 2412 3946 demonstrabatur
2434 3894 2676 3953 ornatus,
2718 3885 2775 3940 iu
2814 3883 3237 3940 commutatione
3262 3882 3530 3939 bonorum

1942 3996 2201 4053 operum;
2240 3979 2330 4036 hic
2386 3987 2566 4034 autem
2619 3993 2748 4034 cum
2797 3975 3068 4032 redditum
3113 3975 3354 4031 debitum
3395 3989 3534 4032 arcu:

1941 4073 2284 4141 describitur,
2337 4083 2498 4129 caute
2552 4071 2894 4127 ostenditur:
2934 4068 3062 4138 quia
3107 4067 3270 4123 urbes
3312 4067 3534 4136 singulae

1942 4182 2077 4223 auos
2095 4181 2294 4222 aureos
2323 4165 2566 4237 singulos
2605 4173 2663 4220 et
2705 4176 2890 4217 mures
2918 4161 3236 4216 obtulerunt
3266 4177 3280 4214 :
3315 4167 3375 4216 ut
3401 4175 3534 4230 pro~

1945 4260 2086 4315 fecto
2114 4260 2385 4330 peccatori
2413 4270 2677 4314 converso
2701 4254 3024 4320 insinuetur,
3039 4260 3102 4307 ut
3119 4251 3288 4308 semel
3309 4259 3538 4322 peccata

1947 4351 2185 4417 deserat,
2234 4365 2352 4420 quae
2374 4363 2470 4418 per
2489 4346 2707 4403 solitam
2728 4345 3050 4416 pravitatem
3072 4344 3297 4401 ulterius
3319 4359 3425 4400 non
3447 4359 3536 4400 re-

1946 4443 2144 4512 quirat.
2181 4433 2350 4495 Urbes
2367 4438 2566 4509 quippe
2594 4436 2815 4508 singulze
2844 4451 2977 4494 auos
2999 4445 3056 4492 et
3083 4451 3265 4494 mures
3295 4437 3537 4507 singulos

1947 4532 2196 4598 reddunt,
2222 4543 2345 4585 cum
2367 4529 2612 4585 cori‘tersi
2640 4537 2954 4600 peccatores
2988 4528 3156 4585 semel
3188 4537 3330 4585 tersa
3360 4529 3538 4602 lacry-

1871 4598 1932 4664 Ῑ)
1952 4623 2055 4680 mis
2081 4620 2413 4692 paenitentiae
2433 4598 2653 4691 peccata
2676 4633 2784 4677 non
2811 4625 3082 4692 repetunt.
3117 4615 3271 4676 Unde
3299 4628 3353 4675 et
3384 4598 3539 4675 sacra

1953 4716 2233 4782 Scriptura
2278 4713 2552 4783 admonet,
2603 4713 2826 4769 dicens:
2877 4711 3004 4769 Non
3049 4715 3202 4770 iteres
3254 4713 3459 4769 verbum
3486 4715 3541 4766 in

1954 4806 2192 4862 oratione
2219 4799 2404 4876 (Eccti.
2432 4815 2524 4871 vn,
2559 4795 2670 4875 15).
2693 4799 2932 4859 Verbum
2961 4805 3163 4876 quippe
3204 4806 3258 4859 in
3286 4805 3541 4859 oratione

1952 4900 2138 4967 iterat,
2191 4897 2282 4969 qui
2311 4893 2562 4968 precibus
2592 4904 2824 4967 purgare
2867 4904 3093 4966 peccata
3141 4905 3367 4952 conatus
3416 4902 3543 4962 est;

1952 4992 2046 5047 sed
2074 4995 2258 5046 tamen
2287 4989 2626 5045 committere
2657 5001 2764 5045 non
2795 4989 2996 5045 omittit
3017 4988 3142 5053 alia,
3199 5004 3299 5058 pro
3343 4989 3539 5059 quibus

1956 5094 2094 5142 oret.
2155 5085 2260 5152 Qui
2290 5083 2534 5156 profecto
2567 5093 2729 5138 anum
2767 5093 2933 5139 unum
2965 5088 3018 5136 et
3048 5096 3258 5136 murem
3288 5079 3399 5136 Deo
3441 5095 3541 5151 pro

1954 5176 2154 5235 delicto
2171 5189 2276 5233 non
2298 5174 2455 5233 offert
2487 5191 2502 5231 :
2529 5176 2656 5247 quia
2685 5175 2786 5232 etsi
2810 5166 3123 5246 paenitendo
3142 5173 3543 5244 compungitur,

257 5266 563 5323 lectatione
626 5267 1018 5339 coniungitur;
1083 5276 1144 5327 et
1196 5269 1596 5342 insurgentibus
1659 5273 1854 5330 elatio-
1954 5272 2225 5329 faditates
2251 5266 2596 5342 multiplicat,
2639 5280 2775 5339 quas
2810 5261 2922 5325 Deo
2951 5265 3216 5324 confitens
3244 5265 3292 5321 ei
3339 5279 3542 5336 reprae-

257 5359 350 5414 nis
406 5358 632 5415 occulte
675 5360 932 5429 motibus,
983 5377 1080 5432 per
1107 5363 1425 5419 humiiitatis
1451 5365 1702 5420 virtutem
1757 5373 1854 5420 περ
1957 5371 2153 5422 sentat.
2197 5361 2333 5419 Cum
2363 5376 2491 5434 ergo
2519 5371 2682 5418 anum
2711 5369 2877 5415 anum
2906 5363 2964 5414 et
3007 5359 3218 5414 murem
3258 5373 3423 5413 unum
3452 5373 3546 5412 ur-

256 5468 541 5523 quaquam
585 5453 921 5510 dominatur.
973 5454 1035 5511 In
1085 5457 1452 5514 oblationibus
1500 5471 1633 5528 ergo
1671 5457 1855 5529 ρεπεν-
1957 5457 2053 5512 hes
2101 5451 2422 5511 Philisthiim
2481 5453 2595 5509 sive
2646 5451 2941 5523 provincia:
2977 5449 3202 5519 singula:
3247 5447 3543 5506 reddidisse

258 5553 482 5600 ctorunt
537 5545 696 5602 simul
725 5547 1040 5604 holocausta
1069 5556 1130 5604 et
1151 5550 1383 5605 victima:
1410 5551 1732 5607 convenisse
1758 5547 1858 5608 de-
1957 5544 2355 5616 describuntur,
2387 5545 2514 5616 quid
2541 5542 2684 5599 aliud
2713 5543 2976 5612 designat,
3024 5541 3128 5597 nis:
3151 5541 3540 5613 perfectionem

253 5638 580 5695 scribuntur
612 5655 627 5694 :
658 5641 786 5711 quia
813 5648 869 5696 et
890 5639 1074 5696 divina
1099 5641 1204 5697 frui
1235 5644 1516 5701 dulcedine
1543 5643 1687 5716 digni
1709 5653 1856 5715 sunt,
1943 5657 2103 5709 .vertc
2132 5639 2531 5699 conversionis?
2582 5637 2828 5696 Perfecte
2853 5638 2997 5694 enim
3023 5631 3387 5703 convertitur,
3450 5633 3544 5705 qui

259 5740 326 5785 ct
348 5732 401 5786 in
424 5734 576 5790 omni
597 5734 750 5805 quod
770 5733 1129 5806 tutossejsln
1156 5736 1369 5797 editos
1392 5738 1619 5814 faciunt,
1665 5741 1859 5800 elatio-
1937 5753 2086 5793 cum
2116 5736 2283 5794 semel
2303 5734 2446 5806 quod
2474 5746 2636 5804 prave
2665 5738 2850 5801 egerat
2872 5729 3094 5802 plangit,
3139 5727 3284 5798 quod
3328 5738 3546 5782 rursum

257 5823 354 5880 "is
377 5824 568 5896 isnari.
1964 5832 2186 5908 plangat
2209 5830 2350 5887 ultra
2375 5830 2484 5886 non
2505 5828 2723 5901 repetit.
2751 5824 2917 5897 Igitur
2944 5831 3108 5882 anum
3127 5835 3296 5881 unum
3340 5825 3396 5876 et
3419 5827 3546 5872 mu-
