4020 6344
496 408 605 469 ’199

1707 393 1955 453 SANCTI
1991 382 2323 448 GBEGORII
2358 384 2576 447 MAGNI

3668 380 3792 439 200

500 540 621 583 rem
668 534 833 579 unum
861 532 962 592 pro
990 524 1215 590 peccato
1236 512 1415 582 oﬁert,
1467 510 1559 585 qui
1585 511 1666 568 sic
1689 507 1975 567 commissa
2001 503 2087 559 lu-
2111 503 2163 565 Δ
2190 509 2371 592 potest
2391 501 2510 592 hoc
2522 495 2700 567 colligi
2725 510 2739 592 ξ
2767 490 2895 565 quia
2921 485 3300 592 haereticorum
3332 485 3598 592 aliiinter
3620 491 3791 561 alios,

498 625 593 688 get
611 614 903 688 praeterita,
926 620 987 668 ut
1005 609 1246 683 perfecte
1268 613 1459 665 caveat
1485 605 1685 661 futura.
1732 600 1798 657 Et
1824 598 1953 670 quia
1978 598 2083 653 ista

496 707 676 765 forma
695 703 1067 763 conversionis
1095 712 1204 757 tam
1249 698 1580 771 sapientibus
1616 708 1778 767 quam
1826 688 2079 757 indoctis,

497 807 611 857 tam
632 799 861 856 fortibus
888 812 1053 869 quam
1083 795 1348 851 debilibus
1374 794 1429 847 in
1476 797 1660 845 sancta
1709 784 1955 841 Ecclesia
1985 782 2084 838 ob-

496 892 767 951 servanda
793 898 896 961 est,
926 890 1064 946 bene
1092 887 1161 943 ab
1182 886 1313 941 urbe
1340 890 1571 948 murata,
1603 892 1775 949 usque
1800 876 1871 932 ad
1902 874 2083 931 villam

496 987 619 1044 sine
671 1002 825 1042 muro
875 986 989 1041 haec
1042 982 1239 1039 solutio
1274 977 1439 1035 debiti
1493 982 1714 1031 extensa
1749 968 2080 1043 perhibetur.

494 1072 637 1134 Nulli
668 1080 811 1134 enim
839 1078 976 1133 intra
1006 1084 1245 1133 sanctam
1272 1070 1571 1128 Ecclesiam
1599 1065 1895 1124 constituto
1944 1060 2082 1117 libe-

497 1183 621 1226 rum
644 1177 729 1227 est
756 1185 1005 1241 peccare,
1052 1166 1186 1223 nulli
1213 1164 1487 1220 innoxium
1516 1175 1683 1232 prava
1714 1155 2082 1214 committere.

498 1262 679 1331 Quare
698 1277 797 1333 per
818 1262 1135 1334 praphetam
1165 1256 1423 1313 Dominus
1443 1253 1822 1319 comminatur,
1852 1248 2041 1304 dicens
2068 1262 2080 1298 :

498 1357 691 1411 Anima
711 1372 825 1429 qua:
852 1352 1135 1427 peccaverit
1155 1352 1270 1419 ipsa
1297 1349 1543 1404 morietur
1572 1344 1792 1407 (Ezech.
1824 1356 1974 1407 mu,
2002 1337 2082 1410 4).

496 1443 724 1505 Murata:
750 1447 948 1517 quippe
975 1444 1135 1499 urbes
1162 1449 1287 1497 sunt
1334 1448 1543 1496 mentes
1588 1446 1895 1493 sanctarum
1946 1429 2088 1488 Scri-

497 1549 779 1613 pturarum
808 1538 1109 1596 eruditione
1155 1534 1521 1591 circumdatae.
1543 1530 1696 1587 Villa:
1731 1536 1913 1584 autem
1962 1524 2087 1581 abs-

500 1646 609 1705 que
664 1647 818 1687 muro
846 1638 971 1686 sunt
996 1636 1203 1684 mentes
1231 1626 1520 1697 simplices.
1566 1622 1743 1678 Unum
1767 1634 1896 1689 ergo
1922 1631 2085 1673 anum

499 1738 725 1780 aureum
755 1739 862 1780 non
891 1722 1064 1779 solum
1094 1720 1315 1791 singula:
1333 1719 1493 1774 urbes
1520 1716 1769 1779 reddunt,
1802 1712 1896 1771 sed
1924 1712 2085 1768 etiam

497 1816 667 1883 villae;
714 1824 776 1871 ut
828 1816 1137 1886 quicunque
1164 1812 1232 1867 ad
1269 1810 1575 1879 religiosam
1602 1808 1791 1872 vitam,
1835 1805 1948 1860 Deo
1990 1818 2085 1859 au-

2185 589 2343 660 quasi
2365 588 2576 645 nobiles
2603 586 2948 655 exstiterunt,
2996 583 3088 655 qui
3117 583 3172 638 in
3215 580 3481 637 munditia
3528 596 3794 652 operum,

2183 684 2304 741 solo
2351 698 2538 740 errore
2566 681 2878 753 perierunt;
2930 676 3115 735 caeteri
3137 691 3270 733 vero
3304 675 3459 745 quasi
3480 675 3657 746 plebis
3685 692 3795 732 ru-

2184 774 2484 831 sticitatem
2532 772 2730 838 secuti,
2783 786 2907 827 cum
2946 784 3133 826 errore
3181 766 3305 823 ﬁdei
3342 768 3620 823 obscurati
3657 776 3803 823 sunt

2184 867 2347 924 sorde
2374 881 2553 937 prava:
2593 862 2949 935 operationis.
2999 857 3154 917 Unde
3177 868 3233 916 et
3259 858 3349 914 alii
3384 860 3801 930 quinquagena-

2184 960 2293 1027 rio,
2325 958 2417 1013 alii
2437 956 2849 1029 septuagenario
2878 968 3103 1010 numero
3129 952 3507 1023 exprimuntur
3533 969 3547 1005 :
3578 952 3705 1020 quia
3736 959 3803 1007 et

2185 1048 2265 1108 illi
2292 1064 2393 1120 per
2437 1048 2674 1119 quinque
2726 1059 2915 1101 sensus
2960 1044 3209 1115 corporis
3266 1051 3529 1113 concepta
3582 1040 3800 1109 ﬂagitia

2186 1137 2563 1211 perfecerunt;
2615 1136 2692 1192 illi
2733 1136 2859 1191 dum
2908 1133 3043 1190 falso
3100 1133 3203 1189 sibi
3252 1133 3395 1188 dona
3452 1131 3804 1187 ascriberent

2185 1228 2405 1298 spiritus
2425 1225 2776 1304 septiformis,
2804 1236 3005 1281 aeterna
3032 1224 3211 1281 obruti
3233 1231 3359 1281 sunt
3378 1223 3610 1293 caligine
3629 1224 3800 1279 ceci-

2186 1326 2332 1376 tatis.
2362 1318 2429 1375 Et
2451 1320 2579 1390 quia
2603 1319 2673 1376 de
2698 1334 2889 1375 eorum
2918 1318 3277 1390 percussione
3298 1318 3411 1375 veri
3437 1316 3625 1375 ﬁdeles
3653 1332 3804 1375 con-

2185 1412 2381 1469 tristati
2414 1419 2563 1481 sunt,
2592 1410 2836 1481 sequitur
2870 1428 2882 1464 :

2264 1495 2443 1577 (Vers.
2469 1503 2585 1567 20.)
2633 1502 2990 1577 Dixeruntque
3016 1502 3351 1558 Bethsamitre
3382 1518 3403 1559 :
3443 1499 3569 1568 Quis
3599 1503 3805 1574 poterit

2187 1608 2329 1656 stare
2358 1608 2414 1653 tn
2443 1607 2716 1668 conspectu
2738 1596 2951 1653 Domini
2980 1596 3078 1651 Dei
3105 1598 3273 1652 sancti
3304 1596 3491 1667 hujus?

2262 1689 2427 1758 Quasi
2452 1689 2655 1745 etenim
2684 1687 2799 1745 veri
2853 1687 3064 1754 ﬁdeles,
3092 1687 3187 1742 sed
3229 1686 3518 1756 simplices,
3556 1686 3753 1743 dicant
3785 1703 3805 1739 :

2192 1783 2252 1839 Si
2281 1790 2393 1837 tam
2420 1782 2695 1852 sapientes
2736 1788 2792 1836 et
2830 1779 3139 1851 philosophi
3187 1778 3240 1833 in
3290 1794 3510 1835 summa:
3535 1777 3805 1833 veritatis

494 1870 674 1975 ctare,
726 1870 1080 1972 convertitur,
1125 1902 1322 1958 ablutis
1355 1870 1470 1971 jam
1526 1870 1809 1965 fetoribus,
1866 1897 2093 1953 ulterius
2122 1877 2506 1975 Βθοεξιίίίοθῗ
2564 1874 3101 1975 Ῐξληυηίυτχίηάοθίί
3157 1883 3213 1929 εί
3240 1873 3526 1975 ῗᾞωξθθξ
3553 1870 3811 1975 βξηθδο

496 2014 611 2057 non
638 1998 887 2055 fmdetur.
943 1994 1008 2050 Et
1028 1995 1155 2065 quia
1184 2008 1346 2050 nemo
1375 2002 1484 2048 tam
1514 1999 1731 2048 sanctus
1758 1998 1863 2060 est,
1916 1990 2007 2061 qui
2040 1989 2092 2045 in

495 2110 560 2154 se
580 2110 690 2150 non
708 2092 906 2149 habeat
927 2090 1128 2161 aliquid
1158 2089 1413 2147 foeditatis
1441 2088 1589 2160 quod
1620 2088 1863 2159 plangat,
1893 2084 2094 2141 solutio

496 2182 662 2258 hujus
716 2185 883 2244 debiti
932 2200 1101 2255 usque
1154 2183 1223 2240 ad
1268 2183 1680 2253 Abelmagnum,
1723 2197 1885 2254 super
1932 2196 2095 2252 quem

498 2284 797 2350 posuerant
824 2291 1006 2333 arcam
1036 2275 1151 2343 Dei,
1193 2274 1549 2346 pertenditur.
1604 2272 1741 2329 Abel
1781 2272 1982 2343 quippe
2008 2272 2095 2326 in-

500 2376 832 2440 terpretatur
886 2369 1083 2424 luctus.
1138 2367 1258 2435 Quo
1288 2366 1541 2422 nimirum
1582 2364 1802 2422 nomine
1852 2365 1988 2435 lapis
2041 2364 2097 2418 in

498 2473 615 2530 quo
662 2475 844 2515 arcam
871 2458 969 2515 Dei
998 2466 1291 2530 posuerant
1316 2458 1635 2514 vocabatur.
1681 2455 1790 2513 Sed
1817 2456 1921 2511 hoc
1971 2470 2098 2526 pro-

498 2551 645 2611 fecto
695 2550 1047 2625 Redemptori
1101 2561 1288 2609 nostro
1343 2566 1549 2609 nomen
1597 2550 1888 2620 congruit:
1948 2551 2097 2622 quia,

496 2646 606 2703 etsi
652 2647 871 2718 propria
924 2662 1046 2718 qure
1103 2644 1259 2703 ﬁeret
1308 2661 1416 2701 non
1445 2645 1658 2714 habuit,
1702 2651 1887 2699 nostra
1916 2650 2098 2697 tamen

502 2739 831 2809 quotidianis
870 2740 1124 2811 precibus
1168 2747 1224 2795 et
1274 2738 1490 2795 ﬂetibus
1544 2744 1770 2808 peccata
1826 2734 2095 2807 purgavit.

504 2829 647 2888 Sunt
666 2847 883 2904 quoque
911 2832 967 2887 in
990 2840 1179 2889 sancta
1218 2830 1455 2888 Ecclesia
1482 2831 1585 2886 viri
1628 2830 1876 2902 perfecti,
1909 2836 1967 2883 et
2022 2826 2096 2883 illi

505 2938 719 2981 summo
768 2925 932 2996 lapidi
973 2923 1257 2981 charitatis
1299 2925 1765 2981 consummatione
1797 2922 2095 2994 conjuncti.

502 3012 642 3072 Buic
679 3032 912 3087 namque
936 3018 1122 3073 unitus
1151 3025 1270 3073 erat
1297 3016 1487 3088 lapidi,
1517 3018 1611 3087 qni
1633 3017 1846 3073 dicebat
1881 3034 1895 3070 :
1928 3015 2099 3070 Nemo

503 3125 586 3165 me
605 3118 811 3180 separat
837 3127 870 3164 a
897 3111 1151 3166 charitate
1174 3109 1368 3167 Christi
1398 3109 1575 3181 (Rom.
1601 3126 1714 3176 vni,
1742 3108 1874 3181 55);
1906 3114 1997 3181 qui
2029 3126 2096 3166 an

506 3216 648 3257 arcae
667 3202 909 3258 debitum
936 3203 1130 3271 solvat,
1156 3203 1433 3267 audiamus
1460 3222 1472 3256 :
1501 3202 1756 3269 Primum,
1792 3202 1983 3273 inquit,
2018 3203 2097 3275 fui

2198 1968 2385 2024 venire
2440 1964 2507 2020 ad
2554 1966 2671 2034 ejus
2725 1963 2974 2021 notitiam
3025 1965 3294 2035 possunt?
3331 1963 3441 2018 Sed
3472 1963 3568 2019 etsi
3596 1963 3660 2017 de
3695 1977 3809 2018 sua

2198 2072 2459 2113 mensura
2512 2054 2779 2121 difﬁdunt,
2812 2056 3013 2112 donum
3042 2062 3224 2109 tamen
3251 2054 3445 2110 divinae
3471 2053 3810 2123 cognitionis

2195 2146 2391 2204 adesse
2427 2144 2682 2202 Ecclesiae
2704 2160 2814 2201 non
2840 2144 3107 2202 difﬁdunt.
3137 2146 3316 2211 Quare
3352 2156 3409 2200 et
3428 2144 3667 2200 subditur
3708 2164 3725 2197 :

2271 2260 2449 2330 (νει-ε.
2475 2258 2591 2330 20.)
2620 2258 2691 2313 Et
2715 2260 2784 2313 ad
2814 2275 2961 2330 quem
2990 2257 3233 2313 ascendet
3252 2275 3286 2311 a
3307 2256 3495 2312 nobis?

2270 2352 2361 2407 51.
2412 2353 2458 2406 Α
2484 2352 2642 2407 nobis
2661 2351 2866 2421 quippe
2893 2351 3151 2407 Dominus
3178 2350 3440 2417 ascendit,
3468 2348 3679 2419 quando
3743 2349 3803 2404 id

2200 2442 2346 2513 quod
2375 2442 2443 2497 de
2470 2442 2587 2512 ejus
2635 2442 2945 2511 cognitione
2975 2442 3132 2497 nobis
3158 2441 3530 2507 absconditur,
3559 2455 3654 2511 per
3672 2440 3808 2498 ele-

2199 2544 2412 2591 ctorum
2440 2533 2676 2590 ﬁdelium
2696 2549 2886 2591 vocem
2916 2535 3261 2605 praedicatur.
3312 2533 3473 2590 Velut
3501 2536 3811 2593 ascendere

2200 2639 2437 2693 namque
2460 2623 2578 2693 ejus
2637 2639 2668 2678 a
2696 2624 2852 2679 nobis
2882 2632 2983 2690 est,
3034 2624 3179 2693 quod
3205 2624 3645 2695 simplicioribus,
3672 2627 3811 2683 sive

2200 2713 2608 2781 inﬁrmioribus,
2641 2714 2710 2770 de
2750 2723 2955 2771 aeterna
3004 2698 3463 2785 contemplatione
3513 2717 3809 2785 celaverit,

2200 2804 2523 2862 sublimibus
2548 2821 2645 2875 per
2675 2805 3033 2861 humilitatem
3074 2806 3331 2863 cordibus
3356 2808 3617 2864 revelare.
3652 2808 3811 2875 Quid

2202 2906 2287 2954 est
2306 2912 2434 2970 ergo
2464 2898 2645 2954 dicere
2670 2916 2683 2950 :
2732 2899 2816 2952 Ad
2842 2916 2992 2971 quem
3037 2902 3279 2956 ascendet
3302 2919 3334 2955 a
3361 2903 3507 2958 nobis
3539 2920 3556 2958 :
3586 2904 3693 2959 nisi
3731 2904 3811 2961 di—

2205 3005 2370 3064 gnum
2401 2992 2680 3049 doctorem
2705 3008 2968 3063 quaerere,
2999 2995 3091 3065 qui
3112 2997 3192 3053 sic
3220 2996 3397 3052 divina
3428 2998 3701 3069 pradicet,
3746 3009 3811 3055 ut

2204 3096 2237 3137 a
2264 3081 2347 3136 via
2378 3084 2621 3138 veritatis
2648 3099 2756 3139 non
2783 3086 2965 3140 erret?
3012 3083 3071 3140 In
3093 3087 3291 3155 quibus
3318 3089 3482 3143 etiam
3504 3088 3696 3153 verbis,
3762 3090 3813 3144 si

2202 3172 2523 3229 historicum
2551 3190 2767 3229 sensum
2798 3175 3144 3246 requirimus,
3175 3188 3365 3249 aperte
3385 3179 3806 3248 cognoscimus:

505 3292 854 3365 blasphemus,
886 3302 936 3349 et
956 3264 1250 3365 persecutor
1280 3293 1333 3367 (ι
1365 3264 1499 3350 Tim.
1532 3311 1569 3362 ι,
1594 3295 1706 3366 15).
1740 3264 1883 3351 llinc
1903 3264 2097 3349 iterum
2124 3271 2172 3335 (ἶ
2208 3264 2336 3367 qui?
2500 3264 2625 3367 fee?
2646 3266 2845 3320 monui
2873 3274 3000 3321 sum
3051 3268 3177 3367 quia
3204 3283 3385 3367 “Fam
3408 3269 3615 3367 °_miui

508 3386 793 3455 conﬁtens,
846 3387 923 3442 ait
964 3404 977 3440 :
1023 3384 1150 3441 Non
1203 3403 1316 3441 sum
1346 3387 1530 3458 dignus
1580 3386 1755 3440 vocari
1793 3385 2096 3457 apostolus:

504 3480 629 3551 quia
656 3488 947 3551 persecutus
995 3495 1111 3535 sum
1158 3477 1452 3534 Ecclesium
1501 3476 1601 3533 Dei
1643 3477 1699 3549 (Ι
1743 3477 1861 3533 Cor.
1896 3494 1984 3544 xv,
2018 3478 2095 3549 9).

504 3570 821 3631 Notandum
850 3572 1011 3629 etiam
1041 3573 1185 3644 quod
1212 3589 1382 3643 usque
1409 3572 1495 3628 ad.
1518 3571 1755 3645 lapidem
1796 3572 2100 3628 excurrisse

508 3676 653 3718 arcae
680 3662 920 3718 debitum
941 3663 1156 3732 legitur,
1184 3663 1274 3732 qui
1303 3678 1472 3733 usque
1500 3665 1557 3719 in
1604 3662 1694 3719 die
1722 3663 1817 3719 illo
1860 3664 2017 3734 160
2046 3664 2099 3718 in

512 3766 647 3823 agro
670 3750 835 3808 Josue
857 3766 1101 3821 manere,
1131 3762 1186 3807 et
1210 3754 1261 3806 in
1289 3768 1397 3823 quo
1420 3754 1595 3825 posita
1625 3769 1749 3810 arca
1777 3752 1873 3809 Dei
1896 3769 2102 3809 memo—

511 3850 687 3899 ratur.
744 3844 862 3911 Qua
899 3842 956 3897 in
983 3857 1044 3898 re
1073 3843 1202 3912 quid
1232 3843 1377 3900 aliud
1418 3853 1680 3911 tenemus,
1729 3844 1832 3901 nisi
1861 3846 2004 3916 quod
2049 3846 2103 3900 in

512 3944 705 3994 sancta
734 3935 975 3993 Ecclesia
1004 3936 1277 3993 cernimus
1308 3954 1321 3990 :
1375 3936 1501 4006 quia
1530 3936 1607 3992 illi
1649 3938 1812 3993 etiam
1841 3938 1953 3994 Deo
2006 3953 2105 4008 pro

512 4030 675 4102 culpa
696 4027 1052 4098 satisfaciunt,
1083 4028 1176 4101 qui
1198 4046 1307 4086 non
1337 4030 1513 4087 solum
1554 4046 1583 4085 a
1612 4032 1852 4101 peccatis
1884 4047 1981 4104 per
2012 4033 2107 4087 Dei

513 4123 746 4191 gratiam
776 4122 973 4193 erepti,
996 4121 1091 4178 sed
1118 4122 1281 4177 etiam
1304 4137 1403 4192 per
1427 4137 1622 4193 magna
1650 4131 1957 4180 sanctarum
1996 4123 2106 4178 vir-

513 4220 693 4270 tutum
716 4216 969 4285 culmina,
996 4216 1050 4270 in
1073 4215 1189 4286 ejus
1219 4214 1626 4273 tabernaculum
1654 4224 1780 4273 sunt
1799 4217 2107 4289 assumpti?

514 4304 775 4377 Sequitur
799 4327 812 4363 :

595 4422 771 4496 (Vers.
800 4425 912 4499 19.)
943 4426 1207 4483 Percussit
1235 4437 1404 4483 autem
1431 4427 1688 4485 Dominus
1715 4431 1779 4485 de
1804 4430 1924 4488 viris
1955 4432 2111 4487 Beth—

524 4515 818 4584 samitibus,
856 4533 915 4571 eo
956 4519 1091 4588 quod
1130 4519 1377 4573 vidissent
1403 4537 1576 4575 arcam
1618 4521 1852 4593 Domini,
1916 4536 1966 4580 et
1988 4543 2109 4597 per-

526 4606 684 4697 cussit
714 4607 775 4661 de
812 4609 1009 4697 papula
1058 4611 1387 4681 septuaginta
1432 4614 1588 4682 viros,
1642 4624 1695 4671 et
1737 4618 2111 4691 quinquaginta

522 4693 689 4747 millia
716 4693 899 4765 plebis.
1020 4764 1026 4769 ι

596 4786 681 4841 50.
715 4788 813 4856 Qui
839 4800 964 4845 sunt
993 4792 1333 4851 Bethsamita:
1362 4799 1623 4868 percussi,
1674 4801 1776 4856 nisi
1817 4801 1948 4858 falsa
1978 4818 2110 4861 con-

524 4880 881 4951 templatione
910 4883 1120 4955 decepti
1147 4885 1423 4947 haeretici?
1451 4889 1800 4949 Bethsamita‘.
1825 4896 1969 4950 enim
1996 4912 2105 4952 non

524 4975 753 5030 veritate
783 4972 1020 5044 fuerunt,
1042 4977 1140 5033 sed
1166 4983 1603 5053 praesumptione.
1657 4984 1796 5040 Dum
1825 4988 1986 5057 igitur
2013 5004 2104 5043 ar-

525 5078 644 5119 cam
673 5066 858 5124 videre
886 5069 941 5124 in
970 5070 1151 5141 lapide
1198 5085 1608 5144 praesumerent,
1650 5080 1889 5148 percussi
1935 5091 2107 5137 sunt:

528 5157 652 5226 quia
683 5173 807 5213 cum
827 5160 1040 5219 Domini
1066 5180 1132 5237 ac
1172 5164 1553 5239 Redemptoris
1576 5172 1749 5228 nostri
1775 5182 2110 5233 sacramenta

526 5247 732 5340 indigni
761 5251 1112 5326 discuterent,
1132 5267 1347 5314 aeterna:
1369 5259 1731 5321 damnationis
1759 5265 1988 5336 laqueis,
2016 5286 2114 5340 per

526 5339 795 5400 fallaciam
820 5349 1024 5419 proprii
1045 5357 1170 5406 sunt
1199 5348 1442 5421 depressi
1470 5356 1689 5414 erroris.
1739 5360 1876 5426 Quid
1906 5371 1989 5417 est
2010 5339 2109 5420 au-

528 5436 661 5503 tem,
683 5438 825 5504 quod
854 5438 922 5493 de
965 5442 1167 5512 populo
1199 5446 1541 5515 septuaginta
1562 5448 1685 5518 viri,
1732 5451 1800 5506 de
1828 5452 1986 5522 plebe
2015 5469 2112 5511 au-

528 5529 642 5579 tem
674 5529 1074 5617 quinquaginta
1127 5533 1293 5590 millia
1342 5553 1597 5607 percussa
1626 5544 1789 5598 sunt?
1831 5544 1937 5601 Sed
1984 5550 2111 5617 quia

530 5614 893 5683 appellatione
921 5623 1104 5693 populi
1135 5625 1297 5683 etiam
1348 5630 1559 5688 urbium
1606 5633 1812 5690 nobiles
1839 5614 2113 5696 continen-

530 5710 640 5776 tur,
676 5708 826 5777 plebs
856 5723 1036 5773 autem
1058 5721 1246 5821 vulgus
1273 5732 1357 5781 est
1383 5727 1652 5799 reliquum
1681 5730 1795 5786 sine
1822 5732 2113 5801 nobilibus,

2204 3362 2349 3423 runt,
2385 3355 2733 3425 intelligimus
2758 3372 2952 3428 nempe
2999 3358 3148 3429 quod
3175 3360 3365 3415 eadem
3395 3360 3599 3416 visione
3645 3360 3811 3432 digni

2211 3462 2319 3504 non
2346 3446 2585 3503 fuerunt.
2617 3448 2811 3504 Merito
2841 3450 3024 3519 igitur,
3081 3450 3173 3520 qui
3198 3466 3483 3524 percussos
3502 3453 3805 3523 aspiciunt,

2202 3538 2388 3596 dicunt
2418 3558 2434 3594 :
2467 3538 2595 3604 Quis
2620 3543 2811 3611 poterit
2834 3550 2972 3598 stare
3016 3542 3074 3598 in
3120 3555 3395 3616 conspectu
3430 3545 3642 3601 Domini
3686 3546 3805 3604 Dei

2206 3632 2378 3687 sancti
2424 3631 2620 3702 hujus?
2670 3631 2801 3691 Nam
2828 3634 2873 3689 si
2911 3634 2967 3689 hi
3003 3635 3097 3705 qui
3143 3636 3349 3708 indigni
3401 3646 3525 3695 sunt
3564 3639 3813 3697 videndo

2207 3722 2531 3791 moriuntur,
2592 3732 3014 3795 contrectantes,
3070 3731 3345 3799 quomodo
3401 3733 3627 3789 vivunt?
3679 3732 3816 3792 Be—

2207 3813 2475 3869 thsamitae
2518 3815 2736 3885 quidem
2765 3818 2820 3871 in
2859 3826 3045 3875 sancta
3073 3818 3311 3879 Ecclesia
3331 3831 3459 3879 sunt
3481 3823 3668 3882 mortui
3698 3841 3816 3883 sa-

2205 3904 2476 3972 cerdotes,
2509 3913 2565 3961 et
2592 3906 2823 3963 ministri
2854 3910 2993 3965 sacri
3024 3911 3208 3970 altaris
3254 3915 3512 3986 reprobi:
3552 3915 3670 3985 quia
3742 3917 3819 3975 de

2207 3995 2370 4051 domo
2400 3996 2617 4065 quidem
2647 3998 2776 4054 solis
2799 3998 3021 4069 justitia:
3050 4011 3176 4058 sunt
3205 4004 3467 4075 dignitate
3494 4006 3815 4077 ministerii,

2207 4100 2319 4143 non
2339 4087 2541 4145 virtute
2567 4096 2623 4145 et
2648 4091 2819 4160 gratia
2843 4093 3167 4151 sanctitatis.
3202 4096 3537 4154 Bethsamita:
3572 4100 3820 4168 quidem

2207 4184 2336 4232 sunt
2362 4194 2374 4231 :
2405 4177 2530 4247 quia
2551 4192 2651 4248 per
2679 4194 2848 4236 sacra:
2875 4182 3167 4242 oblationis
3190 4185 3427 4243 ofﬁcium
3466 4202 3820 4247 conversan-

2209 4274 2300 4325 tur
2331 4268 2385 4323 in
2413 4270 2575 4327 domo
2601 4268 2726 4335 Dei;
2776 4271 2874 4327 sed
2905 4281 3063 4330 tanto
3080 4284 3207 4331 sunt
3234 4280 3433 4335 acriori
3456 4280 3819 4341 damnatione

2211 4361 2571 4431 percutiendi,
2623 4369 2828 4431 quanto
2856 4379 2967 4419 non
2996 4366 3173 4422 solum
3200 4368 3385 4425 videre
3414 4373 3616 4425 audent
3647 4387 3818 4430 sacra

2211 4452 2493 4524 mysteria,
2547 4453 2641 4509 sed
2682 4463 3047 4525 contrectare,
3076 4467 3280 4530 quanto
3305 4477 3415 4517 non
3464 4461 3571 4531 jam
3601 4466 3817 4524 veteris

2216 4544 2553 4603 Testamenti
2579 4563 2763 4605 arcam
2785 4552 3106 4625 respiciunt,
3130 4555 3245 4622 sed,
3274 4557 3421 4625 quod
3442 4557 3624 4613 omnia
3645 4574 3819 4631 supe-

2134 4648 2319 4725 Drat,
2361 4643 2503 4713 161
2568 4643 2789 4714 indigne
2834 4661 2895 4702 se
2923 4648 3139 4718 corpori
3181 4659 3237 4704 et
3262 4650 3507 4718 sanguini
3552 4652 3822 4719 ingerunt

2211 4730 2593 4803 Redemptoris
2626 4752 2639 4788 :
2698 4751 2835 4806 quos
2861 4752 3149 4809 percussos
3205 4741 3441 4797 insinuat
3474 4742 3689 4811 Paulus,
3734 4747 3821 4801 di-

2210 4838 2382 4881 cens:
2428 4823 2529 4890 Qui
2578 4831 2858 4885 manducat
2909 4842 2959 4887 et
3003 4831 3128 4888 bibit
3156 4835 3387 4907 indigne,
3427 4837 3675 4908 judicium
3715 4840 3823 4894 sibi

2210 4916 2495 4971 manducet
2521 4926 2571 4973 et
2596 4919 2722 4974 bibit
2756 4920 2809 4990 (Ι
2840 4921 2960 4977 Cor.
2993 4940 3066 4991 si,
3100 4924 3212 4996 29).
3251 4926 3370 4981 Veri
3398 4928 3594 4984 etenim
3618 4929 3822 4986 ﬁdeles

2212 5009 2439 5065 dicunt:
2482 5008 2611 5075 Quis
2659 5013 2848 5083 poterit
2890 5024 3030 5070 stare
3058 5017 3112 5071 in
3160 5030 3436 5090 conspectu
3465 5018 3674 5076 Domini
3716 5024 3821 5078 Dei

2212 5102 2384 5157 sancti
2412 5102 2603 5173 hujus?
2629 5102 2980 5161 Altitudinem
3026 5108 3227 5179 quippe
3275 5119 3439 5165 tanta:
3465 5110 3823 5168 administra-

2214 5193 2378 5249 tionis
2398 5194 2765 5264 consrderant,
2823 5204 2879 5251 et
2926 5198 3061 5253 tanti
3105 5202 3434 5258 sacramenti
3486 5203 3821 5272 dignitatem

2214 5281 2528 5341 formidant.
2580 5285 2688 5341 Sed
2711 5287 2837 5343 dum
2867 5296 3030 5345 tantae
3079 5291 3159 5347 rei
3187 5293 3395 5351 ~subire
3423 5294 3662 5351 ofﬁcium
3693 5315 3818 5354 nie~

2216 5382 2397 5445 tuunt,
2445 5377 2538 5447 qui
2582 5376 2636 5431 id
2682 5377 2939 5436 exhibere
2965 5381 3205 5452 valeant,
3232 5384 3506 5454 digniores
3532 5399 3815 5457 quaerunt.

2223 5462 2373 5521 Unde
2395 5475 2451 5520 et
2474 5467 2766 5538 sequitur:
2816 5469 2889 5523 Et
2936 5471 3007 5525 ad
3042 5490 3192 5545 quem
3235 5477 3479 5531 ascendet
3523 5494 3557 5531 a
3608 5479 3773 5535 nobis
3800 5524 3814 5536 .

2217 5554 2379 5623 Quasi
2407 5572 2536 5627 ergo
2563 5574 2715 5614 sacra
2762 5562 3017 5631 mysteria
3061 5564 3337 5622 humiliter
3390 5566 3675 5636 fugientes,
3731 5572 3814 5627 di-

2219 5654 2344 5701 cant
2374 5665 2388 5700 :
2437 5646 2572 5713 Quia
2606 5658 2631 5687 ι
2653 5664 2754 5706 nos
2780 5650 2991 5708 inﬁrma
3013 5658 3424 5714 conversatione
3450 5660 3813 5731 perc-utimur

2221 5738 2455 5799 ministri
2476 5756 2545 5798 ex
2572 5741 2754 5802 altiori
2780 5744 2890 5803 vita
2915 5747 3192 5818 quaerendi
3235 5758 3384 5823 sunt,
3437 5766 3574 5824 quos
3597 5751 3729 5808 dum
3760 5752 3814 5808 ir

606 5858 632 5885 ιι
662 5848 823 5907 llilot.
851 5864 907 5908 ct
928 5853 1126 5928 Vatic.,
1149 5876 1268 5929 quia
1299 5879 1399 5918 non
1428 5854 1642 5937 inﬁrma
1662 5869 2047 5929 conversatione
2070 5874 2404 5945 percutiatur.
