4020 6344
237 297 334 356 201

1051 297 1120 355 IN
1155 295 1425 356 PRIMUM
1460 284 1707 356 κεαοΜ
1747 297 2263 357 EXPOSlTIONES.
2304 325 2374 341 -
2413 297 2543 355 LIB.
2584 298 2671 354 ιιι.

3395 297 3498 356 201

239 416 551 471 altissimam
602 411 867 468 virtutum
932 412 1416 470 sanctificationem
1477 412 1817 469 conversatio
1844 414 1896 474 Α
1923 427 2046 468 cum
2074 412 2251 468 divina
2293 411 2463 482 gratia
2509 409 2859 465 ministrando
2895 411 3250 479 conveniunt,
3289 423 3343 470 et
3371 433 3501 488 quos

239 509 477 565 sublimis
499 507 675 575 erigit,
695 506 946 561 assistere
969 506 1080 562 Deo
1102 522 1197 578 per
1218 506 1456 564 ofﬁcium
1481 515 1642 563 tanta:
1666 507 1817 563 obla-

238 601 395 656 tionis
426 600 650 669 possint.
682 597 936 667 Sequitur
968 615 982 652 :

305 691 491 763 (Vers.
524 690 657 753 2f.)
697 690 955 744 Miserunt
993 709 1114 763 ergo
1153 696 1359 748 nuntios
1401 695 1470 747 ad
1509 693 1823 749 habitatores

233 781 636 848 Cariathiarim,
684 783 958 836 dicentes:
1000 783 1326 839 Remiserunt
1371 785 1689 840 Philisthiim
1732 802 1822 839 ar-

233 889 344 925 cam
367 871 601 937 Domini,
633 872 925 926 descendite
953 881 1002 926 et
1038 873 1265 927 reducite
1293 891 1409 927 eam
1431 875 1502 928 ad
1532 893 1640 930 vos.

300 967 390 1020 ‘52.
433 966 809 1023 Cariathiarim
838 967 1068 1035 dicitur,
1096 967 1285 1022 civitas
1323 984 1530 1024 eorum.
1577 968 1705 1035 Quae
1743 975 1828 1026 est

232 1068 542 1116 sanctorum
569 1060 790 1129 civitas,
836 1059 937 1114 nisi
982 1060 1072 1114 illa
1117 1058 1414 1117 Jerusalem
1466 1077 1584 1132 quae
1613 1077 1826 1117 sursum

232 1154 348 1204 est?
378 1150 482 1216 Qui
511 1158 636 1206 sunt
665 1163 794 1218 ergo
821 1151 1152 1206 habitatores
1183 1151 1453 1221 ejus,,nisi
1479 1152 1705 1222 perfecti
1725 1153 1826 1208 viri

232 1241 300 1296 ab
322 1257 508 1297 amore
527 1242 714 1297 mundi
736 1242 844 1296 alta
865 1242 1278 1298 conversatione
1296 1244 1531 1312 separati
1547 1245 1569 1298 i
1585 1243 1825 1310 Quorum

233 1335 476 1406 profecto
500 1351 639 1390 unus
659 1337 870 1391 ueteris
890 1334 1164 1392 efficacior
1185 1337 1260 1392 ait
1286 1355 1299 1391 :
1326 1335 1529 1393 Nostra
1549 1355 1824 1394 conversa-

235 1431 302 1483 tio
335 1431 388 1483 in
420 1430 559 1484 caelis
590 1438 667 1483 est
691 1429 914 1500 (Philip.
948 1448 1024 1498 nt,
1052 1430 1166 1501 20).
1197 1431 1275 1484 Ad
1305 1431 1406 1486 hos
1428 1432 1625 1503 quippe
1653 1434 1825 1490 nuntii

232 1519 480 1575 mittendi
503 1528 648 1586 sunt,
676 1529 736 1574 ut
764 1521 861 1575 Dei
903 1537 1084 1576 arcam
1112 1523 1404 1592 suscipiant
1429 1540 1442 1575 :
1467 1524 1592 1592 quia
1619 1523 1685 1578 ad
1714 1524 1827 1580 ele-

232 1614 469 1668 ctionem
491 1613 830 1669 sacerdotum
856 1613 960 1668 viri
989 1615 1162 1670 sancti
1193 1630 1301 1670 non
1329 1615 1503 1671 solum
1530 1615 1826 1687 recipiendi

231 1714 377 1771 sunt,
407 1706 502 1761 sed
544 1707 708 1761 etiam
752 1706 1032 1762 invitandi.
1078 1705 1147 1760 Et
1175 1707 1501 1775 notandum,
1533 1708 1659 1778 quia
1699 1709 1827 1765 viris

1925 505 2305 576 omnipotentis
2333 505 2427 560 Dei
2457 503 2696 575 dignatio
2719 505 2861 560 intus
2882 504 3078 572 visitat,
3103 521 3261 575 quam
3287 508 3384 578 ipsi
3414 526 3510 577 per

1926 598 2160 654 exterius
2202 598 2552 653 ministerium
2602 598 2742 653 bene
2766 599 2992 653 vivendo
3022 609 3076 654 et
3105 600 3348 655 docendo
3376 618 3510 656 con-

1925 689 2173 746 ﬁrmant?
2204 688 2357 745 Unde
2386 699 2441 745 et
2468 705 2590 745 cum
2627 689 2795 745 Paulo
2822 707 2929 745 non
2957 691 3189 746 inaniter
3216 693 3512 761 gloriantes

1925 785 2110 840 dicunt
2141 803 2153 838 :
2186 783 2284 838 Dei
2312 785 2497 839 etenim
2525 800 2699 839 sumus
2727 785 2990 855 adjutores
3040 783 3108 854 (1
3133 785 3252 841 Cor.
3285 803 3371 855 ιιι,
3421 785 3510 860 9).

1925 875 2028 943 Qui
2072 877 2321 931 nimirum
2359 877 2770 933 conversatione
2797 877 3106 945 fortissimi,
3136 880 3358 935 scientia
3385 895 3514 936 eru-

1926 969 2052 1034 diti,
2085 984 2270 1025 amore
2317 970 2529 1038 fervidi,
2562 972 2863 1034 constantia
2893 973 3131 1039 robusti,
3180 991 3288 1030 non
3338 974 3517 1040 solum

1927 1060 2106 1115 alieno
2134 1077 2244 1116 non
2271 1070 2432 1130 egent
2476 1062 2834 1127 auxilio,$ed.
2873 1081 3194 1136 quocunque
3235 1080 3293 1120 se
3331 1065 3520 1121 confe-

1927 1163 2083 1218 runt,
2117 1153 2405 1209 subvenire
2446 1154 2566 1208 aliis
2597 1163 2841 1223 possunt.
2889 1155 3030 1212 Bene
3068 1157 3251 1228 itaque
3276 1156 3472 1214 dicitur
3495 1169 3524 1215 :'

1928 1243 2240 1299 Eleazarum
2264 1245 2715 1316 sanctiﬁcaverunt
2733 1286 2748 1311 ,
2770 1255 2826 1298 ut
2847 1248 3126 1302 custodiret
3151 1265 3349 1305 arcam.
3378 1249 3520 1317 Quia

1926 1335 2004 1403 hi,
2035 1336 2227 1405 quibus
2255 1335 2431 1390 adhuc
2473 1335 2649 1391 aliena
2688 1337 2886 1391 auxilia
2916 1340 3222 1394 necessaria
3249 1348 3404 1408 sunt,
3449 1339 3519 1396 ad

1927 1427 2352 1484 subveniendum
2373 1427 2490 1482 aliis
2523 1430 2876 1497 promovendi
2903 1446 3013 1485 non
3034 1440 3178 1486 sunt.
3211 1432 3358 1489 Bene
3387 1433 3521 1489 item

1927 1519 2071 1576 idem
2119 1519 2404 1575 Eleazarus
2450 1518 2592 1574 filius
2637 1518 2944 1577 Aminadab
2975 1538 3095 1578 esse
3125 1523 3320 1580 dicitur
3351 1543 3362 1580 :
3393 1525 3520 1596 quia

1929 1622 2097 1678 certe,
2126 1613 2220 1681 qui
2263 1612 2331 1666 ad
2357 1611 2713 1667 ministerium
2756 1613 3156 1682 praedicationis
3197 1617 3434 1686 eligitur,
3465 1619 3522 1673 in

1930 1704 2233 1760 imitatione
2260 1713 2571 1760 sanctorum
2605 1705 2844 1774 positus,
2893 1707 3152 1763 auxilium
3193 1724 3356 1766 omne
3379 1712 3523 1780 quod

229 1795 630 1853 sublimioribus
664 1811 762 1866 per
786 1797 1005 1852 nuntios
1042 1796 1237 1853 dicitur
1261 1815 1274 1850 :
1307 1796 1618 1852 Descendite
1653 1808 1704 1853 et
1732 1816 1818 1854 re-
1848 1800 1898 1863 B
1925 1797 2144 1852 exhibet
2173 1810 2293 1852 esse
2320 1795 2482 1850 debet
2510 1811 2579 1850 ex
2607 1795 2918 1852 dilectione.

231 1890 404 1943 ducite
444 1895 580 1944 eam.
628 1890 971 1946 Descendunt
995 1891 1214 1961 quippe,
1247 1891 1371 1960 quia
1402 1891 1698 1947 obediunt:
1731 1907 1830 1948 ne-

230 1995 504 2051 quaquam
559 1984 702 2038 enim
754 1982 1173 2050 descenderent,
1219 1985 1263 2040 si
1305 1985 1398 2054 id,
1445 1984 1592 2054 quod
1637 1985 1704 2040 ab
1751 1985 1830 2040 eis

231 2070 511 2130 fraternus
554 2091 705 2129 amor
749 2077 977 2145 expetit,
1023 2076 1337 2146 impendere
1383 2078 1610 2148 superba
1649 2083 1832 2132 mente

231 2165 560 2220 refutarent.
611 2165 760 2222 Tunc
799 2168 1010 2237 quidem
1047 2184 1176 2224 vere
1215 2169 1472 2226 sublimes
1513 2180 1656 2236 sunt,
1706 2185 1828 2225 cum

226 2268 290 2309 se
324 2255 541 2312 Christo
571 2272 680 2312 non
705 2257 981 2327 auferunt;
1023 2276 1146 2316 cum
1173 2261 1260 2328 id,
1301 2261 1449 2330 quod
1487 2276 1557 2316 ex
1586 2262 1830 2316 fraterno

228 2345 431 2415 judicio
479 2348 558 2404 eis
603 2349 931 2420 imponitur,
980 2367 1092 2408 non
1149 2352 1441 2424 repellunt.
1500 2349 1655 2416 Unde
1704 2359 1831 2424 apte

230 2436 562 2494 subinfertur
591 2456 606 2496 ς

863 2532 1097 2590 CAPUT
1136 2534 1201 2590 V.

304 2620 357 2694 (Ι
380 2619 515 2692 Reg.
536 2636 629 2691 vn,
662 2624 740 2695 l.)
771 2624 1034 2682 Venerunt
1055 2645 1179 2699 ergo
1216 2628 1315 2683 viri
1345 2626 1715 2684 Cariathiarim
1735 2669 1750 2696 ,
1782 2639 1832 2685 et

233 2713 548 2768 reduxerunt
568 2732 747 2769 arcam
767 2715 1000 2784 Domini,
1025 2727 1073 2772 et
1095 2719 1381 2774 intulerunt
1403 2737 1521 2774 eam
1545 2722 1599 2774 in
1623 2721 1831 2778 domum

233 2805 524 2859 Aminadab
552 2809 607 2861 in
637 2806 839 2864 Gabaa.
871 2820 898 2848 ελ
929 2809 1245 2865 Eleazarum
1290 2821 1458 2866 autem
1506 2814 1676 2883 ﬁlium
1719 2815 1832 2886 ejus

234 2897 704 2969 sanctiﬁcaverunt,
727 2911 785 2955 ut
811 2903 1094 2957 custodiret
1122 2919 1298 2957 arcam
1325 2903 1558 2959 Domini.

307 2987 361 3042 1.
404 2991 698 3047 Aminadab
729 2994 1138 3065 interpretatur,
1164 2995 1396 3066 populus
1417 3011 1568 3052 meus
1612 3006 1835 3068 sponta-

236 3094 404 3146 neus;
433 3079 643 3149 Gabaa,
674 3084 937 3142 sublimis.
983 3085 1050 3140 Et
1077 3087 1336 3142 nimirum
1365 3088 1562 3144 talibus
1586 3104 1709 3146 arca
1735 3090 1831 3146 Dei

2000 1888 2053 1942 2.
2095 1886 2232 1955 Quia
2260 1902 2389 1943 vero
2432 1902 2533 1944 nos
2569 1887 2812 1958 superius
2859 1888 3159 1958 plaustrum
3189 1889 3526 1963 Scripturam

1929 1994 2139 2036 sacram
2165 2020 2180 2046 ,
2229 1994 2411 2034 arcam
2441 1994 2573 2035 vero
2603 1979 2884 2035 scientiam
2914 1981 3032 2050 ejus
3080 1982 3379 2053 spiritalem
3408 2003 3529 2044 esse

1929 2070 2185 2137 diximus,
2202 2085 2392 2126 vaccas
2413 2085 2628 2140 quoque
2649 2071 2850 2131 electas
2869 2071 3096 2140 animas,
3122 2075 3281 2131 timor
3307 2075 3530 2134 Bethsa—

1930 2163 2205 2231 mitarum,
2224 2178 2384 2232 quem
2406 2162 2585 2218 inesse
2607 2163 2794 2219 electis
2814 2165 3146 2222 ostendimus
3171 2167 3226 2221 in
3253 2168 3530 2225 oblatione

1930 2255 2274 2320 sacramenti,
2297 2262 2479 2325 potest
2505 2251 2694 2309 referri
2724 2253 2887 2309 etiam
2915 2258 2984 2312 ad
3012 2272 3148 2313 onus
3176 2259 3526 2329 praelationis.

1929 2343 2050 2402 Non
2079 2346 2222 2401 enim
2270 2345 2449 2400 minor
2475 2346 2734 2420 sanctitas
2773 2346 2967 2403 idonea
3006 2357 3091 2404 est
3133 2351 3412 2407 animabus
3441 2354 3528 2410 in-

1931 2435 2226 2504 struendis,
2242 2450 2404 2506 quam
2428 2435 2716 2493 offerendis
2737 2439 2906 2494 sacris
2929 2441 3218 2512 mysteriis.
3238 2441 3306 2496 Et
3327 2443 3530 2502 idcirco

1933 2527 2278 2586 Bethsamitae
2312 2530 2667 2600 perhibentur
2708 2532 2948 2601 percussi
2975 2550 2988 2586 :
3019 2535 3145 2604 quia
3174 2535 3417 2608 plerique
3446 2539 3532 2594 vi-

1932 2631 2068 2678 vunt
2089 2623 2310 2690 subditi,
2333 2624 2426 2692 qui
2453 2625 2758 2681 moriuntur
2785 2627 3012 2696 praelati.
3042 2627 3218 2685 Habet
3242 2631 3382 2685 enim
3405 2647 3532 2692 arca

1933 2713 2033 2770 Dei
2069 2715 2233 2770 etiam
2271 2715 2607 2772 extrinsecus
2637 2717 3112 2790 pulchritudinem,
3141 2737 3302 2792 quam
3333 2724 3378 2780 si
3425 2726 3532 2781 mi-

1935 2806 2106 2861 nister
2134 2807 2376 2863 infirmus
2402 2823 2512 2862 non
2551 2807 2619 2862 ad
2647 2809 2943 2878 Spiritalem
2971 2813 3407 2884 venerationem,
3437 2818 3533 2876 sed

1940 2898 2004 2952 ad
2021 2897 2510 2968 concupiscentiam
2525 2899 2840 2955 saecularem
2858 2900 3170 2971 inspexerit,
3193 2919 3532 2976 nequaquam

1935 2989 2089 3044 vivit.
2104 2988 2250 3045 Bene
2261 2991 2442 3059 itaque
2457 3006 2616 3046 causa
2631 2994 2993 3062 percussionis
3003 3010 3190 3051 eorum
3204 2997 3532 3068 declaratur,

1924 3098 2059 3148 cum
2085 3082 2310 3138 dicitur:
2334 3080 2469 3146 Quia
2491 3084 2724 3139 viderunt
2749 3101 2927 3140 arcam
2948 3085 3067 3142 Dei.
3100 3087 3237 3154 Quid
3259 3097 3342 3144 est
3357 3093 3499 3147 enim
3514 3132 3532 3160 ,

236 3172 624 3228 committenda
667 3185 769 3230 est.
812 3175 1049 3248 Populus
1093 3194 1329 3252 namque
1354 3190 1687 3252 spontaneus
1715 3191 1830 3252 est,

1936 3174 2172 3228 uiderunt
2185 3214 2201 3241 ,
2217 3173 2317 3229 nisi
2337 3175 2461 3244 quia
2486 3174 2600 3244 ejus
2615 3176 2842 3245 gloriam
2854 3175 3083 3234 videndo
3103 3180 3535 3250 concupierunt?

236 3279 400 3333 quem
434 3265 499 3320 ad
529 3270 830 3325 exercenda
869 3270 1126 3328 virtutum
1172 3289 1371 3346 Opera,
1421 3277 1535 3331 sola
1565 3276 1706 3332 bona
1736 3292 1833 3332 vo-

239 3355 420 3412 luntas
445 3359 628 3426 trahit,
651 3375 810 3429 quem
841 3362 908 3417 ad
939 3364 1206 3434 implenda
1239 3367 1490 3422 mandata
1520 3367 1615 3422 Dei
1645 3383 1836 3423 neces-

237 3447 369 3504 sitas
404 3466 514 3504 non
543 3453 838 3522 compellit.
871 3454 1016 3520 Quos
1041 3457 1294 3512 nimirum
1321 3458 1421 3513 sub
1449 3458 1607 3513 unius
1634 3458 1838 3513 descri-

237 3539 424 3607 ptione
481 3542 672 3598 beatus
722 3542 918 3600 Paulus
966 3547 1263 3618 praedicat,
1313 3550 1496 3604 dicens
1537 3568 1550 3602 :
1598 3549 1837 3604 [litarem

240 3633 475 3686 datorem
499 3635 670 3706 diligit
691 3634 831 3691 Deus
863 3637 962 3709 (II
990 3639 1111 3695 Cor.
1145 3657 1223 3709 ιχ,
1255 3640 1344 3711 7).
1375 3642 1506 3707 Quze
1535 3649 1618 3696 est
1646 3641 1838 3697 domus

237 3727 524 3794 spontanei
552 3728 756 3796 populi,
785 3729 887 3784 nisi
915 3732 1303 3786 munimentum
1342 3740 1545 3787 sanctae
1586 3733 1835 3790 dilectio-

237 3815 357 3869 nis?
388 3816 520 3870 Nam
542 3817 597 3870 in
617 3818 876 3874 virtutum
905 3821 1204 3877 ministerio
1227 3830 1556 3893 spontaneus
1578 3839 1696 3880 esse
1727 3841 1836 3882 non

237 3915 430 3973 posset
449 3948 463 3972 ,
506 3908 549 3962 si
577 3911 914 3966 mansionem
954 3913 1053 3968 sibi
1083 3913 1385 3969 dilectiOuis
1413 3929 1521 3969 non
1553 3915 1830 3974 conderet.

239 3997 380 4065 Quae
408 4002 640 4069 profecto
669 4004 860 4059 domus
887 4005 940 4060 in
968 4005 1171 4071 Gabaa,
1206 4007 1259 4061 id
1297 4015 1381 4062 est
1409 4008 1464 4063 in
1489 4009 1705 4064 sublimi
1734 4009 1837 4065 sita

236 4098 620 4167 cognoscitur:
653 4100 779 4169 quia
825 4100 1102 4157 charitatis
1151 4103 1434 4158 altitudine
1481 4104 1549 4158 ad
1596 4106 1836 4160 coelestia

237 4192 604 4247 sublevamur.
650 4193 748 4249 Vel
787 4203 936 4250 certe
983 4197 1037 4250 in
1082 4198 1295 4252 sublimi
1339 4207 1422 4254 est
1449 4199 1659 4265 domus,
1713 4201 1836 4269 quia

236 4283 478 4338 Charitas
500 4287 747 4341 omnibus
768 4288 1056 4345 virtutibus
1083 4292 1401 4346 antefertur.
1431 4291 1562 4347 Nam
1593 4294 1839 4349 sublimi-

235 4374 368 4427 talis
399 4374 558 4442 hujus
586 4376 919 4433 altitudinem
953 4380 1228 4435 insinuans
1258 4381 1474 4446 Paulus,
1509 4383 1584 4436 ait
1610 4401 1622 4436 :
1655 4384 1837 4436 Adhuc

237 4466 658 4521 excellentiorem
687 4471 821 4523 viam
869 4471 1009 4524 vobis
1056 4473 1373 4527 demonstro.
1410 4474 1471 4528 Si
1503 4474 1691 4544 linguis
1741 4475 1837 4528 ho-

1939 3268 2091 3322 Nunc
2131 3277 2344 3332 autem,
2386 3276 2606 3324 auctore
2652 3269 2798 3336 Deo,
2848 3286 2946 3340 per
2989 3271 3178 3327 orbem
3225 3274 3536 3332 universum

1895 3359 2136 3415 ‘sanctae
2181 3359 2436 3415 Ecclesite
2479 3360 2652 3428 gloria
2698 3369 2781 3416 est
2823 3362 3066 3432 copiosa.
3115 3364 3245 3431 Quae
3292 3367 3538 3436 profecto

1938 3454 2142 3523 gloria,
2187 3452 2311 3521 quia
2335 3467 2364 3507 a
2394 3452 2640 3522 reprobis
2670 3453 3040 3512 sacerdotibus
3077 3457 3411 3516 saaculariter
3439 3475 3538 3531 ap-

1939 3544 2158 3614 petitur,
2190 3543 2536 3599 Bethsamitae
2562 3543 2662 3599 viri
2686 3559 2868 3601 arcam
2896 3545 2994 3602 Dei
3035 3548 3272 3605 exterius
3299 3550 3539 3610 videndo

1939 3637 2264 3691 moriuntur.
2311 3637 2426 3692 Non
2463 3634 2609 3692 enim
2637 3637 2935 3708 spiritalem
2977 3638 3093 3710 ejus
3123 3639 3388 3698 honorem
3436 3660 3541 3715 pro

1940 3726 2153 3782 interna
2190 3728 2452 3783 virtutum
2497 3727 2662 3797 gloria
2711 3738 3002 3800 appetunt,
3035 3730 3131 3787 sed
3170 3739 3230 3787 ut
3257 3747 3395 3790 arae
3442 3733 3540 3795 Dei

1939 3821 2284 3891 splendorem
2312 3821 2556 3893 rapiant,
2587 3830 2644 3878 et
2669 3823 3048 3879 ecclesiasticm
3077 3826 3404 3894 pnelationis
3431 3826 3540 3883 ful-

1939 3928 2144 3983 gorem,
2169 3914 2222 3968 in
2253 3912 2386 3970 flore
2415 3914 2594 3970 saeculi
2620 3914 2731 3971 suis
2758 3915 2987 3970 cultibus
3016 3916 3211 3971 ferant.
3243 3917 3381 3973 Arca
3412 3933 3541 3986 quo~

1940 4021 2045 4076 que
2063 4006 2154 4062 Dei
2177 4007 2316 4062 male
2339 4006 2467 4061 foris
2488 4005 2558 4061 ad
2575 4007 2976 4076 percussionem
2997 4009 3300 4076 respicitur,
3320 4011 3540 4078 quando

1939 4095 2190 4166 ﬂagitiosi
2237 4097 2509 4168 praepositi
2539 4095 2872 4151 subditarum
2901 4111 3253 4164 personarum
3284 4096 3541 4156 exteriori

1940 4193 2122 4262 specie
2152 4191 2373 4254 devicti,
2406 4189 2474 4244 ad
2501 4189 2769 4244 carnalem
2800 4188 3296 4256 concupiscentiam
3326 4198 3541 4260 pertra-

1902 4313 1906 4317 ι
1939 4283 2158 4337 buntur.
2185 4282 2299 4336 Viri
2331 4281 2522 4335 timore
2547 4280 2818 4348 ingentem
2845 4279 3238 4336 multitudinem
3277 4284 3540 4353 concupi-

1941 4377 2159 4431 scentia:
2181 4375 2290 4430 telo
2305 4381 2629 4442 prostratam
2654 4373 2948 4441 intuentes,
2966 4375 3185 4430 dicunt:
3207 4375 3332 4440 Quis
3355 4381 3542 4448 poterit

1941 4477 2082 4520 stare
2125 4468 2179 4520 in
2229 4472 2500 4534 conspectu
2553 4463 2767 4518 Domini
2815 4465 2912 4519 Dei
2966 4469 3133 4521 sancti
3181 4468 3373 4540 hujus?
3422 4469 3543 4527 Stal;

236 4557 445 4610 minum
490 4558 674 4628 loquar
717 4569 767 4614 et
794 4563 1130 4632 angelorum,
1164 4564 1468 4618 charitatem
1515 4574 1686 4619 autem
1731 4582 1836 4620 non

1941 4560 2164 4629 quippe,
2197 4558 2251 4610 in
2281 4563 2574 4626 conspectu
2608 4556 2732 4622 Dei,
2757 4558 2848 4628 qui
2872 4557 3025 4612 fortis
3048 4565 3132 4613 est
3157 4559 3208 4613 in
3239 4561 3430 4616 ordine
3457 4561 3542 4615 di-

237 4647 497 4712 habeam,
531 4651 697 4719 factus
734 4667 849 4706 sum
897 4652 1028 4707 velut
1077 4671 1148 4709 (es
1179 4673 1371 4710 sonans
1415 4664 1504 4709 aut
1551 4656 1841 4727 cymbalum

237 4742 474 4796 tinniens
519 4743 578 4812 (l
613 4743 730 4800 Cor.
763 4762 873 4815 xu,
914 4747 1016 4813 '51;
1066 4765 1188 4815 xm,
1221 4750 1296 4820 1).
1343 4750 1480 4816 Quid
1510 4759 1592 4806 est
1620 4760 1798 4807 autem
1821 4791 1840 4821 ,

234 4834 390 4901 quod
419 4833 736 4892 Eleazarum
763 4838 1103 4896 sanctificant
1131 4844 1196 4896 ad
1219 4844 1632 4900 custodiendum
1660 4862 1842 4901 arcam

236 4923 382 4980 Dei?
431 4926 537 4982 Sed
578 4930 684 4985 hoc
719 4932 970 4987 nimirum
1008 4949 1075 4989 ex
1105 4950 1205 4989 usu
1233 4945 1434 4991 sanctae
1463 4935 1716 4993 Ecclesia:
1747 4950 1869 4994 no-'

235 5018 462 5083 vimus,
511 5021 636 5088 quia
687 5021 891 5080 electus
934 5025 1180 5081 minister
1217 5027 1366 5095 prius
1416 5027 1846 5085 benedictionem

237 5111 675 5166 consecrationis
702 5128 731 5166 a
758 5116 984 5171 summis
1010 5115 1139 5172 viris
1182 5118 1377 5188 accipit
1413 5134 1575 5189 quam
1605 5119 1847 5177 ministe-

235 5199 396 5253 rium
429 5201 701 5272 impendat
739 5205 1049 5264 oblationis.
1102 5207 1238 5275 Quia
1267 5226 1396 5266 vero
1426 5210 1716 5268 Eleazarus
1754 5213 1849 5270 Dei

237 5291 472 5360 adjutor
500 5292 716 5364 dicitur,
752 5297 907 5370 162
936 5299 1179 5369 profecto
1218 5303 1520 5358 ostenditur
1574 5305 1700 5374 quia
1739 5322 1848 5362 non

234 5382 431 5439 solum
460 5374 784 5442 sanciificari
826 5389 919 5444 Dei
959 5392 1191 5450 ministri
1237 5393 1499 5463 debeant,
1542 5395 1638 5452 sed
1685 5397 1847 5452 etiam

236 5476 448 5547 inspici
471 5480 657 5548 quales
677 5482 784 5537 sint
808 5482 876 5537 ad
895 5484 1134 5553 ejusdem
1155 5491 1576 5546 consecrationis
1606 5491 1850 5547 ordinem

235 5573 636 5639 promovendi.
662 5574 767 5641 Qui
792 5575 935 5632 enim
965 5585 1089 5633 sunt
1119 5579 1214 5636 Dei
1243 5581 1596 5652 adjutoriutn,
1628 5585 1729 5640 nisi
1756 5584 1850 5655 qui

1943 4651 2055 4706 vini
2101 4648 2400 4705 ministerii.
2433 4649 2590 4703 Stare
2631 4650 2830 4704 etenim
2874 4649 3205 4707 fortitudinis
3232 4661 3344 4718 est,
3379 4653 3542 4707 mini-

1945 4753 2120 4801 strare
2148 4741 2414 4812 obsequii.
2445 4740 2600 4795 Stare
2627 4755 2756 4808 ergo
2786 4741 2840 4795 in
2866 4750 3163 4810 conspectu
3192 4742 3288 4797 Dei
3318 4742 3538 4810 dicitur,

1946 4835 2039 4905 qui
2088 4834 2329 4889 ordinem
2386 4831 2605 4902 superni
2664 4829 2824 4887 officii
2875 4833 2930 4886 in
2976 4834 3260 4889 altitudine
3307 4834 3543 4903 disponit

1948 4931 2121 5000 digna:
2143 4927 2603 4993 conversationis;
2634 4927 2724 4997 qui
2753 4926 2808 4980 in
2834 4927 3136 4983 ministerio
3164 4941 3274 4995 quo
3303 4926 3543 4998 fungitur

1949 5022 2099 5077 nullo
2141 5020 2382 5092 appetitu
2408 5018 2763 5074 ecclesiastici
2806 5018 3029 5073 honoris
3071 5019 3357 5090 decipitur,
3396 5022 3544 5079 nulla

1951 5115 2155 5172 carnali
2182 5113 2616 5184 concupiscentia
2641 5120 2946 5184 superatur.
2977 5112 3112 5179 Quia
3133 5129 3262 5170 vero
3285 5125 3395 5169 tam
3425 5115 3546 5169 ido-

1953 5207 2041 5262 nei
2083 5207 2309 5261 ministri
2346 5222 2468 5261 raro
2497 5205 2863 5271 inveniuntur,
2909 5206 3104 5261 merito
3147 5206 3331 5262 dicunt
3367 5225 3381 5262 :
3412 5205 3545 5270 Quis

1953 5300 2141 5370 poterit
2169 5307 2309 5352 stare
2334 5300 2390 5353 in
2419 5308 2692 5370 conspectu
2739 5297 2950 5353 Domini
2997 5298 3098 5353 Dei
3135 5299 3301 5353 sancti
3351 5300 3547 5371 hujus?

1951 5389 2021 5444 Et
2040 5391 2165 5461 quia
2193 5398 2402 5444 tantum
2429 5407 2567 5446 onus
2595 5391 2802 5460 parvuli
2841 5390 3038 5448 Christi
3070 5393 3198 5448 viris
3229 5390 3548 5449 fortioribus

1952 5486 2236 5552 deserunt,
2277 5484 2548 5540 subdunt:
2580 5482 2652 5537 Et
2692 5485 2761 5538 ad
2808 5501 2954 5556 quem
2998 5486 3237 5540 ascendet
3282 5504 3316 5540 a
3353 5487 3545 5542 nobis?

1953 5577 2236 5648 Quomodo
2251 5586 2431 5635 autem
2445 5579 2511 5633 ad
2529 5577 2861 5634 habitatores
2875 5576 3250 5635 Cariathiarim
3276 5580 3544 5644 miserint,

319 5781 354 5814 ⁸
397 5771 528 5836 Haec
565 5775 622 5836 in
657 5777 868 5836 ueteris
895 5777 1054 5835 editis
1089 5780 1289 5839 omissa
1325 5781 1657 5841 restituenda
1687 5781 1960 5854 duximus,
1982 5781 2111 5858 quia
2138 5780 2278 5838 infra
2309 5787 2561 5852 tanquam
2583 5780 2696 5854 jam
2725 5781 3003 5856 proposita
3033 5788 3397 5856 exponuntur.

618 5892 898 5958 Punon.
942 5893 1247 5960 LXXIX.

3059 5903 3099 5965 ἰ
