4020 6344
1565 583 1702 639 sicut
1732 589 1889 648 supra
1918 588 2017 629 ex-

374 767 377 771 .
434 713 667 788 positum
690 712 793 771 est,
824 713 932 755 non
964 700 1247 748 mutamus.

368 767 377 813 ί
437 760 686 878 "ivgis.
716 760 795 866 ἑά
824 790 977 864 163
1004 785 1067 840 Et
1092 784 1285 855 factum
1310 780 1468 829 estea:
1488 785 1587 840 quo
1610 780 1734 820 arca
1755 760 1854 817 Dei
1872 774 2023 815 man-

438 862 587 954 sit‘in
615 862 1009 948 Cariathiarim,
1040 868 1368 944 multiplicati
1392 870 1509 921 sunt
1537 862 1665 915 dies.

425 1011 438 1045 ρ
508 990 565 1046 Si
608 987 672 1041 ad
716 978 995 1039 historiam
1039 966 1379 1037 respicimus,
1409 959 1522 1013 dies
1569 949 1859 1009 mansionis
1889 958 2027 1001 arcae

421 1068 777 1150 'multiplicati
798 1076 943 1133 sunt,
972 1062 1098 1133 quia
1126 1032 1236 1114 illic
1257 1052 1424 1108 multo
1453 1056 1699 1115 tempore
1723 1039 1840 1095 fuit.
1874 1032 2031 1092 Unde

444 1185 499 1231 et
523 1170 771 1229 subditur
800 1181 813 1217 :

453 1446 686 1512 duxerit,
716 1436 949 1499 subdens
979 1476 993 1499 ,
1024 1430 1137 1484 ait:

721 1497 809 1603 ά.)
836 1529 907 1584 Et
933 1497 1175 1595 requievit
1203 1513 1370 1571 omnis
1400 1506 1570 1565 Israel
1598 1512 1715 1575 post.
1738 1497 2037 1555 Dominum.

523 1589 655 1701 bum
690 1589 938 1684 nimirum
984 1589 1200 1685 requies
1240 1609 1295 1663 in
1337 1604 1429 1659 illo
1465 1598 1636 1655 veteri
1690 1589 1889 1664 populo
1934 1600 2043 1641 non

1373 1694 1387 1701 “
1506 1690 1537 1701 ⁴⁸
1586 1688 1631 1701 "
1702 1686 1713 1697 '
1759 1676 2041 1701 A‘II1‘A--,lﬂ

453 1676 719 1785 bonorum
750 1726 995 1786 operum,
1022 1676 1117 1764 sed
1157 1706 1314 1760 bonas
1356 1688 1663 1751 devotionis
1701 1676 2045 1748 intelligenda

454 1824 556 1875 est.
591 1813 725 1868 Nam
750 1804 995 1877 sequitur
1020 1818 1034 1854 :

1662 355 1907 419 sanan
1942 345 2269 409 assensu
2304 338 2518 404 IlABNl
3118 374 3154 402 ,μ

2042 476 2098 537 Α
2120 470 2191 528 ad
2222 466 2409 525 mundi
2435 470 2675 519 amorem
2716 459 2896 527 potest
2920 447 3108 521 dejici,
3148 449 3277 518 post
3298 440 3586 499 Dominum
3615 458 3717 499 ne-

3595 321 3707 385 sua

2120 570 2391 635 quaquam
2420 550 2725 623 requiescit.
2760 546 2895 601 Cum
2923 555 3051 610 ergo
3066 544 3251 593 manet
3277 546 3401 591 arca
3439 538 3497 589 in
3529 530 3718 587 Caria-

2121 623 2337 711 thiarim
2354 693 2369 719 ,
2401 655 2456 703 et
2484 646 2598 699 dies
2624 636 3064 706 multiplicantur,
3090 630 3369 686 universus
3395 623 3567 681 Israel
3596 628 3725 692 post

2124 746 2409 801 Dominum
2430 735 2718 807 requiescit
2747 750 2759 785 :
2782 731 2907 801 quia
2934 726 3179 797 proiecto
3204 720 3328 776 dum
3354 720 3544 774 electis
3566 730 3726 770 men~

2128 840 2195 894 tis
2238 832 2460 891 scientia
2507 830 2561 883 in
2611 821 2996 895 experientiam
3040 829 3292 887 superare
3344 810 3731 867 delectationis

2130 930 2384 998 erigitur,
2422 924 2549 979 dum
2578 921 2696 975 luce
2726 915 2915 971 refusa:
2962 911 3174 980 gloriae,
3208 908 3470 961 virtutum
3501 902 3730 973 spirita-

2131 1022 2262 1077 lium
2289 1016 2391 1072 sibi
2420 1012 2692 1069 claritates
2733 1007 3119 1079 glomerantur,
3157 995 3513 1053 imitationem
3544 990 3733 1046 Domi—

2134 1114 2310 1167 nicam
2334 1117 2520 1165 tenere
2549 1118 2614 1157 eo
2637 1094 3069 1170 perseverantius
3096 1100 3276 1162 potest
3293 1103 3423 1157 quo,
3447 1081 3739 1140 immensis

2135 1205 2401 1260 illustrata
2443 1194 2811 1259 elaritatibus,
2849 1205 2943 1245 eas
2997 1185 3245 1241 tenebras
3290 1180 3487 1250 quibus
3528 1190 3558 1231 a
3603 1188 3746 1230 vero

2014 1330 2035 1353 ι
2064 1348 2069 1356 ,
2138 1295 2407 1353 dividatur
2430 1289 2631 1345 lumine
2650 1285 2852 1342 sentire
2873 1296 2979 1337 non
3001 1284 3200 1349 potest.
3227 1273 3381 1329 Unde
3406 1280 3463 1325 et
3482 1271 3621 1324 bene
3641 1265 3745 1335 qni

2140 1398 2265 1463 post
2292 1385 2575 1441 Dominum
2607 1378 2766 1451 164
2796 1377 3138 1444 requiescere
3179 1367 3395 1431 dicitur,
3420 1362 3586 1418 lsrael
3615 1373 3750 1417 esse

2142 1452 2486 1554 perhibetur,
2530 1472 2785 1529 videlicet
2812 1467 2998 1524 videns
3038 1465 3245 1518 Deum:
3273 1458 3400 1529 quia
3439 1470 3547 1526 quo
3578 1452 3755 1507 altim

2144 1571 2540 1642 contemplator
2585 1567 2640 1621 in
2683 1564 2866 1620 divina
2892 1559 3118 1630 rapitur,
3148 1568 3214 1609 eo
3254 1551 3321 1606 ab
3348 1546 3591 1605 humanis
3618 1557 3757 1614 qua

2146 1674 2402 1738 potenter
2428 1658 2648 1717 cohibet
2676 1664 3017 1723 nequaquam
3045 1651 3351 1717 superatur.

2222 1758 2276 1812 6.
2297 1755 2493 1819 Verum
2509 1750 2658 1821 quia,
2674 1754 2895 1802 auctore
2920 1743 3049 1805 Deo,
3069 1753 3250 1794 arcam
3267 1734 3386 1805 eius
3405 1729 3766 1802 proficiscen.

527 1826 556 1871 ἱ.
591 1826 725 1868 nam
750 1826 807 1863 se
849 1826 995 1859 uuur
1020 1826 1034 1854 :

527 1906 707 1979 (Vers.
742 1826 943 1969 '5.)int
972 1897 1143 1946 autem
1168 1879 1381 1941 Samuel
1420 1875 1487 1929 ad
1515 1870 1811 1926 uniuersam
1840 1861 2048 1913 domum
2076 1858 2127 1922 ι
2152 1862 2262 1907 tem
2282 1861 2457 1916 usque
2486 1844 2553 1898 ad
2570 1836 2915 1898 sublimitatis
2943 1833 3061 1903 ejus
3085 1832 3247 1886 situm
3272 1826 3603 1889 deduximus,
3625 1834 3769 1891 quo

1389 1971 1401 1979 -
1546 1972 1557 1979 .
1656 1951 1951 1979 -..Αεμξκι
1981 1947 2047 1979 ,ηι
2150 1940 2332 1979 unum
2359 1935 2683 1979 mdiontur
2710 1944 2837 1979 arma
2876 1924 3212 1979 subditorum
3243 1916 3628 1974 rorreetionem
3660 1912 3769 1966 in-

527 1947 707 1979 ve.-.
746 1947 820 1969 η,

458 1998 662 2063 .srael,
700 1994 917 2049 dicens:
952 1984 1010 2039 Si
1033 1985 1089 2037 in
1132 1985 1236 2034 toto
1277 1971 1430 2029 corde
1450 1972 1617 2023 vestro
1638 1951 1951 2015 revertimini
1979 1947 2048 2001 ad

460 2043 662 2154 Deum:
676 2086 876 2155 auferte
901 2078 1023 2133 deos
1052 2072 1249 2128 alienos
1280 2065 1344 2121 de
1369 2059 1537 2117 medio
1564 2062 1785 2110 vestrum
1804 2088 1818 2113 ,
1850 2043 2055 2099 Baetim

461 2197 508 2243 et
547 2140 825 2241 Astarot'h;
858 2182 908 2229 et
954 2171 1246 2242 prosperare
1285 2156 1445 2214 corda
1488 2156 1662 2207 vestra
1710 2141 1963 2203 Domino,
2004 2140 2057 2190 et

752 2232 869 2332 δολί,
899 2232 1212 2319 et'liberabit
1254 2267 1343 2307 vos
1372 2248 1435 2302 de
1460 2258 1619 2299 manu
1643 2232 1983 2293 Philisthiim.

760 2325 889 2414 deos
920 2355 1120 2408 alienos
1148 2346 1216 2401 de
1248 2341 1429 2398 medio
1454 2337 1539 2394 sui
1566 2348 1676 2387 non
1706 2325 2060 2387 abstulerant,

468 2462 571 2520 nisi
596 2460 737 2514 bona
757 2451 1057 2511 voluntate,
1085 2446 1210 2515 post
1229 2434 1516 2491 Dominum
1546 2422 1818 2497 quomodo
1844 2414 2065 2485 requie-

468 2546 731 2611 scebant?
761 2542 891 2611 Quae
920 2507 1171 2593 nimirum
1193 2525 1375 2585 omnia
1389 2524 1431 2579 si
1454 2507 2064 2590 spiritaliterinquiran-

469 2653 587 2709 tur,
629 2638 746 2695 dies
771 2599 1098 2689 ~mansionis
1144 2635 1283 2679 arcze
1331 2612 1778 2683 multiplicantur.
1806 2599 1916 2656 Sed
1945 2610 2068 2654 cum

473 2688 587 2709 ....,
634 2688 743 2695 η--
803 2688 835 2689 η

473 2738 659 2792 manet
693 2729 750 2783 in
774 2723 997 2788 Gabaa;
1018 2730 1145 2775 cum
1189 2716 1375 2768 manet
1418 2706 1472 2761 in
1509 2696 1753 2759 custodia
1788 2688 2068 2754 Eleazari;

476 2824 600 2895 quia
649 2832 772 2875 cum
814 2813 1115 2869 animarum
1161 2800 1402 2858 fidelium
1439 2806 1570 2851 cura
1608 2786 1750 2859 apud
1787 2781 2073 2851 religiosos

476 2876 857 2987 pradicatores
898 2898 1241 2965 reconditur,
1288 2886 1553 2964 perfectio
1594 2876 1870 2950 religionis
1889 2917 1904 2942 ,
1953 2881 2076 2943 qua

479 2970 695 3062 sublimi
722 2996 968 3054 doctrina
1013 2985 1374 3059 impenditur,
1401 2979 1672 3035 bonorum
1703 2980 1926 3042 operum
1962 2970 2077 3018 stu-

483 3097 576 3153 dio
606 3088 946 3160 adimpletur.
968 3057 1123 3138 Unde
1142 3085 1196 3133 et
1216 3087 1390 3130 anuus
1412 3066 1701 3125 vicesimus
1724 3068 1853 3115 tunc
1872 3057 2080 3110 instare

490 3191 689 3251 felatus
718 3190 820 3241 est.
850 3179 912 3236 Si
936 3175 1080 3234 enim
1106 3168 1360 3228 denarius
1392 3174 1650 3219 numerus
1687 3150 2077 3227 perfectionem

488 3238 908 3350 autiqum‘begis
948 3264 1215 3336 designat,
1256 3255 1385 3330 quid
1409 3248 1711 3309 vicenarius
1732 3287 1748 3312 ,
1774 3242 1875 3297 nisi
1904 3238 2086 3309 splen-
2112 3242 2160 3307 α

491 3332 753 3430 dididrem
800 3332 953 3418 novre
993 3332 1117 3412 vitae
1158 3349 1475 3419 religionem
1512 3335 1815 3411 significat?
1845 3332 2079 3389 Vicena-

490 3464 605 3519 rius
633 3459 835 3529 quippe
873 3459 1164 3509 numerus,
1196 3418 1452 3497 denarius
1479 3439 1566 3489 est
1609 3427 1934 3498 duplicatus.
1974 3418 2080 3487 Qui

495 3561 646 3610 certe
664 3558 921 3604 numerus
947 3542 1004 3595 in
1028 3537 1327 3594 electorum
1349 3522 1761 3585 conversatione
1783 3514 2081 3588 perﬁcitur,

498 3657 622 3699 cum
651 3653 749 3709 per
777 3646 1017 3689 amorem
1043 3628 1216 3682 vitant
1255 3620 1413 3689 Legis
1438 3610 1728 3688 prohibita.
1758 3617 1817 3665 et
1839 3603 2088 3665 sublimia

468 3754 469 3757 ‘
503 3729 780 3800 Evangelii
806 3724 1058 3781 mandata
1085 3717 1377 3787 complent.

574 3825 628 3879 4.
650 3788 788 3888 auia
807 3830 938 3874 vero
959 3828 1059 3869 nos
1086 3824 1223 3865 arae
1250 3802 1638 3877 profectionem
1667 3796 1733 3849 ad
1759 3788 2095 3858 contempla-

506 3919 630 3974 tiva:
672 3914 797 3967 vita:
845 3904 1233 3980 perfectionem
1278 3893 1585 3958 retulimus,
1620 3889 1678 3943 in
1715 3880 2094 3939 Cariathiarim

510 4019 685 4071 manet
717 3973 976 4064 arcabei,
992 4012 1112 4054 cum
1129 3991 1351 4051 eruditae
1370 3992 1578 4042 mentes
1597 3973 2096 4046 contemplandum,

512 4094 757 4167 ejusdem
800 4085 1120 4145 eruditionis
1162 4092 1274 4136 suae
1324 4076 1550 4141 donum,
1600 4070 1657 4125 in
1702 4066 2100 4121 oblectamento

513 4149 802 4260 perﬁciunt
851 4176 1103 4235 revelatae
1153 4170 1255 4227 sibi
1293 4176 1539 4237 supernae
1582 4157 1869 4215 claritatis.
1906 4149 2109 4221 Viginti

518 4229 717 4356 quippe
745 4276 901 4334 annis
939 4275 1122 4327 manet
1148 4266 1225 4320 ibi
1253 4272 1401 4317 nune
1441 4267 1567 4311 arca
1603 4249 1722 4315 Dei,
1770 4246 1895 4316 quia
1922 4243 2109 4299 electze
2139 4229 2152 4259 ‘

520 4336 742 4440 alnimlae,
776 4371 844 4425 ad
885 4360 1227 4423 exaltationis
1261 4355 1468 4412 intimae
1504 4347 1720 4405 culmen
1757 4347 1978 4401 evecta,
2012 4336 2112 4390 ha-

521 4470 674 4537 bent
698 4461 979 4521 denarium
1025 4466 1309 4511 numerum
1359 4449 1414 4502 in
1475 4439 1807 4511 perfectione
1848 4428 2111 4497 scientiae,

525 4556 860 4617 vicenarium
871 4565 1002 4609 vero
1012 4549 1069 4603 in
1088 4556 1322 4616 superna
1346 4534 1725 4594 delectatione.
1748 4526 1935 4583 Potest
1952 4522 2119 4578 etiam

529 4653 738 4707 dierum
779 4639 1155 4714 multiplicatio
1186 4635 1256 4690 ad
1284 4632 1547 4687 virtutum

526 4704 713 4796 menta
739 4704 949 4790 referri:
976 4722 1111 4782 Cum
1157 4725 1318 4793 igitur
1340 4733 1527 4783 causa,
1550 4727 1660 4783 qua
1686 4712 1804 4767 dies
1849 4704 2112 4776 multipli-

530 4839 740 4895 centur,
769 4820 1076 4895 expressius
1102 4816 1316 4879 dicitur,
1348 4824 1518 4865 annus
1543 4805 1833 4863 vicesimus
1853 4814 1975 4854 esse
2002 4812 2119 4868 per-

530 4893 746 4984 hibetur
763 4940 777 4975 :
794 4893 921 4990 quia
938 4913 1179 4970 videlicet
1195 4908 1381 4965 electae
1396 4910 1601 4959 mentes
1617 4893 2117 4965 contemplantium,

537 5032 645 5088 quo
680 5012 898 5070 uberius
945 5016 1176 5076 superna
1218 4992 1675 5065 contemplatione
1708 4994 2021 5060 pascuntur,
2050 4995 2118 5037 eo
2147 5003 2155 5011 -

539 5080 748 5183 plenius
772 5104 1031 5161 virtutum
1057 5091 1374 5167 spiritalium
1404 5083 1698 5154 fulgoribus
1726 5080 2081 5135 illustrantur.

614 5203 665 5257 5.
706 5198 847 5266 Quid
873 5208 1003 5250 vero
1031 5197 1137 5255 est,
1167 5185 1311 5257 quod
1337 5194 1479 5237 anno
1505 5177 1764 5235 vicesimo
1782 5171 2124 5242 requiescere

543 5256 921 5352 omniswisrael
964 5291 1090 5357 post
1118 5256 1401 5335 Dominum
1436 5270 1653 5336 dicitur,
1682 5265 1783 5321 nisi
1809 5263 1933 5330 quia
1960 5256 2125 5315 subli-

546 5388 706 5442 mitas
726 5350 1073 5454 perfectionis
1096 5373 1391 5430 electorum
1414 5378 1527 5419 non
1550 5359 1800 5417 consistit
1828 5356 1879 5409 in
1906 5350 2124 5407 fortitu-

549 5441 676 5535 dine
718 5441 849 5531 boni
888 5469 1110 5542 operis,
1144 5462 1243 5521 sed
1284 5461 1341 5516 in
1378 5458 1577 5512 virtute
1621 5441 2130 5518 centeniplationis?

554 5571 841 5638 Quiescere
868 5536 1099 5631 namque
1121 5563 1246 5627 post
1282 5547 1569 5606 Dominum
1585 5583 1603 5609 ,
1634 5536 2005 5608 Redemptoris
2030 5548 2133 5588 no-

555 5664 654 5721 stri
688 5626 1041 5717 imitationem
1066 5626 1363 5709 animum:
1380 5643 1650 5701 eharitate
1674 5636 1904 5692 retinere
1933 5638 2036 5687 est.
2064 5626 2133 5682 Et

557 5750 799 5827 quisquis
823 5748 914 5802 illa
941 5732 1185 5814 supernae
1213 5737 1445 5795 civitatis
1474 5728 1758 5788 ineffabilia
1785 5724 1973 5795 gaudia
2003 5736 2134 5776 con-

559 5815 869 5916 templanda
910 5836 1121 5898 fortiter
1165 5845 1350 5893 amare
1378 5842 1494 5885 non
1522 5822 1737 5890 didicit,
1775 5819 1899 5891 quia
1942 5815 2138 5889 sapius

2150 1940 2332 1999 studio
2359 1912 2683 2009 pmdicator
2710 1944 2837 1999 erga
2876 1924 3212 1983 subditorum
3243 1916 3628 1974 rorreetionem
3660 1912 3771 1966 in-

2155 2002 2379 2103 vigilet,
2421 2027 2723 2083 videamus.
2754 2016 3187 2085 Namsequitur:
3220 2010 3291 2065 Et
3318 2010 3393 2064 ait
3443 2004 3649 2061 Samuel
3686 2002 3773 2056 ad

2153 2125 2447 2180 universam
2484 2118 2693 2173 domum
2723 2110 2893 2168 Israel
2923 2126 2940 2165 :
2972 2107 3033 2162 Si
3061 2108 3117 2160 in
3154 2113 3259 2159 toto
3288 2099 3442 2156 corde
3479 2090 3638 2153 vestro
3671 2110 3776 2149 rea

2157 2212 2418 2272 certimini
2446 2213 2515 2265 ad
2550 2205 2860 2268 Dominum,
2890 2200 3093 2269 auferte
3126 2195 3248 2249 deos
3274 2192 3469 2246 alienos
3494 2189 3555 2241 de
3582 2186 3777 2241 medio

2161 2315 2407 2365 oestrum.
2432 2301 2583 2367 Quos
2634 2304 2815 2351 autem
2862 2293 3066 2349 alienos
3101 2288 3235 2344 deos
3276 2282 3549 2352 Scriptura
3598 2291 3780 2335 sacra

2168 2398 2444 2471 appellare
2462 2390 2765 2457 consuevit,
2792 2386 2894 2442 nisi
2915 2381 3198 2446 dzemonia,
3221 2391 3342 2448 quas
3362 2376 3415 2430 in
3441 2370 3785 2431 manui-actis

2169 2461 2473 2551 simulacris
2513 2482 2793 2541 habitant?
2835 2479 2894 2535 In
2924 2474 3176 2533 Samuele
3215 2486 3388 2527 novos
3429 2473 3621 2523 sanctze
3649 2461 3785 2517 Ec,-

2172 2584 2351 2642 clesite
2389 2578 2771 2651 prmdicatores
2798 2569 3067 2641 designari
3110 2564 3362 2621 diximus.
3394 2558 3556 2615 Recte
3579 2558 3793 2624 itaque

2171 2678 2243 2734 de
2268 2647 2448 2731 medio
2475 2670 2561 2727 sui
2586 2670 2720 2724 deos
2744 2666 2955 2722 alienos
3002 2662 3056 2717 in
3098 2658 3404 2715 universam
3449 2648 3613 2705 Israel
3660 2647 3793 2701 do-

2163 2764 2323 2827 mum
2352 2765 2563 2822 auferre
2591 2759 2886 2833 praeerit:
2920 2754 3044 2825 quia
3086 2753 3140 2807 in
3181 2745 3561 2805 accedentibus
3590 2740 3660 2795 ad
3714 2740 3794 2796 ﬁ-

2176 2864 2302 2920 dem
2319 2858 2640 2921 Gentilibus,
2670 2868 2779 2909 non
2799 2850 2971 2905 solum
3002 2852 3165 2901 recta:
3202 2837 3544 2912 profectionis
3564 2840 3796 2887 venta-

2180 2962 2289 3011 tem
2306 2951 2717 3024 praedicatorum
2728 2943 2866 2999 ordo
2888 2939 3058 3011 petiit,
3075 2934 3173 2992 sed
3188 2933 3348 2989 etiam
3368 2924 3798 2985 damnationen

2179 3046 2417 3115 antiquas
2458 3035 2882 3109 superstitionis.
2928 3029 3014 3086 Nil
3042 3028 3188 3083 enim
3217 3024 3297 3079 eis
3321 3020 3597 3092 prodesset
3621 3016 3801 3070 veri-

2183 3106 2350 3195 tatem
2381 3106 2686 3206 profitendo
2713 3126 2895 3183 colere
2918 3163 2933 3189 ,
2958 3120 3046 3177 vel
3083 3113 3432 3184 obsequendo
3455 3152 3471 3178 ,
3508 3108 3602 3164 nisi
3627 3106 3803 3162 falsa

2189 3230 2338 3301 prius
2374 3201 2688 3281 detestanda
2734 3214 3097 3284 reliquissent.
3146 3203 3403 3275 Quisquis
3442 3201 3599 3258 etiam
3626 3212 3804 3254 nunc

2177 3287 2331 3376 intra
2358 3323 2603 3373 sanctam
2643 3307 2942 3366 Ecclesiam
2974 3301 3182 3375 positus
3211 3304 3295 3354 est
3337 3310 3435 3366 per
3475 3291 3645 3355 fidem,
3684 3287 3805 3345 sed

2183 3414 2298 3471 Deo
2324 3408 2544 3467 rebellis
2578 3420 2674 3476 per
2700 3401 2939 3470 iniquam
2977 3392 3381 3465 operationem,
3412 3380 3806 3440 admonendus

2187 3513 2273 3562 est
2297 3509 2358 3559 ut
2385 3470 2595 3555 alienos
2624 3495 2759 3550 deos
2787 3491 2857 3547 de
2877 3486 3057 3545 medio
3081 3483 3165 3540 sui
3210 3477 3435 3537 auferat.
3468 3473 3625 3537 Nam,
3674 3470 3807 3526 etsi

2190 3594 2497 3653 manufacta
2540 3585 2828 3644 simulacra
2876 3580 3207 3638 detestatur,
3252 3572 3548 3624 daemonum
3596 3568 3811 3617 tamen

2192 3684 2431 3755 imperiis
2466 3693 2629 3752 prava
2658 3675 2871 3731 actione
2906 3665 3254 3725 submittitur.
3286 3661 3361 3716 De
3386 3654 3557 3712 medio
3594 3659 3811 3706 autem

2194 3777 2277 3836 sui
2305 3760 2509 3832 alienos
2553 3773 2687 3827 deos
2729 3764 2945 3835 abiicit,
2974 3760 3065 3831 qui
3095 3758 3172 3816 sic
3197 3754 3264 3811 ad
3315 3753 3482 3807 Deum
3515 3743 3818 3802 convert'b

2197 3880 2303 3936 tur,
2335 3876 2395 3925 ut
2424 3882 2521 3938 per
2545 3863 2683 3920 mala
2714 3874 2882 3933 opera
2912 3852 3217 3912 immundos
3248 3844 3472 3917 spiritus
3510 3850 3818 3907 nunquam

2200 3966 2515 4020 veneretur.

2274 4056 2327 4112 7.
2370 4054 2554 4109 Potest
2602 4050 2765 4105 etiam
2813 4041 3067 4101 cautioris
3102 4038 3225 4091 vitae
3266 4030 3499 4089 studium
3545 4035 3639 4092 per
3670 4020 3823 4077 hac

2204 4143 2599 4205 exhortationis
2632 4140 2797 4195 verba
2823 4131 3111 4202 designari.
3144 4126 3280 4183 Nam
3325 4124 3379 4178 in
3418 4115 3585 4173 medio
3613 4113 3827 4171 nostri

2205 4238 2332 4310 quid
2360 4244 2465 4303 est,
2494 4233 2595 4290 nisi
2623 4246 2721 4287 cor
2742 4224 3020 4285 nostrum?
3044 4220 3182 4276 Sunt
3205 4224 3386 4271 tamen
3411 4201 3639 4265 nonnulli
3665 4218 3831 4273 ope-

2206 4330 2420 4387 ratione
2447 4323 2650 4388 mundi,
2682 4320 2778 4379 sed
2824 4313 3134 4372 inﬁrmitate
3162 4306 3359 4370 cordis,
3388 4316 3488 4357 usu
3527 4292 3833 4350 foedantur

2210 4434 2389 4490 pravae
2420 4382 2781 4482 cogitationis.
2804 4405 2951 4461 Bona
2977 4400 3195 4472 quidem
3217 4396 3546 4451 incessanter
3566 4382 3830 4449 faciunt,

2209 4510 2306 4568 sed
2330 4507 2568 4576 cogitare
2609 4500 2842 4572 reproba
2884 4507 3155 4563 nunquam
3193 4482 3623 4560 praetermittunt.
3654 4472 3831 4540 Quia

1577 4620 1901 4695 spiritalium
1942 4611 2189 4675 inore-1)
2214 4617 2343 4659 vero
2390 4607 2472 4654 tot
2516 4597 2570 4651 in
2616 4607 2803 4649 eorum
2849 4586 3098 4644 cordibus
3143 4577 3404 4637 desinonia
3458 4568 3836 4639 requiescunt

2382 4693 2393 4695 -
2464 4689 2510 4695 ··
2582 4688 2592 4695 ·
2650 4687 2660 4695 -
2870 4681 2883 4695 -
3037 4676 3172 4695 ιι-μ-
3211 4672 3270 4695 λ-
3298 4658 3834 4695 ..-λωρηςηηοηηε

2215 4701 2350 4768 quot
2366 4688 2628 4751 desideria
2649 4681 2943 4748 immunda,
2966 4676 3178 4734 auferre
3205 4672 3273 4729 de
3298 4668 3475 4725 medio
3494 4663 3572 4719 sui
3593 4658 3836 4715 alienos

2216 4788 2349 4844 deos
2395 4784 2654 4838 instanter
2691 4776 3047 4831 admonentur
3082 4785 3096 4822 τ
3129 4774 3397 4837 quatenus
3445 4751 3838 4822 omnipotenti

2219 4880 2332 4936 Deo
2363 4890 2470 4931 non
2498 4870 2672 4927 solum
2714 4863 3091 4923 rectitudiuem
3136 4852 3450 4925 impendant
3477 4846 3677 4916 operis,
3722 4841 3841 4899 sed

2219 4977 2277 5027 et
2298 4965 2525 5037 gloriam
2554 4961 2775 5015 interna:
2804 4952 3069 5027 puritatis.
3098 4947 3247 5004 Unde
3274 4952 3331 4999 et
3359 4948 3484 5012 apte
3520 4932 3794 4992 subditur
3820 4952 3837 4988 :

2216 5024 2603 5130 iitprwparaw
2644 5024 2822 5108 corda—
2843 5056 3009 5102 vestra
3050 5039 3293 5095 Domino.
3338 5028 3667 5099 Cor-quippe
3707 5024 3840 5081 Do-

2217 5154 2365 5211 mino
2388 5152 2674 5222 prmparat,
2705 5140 2797 5213 qui
2824 5145 3200 5203 mentemnon
3224 5125 3399 5183 solum
3428 5122 3495 5177 ab
3533 5117 3846 5173 immunda

2224 5217 2548 5315 cogitatione
2572 5240 2808 5307 separat,
2842 5230 2936 5287 sed
2974 5228 3135 5282 etiam
3178 5217 3562 5288 cogitationum
3592 5219 3849 5264 sancta-

2227 5354 2347 5398 rum
2368 5351 2431 5392 ac
2451 5328 2705 5389 virtutum
2736 5321 3028 5393 fulgoribus
3051 5318 3281 5373 illustrat
3304 5328 3317 5366 ε
3342 5316 3404 5364 ιιι
3421 5306 3565 5363 velut
3588 5299 3852 5370 abiertis

2228 5440 2286 5489 et
2314 5424 2655 5486 comminutis
2683 5418 2869 5484 idolis,
2893 5430 2953 5471 se
2978 5411 3073 5469 Dei
3118 5406 3375 5477 templum
3413 5397 3641 5457 efficiat;
3692 5396 3853 5453 dum

2231 5524 2343 5581 illic
2371 5520 2565 5576 divina:
2584 5514 2769 5586 gratia:
2795 5507 2975 5566 sedem
2995 5502 3173 5573 erigit,
3197 5498 3287 5559 ubi
3313 5494 3571 5564 reprobos
3598 5486 3854 5555 spiritus

2235 5630 2453 5675 manere
2474 5628 2568 5683 per
2588 5610 2829 5678 subjecta
2848 5603 2926 5659 eis
2945 5612 3111 5671 prava
3132 5590 3397 5652 desideria
3428 5602 3534 5641 non
3552 5580 3831 5653 permisit

2239 5715 2382 5768 Bene
2414 5710 2590 5777 itaque
2616 5705 2764 5775 prius
2792 5696 3004 5754 auferre
3034 5692 3239 5746 alienos
3268 5685 3399 5739 deos
3423 5680 3490 5735 de
3519 5672 3705 5731 medio
3755 5689 3834 5728 su

2238 5776 2519 5867 lsraelitasﬁ
2552 5799 2839 5862 admonet,
2870 5785 3066 5853 deinde
3106 5779 3269 5849 corda
3315 5776 3428 5843 Deo
3474 5779 3841 5849 praeparare.
