4020 6344
335 331 444 389 205

1162 337 1232 395 ΙΝ
1268 327 1538 399 PRIMUM
1574 336 1816 401 REGUH
1854 340 2377 413 EXPOSITIONES.
2416 387 2489 401 -
2525 357 2667 418 LlB.‘
2696 357 2783 420 lli-

3503 380 3613 440 906

321 448 456 516 quia
494 454 675 507 rectus
717 448 855 507 ordo
883 449 1148 509 inchoata:
1192 456 1469 524 religionis
1513 466 1629 525 est,
1673 466 1731 514 ut
1774 458 1923 529 prius
1948 461 2003 523 Α
2025 463 2220 521 rituum
2241 469 2624 539 malignorum,
2649 482 2709 528 ut
2735 473 2884 531 velut
2918 473 3115 547 fugatis
3140 479 3209 538 de
3237 482 3434 544 itinere
3477 505 3607 549 cru-

322 542 699 611 unusquisque
727 558 893 613 prava
920 547 1172 614 reprobet
1191 588 1206 614 ,
1237 548 1431 603 deinde
1470 549 1536 603 ad
1583 551 1923 621 omnipoten-
2025 555 2232 614 delibus
2257 562 2668 632 hostibus,dum
2691 581 2838 623 mors
2859 570 3037 626 carnis
3063 571 3373 645 intervenit,
3403 592 3467 636 ea
3488 598 3609 657 qua

322 642 433 657 .-Μ
461 634 627 657 n-____
664 636 831 657 ,.,,,.,,
864 636 1013 657 .-.μμ
1611 642 1622 654 .
1776 650 1787 657 .
1856 644 1872 657 ι
1905 643 1918 657 -
2138 648 2191 657 --

3358 634 3372 645 ,
3444 634 3467 636 _
3492 634 3608 657 ι..

322 642 436 689 tem
458 634 631 689 Deum
661 636 838 691 studio
863 636 1016 692 bona:
1056 638 1368 695 intentionis
1398 642 1811 713 appropinquet.
1842 643 1924 699 Ad
2026 648 2222 719 cupitis
2249 662 2450 708 interna
2478 657 2669 724 gaudia
2687 661 2931 718 securius
2959 663 3185 722 adeatis.
3206 667 3395 740 Magna
3427 674 3610 747 itaque

322 728 632 775 extremum
658 736 785 776 vero
817 738 1040 780 necesse
1081 732 1196 788 est,
1234 733 1293 781 ut
1327 727 1420 795 qui
1453 727 1565 796 jam
1610 730 1720 785 Deo
1765 730 1921 787 bona:

319 810 620 870 voluntatis
646 814 1002 881 propositum,
1036 824 1091 869 et
1124 816 1242 885 puri
1268 818 1447 873 cordis
1471 819 1787 876 munditiam
1817 824 1918 879 ob-

319 904 465 966 tulit,
491 904 544 959 id
575 906 719 976 quod
749 906 896 963 intus
923 909 1062 964 bene
1090 909 1319 966 vivendo
1349 911 1630 980 deliberat,
1661 914 1715 969 in
1754 916 1919 971 recti-

318 995 512 1050 tudine
552 996 680 1051 boni
715 998 896 1068 operis
943 1010 1202 1073 exponat.
1244 1003 1422 1071 Quare
1454 1014 1512 1060 et
1537 1005 1823 1063 subditur:
1848 1005 1918 1062 Et

314 1087 503 1141 servile
523 1087 622 1142 soli
649 1087 784 1145 Deo.

392 1203 443 1257 8.
484 1204 595 1261 Soli
624 1206 825 1278 quippe
863 1208 1091 1266 Domino
1126 1215 1296 1269 servit
1323 1215 1417 1286 qui
1458 1215 1613 1273 bonis
1661 1220 1917 1288 operibus

314 1309 483 1365 prava
506 1312 611 1352 non
638 1297 845 1354 inserit.
871 1299 1003 1357 Nam
1026 1303 1117 1371 qui
1140 1304 1220 1359 sic
1241 1306 1379 1360 bona
1407 1308 1534 1377 agit,
1562 1315 1621 1363 ut
1640 1311 1780 1365 maia
1804 1304 1913 1369 non

312 1387 551 1453 deserat,
581 1388 693 1445 Deo
731 1391 831 1447 soli
871 1407 1211 1473 nequaquam
1242 1398 1409 1453 servit
1434 1416 1447 1450 :
1473 1400 1599 1468 quia
1628 1400 1771 1456 malo
1799 1402 1911 1473 spi-

311 1476 445 1532 ritui
475 1479 791 1549 obsequium
819 1469 1058 1551 exhibet,
1089 1487 1241 1556 cujus
1270 1490 1533 1558 perlicere
1570 1506 1679 1547 non
1718 1469 1912 1549 metuit

313 1573 665 1629 voluntatem.
718 1575 870 1633 Unde
902 1581 1101 1647 agitur,
1128 1589 1187 1636 ut
1224 1582 1390 1637 etiam
1434 1584 1571 1639 bona
1602 1600 1767 1655 agens
1796 1588 1909 1645 Deo

311 1678 423 1719 non
451 1669 652 1735 serviat
676 1686 687 1720 :
715 1668 840 1738 quia
863 1671 954 1739 qui
980 1680 1150 1727 totum
1172 1673 1445 1730 hominem
1468 1677 1771 1734 condidisse
1790 1695 1908 1736 cro-

308 1755 476 1825 ditur,
507 1759 708 1815 habere
752 1777 875 1816 eum
903 1779 1245 1821 communem
1288 1783 1411 1823 cum
1449 1771 1766 1827 adversario
1795 1788 1905 1828 non

2022 743 2291 810 promisit,
2318 747 2409 814 qui
2429 761 2621 818 magna
2651 753 3013 825 prmcipiendo
3066 760 3271 829 docuit,
3315 773 3374 820 ut
3397 743 3608 839 magni-

2024 834 2151 888 tudo
2171 839 2408 896 muneris
2436 844 2503 896 ad
2519 843 2889 903 fortitudinem
2912 849 3163 908 incitaret
3212 855 3434 916 laboris.
3490 834 3609 921 bla-

2019 937 2184 995 gnum
2204 929 2403 1002 quippe
2425 942 2509 989 est
2544 936 2645 991 soli
2675 935 2903 997 Domino
2945 945 3167 1014 servire,
3217 949 3471 1009 videlicet
3521 954 3609 1013 in-

2019 1025 2225 1075 stanter
2253 1022 2395 1079 bona
2427 1040 2607 1095 agere,
2636 1030 2794 1086 bonis
2824 1036 3031 1091 actibus
3060 1044 3293 1110 reproba
3334 1061 3443 1102 non
3470 1050 3608 1106 mis-

2018 1123 2160 1166 cere.
2194 1113 2300 1169 Sed
2320 1132 2353 1171 ο
2382 1132 2544 1186 quam
2568 1124 2859 1185 maximum
2898 1128 2955 1183 in
2982 1129 3107 1187 vitae
3134 1133 3293 1203 hujus
3336 1141 3565 1197 transitu
3586 1186 3603 1213 ,

2016 1212 2343 1273 potestatem
2369 1219 2716 1270 cruentorum
2739 1218 3022 1286 spirituum
3040 1239 3147 1281 non
3168 1226 3465 1296 incurrere,
3487 1235 3606 1288 nul-

2017 1293 2099 1350 las
2127 1296 2182 1350 in
2209 1297 2294 1353 via
2319 1298 2709 1360 horribilitates
2749 1322 2992 1377 cernere,
3041 1318 3453 1376 contrarietates
3505 1323 3608 1379 ob-

2009 1380 2309 1452 jectionum
2338 1391 2511 1448 nullas
2539 1394 2807 1467 invenire,
2834 1409 3060 1459 aeternas
3088 1421 3277 1476 poenas
3328 1400 3560 1469 evadere
3585 1456 3607 1483 ,

2018 1476 2325 1537 liberatoris
2337 1485 2507 1540 nostri
2533 1491 2779 1557 prmsidia
2800 1495 3023 1567 sentire,
3046 1512 3479 1560 momentaneam
3506 1522 3606 1563 εαξη

2015 1571 2125 1627 culi
2149 1574 2325 1631 lucem
2355 1579 2606 1651 perdere,
2634 1584 2729 1640 sed
2752 1597 2977 1657 repente
3016 1589 3340 1651 ineﬂabilem
3383 1599 3604 1657 clarita-

2015 1670 2126 1718 tem
2153 1668 2470 1724 mternitatis
2494 1672 2760 1730 invenire.
2794 1677 3033 1735 Audiant
3061 1697 3214 1752 ergo,
3247 1688 3491 1760 audiant,
3515 1702 3609 1762 qu'.

2014 1750 2083 1807 de
2108 1770 2271 1810 manu
2298 1758 2619 1817 Philisthiim
2674 1764 2889 1821 liberari
2913 1750 3224 1829 desiderant
3255 1793 3267 1830 :
3296 1750 3605 1851 Prwparata

305 1846 580 1918 dignatur.
631 1842 767 1909 ιῙίηο
802 1869 1036 1925 namque
1071 1864 1187 1925 est,
1216 1861 1361 1928 quod
1402 1860 1517 1930 ipsa
1552 1861 1760 1918 veritas
1806 1880 1906 1934 per
1935 1848 1985 1912 Β
2013 1847 2174 1901 corda
2195 1859 2364 1905 vestra
2394 1852 2620 1911 Domina
2648 1899 2664 1924 ,
2697 1867 2748 1913 et
2784 1863 2970 1917 servile
2997 1864 3076 1919 illi
3105 1867 3205 1923 soli
3235 1888 3251 1924 :
3276 1880 3336 1927 ut
3374 1842 3459 1931 hic
3501 1878 3603 1933 sibi

304 1941 653 2011 semetipsam
681 1944 990 2011 denuntiat,
1023 1947 1247 2006 dicens:
1280 1950 1449 2007 Nemo
1498 1963 1667 2025 potest
1712 1956 1907 2014 duobus

306 2032 537 2089 dominis
586 2038 777 2091 servire
814 2038 1039 2107 (Matth.
1064 2057 1135 2107 vt,
1187 2042 1300 2115 24).
1350 2043 1485 2103 Hinc
1516 2046 1713 2103 Paulus
1748 2051 1903 2123 165

303 2124 622 2192 exquirens,
651 2128 726 2181 ait
750 2145 763 2181 :
791 2128 918 2193 Quae
945 2135 1273 2203 participatio
1303 2137 1526 2206 justitiae
1565 2156 1679 2194 cum
1708 2142 1905 2211 iniqui-

304 2220 423 2268 tate
444 2255 459 2281 ,
492 2225 582 2270 aut
621 2234 735 2291 qua:
761 2223 976 2277 societas
1015 2225 1117 2279 luci
1145 2228 1215 2279 ad
1247 2229 1520 2284 tenebras?
1562 2229 1693 2295 ρυω
1731 2240 1903 2287 autem

299 2307 578 2360 conventio
608 2306 799 2364 Christi
844 2312 915 2365 ad
950 2313 1155 2371 Belial?
1183 2325 1274 2371 aut
1300 2336 1415 2391 qua;
1460 2339 1585 2390 pars
1613 2324 1757 2392 ﬁdeli
1785 2340 1901 2380 cum

298 2396 544 2465 (nﬁdeli,
583 2410 673 2456 aut
717 2404 830 2474 quis
874 2422 1155 2465 consensus
1196 2414 1384 2483 templo
1428 2413 1526 2470 Dei
1576 2430 1693 2472 cum
1737 2419 1896 2474 idolis

302 2487 393 2557 (II
417 2489 534 2545 Cor.
559 2508 629 2559 vi,
654 2494 740 2562 14,
769 2496 857 2568 15)
874 2499 897 2551 l
916 2498 1029 2555 Soli
1058 2517 1187 2572 ergo
1218 2504 1447 2562 Domino
1474 2510 1679 2565 servire
1705 2512 1899 2581 pacci-

302 2580 502 2650 pimur,
535 2593 592 2639 ut
619 2587 713 2655 qui
738 2587 849 2656 jam
879 2592 1153 2663 aspirante
1183 2596 1296 2652 Deo
1321 2612 1421 2668 pro
1448 2580 1739 2657 obtinenda
1767 2618 1896 2674 pec-

298 2682 546 2728 catorum
576 2685 884 2735 nostrorum
911 2684 1232 2742 remissione
1255 2702 1416 2758 agere
1445 2692 1587 2747 bona
1614 2694 1895 2763 coepimus,

299 2763 508 2820 eisdem
532 2767 686 2825 bonis
713 2786 877 2841 prava
903 2775 1051 2831 nulla
1076 2778 1421 2837 misceamus.
1460 2783 1508 2838 A
1546 2793 1894 2854 peccatorum

300 2868 893 2925 namqueinostrorum
933 2866 1262 2937 obligatione
1297 2878 1425 2928 tunc
1462 2874 1740 2941 solvimur,
1770 2890 1892 2931 cum

301 2947 449 3004 bona
475 2968 589 3023 quae
627 2971 725 3025 pro
753 2974 943 3015 eorum
973 2961 1333 3033 impendimus
1361 2968 1702 3029 absolutione
1740 2972 1897 3027 malis

296 3039 539 3099 admixta
564 3061 670 3103 non
700 3061 843 3107 sunt.
876 3053 1099 3111 Devotis
1136 3073 1368 3128 namque
1395 3062 1780 3131 paenitentibus
1810 3063 1894 3120 lo-

292 3145 472 3199 quens
499 3140 836 3208 praedicator,
861 3146 991 3203 dicit
1019 3167 1032 3203 :
1059 3149 1120 3206 Si
1147 3152 1204 3205 in
1226 3161 1330 3206 toto
1357 3155 1512 3209 corde
1532 3164 1696 3211 uestro
1724 3174 1893 3212 reuer-

292 3225 473 3281 timini
507 3232 576 3285 ad
624 3232 934 3307 Dominum,
966 3246 1170 3314 auferte
1218 3246 1339 3303 deos
1380 3249 1581 3305 alienos
1618 3250 1683 3305 de
1718 3253 1891 3308 medio
1922 3225 1971 3293 ο

292 3321 472 3388 vestri,
504 3332 554 3376 et
580 3330 766 3384 servile
806 3330 917 3387 Deo
956 3335 1074 3390 soli.
1107 3336 1273 3404 Quasi
1304 3340 1451 3395 dicat
1478 3359 1491 3394 :
1525 3341 1676 3399 Tunc
1703 3360 1735 3401 a
1764 3360 1887 3414 pec-

293 3412 433 3468 catis
458 3417 591 3473 solvi
620 3425 884 3491 poteritis,
915 3443 1036 3483 cum
1064 3433 1241 3488 cordis
1278 3442 1334 3488 et
1361 3437 1543 3505 operis
1568 3438 1732 3503 bona,
1765 3454 1890 3510 qua:

291 3518 395 3573 pro
423 3519 600 3566 vestra
626 3516 961 3575 absolutione
999 3522 1307 3593 impenditis
1336 3527 1467 3593 Deo,
1502 3533 1890 3602 supervenien-

291 3596 439 3653 tibus
460 3602 774 3663 criminibus
794 3612 914 3667 aliis
936 3630 1041 3669 non
1067 3615 1299 3672 lmdatis.
1327 3620 1505 3686 Quare
1525 3631 1579 3675 et
1601 3624 1888 3692 repromit-

293 3694 443 3757 tens;
474 3694 605 3750 dicit
630 3716 642 3751 :
675 3698 746 3755 Et
772 3702 1009 3759 liberabit
1035 3723 1121 3761 vos
1161 3708 1222 3762 de
1251 3726 1409 3764 manu
1438 3711 1774 3770 Philistbiim.

367 3781 415 3838 9.
452 3788 551 3856 Qui
594 3792 697 3847 hoc
746 3794 867 3849 loco
923 3796 1014 3851 alii
1061 3796 1387 3858 Philistbiim
1448 3819 1609 3874 quam
1660 3808 1883 3876 maligni

286 3885 513 3956 spiritus
550 3884 942 3954 designantur?
994 3888 1099 3955 Qui
1154 3892 1402 3947 nimirum
1448 3896 1573 3950 dum
1617 3901 1881 3969 superbiai

288 3990 411 4033 sure
436 3975 597 4029 calice
626 3977 679 4031 in
702 3986 974 4033 momento
1005 3980 1232 4037 debriati
1264 3992 1408 4051 sunt,
1434 4002 1464 4041 a
1506 3996 1650 4044 statu
1698 3991 1883 4061 gloria:

290 4066 643 4123 tumescendo
670 4068 999 4126 ceciderunt.
1033 4072 1163 4139 Qum
1192 4085 1274 4130 est
1321 4078 1483 4147 igitur
1507 4096 1700 4137 manus
1752 4082 1882 4139 Phi-

284 4161 535 4228 listbiim,
564 4163 663 4217 nisi
694 4171 934 4233 potestas
979 4165 1068 4220 illa
1099 4167 1435 4239 daemonum,
1489 4189 1595 4244 qua
1639 4186 1882 4233 mortuas

284 4252 345 4307 in
371 4261 595 4322 peccato
617 4253 824 4309 animas
855 4255 922 4308 ad
960 4264 1164 4313 aeterna
1210 4266 1480 4317 tormenta
1528 4265 1830 4333 perducunt
1856 4269 1880 4322 ἱ)

285 4346 372 4401 Ab
400 4347 499 4402 ista
530 4345 853 4402 Philistbiim
876 4363 1037 4403 manu
1064 4351 1212 4406 solus
1230 4352 1364 4408 liber
1392 4354 1587 4422 fuerat,
1618 4359 1706 4427 qui
1735 4359 1881 4414 dice-

285 4433 383 4492 bat
416 4454 429 4490 :
462 4436 616 4491 Venit
644 4438 883 4510 princeps
910 4440 1091 4495 mundi
1115 4441 1291 4513 hujus,
1325 4452 1373 4498 et
1403 4447 1455 4500 in
1488 4464 1567 4500 me
1596 4464 1699 4503 non
1727 4449 1877 4503 habet

283 4528 569 4600 quidquam
599 4529 776 4601 (Joan.
803 4546 913 4599 xxv,
944 4532 1056 4605 30).
1106 4533 1243 4591 Hinc
1282 4536 1478 4595 Paulus
1522 4540 1597 4595 ait
1626 4559 1639 4593 :
1682 4538 1875 4598 Omnes

281 4629 648 4692 peccaverunt,
674 4632 723 4676 et
748 4632 897 4694 egent
922 4624 1090 4695 gloria
1115 4624 1212 4681 Dei
1246 4628 1423 4697 (Rom.
1478 4647 1555 4698 ιιι,
1590 4631 1705 4703 25).
1735 4633 1873 4691 llinc
1903 4607 1960 4671 Β

281 4710 483 4766 iterum
512 4712 639 4767 dicit
664 4730 675 4766 :
709 4713 936 4770 Eramus
962 4727 1011 4771 et
1048 4734 1140 4773 nos
1187 4720 1286 4789 filii
1314 4722 1429 4789 irae,
1461 4724 1593 4780 sicut
1623 4734 1672 4780 et
1700 4731 1874 4783 caeleri

281 4803 504 4878 (Ep/tes.
538 4822 594 4873 ιι,
617 4806 694 4877 5).
726 4806 771 4860 0
797 4824 960 4878 quam
1004 4810 1184 4880 magni
1230 4816 1471 4871 muneris
1498 4825 1579 4873 est
1618 4818 1719 4874 ista
1741 4836 1871 4890 pro-

278 4898 493 4966 missio,
525 4914 629 4969 qua
650 4899 864 4956 dicitur:
887 4900 1150 4957 Liberabit
1171 4922 1258 4961 vos
1274 4906 1337 4961 de
1356 4924 1513 4963 manu
1530 4908 1871 4969 Philistbiim.

279 4987 419 5045 Nam
448 4990 538 5046 ille
569 4991 718 5047 solus
748 4994 883 5049 liber
911 4995 1071 5065 hujus
1098 5013 1288 5054 manus
1308 5001 1531 5066 exstitit,
1565 5005 1654 5073 qui
1682 5020 1877 5075 pecca-

210 5056 217 5089 ²
279 5086 400 5133 tum
424 5095 528 5135 non
550 5079 700 5137 fecit.
733 5082 815 5138 Ab
839 5100 903 5140 ea
951 5087 1139 5157 utique
1171 5104 1361 5146 omnes
1405 5102 1595 5147 contra
1627 5097 1877 5152 meritum

276 5167 594 5229 liberamur.
630 5173 784 5232 Unde
816 5186 871 5233 et
898 5178 1098 5237 Paulus
1147 5182 1320 5239 dicit:
1373 5184 1661 5259 Iustiﬁcati
1713 5195 1877 5264 gratis

277 5264 609 5332 pergratiam
654 5266 835 5336 ipsius,
889 5288 983 5341 per
1027 5274 1428 5347 redemptionem
1464 5280 1687 5351 justitia:
1732 5302 1873 5356 sure,

276 5362 493 5423 propter
547 5359 952 5429 redemptionem
1002 5368 1402 5435 praecedentium
1449 5372 1771 5442 delictorum,
1814 5380 1868 5434 in

274 5449 653 5503 sustentatione
686 5449 784 5506 Dei
815 5454 883 5506 ad
911 5458 1253 5513 ostensionem
1287 5460 1509 5533 justitia:
1529 5468 1644 5537 ejus
1680 5468 1733 5524 in
1774 5471 1871 5527 hoc

278 5543 528 5605 tempore,
554 5549 611 5594 ut
633 5542 701 5595 sit
727 5543 839 5611 ipse
856 5546 1049 5616 justus,
1080 5559 1129 5602 at
1151 5551 1450 5621 justi/icans
1492 5573 1629 5624 eum,
1652 5562 1738 5633 qui
1793 5573 1872 5618 est

275 5642 348 5680 ea:
377 5628 481 5696 [ide
501 5629 713 5688 Domini
736 5639 901 5692 nostri
922 5638 1045 5693 Jesu
1086 5639 1275 5697 Christi
1314 5645 1491 5714 (Rom.
1532 5666 1605 5716 ιιι,
1650 5628 1843 5728 Ξ4ο26)

270 5714 422 5773 Hinc
442 5718 576 5776 item
597 5722 725 5781 dicit
754 5726 973 5783 :Gratia
1019 5729 1226 5788 liberati
1267 5738 1389 5794 estis
1432 5714 1650 5812 (Ephes.
1695 5761 1751 5812 ιι,
1786 5714 1865 5818 8).

269 5806 416 5869 Tale
442 5820 522 5870 est
551 5829 617 5875 ac
639 5817 689 5876 si
713 5819 857 5879 dicat
879 5840 893 5880 :
924 5821 1200 5882 Liberabit
1243 5842 1340 5885 vos
1366 5806 1867 5913 de‘potestate'spi-

2015 1938 2216 2007 quique
2245 1942 2498 2015 colligere
2516 1948 2792 2019 studeant,
2822 1953 2964 2009 unde
2985 1955 3096 2011 illic
3120 1974 3310 2018 manus
3328 1974 3603 2026 tantorum

2009 2028 2248 2087 hostium
2271 2050 2378 2089 non
2412 2036 2714 2110 incurrant,
2745 2050 2800 2097 et
2818 2046 2994 2101 securi
3024 2047 3093 2103 ad
3111 2050 3275 2106 vitam
3304 2062 3603 2131 transeant,

2009 2122 2103 2192 qui
2132 2124 2274 2180 inter
2299 2127 2486 2183 salutis
2505 2146 2616 2186 sum
2644 2133 2931 2192 thesauros
2959 2177 2975 2204 ,
3017 2153 3154 2209 quos
3201 2141 3291 2199 hic
3339 2146 3479 2205 bene
3520 2152 3602 2209 vi-

2009 2211 2186 2268 vendo
2246 2228 2622 2288 congregant,
2687 2224 2878 2281 mortis
2924 2243 3091 2299 opera
3144 2232 3294 2289 nulla
3359 2247 3600 2308 portant.

2008 2300 2322 2363 Electorum
2352 2323 2483 2367 vero
2511 2327 2694 2371 mores
2738 2316 3100 2393 insinuantur,
3128 2339 3228 2397 per
3280 2327 3411 2405 hoc,
3458 2334 3602 2404 quod

2005 2398 2255 2456 subditur
2287 2420 2302 2456 :

2077 2514 2254 2585 (Vers.
2304 2518 2387 2591 4.)
2431 2520 2770 2584 Abstulerunt
2813 2546 2939 2602 ergo
2965 2531 3068 2605 ﬁlii
3110 2534 3285 2596 Israel
3320 2540 3386 2597 de
3430 2544 3599 2603 medio

2003 2605 2085 2659 sui
2114 2605 2350 2677 Baalim,
2374 2619 2423 2667 et
2450 2613 2701 2672 Astaroth
2722 2655 2740 2685 ,
2778 2628 2829 2674 et
2855 2625 3141 2684 servierunt
3168 2627 3397 2689 Domino
3416 2636 3538 2695 soli.

2079 2697 2166 2752 10.
2192 2698 2503 2763 Electorum
2536 2710 2736 2782 quippe
2764 2730 2883 2773 mos
2906 2724 3008 2785 est,
3039 2728 3235 2779 utcum
3248 2724 3444 2783 divinae
3463 2743 3595 2798 pm-

2004 2788 2290 2849 dicationis
2328 2795 2670 2858 hortamenta
2699 2806 3017 2877 suscipiunt,
3037 2813 3107 2868 ad
3133 2815 3371 2874 studium
3396 2788 3596 2878 auditas

2002 2879 2160 2937 bona:
2183 2880 2519 2955 operationis
2543 2897 2926 2956 accendantur.
2954 2902 3089 2959 Nam
3112 2910 3329 2978 reprobi
3358 2915 3517 2985 ιω
3544 2924 3599 2971 οῖ

2002 2972 2321 3044 frequenter
2341 2983 2503 3039 verba
2533 2984 2631 3042 Dei
2658 2990 2903 3061 audiunt,
2928 3004 2987 3051 et
3011 2972 3216 3057 eisdem
3247 2972 3592 3063 tame-uvar-

1999 3064 2083 3122 bis
2112 3070 2261 3128 nulla
2283 3073 2427 3130 bona
2457 3092 2623 3149 opera
2668 3094 2996 3155 proponunt.
3027 3087 3259 3163 Pigri.in
3286 3097 3400 3154 suis
3427 3100 3595 3157 action

2002 3160 2164 3218 nibus
2189 3178 2474 3224 remanent
2498 3188 2511 3224 :
2534 3172 2662 3241 quia
2691 3190 2723 3230 a
2749 3176 2934 3235 divina
2963 3181 3082 3240 luce
3100 3160 3348 3256 proiecti
3370 3229 3387 3257 ,
3416 3191 3593 3246 omnia

1999 3255 2239 3322 potentis
2268 3256 2364 3313 Dei
2388 3260 2636 3333 gloriam,
2685 3267 2839 3337 cujus
2879 3273 3045 3330 verba
3085 3255 3331 3345 audiunt,
3371 3255 3592 3341 interna

2000 3346 2463 3415 contemplatione
2474 3368 2584 3409 non
2602 3355 2809 3414 vident.
2827 3359 2997 3419 Recte
3012 3378 3168 3434 ergo,
3194 3368 3287 3436 qui
3306 3370 3590 3439 obediunt,

1996 3431 2165 3490 Israel
2196 3437 2291 3493 lilii
2316 3440 2569 3500 dicuntur
2598 3466 2612 3501 ε
2644 3451 2770 3518 quia
2800 3468 2910 3523 quo
2952 3431 3291 3525 maiestatem
3332 3431 3590 3534 apertiori

1997 3525 2439 3586 manifestatione
2468 3537 2829 3621 conspiciunt,
2884 3541 3002 3613 ejus
3030 3552 3313 3622 praeceptis
3367 3525 3590 3614 obedire

1996 3616 2244 3675 devotius
2273 3616 2656 3693 agnoscuntur.
2680 3631 2790 3690 Sed
2826 3637 2953 3707 quia
2979 3616 3260 3702 conversis
3302 3646 3544 3722 loquitur
3571 3689 3592 3723 ς

1993 3708 2125 3777 quid
2155 3710 2235 3768 eis
2265 3715 2443 3774 adhuc
2466 3718 2655 3781 deesse
2675 3726 2995 3801 conspiciat,
3020 3732 3320 3796 audiamus:

1993 3802 2178 3871 quitur
2206 3823 2220 3860 :

2066 3912 2243 3984 (Vers.
2270 3916 2324 3985 5,
2348 3918 2428 3991 6.)
2453 3920 2605 3980 Dixit
2630 3936 2801 3985 autem
2827 3931 3051 3991 Samuel
3080 3953 3095 3991 :
3120 3936 3442 4014 Congregate
3459 3947 3583 4001 uni-

1986 4020 2189 4062 versum
2222 4007 2393 4067 Israel
2419 4016 2476 4071 in
2504 4016 2563 4069 Μ
2566 4022 2807 4089 asp/iatn,
2840 4034 2897 4079 ut
2915 4043 3058 4083 orem
3103 4044 3199 4100 pro
3227 4007 3370 4089 dabis
3398 4034 3584 4093 Domi-

1986 4112 2134 4153 num.
2164 4099 2236 4155 Et
2257 4120 2694 4178 congregaverant
2709 4114 2764 4167 in
2787 4114 3091 4187 Maspnatn.

2061 4187 2149 4242 11.
2185 4190 2468 4263 Masphath
2500 4197 2695 4255 dicitur
2713 4205 3013 4271 speculatio
3042 4223 3136 4263 seu
3166 4207 3577 4285 contemplatio.

1987 4274 2161 4343 Quam
2194 4283 2439 4350 profecto
2469 4290 2897 4355 speculationem
2944 4298 3134 4355 beatus
3160 4299 3357 4359 Paulus
3386 4274 3579 4379 ’θερο-

1985 4368 2069 4423 nit
2097 4369 2281 4427 dicens
2311 4391 2326 4427 :
2369 4374 2613 4434 Videmus
2634 4396 2771 4436 nunc
2800 4401 2894 4455 per
2918 4392 3179 4459 speculum
3206 4396 3261 4450 in
3305 4368 3580 4471 aenigmate

1984 4459 2041 4539 (ζ
2069 4460 2191 4519 Cor.
2224 4480 2339 4535 xm,
2374 4467 2487 4540 12).
2520 4472 2801 4542 Speculari
2825 4482 3023 4537 etenim
3064 4489 3221 4545 nobis
3249 4498 3356 4562 est,
3402 4459 3471 4550 de
3499 4495 3579 4550 al-

1985 4552 2215 4610 titudine
2226 4556 2623 4630 Scripturarum
2652 4575 2853 4625 interna
2865 4573 3006 4629 bona
3025 4552 3398 4653 contemplaii.
3412 4585 3576 4653 Quasi

1986 4646 2129 4700 enim
2160 4651 2525 4723 speculamur,
2546 4660 2690 4728 quod
2714 4662 2826 4731 jam
2855 4662 2977 4722 ﬁdei
3025 4646 3260 4730 veritate
3304 4646 3578 4745 cognosci.

1993 4753 2137 4807 mus,
2167 4747 2223 4796 et
2252 4744 2429 4801 adhuc
2454 4751 2697 4808 revelata
2726 4754 2862 4812 facie
2890 4773 2998 4815 non
3036 4763 3303 4823 videmus.
3334 4767 3574 4825 Conver-

1983 4827 2058 4884 sis
2080 4845 2211 4887 vero
2242 4839 2618 4903 peccatoribus
2640 4834 2693 4898 in
2725 4845 3013 4919 Maspbath
3035 4858 3345 4922 convenire,
3375 4868 3457 4912 est
3478 4873 3575 4929 per

1982 4922 2180 4977 mentis
2219 4924 2575 4985 intentionem
2600 4933 2669 4989 de
2696 4933 2791 4991 Dei
2820 4941 3204 5014 omnipotentis
3223 4922 3575 5006 miseratione

1982 5011 2280 5074 conlidere.
2314 5018 2423 5075 Sed
2450 5022 2528 5078 sic
2553 5024 2621 5082 de
2649 5025 2746 5083 Dei
2768 5011 3149 5091 misericordia
3198 5050 3529 5109 praasumant
3552 5084 3569 5111 ,

1981 5111 2045 5159 ut
2076 5113 2251 5163 tamen
2279 5109 2355 5179 id,
2383 5113 2528 5182 quod
2555 5130 2617 5172 se
2653 5122 2905 5191 nequiter
2952 5126 3126 5195 egisse
3150 5129 3419 5199 recolunt,
3475 5109 3572 5205 per

1979 5198 2357 5265 paenitentiam
2386 5204 2570 5263 delere
2594 5224 2706 5268 non
2726 5214 3024 5287 negligant.
3051 5216 3203 5278 Unde
3224 5229 3281 5279 et
3326 5223 3437 5279 illic
3475 5198 3571 5282 re-

1978 5298 2143 5359 pente
2170 5294 2511 5365 subiungitur
2540 5318 2553 5355 :

2053 5382 2228 5454 (Vers.
2262 5384 2341 5456 6.)
2381 5387 2783 5468 Haases-sintque
2815 5413 3041 5474 aquam,
3087 5412 3139 5460 et
3174 5405 3471 5476 eﬁ'uderunt
3518 5412 3581 5468 in
3653 5485 3657 5497 1

1978 5488 2251 5545 conspectu
2273 5478 2504 5540 Domini.

2051 5568 2139 5624 12.
2173 5570 2309 5637 Quid
2336 5576 2480 5631 enim
2506 5587 2589 5634 est
2613 5590 2810 5651 aquam
2834 5583 3070 5655 haurire,
3096 5589 3201 5647 nisi
3245 5591 3315 5649 de
3344 5594 3540 5665 prolun

1976 5659 2044 5716 da
2068 5663 2232 5719 animi
2260 5668 2570 5736 paenitentis
2593 5674 2915 5733 confusione
2954 5678 3311 5755 lacrymarum
3362 5685 3573 5745 ﬂuenta

1978 5755 2317 5823 producere?
2369 5757 2529 5817 Velut
2591 5765 2735 5820 enim
2788 5782 2985 5838 aquam
3042 5773 3338 5845 haurimus,
3390 5778 3519 5833 dum
3551 5811 3570 5839 9

1976 5859 2139 5917 quam
2171 5848 2758 5948 profundauiniqu‘itate
2781 5862 3077 5953 cecidimus
3062 5866 3520 5952 ﬁnsiderantes
3556 5898 3576 5933 ι
