4020 6344
522 359 723 465 207.

518 483 846 563 plangimus.
876 473 992 543 Qua

516 544 1009 636 illini-effundimus,
1050 561 1096 618 si
1116 575 1238 617 cum
1286 551 1597 627 paenitendo
1648 544 2061 618 compungimur
2086 584 2102 609 ,

515 635 588 728 de
617 666 856 737 ejusdem
907 649 1334 726 compunctionis
1378 644 1509 700 ﬂetu
1546 659 1654 698 non
1693 638 1981 710 quaerimus
2029 635 2107 688 fa~

515 725 709 818 vore'm
737 751 937 816 saeculi,
967 725 1061 804 sed
1091 744 1267 800 solum
1284 738 1516 795 fructum
1539 734 1733 789 divina:
1761 725 2102 801 placationis.

516 854 624 911 Sed
656 859 713 908 et
737 849 863 903 dum
883 858 1039 901 mens
1064 838 1243 894 ﬂendo
1273 829 1669 902 compungitur,
1694 836 1919 880 necesse
1944 826 2027 874 est
2047 824 2107 871 ut

516 948 683 1003 etiam
704 958 832 1001 caro
857 954 976 1011 quae
1003 928 1456 992 delectationibus
1498 919 1766 992 subiacuit
1818 913 2103 985 afﬂigatur.

457 1088 466 1097 .
518 1038 674 1095 Unde
697 1045 753 1093 et
779 1032 1029 1091 subditur
1055 1047 1069 1082 :

461 1129 465 1186 ὲ
590 1129 770 1201 (Vers.
811 1124 890 1194 6.)
922 1122 986 1176 Et
1008 1118 1375 1191 jejunaverunt
1395 1111 1452 1165 in
1474 1107 1560 1163 die
1574 1105 1691 1161 illa.

589 1192 680 1277 λδ.
714 1220 837 1275 Dies
863 1192 1181 1287 peccatrieis
1208 1208 1400 1263 anima:
1425 1211 1509 1260 est
1535 1214 1661 1271 spes
1710 1192 2105 1265 consequentiae

518 1285 945 1384 indulgentiaein
974 1303 1142 1361 divini
1169 1298 1319 1357 verbi
1342 1292 1788 1367 repromissione.
1846 1285 2002 1342 Unde
2050 1289 2107 1338 et

513 1423 617 1478 per
644 1373 963 1476 prophetam
991 1395 1251 1451 Dominus
1288 1385 1634 1460 repromittit,
1681 1382 1865 1437 dicens
1896 1395 1909 1432 :
1962 1373 2106 1431 Nolo

514 1474 734 1554 inertem
781 1490 1063 1564 peccatoris
1098 1502 1117 1542 :
1147 1484 1315 1556 magis
1354 1490 1559 1545 autem,
1600 1484 1657 1530 ut
1696 1477 2022 1530 convertatur
2056 1474 2107 1520 et

516 1592 653 1646 vivat
683 1559 896 1656 (Ezech.
920 1595 1070 1645 xvm,
1100 1576 1188 1644 52,
1220 1574 1314 1643 ss,
1338 1572 1451 1644 ll).
1483 1570 1542 1625 In
1569 1568 1657 1623 die
1704 1566 1866 1635 igitur
1904 1562 1996 1617 illa
2019 1559 2105 1629 je-

515 1652 721 1754 junant,
754 1678 845 1749 qui
868 1676 1070 1732 idcirco
1093 1682 1314 1727 carnem
1342 1661 1654 1736 paenitendo
1675 1664 1948 1714 atterunt:
1978 1652 2106 1723 quia

516 1748 574 1830 in
588 1775 707 1829 luce
735 1748 851 1841 spei
873 1765 1158 1840 pervenire
1174 1754 1639 1830 adjndulgentiam
1653 1765 1713 1807 se
1738 1748 2105 1805 indubitanter

513 1840 771 1925 credunt.
821 1864 949 1931 Qua:
980 1870 1159 1916 tamen
1185 1854 1407 1911 afﬂictio
1440 1849 1772 1923 poenitentia:
1793 1845 1861 1901 ad
1886 1842 2114 1900 delenda
2142 1840 2192 1903 Β

516 1946 740 2032 νεέσθω
767 1966 898 2013 tunc
921 1955 1139 2010 demum
1165 1949 1362 2006 idonea
1382 1954 1485 2012 est,
1518 1959 1641 2000 cum
1666 1939 1960 1998 sacerdotis
1985 1937 2105 1993 fue-

512 2054 589 2110 rit
610 2051 820 2122 judicio
850 2050 1135 2118 imperata,
1164 2058 1287 2100 cum
1309 2043 1376 2097 ab
1402 2056 1469 2096 eo
1495 2036 1865 2095 conﬁtentium
1897 2033 2107 2090 actibus

517 2143 796 2210 discussis,
826 2156 927 2213 pro
955 2138 1119 2195 modo
1139 2134 1397 2201 criminis,
1438 2146 1577 2189 onus
1597 2132 1676 2187 eis
1699 2128 2008 2185 decernitur
2027 2124 2107 2179 af-

511 2232 766 2291 ﬂictionis
817 2232 966 2287 Bene
995 2231 1175 2298 itaque
1194 2225 1439 2297 sequitur
1471 2241 1484 2278 :

587 2324 767 2399 (Vers.
809 2320 889 2393 6.)
922 2320 1316 2388 Dixeruntque:
1348 2314 1464 2369 Tibi
1494 2314 1837 2384 peccavimus,
1862 2305 2102 2363 Domine.

514 2416 872 2487 Judicavitque
900 2410 1116 2468 Samuel
1145 2410 1281 2479 ﬁlios
1310 2404 1481 2461 Israel
1503 2406 1556 2458 in
1581 2401 1885 2473 Maspliath.

592 2508 681 2564 14.
712 2506 771 2563 1η
791 2504 1077 2576 Maspbath
1107 2504 1306 2574 quippe
1334 2497 1591 2555 sacerdos
1598 2495 1822 2565 judicat,
1846 2507 1967 2549 cum
1997 2506 2106 2546 non

513 2603 809 2659 humanum
838 2597 1120 2655 arbitrium
1161 2594 1427 2665 sequitur,
1461 2590 1557 2646 sed
1585 2588 1824 2643 divinum
1850 2602 1865 2653 ;
1898 2600 2021 2641 cum
2050 2583 2106 2638 in

512 2694 661 2752 omni
689 2691 834 2764 quod
852 2686 1247 2761 disponendum
1272 2694 1357 2740 est
1381 2698 1442 2739 se
1470 2682 1523 2737 in
1552 2680 1663 2735 alta
1690 2676 2107 2747 contemplatio-

511 2805 584 2846 ne
610 2786 880 2854 sublevat,
904 2790 967 2840 et
992 2784 1098 2839 hoc
1123 2781 1177 2837 in
1200 2778 1539 2836 subditorum
1559 2773 1763 2843 judicio
1818 2769 2058 2841 disponit
2088 2784 2103 2822 :

513 2878 662 2948 quod
712 2891 925 2948 aequum
980 2888 1105 2931 esse
1154 2871 1209 2927 in
1266 2883 1501 2940 superna
1546 2866 1758 2923 visione
1804 2861 2103 2931 cognoscit.

514 2970 655 3026 liinc
684 2984 919 3040 namque
940 2978 1044 3035 est,
1075 2965 1220 3035 quod
1243 2965 1297 3019 in
1324 2963 1470 3019 omni
1508 2959 1621 3016 fere
1654 2958 1871 3027 negotio
1894 2955 2109 3026 Moyses

515 3060 574 3120 in
619 3060 971 3118 tabernaculo
1023 3056 1239 3112 foederis
1292 3054 1577 3110 Dominum
1626 3051 1859 3107 consulit
1909 3047 2106 3118 (Exod.

516 3162 706 3219 ιχιιιι,
737 3148 816 3221 8):
849 3148 980 3218 quia
1006 3145 1263 3200 nimirum
1291 3143 1613 3213 praedicator
1634 3147 1835 3195 sanctae
1855 3137 2109 3194 Ecclesia:

516 3242 573 3301 in
596 3244 781 3301 intima
812 3241 973 3296 debet
996 3237 1241 3293 veritatis
1267 3233 1729 3304 contemplatione
1750 3231 2064 3300 conspicere
2088 3268 2104 3295 ,
2133 3227 2181 3291 C

517 3342 578 3390 ut
601 3330 939 3389 subditorum
966 3330 1135 3385 vitam
1157 3327 1288 3384 foris
1335 3323 1885 3397 irreprehensibiliter
1934 3320 2113 3377 valeat

516 3427 797 3484 ordinare.
819 3423 971 3481 Tunc
1001 3423 1146 3480 enim
1175 3430 1230 3477 et
1258 3428 1447 3476 tenere
1482 3425 1740 3489 peccata,
1773 3424 1829 3471 et
1875 3414 2113 3471 dimitte-

519 3538 583 3578 re
624 3522 806 3577 verius
838 3526 1039 3590 potest,
1061 3531 1183 3573 cum
1205 3516 1259 3569 in
1285 3528 1485 3569 arcano
1518 3509 1949 3585 .speculationis,
2004 3507 2113 3563 Do-

518 3613 669 3668 mino
704 3612 985 3682 loquente,
1015 3608 1165 3665 audit
1184 3604 1328 3675 quod
1356 3604 1616 3673 loquitur.
1652 3600 1809 3657 Unde
1836 3610 1891 3656 et
1928 3613 2112 3655 resur-

516 3723 650 3779 gens
677 3708 709 3761 s
735 3706 966 3761 mortuis
987 3703 1247 3759 Dominus
1311 3701 1460 3771 prius
1506 3701 1561 3754 in
1599 3698 1984 3769 discipulorum
2030 3697 2111 3752 fa-

519 3801 659 3856 ciem
691 3796 1002 3863 insufﬂavit,
1035 3799 1295 3863 etpostea
1324 3790 1627 3846 dimittendi
1679 3792 1829 3862 167
1871 3791 2114 3845 retinen-

520 3890 686 3959 dique
713 3896 938 3959 peccata
989 3884 1372 3940 auctoritatem
1423 3883 1610 3937 tribuit
1661 3881 1841 3953 (Joan.
1872 3898 1963 3948 xx,
2007 3881 2110 3949 2i,

521 3978 613 4051 25)
640 3997 654 4033 :
681 3987 741 4034 ut
769 3977 1011 4048 profecto
1060 3980 1409 4041 monstraret,
1434 3973 1561 4042 quia
1590 3973 1682 4043 qui
1736 3974 1883 4027 illam
1913 3974 2111 4029 mentis

520 4070 942 4141 Speculationem
965 4083 1075 4123 non
1106 4066 1292 4135 habet,
1312 4065 1476 4135 judex
1525 4066 1827 4120 animarum
1855 4080 1975 4121 esse
2003 4081 2113 4122 non

519 4164 699 4221 debet.
731 4161 792 4217 In
820 4161 1117 4217 electorum
1139 4160 1339 4229 quippe
1364 4156 1778 4227 praedicatorum
1796 4154 1986 4212 faciem
2008 4156 2115 4211 Do-

520 4258 723 4313 minum
750 4255 1042 4320 insufflare,
1072 4261 1155 4309 est
1183 4252 1399 4306 intimas
1426 4260 1774 4320 secretasque
1800 4250 1913 4305 vias
1954 4249 2113 4319 spiri-

521 4347 648 4426 talis
690 4345 954 4401 examinis
998 4345 1075 4399 eis
1122 4358 1217 4412 per
1252 4342 1508 4413 Spiritum
1552 4351 1801 4398 sanctum
1853 4343 2113 4398 revelare.

521 4434 662 4492 Hinc
708 4436 904 4491 Paulus
950 4436 1072 4490 ait:
1116 4436 1385 4507 Spiritalis
1429 4437 1633 4508 judicat
1673 4436 1847 4489 omnia
1894 4434 1960 4507 (1
1994 4433 2113 4488 Cor.

522 4543 586 4598 lt,
607 4526 721 4600 15).
749 4527 885 4584 Hinc
916 4530 1044 4584 item
1073 4529 1267 4583 divinae
1294 4530 1478 4598 gratiae
1506 4529 1809 4597 largitatem
1838 4544 2116 4583 commen-

1774 325 2016 393 SANCTI
2054 322 2380 387 GREGORII
2416 314 2633 384 MAGNI

994 455 1050 527 in
1072 464 1318 541 profecto
1350 473 1547 533 aquam
1574 458 1631 514 in
1671 460 1967 525 conspectu
2003 452 2112 507 Do-
2136 452 2187 512 Α
2285 444 2464 518 (Vers.
2496 440 2574 510 7.)
2613 437 2685 494 Et
2722 434 3062 492 ascenderunt
3106 436 3335 501 satrapae
3362 427 3770 493 Picum/tinam»;

3688 313 3775 379 208

2211 540 2279 594 ad
2310 538 2502 594 Israel.

2282 629 2369 685 15.
2411 628 2615 684 Ablatis
2654 637 2885 693 namque
2916 619 3018 675 diis
3047 617 3271 681 alienis,
3300 622 3519 685 peracto
3551 615 3759 686 jejunio,

2208 720 2445 777 exhibita
2475 734 2503 772 a
2535 716 2889 788 prmdicatore
2935 724 3162 767 censura
3209 706 3500 772 examinis,
3528 707 3590 761 ad
3626 709 3763 765 Israel

2209 814 2652 870 Philisthinorum
2705 808 2974 880 principes
3019 802 3356 860 ascendunt:
3388 801 3513 870 quia
3558 817 3669 855 cum
3697 802 3765 856 al-

2207 911 2332 966 tiori
2376 909 2486 964 vita
2525 906 2864 977 proﬁcimus,
2906 898 3128 968 maligni
3172 896 3422 968 spiritus,
3452 895 3543 964 qui
3582 911 3767 965 semper

2205 1001 2345 1058 bene
2377 1000 2660 1069 agentibus
2700 994 2973 1059 invident,
3008 991 3162 1047 nobis
3209 988 3513 1043 infestiores
3554 997 3685 1043 sunt.
3714 990 3768 1043 Et

2205 1096 2332 1166 quia
2356 1095 2425 1150 de
2446 1092 2749 1149 innocentis
2774 1089 2895 1144 vitzc
2922 1085 3251 1144 sublimitate
3280 1098 3380 1137 nos
3399 1081 3660 1151 deponere
3686 1100 3765 1153 ap-

2206 1194 2416 1257 petunt,
2446 1182 2741 1240 ascendere
2779 1180 3053 1235 dicuntur.
3085 1174 3394 1231 Ascendere
3421 1173 3615 1243 quippe
3641 1174 3769 1230 mali-

2206 1277 2326 1346 gnis
2345 1275 2640 1345 spiritibus,
2670 1280 2755 1327 est
2775 1285 2835 1326 se
2860 1269 2927 1323 ad
2954 1265 3312 1336 expugnanda
3334 1262 3440 1317 alta
3464 1277 3559 1332 per
3583 1264 3769 1319 cteleste

2207 1367 2534 1424 desiderium
2560 1363 2723 1420 corda
2754 1360 3058 1417 sublevare.
3088 1355 3223 1423 Quia
3262 1354 3425 1409 etiam
3448 1363 3630 1409 contra
3666 1370 3767 1425 per-

2206 1461 2461 1517 fectiores
2485 1456 2688 1513 Christi
2733 1454 2934 1513 milites
2981 1465 3089 1505 non
3128 1444 3494 1517 quorumlibet
3539 1445 3770 1499 malorum

2206 1552 2493 1623 spirituum
2512 1587 2529 1615 ,
2558 1547 2652 1603 sed
2688 1545 2971 1601 fortiorum
3001 1540 3308 1596 daunonum
3351 1535 3536 1606 praelia
3565 1537 3771 1591 excitan-

2207 1651 2329 1709 tur;
2372 1658 2481 1699 non
2535 1636 2859 1693 Philisthiim
2908 1641 3096 1689 contra
3136 1628 3302 1684 lsrael
3346 1627 3654 1694 ascendere,
3695 1626 3774 1680 sed

2208 1735 2654 1792 Philistbinorum
2681 1739 2913 1801 satrapae
2942 1726 3310 1797 perhibentur.
3355 1720 3626 1790 Principes
3654 1736 3774 1791 quo-

2216 1842 2322 1898 que
2348 1826 2592 1898 pluribus
2640 1827 2894 1894 praasunt.
2945 1817 3050 1872 Per
3093 1816 3199 1870 hoc
3242 1826 3404 1883 ergo,
3434 1812 3582 1882 quod
3614 1820 3775 1867 contra

2209 1921 2374 1977 Israel
2412 1925 2643 1989 satrapa:
2678 1912 2977 1970 ascendere
3004 1909 3280 1973 dicuntur,
3310 1912 3492 1976 potest
3515 1903 3775 1959 rationabi-

2207 2013 2333 2068 liter
2375 2009 2555 2080 colligi
2603 2007 2730 2078 quia
2769 2004 2838 2059 ad
2882 2001 3215 2074 probandam
3257 1998 3558 2053 electorum
3599 1995 3776 2066 patien-

2209 2107 2363 2173 tiam,
2402 2119 2503 2160 nec
2541 2118 2680 2158 unus
2719 2099 2941 2169 spiritus
2984 2094 3159 2149 malus
3205 2093 3504 2147 electorum
3560 2088 3773 2157 singulis,

2207 2197 2305 2255 sed
2356 2195 2624 2252 innumeri
2670 2193 3032 2263 deputantur;
3073 2198 3135 2243 ut
3174 2189 3243 2243 de
3288 2194 3587 2241 consecuta
3620 2195 3774 2238 eorum

2208 2290 2462 2355 victoria,
2496 2294 2644 2341 tanto
2674 2284 2746 2338 sit
2774 2283 3049 2353 coniosior
3079 2278 3317 2335 ﬁdelium
3356 2277 3567 2346 gloria,
3609 2280 3774 2345 quanto

2211 2381 2291 2438 eis
2314 2381 2551 2449 irrogata
2584 2377 2782 2433 fuerint
2811 2375 2993 2447 praelia
3018 2373 3288 2445 graviora.
3320 2370 3524 2426 Tamen
3557 2370 3681 2425 inter
3702 2381 3775 2422 ea-

2210 2472 2333 2529 dem
2380 2470 2567 2542 prrelia
2617 2484 2790 2539 nuper
2816 2465 3064 2523 conversi
3088 2464 3441 2520 vehementer
3482 2474 3676 2532 pavere
3706 2472 3777 2511 so-

2210 2565 2361 2622 lent:
2392 2570 2621 2634 repente
2647 2562 2847 2618 etenim
2878 2558 3161 2615 inveniunt
3197 2572 3258 2613 se
3286 2556 3344 2611 in
3369 2569 3573 2625 campo
3594 2550 3774 2614 laboris,

2210 2663 2407 2727 printer
2451 2653 2881 2724 experimentum
2933 2646 3359 2705 consuetudinis.
3410 2644 3634 2699 Armata
3679 2641 3778 2696 hinc

2210 2754 2399 2803 contra
2426 2759 2486 2800 se
2504 2744 2772 2816 aspiciunt
2798 2740 3089 2808 desideria,
3116 2753 3237 2809 qua:
3266 2737 3368 2793 sibi
3392 2735 3600 2790 dudum
3623 2739 3777 2804 pacata

2211 2837 2561 2894 serviebant:
2593 2837 2742 2891 illinc
2788 2847 3056 2905 supernus
3103 2846 3257 2886 amor
3301 2828 3511 2893 invitat,
3555 2835 3611 2881 ut
3636 2833 3777 2894 empta

2210 2929 2356 2986 bona
2404 2944 2515 2985 non
2560 2928 2833 2985 deserant.
2882 2925 3024 2981 Hinc
3058 2923 3280 2995 spiritus
3325 2930 3573 2977 mentem
3608 2921 3776 2979 elevat,

2212 3021 2359 3078 illinc
2400 3036 2529 3077 caro
2567 3028 2792 3091 gravat;
2844 3034 2909 3075 ac
2949 3018 3076 3073 dum
3116 3017 3239 3072 linis
3286 3014 3369 3071 sui
3402 3014 3627 3069 modum
3666 3012 3779 3067 scire

2212 3126 2323 3167 non
2366 3119 2625 3182 possunt,
2652 3111 2721 3166 de
2749 3109 3033 3165 electionis
3069 3121 3180 3164 sua:
3222 3105 3611 3161 incertitudine
3646 3101 3781 3157 vehe-

2211 3212 2423 3260 menter
2449 3210 2831 3275 expavescunt.
2859 3199 3014 3257 Unde
3037 3208 3093 3256 et
3120 3200 3209 3255 hic
3231 3205 3358 3269 apte
3382 3196 3669 3252 subditur:

2289 3327 2468 3399 (Vers.
2492 3325 2569 3397 7.)
2619 3324 2769 3390 Quod
2800 3324 3068 3379 audientes
3105 3321 3205 3393 ﬁlii
3244 3319 3442 3388 Israel,
3478 3318 3781 3374 timuerunta

2215 3421 2351 3494 facie
2374 3420 2830 3476 Philisthinorum.

2288 3524 2378 3579 16.
2422 3522 2468 3579 Α
2488 3520 2629 3577 facie
2659 3521 2802 3575 enim
2835 3516 3280 3573 Philisthinorum
3309 3512 3525 3578 timent,
3556 3519 3611 3567 ut
3633 3517 3783 3565 eorum

2212 3625 2518 3688 posteriora
2548 3629 2655 3669 non
2684 3614 2923 3667 timeant.
2958 3611 3085 3678 Qun
3116 3617 3196 3664 est
3225 3607 3366 3663 enim
3400 3604 3664 3661 malorum
3696 3600 3784 3670 spi-

2214 3711 2416 3765 rituum
2458 3706 2645 3774 facies,
2674 3705 2774 3760 nisi
2805 3702 3242 3773 concupiscentia
3273 3699 3593 3756 szecularis?
3633 3696 3680 3751 In
3708 3697 3788 3748 hac

2221 3800 2365 3856 enim
2412 3797 2593 3867 specie
2640 3796 2945 3864 quicunque
2983 3792 3325 3863 componitur
3370 3805 3568 3845 eorum
3604 3781 3788 3851 imagini

2219 3888 2609 3945 conformatur.
2644 3886 2779 3953 Quia
2808 3902 2938 3941 vero
2966 3901 3075 3940 non
3118 3883 3567 3938 Philisthinorum
3592 3878 3789 3936 faciem.

2219 3982 2315 4039 sed
2337 3982 2404 4037 ab
2425 3996 2613 4038 eorum
2639 3979 2774 4034 facie
2805 3979 3045 4033 timuisse
3072 3976 3235 4032 Israel
3258 3974 3486 4040 dicitur;
3516 3973 3597 4029 sic
3620 3971 3792 4025 electo-

2218 4089 2339 4129 rum
2364 4080 2572 4127 mentes
2598 4070 2855 4137 insinuat,
2879 4078 2937 4123 ut
2965 4069 3127 4123 etiam
3151 4064 3508 4134 rcproborum
3541 4060 3794 4118 stultitiam

2221 4166 2408 4221 latenti
2436 4165 2647 4219 ratione
2676 4160 3055 4233 reprehendat.
3086 4157 3202 4213 Non
3243 4157 3385 4213 enim
3426 4155 3632 4215 faciem,
3660 4148 3746 4205 sed
3769 4160 3793 4198 a

2220 4255 2358 4311 facie
2398 4256 2691 4309 timuerunt.
2718 4272 2730 4306 :
2761 4252 2886 4321 quia
2914 4250 3161 4305 videlicet
3191 4248 3363 4303 sancti
3404 4248 3536 4313 viri,
3565 4242 3702 4300 aliud
3728 4243 3797 4295 est

2221 4348 2365 4416 quod
2405 4345 2534 4400 foris
2561 4345 2855 4413 aspiciunt,
2888 4343 3032 4397 aliud
3078 4342 3223 4413 quod
3254 4343 3400 4395 intus
3431 4341 3791 4411 expavescunt.

2222 4439 2357 4494 Nam
2398 4439 2497 4493 etsi
2528 4436 2817 4508 aliquando
2861 4436 3144 4491 ﬂorentem
3185 4435 3442 4490 mundum
3475 4436 3701 4490 humana
3724 4442 3797 4481 ra-

2224 4532 2373 4587 tione
2402 4530 2771 4595 considerant,
2804 4539 3027 4598 repente
3055 4530 3251 4585 mentis
3280 4529 3469 4584 oculos
3496 4528 3563 4583 ad
3592 4543 3652 4582 ea
3679 4520 3795 4578 mala

526 4619 662 4677 dans
681 4658 697 4685 ’
730 4620 805 4674 ait
831 4638 843 4673 ε
884 4619 999 4674 N08
1043 4620 1279 4690 spiritum
1322 4620 1474 4691 huius
1502 4620 1679 4673 mundi
1708 4635 1813 4674 ηοη
1843 4618 2118 4684 habemus.
2149 4621 2198 4681 D
2225 4642 2344 4696 qua:
2374 4625 2556 4680 mundi
2583 4625 2776 4694 gaudia
2813 4634 3109 4695 sequuntur
3136 4631 3493 4680 retractantes
3530 4622 3728 4684 levant,
3755 4618 3802 4669 et

526 4711 617 4765 sed
635 4711 873 4781 spiritum
898 4711 985 4781 qui
1012 4728 1077 4764 ea:
1103 4710 1212 4765 Deo
1242 4718 1337 4775 est,
1370 4720 1424 4763 ut
1445 4712 1664 4765 sciamus
1693 4727 1805 4781 qua:
1834 4728 1867 4764 a
1894 4709 2005 4764 Deo
2035 4709 2123 4763 do-

525 4812 655 4859 nata
679 4812 800 4857 sunt
842 4801 988 4857 nobis
1019 4801 1213 4873 (lbid.,
1244 4802 1367 4874 12).
1413 4801 1515 4869 Qui
1540 4811 1719 4857 autem
1749 4802 1911 4871 hujus
1936 4801 2120 4857 mundi

526 4896 775 4967 spiritum
802 4894 994 4963 habet,
1024 4894 1079 4949 in
1118 4894 1428 4965 Masphath,
1461 4896 1514 4950 id
1540 4905 1624 4951 est
1652 4897 1705 4950 in
1749 4896 2123 4965 speculatione

528 4989 774 5046 subditos
794 4990 1040 5060 judicare
1071 5005 1178 5044 non
1207 4997 1385 5060 potest
1410 5008 1421 5044 :
1453 4990 1581 5059 quia
1609 4989 1735 5044 dum
1758 5004 1856 5059 per
1881 4989 2126 5059 spiritum

530 5079 793 5136 interiora
824 5097 933 5137 non
974 5088 1245 5151 penetrat,
1277 5081 1332 5135 in
1376 5081 1550 5136 causis
1580 5080 1843 5136 examinis
1870 5094 2008 5148 quas
2033 5094 2125 5134 ex-

530 5172 715 5243 quirit,
734 5171 1006 5227 mundano
1022 5172 1212 5242 spiritu
1228 5171 1358 5227 foris
1379 5179 1543 5227 errat.
1562 5171 1708 5226 Bene
1730 5171 1889 5240 igitur
1911 5169 2129 5226 Samuel

531 5260 673 5318 ﬁlios
692 5262 857 5318 Israel
888 5264 941 5317 in
971 5262 1251 5334 Masphath
1269 5263 1541 5332 judicasse
1562 5262 1757 5317 dicitur
1783 5280 1797 5316 :
1823 5262 1949 5330 quia
1972 5262 2131 5318 nimi-

534 5368 656 5407 rum
681 5354 1064 5424 priedicatores
1089 5355 1279 5418 sancti,
1301 5354 1356 5409 in
1378 5353 1713 5409 subditorum
1740 5353 1956 5422 judiciis
1986 5354 2131 5411 aliud

537 5452 691 5499 extra
722 5461 1060 5517 nequaquam
1092 5447 1385 5512 deﬁniunt,
1420 5446 1521 5501 nisi
1565 5446 1709 5515 quod
1756 5446 1899 5502 intus
1939 5446 2019 5501 eis
2046 5446 2130 5500 di—

536 5534 661 5589 vina
706 5537 1058 5607 inspiratione
1102 5539 1395 5595 reveletur.
1445 5537 1551 5593 Sed
1583 5537 1710 5591 dum
1757 5538 1886 5592 boui
1932 5538 2131 5593 subditi

538 5626 806 5695 majorum
849 5629 1055 5698 judicio
1082 5633 1401 5701 semetipsos
1447 5630 1768 5700 subjiciunt,
1810 5631 2130 5701 spiritalium

536 5715 780 5809 hostium
826 5720 934 5779 iras
972 5733 1160 5809 contra
1187 5739 1247 5780 se
1272 5722 1499 5782 validius
1536 5722 1860 5781 accendunt.
1895 5722 2049 5782 Unde
2076 5733 2133 5782 et

530 5808 789 5873 subditur
813 5832 827 5870 :

2235 4719 2395 4789 168
2421 4717 2569 4771 velut
2596 4732 2624 4771 a
2655 4716 2790 4771 facie
2819 4716 3124 4787 trepidant,
3154 4716 3243 4785 qui
3274 4716 3447 4786 pinnis
3476 4709 3801 4785 sequentibus

2229 4810 2543 4879 contingere
2576 4820 2864 4880 praesentes
2912 4809 3299 4865 delectationes
3320 4810 3511 4864 vitant.
3542 4808 3613 4862 At
3639 4811 3803 4861 contra

2229 4902 2475 4973 reprobi,
2504 4902 2597 4972 qui
2627 4902 2768 4958 hanc
2796 4901 3236 4958 Philisthinorum
3266 4899 3458 4957 faciem
3488 4907 3804 4970 nequaquam

2230 5000 2511 5061 metuunt,
2558 5000 2847 5063 sequentes
2890 4991 3187 5047 ferocitatis
3225 5007 3413 5048 eorum
3444 4993 3675 5060 impetus
3717 4994 3808 5038 non

2231 5085 2487 5141 evadunt.
2520 5085 2657 5139 Dum
2687 5085 2833 5139 enim
2861 5099 3000 5139 vana
3030 5084 3217 5139 mundi
3255 5084 3445 5154 gaudia
3486 5090 3603 5137 tota
3631 5080 3810 5133 virtute

2234 5177 2567 5248 suscipiunt,
2597 5174 2915 5231 aﬂlictioncs
2944 5185 3254 5246 perpetuas,
3280 5174 3585 5230 daemonum
3606 5172 3809 5227 virtute,

2232 5268 2469 5336 capiunt.
2490 5266 2695 5333 Quibus
2716 5266 2967 5321 nimirum
2986 5264 3199 5341 Veritas
3215 5266 3596 5327 comminatur,
3610 5261 3812 5316 dicens:

2241 5358 2335 5413 Va:
2354 5359 2516 5425 vobis,
2539 5358 2750 5423 divites,
2779 5358 2898 5428 quia
2920 5358 3191 5427 recepistis
3212 5341 3617 5411 consolationem
3648 5353 3699 5405 in
3726 5344 3815 5399 vita

2233 5460 2403 5505 vestra
2428 5450 2585 5520 (Luc.
2614 5466 2693 5517 vi,
2735 5449 2847 5518 24).
2882 5447 3018 5505 Hinc
3047 5449 3177 5505 item
3207 5449 3529 5505 denuntians
3549 5489 3564 5512 ,
3597 5444 3709 5499 ait:
3742 5437 3818 5489 ἴω

2233 5545 2373 5599 vobis
2415 5545 2500 5614 qui
2531 5544 2727 5606 ridetis,
2753 5543 2873 5614 quia
2889 5543 3089 5611 .ﬂebitis
3118 5541 3307 5615 (Ibid.,
3335 5540 3447 5609 25).
3480 5537 3645 5604 Quasi
3678 5532 3818 5587 aliter

2236 5634 2413 5689 dicat:
2445 5634 2579 5699 Quia
2611 5650 2640 5689 a
2669 5632 3109 5689 Philisthinorum
3134 5633 3271 5689 facie
3299 5643 3639 5703 nequaquam
3674 5620 3819 5694 perii:

2237 5723 2498 5791 mescitis,
2529 5740 2650 5778 cum
2679 5733 2967 5793 sequentes
2990 5738 3179 5780 eorum
3210 5724 3354 5779 vires
3380 5723 3623 5781 irrnunt,
3647 5709 3816 5769 salutis

2239 5816 2483 5872 invenire
2529 5814 2794 5888 refugium
2829 5832 2942 5874 non
2960 5815 3225 5889 opotestis.
3254 5813 3406 5873 Tunc
3429 5808 3650 5883 quidem
3679 5804 3814 5858 ιίιίιοι
