4020 6344
295 447 403 505 20')

1124 437 1193 494 IN
1232 435 1494 493 PRIMUM
1523 432 1765 491 REGUM
1805 431 2321 490 EXPOSITIONES.
2363 460 2434 476 --
2470 433 2603 490 [ΑΒ.
2649 434 2735 490 Ill.

3462 438 3568 493 9.10

295 561 471 622 adest,
503 556 598 614 sed
626 556 719 629 qui
746 555 960 625 adjuvet
985 569 1092 609 non
1123 553 1293 609 adest.
1324 552 1570 607 Vindicta
1597 550 1755 605 datur
1782 546 1881 601 fla-
1908 549 1963 610 Α
1988 545 2113 603 Νοη
2142 548 2506 614 mazchaberis;
2536 565 2631 620 ego
2676 558 2847 603 autem
2886 548 3000 604 dico
3041 548 3214 616 vobis,
3258 551 3344 620 qui
3387 550 3573 606 uiderit

294 655 410 725 gilii
446 653 564 707 sine
607 666 703 721 spe
732 649 1092 714 liberationis;
1133 655 1188 702 et
1221 662 1381 715 quam
1411 646 1518 701 sint
1544 643 1886 697 Philisthino—

294 764 413 803 rum
452 744 730 801 horribilia
760 744 1061 815 posteriora
1102 742 1361 805 sentiunt,
1391 739 1483 809 qui
1510 737 1664 793 faciei
1697 750 1884 791 eorum

293 840 663 895 blandimenta
694 837 747 890 in
778 835 962 890 mundi
999 849 1183 889 amore
1211 832 1515 887 voluerunt.
1549 829 1695 884 Bene
1723 828 1885 896 igitur

293 930 362 985 de
388 928 663 994 lsraelitis,
696 928 749 982 in
780 928 1070 983 electorum
1096 934 1225 996 typo
1251 924 1444 979 dicitur
1473 940 1488 977 :
1523 921 1823 977 Timuerunt
1852 934 1885 972 a

293 1024 429 1096 facie
450 1022 880 1075 Philisthinorum
904 1037 922 1075 :
952 1022 1075 1090 quia
1108 1019 1358 1074 nimirum
1382 1018 1508 1073 dum
1530 1013 1887 1071 conversandi

294 1115 511 1169 modum
534 1114 637 1169 sibi
656 1114 884 1170 solerter
907 1112 1182 1179 ordinant,
1200 1127 1307 1166 non
1329 1111 1620 1181 disponunt
1638 1117 1884 1164 metuere

291 1215 492 1262 aeterna
537 1206 698 1270 mala,
730 1222 854 1260 cum
883 1204 1140 1271 veniunt;
1181 1204 1276 1259 sed
1304 1219 1335 1258 a
1358 1201 1641 1273 temporali
1678 1214 1881 1256 concuo

292 1299 551 1370 piscentia
584 1298 879 1368 trepidant,
901 1296 1055 1367 cujus
1084 1296 1279 1353 merito
1308 1296 1633 1366 irrogantur.
1661 1291 1727 1347 Et
1753 1290 1882 1361 quia

291 1405 412 1447 non.
432 1399 541 1445 tam
569 1390 683 1446 suis
719 1389 925 1444 meritis
960 1403 1121 1459 quam
1165 1387 1427 1456 majorum
1475 1386 1578 1441 hoc
1617 1385 1880 1440 interces-

288 1482 442 1538 sione
470 1497 629 1552 posse
657 1482 906 1537 obtinere
932 1479 1179 1547 credunt,
1209 1478 1452 1547 sequitur
1476 1493 1490 1530 :

361 1574 545 1647 (Vers.
588 1574 681 1645 8.)
720 1574 1077 1644 Dixeruntque
1124 1571 1193 1624 ad
1234 1569 1527 1625 Samuelem
1548 1584 1568 1623 :
1600 1567 1686 1624 Ne
1716 1585 1881 1625 cesses

288 1665 516 1721 clamare
533 1684 627 1737 pro
649 1665 797 1721 nobis
823 1664 893 1718 ad
917 1663 1200 1718 Dominum
1232 1659 1395 1716 Deum
1424 1658 1617 1730 Israel,
1640 1667 1696 1714 ut
1719 1660 1881 1716 salvet

287 1776 385 1814 nos
414 1761 477 1813 de
500 1776 659 1814 manu
691 1757 1032 1813 Philisthiim.

362 1854 449 1907 17.
491 1852 598 1909 Sed
626 1861 683 1908 et
712 1852 931 1908 tentatis
957 1848 1185 1906 subditis
1211 1846 1615 1919 pastoresboni
1643 1862 1752 1903 non
1780 1862 1874 1903 so-

1986 640 2254 693 mulierem
2298 642 2367 693 ad
2409 642 2897 710 concupiscendum,
2928 643 3205 696 moechatus
3234 652 3307 696 est
3333 643 3388 696 in
3418 644 3573 698 corde

1986 750 2079 789 suo
2111 734 2332 807 (Matth.
2373 754 2442 806 v,
2467 737 2555 800 27,
2588 736 2712 807 28).
2755 739 2888 794 llinc
2927 741 3089 793 etiam
3134 738 3294 795 fatua:
3337 741 3574 811 virgines

1984 825 2044 881 in
2071 825 2363 899 Evangelio
2392 838 2667 898 notantur,
2696 847 2814 901 qua:
2839 832 3114 903 lampades
3140 842 3487 904 paraverunt,
3518 841 3576 889 et

1986 918 2163 975 oleum
2211 938 2317 977 non
2364 934 2690 993 paraverunt
2728 924 2958 996 (Matth.
2988 942 3113 993 xxv,
3146 926 3241 997 5).
3276 926 3574 997 Lampades

1987 1026 2220 1081 namque
2266 1022 2483 1083 paratas
2523 1015 2754 1081 habent,
2785 1017 2875 1086 qui
2914 1017 3115 1071 bonum
3152 1018 3427 1088 pudicitiae
3453 1032 3574 1074 ser-

1985 1116 2116 1161 vant
2142 1106 2196 1161 in
2223 1122 2489 1179 corpore:
2520 1109 2697 1164 oleum
2726 1125 2943 1179 quoque
2970 1111 3198 1176 habent,
3220 1112 3309 1181 qui
3340 1110 3575 1165 nitorem

1984 1200 2236 1271 puritatis
2268 1210 2454 1258 tenent
2482 1203 2535 1258 in
2561 1203 2759 1259 mentis
2797 1218 2906 1258 suae
2943 1204 3446 1275 circumspectione.
3482 1202 3575 1258 Di-

1983 1302 2135 1349 catur
2161 1308 2291 1364 ergo
2321 1294 2389 1351 de
2412 1294 2663 1351 Samuele
2691 1312 2705 1349 :
2732 1294 2931 1350 Obtulit
2958 1313 3149 1367 agnum
3172 1298 3429 1369 integrum
3459 1295 3574 1352 Do-

1988 1393 2125 1448 mino
2152 1408 2169 1446 :
2199 1392 2325 1463 quia
2367 1398 2429 1447 ut
2476 1392 2679 1447 bonum
2723 1390 2996 1461 pudicitize
3043 1390 3238 1447 divinae
3284 1391 3577 1462 plaeationi

1983 1484 2237 1551 sufﬁciat,
2268 1500 2377 1541 non
2407 1484 2583 1540 solum
2614 1484 2670 1539 in
2697 1483 2936 1540 candore
2976 1483 3217 1554 corporis
3242 1482 3446 1539 servari
3474 1483 3575 1537 de-

1980 1576 2093 1642 bet,
2117 1578 2213 1633 sed
2234 1578 2289 1633 in
2314 1576 2603 1649 splendore
2623 1576 2851 1633 internae
2876 1575 3147 1647 puritatis.
3172 1575 3365 1634 Merito
3389 1576 3578 1646 itaque

1981 1669 2231 1726 subditur
2253 1687 2267 1725 :

2055 1760 2235 1834 (Vers.
2268 1760 2351 1831 9.)
2371 1791 2443 1807 -—-
2463 1758 2535 1815 Et
2560 1761 2828 1816 exaudivit
2849 1777 2965 1817 eam
2990 1760 3267 1818 Dominus.

2054 1851 2139 1906 19.
2177 1851 2274 1908 Ille
2301 1866 2537 1922 namque
2561 1851 2805 1907 exaudiri
2835 1868 2867 1908 a
2894 1853 3121 1909 Domino
3148 1869 3249 1922 pro
3275 1853 3394 1911 aliis
3412 1866 3578 1912 orans

289 1946 398 2000 lum
428 1946 733 2001 orationum
761 1944 1007 2016 przesidia
1046 1940 1349 2009 conferunt,
1377 1942 1472 1998 sed
1500 1942 1663 1998 etiam
1702 1941 1875 1998 sacri-
1905 1940 1956 2003 B
1980 1950 2190 2015 potest,
2213 1942 2305 2015 qui
2334 1958 2402 1999 ex
2426 1952 2579 2014 parte
2602 1942 2783 2012 aliqua
2806 1943 2891 2010 ei,
2916 1944 3004 1999 cui
3023 1944 3321 2014 supplicat,
3345 1945 3578 2002 Domino

284 2036 554 2091 liciorum.
589 2034 743 2091 Unde
768 2036 1008 2090 subditur
1032 2051 1044 2087 :

364 2127 544 2197 (Vers.
586 2125 666 2194 9.)
700 2125 839 2180 Tulit
891 2134 1056 2179 autem
1106 2124 1322 2180 Samuel
1366 2140 1559 2197 agnum
1605 2124 1881 2179 lactentem

283 2232 473 2283 unum,
498 2224 547 2270 et
575 2216 757 2271 obtulit
794 2217 938 2271 illum
964 2217 1316 2272 holocaustum
1344 2218 1602 2288 integrum
1629 2215 1878 2281 Domino,

282 2319 335 2365 et
366 2310 609 2363 clamavit
640 2309 871 2365 Samuel.

354 2402 496 2469 Quid
535 2409 618 2457 est
660 2401 866 2457 clamor
909 2401 1203 2470 Samuelis,
1250 2402 1351 2458 nisi
1394 2402 1448 2457 in
1488 2401 1880 2473 supplicatione

284 2496 551 2569 pontificis
573 2510 767 2566 magna
792 2495 962 2551 virtus
990 2496 1277 2551 desiderii?
1327 2494 1480 2551 Unde
1509 2497 1576 2551 ad
1608 2505 1876 2553 tacentem

283 2586 439 2643 labiis
484 2584 705 2657 Moysen
726 2628 742 2654 ,
773 2585 897 2641 licet
926 2586 1109 2657 populi
1140 2586 1338 2641 subditi
1382 2586 1611 2641 salutem
1648 2586 1879 2642 ferventi

282 2680 571 2737 devotione
610 2680 951 2750 cupientem,-
984 2694 1014 2733 a
1056 2679 1285 2734 Domino
1332 2678 1567 2734 dicitur:
1603 2677 1740 2743 Quid
1765 2679 1878 2733 cla-

282 2787 395 2825 mas
435 2769 503 2823 ad
538 2786 619 2823 me
655 2772 673 2837 (
696 2768 867 2825 Exod.
911 2784 1029 2836 xiv,
1064 2768 1209 2840 15)?
1253 2767 1384 2835 Quis
1419 2784 1549 2824 vero
1589 2778 1668 2824 est
1709 2784 1879 2838 agnus

280 2858 519 2927 lactens,
548 2860 647 2916 nisi
675 2860 765 2915 ille
808 2875 972 2932 quem
1004 2875 1302 2930 pmcursor
1345 2860 1462 2928 ejus
1498 2860 1761 2927 ostendit,
1793 2862 1878 2915 di-

280 2967 455 3010 cens:
484 2951 615 3008 Ecce
637 2970 802 3025 agnus
844 2953 958 3019 Dei,
1000 2968 1116 3006 ecce
1143 2955 1227 3021 qui
1268 2951 1402 3009 tollit
1450 2963 1660 3022 peccata
1700 2952 1880 3006 mundi

278 3047 465 3121 (Joan.
496 3064 540 3114 ι,
570 3045 714 3118 29)?
743 3046 812 3100 Et
854 3046 1059 3101 lactens
1092 3045 1305 3111 dicitur,
1337 3045 1459 3115 quia
1489 3045 1541 3099 in
1574 3045 1691 3115 ejus
1720 3046 1876 3101 inno-

280 3142 461 3197 centia
502 3156 629 3197 vera
659 3139 964 3195 humanitas
1007 3138 1349 3205 praedicatur.
1397 3137 1502 3194 Sed
1533 3153 1671 3193 unus
1706 3153 1877 3209 agnus

276 3231 523 3297 oerrtur,
546 3234 690 3304 quia,
720 3240 917 3304 prater
939 3232 1138 3302 ipsum,
1159 3231 1252 3301 qui
1277 3231 1459 3286 mundi
1482 3230 1634 3285 tollat
1656 3240 1876 3300 peccata

1983 2036 2198 2093 odibilis
2227 2052 2337 2091 non
2366 2044 2469 2092 est.
2511 2035 2648 2091 Nam
2695 2036 2742 2091 si
2788 2036 2964 2093 adhuc
2994 2036 3211 2107 propria
3259 2036 3578 2091 infirmitate

1983 2129 2333 2199 deprimitur,
2365 2143 2467 2198 pro
2511 2125 2806 2184 obtinenda
2843 2126 3217 2198 proximorum
3258 2125 3577 2183 fortitudine

1982 2235 2326 2290 nequaquam
2355 2219 2644 2276 exauditur
2670 2238 2683 2275 :
2712 2227 2770 2276 et
2788 2234 2855 2275 eo
2882 2219 3211 2275 desiderium
3231 2234 3390 2274 suum
3408 2218 3477 2273 ad
3498 2217 3582 2272 di-

1980 2310 2121 2365 vinae
2150 2312 2486 2368 celsitudinis
2515 2326 2697 2368 arcem
2745 2326 2857 2366 non
2898 2310 3181 2376 sublevat,
3208 2324 3316 2379 quo
3362 2309 3481 2380 ipse
3509 2308 3581 2363 de

1983 2401 2115 2470 imo,
2139 2418 2248 2472 quo
2278 2418 2377 2474 per
2397 2404 2608 2476 lapsum
2631 2402 2803 2473 jacet,
2832 2410 3033 2458 conatu
3056 2400 3397 2458 ferventioris
3417 2399 3582 2456 studii

1983 2490 2277 2552 ascendere
2320 2510 2665 2565 nequaquam
2712 2503 2887 2551 curat.
2918 2493 3028 2551 Sed
3056 2501 3113 2551 et
3139 2494 3332 2551 modus
3360 2493 3583 2551 exaudi-

1983 2589 2147 2645 tionis
2171 2589 2485 2659 exponitur,
2526 2588 2653 2644 cum
2678 2585 3044 2642 subinfertur:

2055 2698 2235 2769 (Vers.
2292 2697 2379 2752 10.
2426 2697 2542 2766 11.)
2580 2697 2807 2753 Factum
2831 2706 2929 2767 est,
2953 2698 3077 2752 dum
3130 2697 3345 2753 Samuel
3373 2694 3584 2768 offerret

1984 2789 2363 2856 holocaustum,
2390 2788 2731 2845 Philisthteos
2759 2791 2895 2844 inire
2924 2790 3164 2862 praelium
3186 2798 3368 2844 contra
3388 2787 3583 2846 Israel.

1985 2880 2222 2935 Intonuit
2249 2897 2421 2935 autem
2468 2879 2727 2936 Dominus
2767 2884 2978 2953 fragore
3026 2898 3215 2952 magno
3261 2883 3318 2936 in
3366 2882 3449 2935 die
3490 2882 3585 2937 illo

1983 2988 2138 3042 super
2159 2971 2510 3040 Philisthiim,
2541 2981 2590 3026 et
2612 2974 2863 3027 exterruit
2891 2989 3001 3042 eos,
3029 2982 3079 3027 et
3108 2975 3229 3028 ctesi
3256 2982 3375 3028 sunt
3398 2991 3430 3027 a
3456 2974 3585 3043 filiis

1984 3062 2178 3118 Israel.
2220 3062 2533 3138 Egressique
2562 3065 2660 3135 ﬁlii
2691 3063 2864 3118 Israel
2894 3064 2957 3119 de
2985 3063 3302 3133 Masphath,
3332 3063 3587 3135 persecuti

1986 3165 2106 3209 sunt
2129 3155 2492 3220 Philisthazos,
2525 3165 2575 3211 et
2602 3162 2967 3227 percusserunt
2991 3171 3079 3211 eos
3106 3170 3266 3221 usque
3303 3155 3373 3209 ad
3392 3155 3584 3221 locum,

1985 3248 2073 3318 qui
2093 3255 2209 3301 erat
2244 3246 2416 3301 subter
2441 3245 2724 3301 Bethchar.

279 3339 622 3395 nequaquam
662 3324 950 3395 reperitur.
984 3322 1155 3390 Quem
1199 3323 1445 3393 profecto
1491 3335 1686 3391 agnum
1734 3322 1877 3377 inte-

1998 3315 2008 3318 ’
2055 3335 2146 3391 20.
2188 3335 2461 3393 Ofl’erente
2506 3337 2883 3393 holocaustum
2929 3336 3209 3402 Samuele,
3248 3334 3572 3390 Philisthiim

275 3431 431 3487 grum
481 3417 694 3473 obtulit.
744 3415 1029 3486 lntegritas
1072 3416 1271 3486 quippe
1308 3417 1431 3485 agni
1457 3410 1525 3469 ad
1552 3414 1877 3469 soliditatem

278 3508 514 3578 pertinet
548 3505 832 3562 catholicae
880 3506 1251 3577 professionis.
1281 3504 1445 3561 Velut
1492 3504 1637 3559 enim
1680 3517 1879 3573 agnum

280 3597 497 3666 dividit,
537 3598 693 3668 quia
742 3612 950 3653 canone
993 3594 1117 3652 fidei
1166 3612 1266 3668 per
1310 3595 1545 3665 gladium
1596 3601 1879 3667 separatur

279 3690 499 3748 erroris.
532 3690 716 3761 Agnus
744 3690 926 3762 itaque
954 3689 1151 3745 dicitur
1179 3702 1278 3761 pm
1307 3687 1640 3753 innocentia,
1667 3688 1877 3743 lactens

280 3798 379 3857 pro
436 3787 805 3856 assumptione
862 3794 1107 3850 naturae,
1164 3800 1303 3839 unus
1355 3798 1452 3855 pro
1507 3782 1880 3853 singularitate

279 3876 563 3948 potentiae,
594 3878 802 3948 integer
839 3893 938 3949 pro
977 3877 1100 3933 fidei
1148 3886 1349 3933 nostra:
1395 3877 1701 3934 firmissima
1748 3876 1879 3933 soli-

281 3968 478 4025 ditate.

356 4060 445 4116 18.
489 4060 638 4128 Quod
662 4063 704 4118 si
745 4064 865 4133 quis
909 4064 1025 4120 haec
1054 4079 1163 4120 non
1184 4064 1252 4120 ad
1282 4065 1478 4135 ipsum,
1510 4063 1607 4120 sed
1651 4063 1719 4119 ad
1763 4063 1880 4135 ejus

278 4150 607 4208 imitatorem
636 4155 840 4211 referre
878 4156 1144 4225 voluerit,
1193 4164 1390 4226 potest.
1437 4157 1649 4224 Agnum
1680 4157 1879 4227 quippe

275 4246 575 4315 oﬂerimus,
607 4263 729 4303 cum
753 4264 851 4318 per
889 4248 1093 4304 bonum
1122 4250 1390 4304 castitatis
1435 4256 1490 4305 et
1519 4251 1878 4318 innocentiae,

281 4337 628 4409 Redemptori
671 4348 857 4395 nostro
898 4340 1323 4407 conformamur;
1370 4348 1426 4395 et
1466 4355 1590 4395 cum
1629 4340 1877 4395 doctrina

279 4430 653 4489 innocentium
708 4433 931 4490 Patrum
990 4443 1300 4491 nostrorum
1367 4435 1675 4506 pascimur,
1732 4434 1883 4489 velut

280 4523 448 4578 ubera
476 4525 737 4594 sugimus,
767 4525 962 4597 quibus
983 4527 1048 4582 ad
1073 4535 1331 4582 aeternam
1359 4528 1527 4581 vitam
1554 4527 1875 4582 nutriantur.

282 4611 459 4669 Unum
476 4628 693 4685 quoque
714 4630 910 4685 agnum
930 4618 1225 4681 offerimus,
1241 4617 1286 4672 si
1307 4625 1431 4687 post
1452 4617 1602 4672 initia
1618 4616 1882 4685 religiosae

1984 3436 2177 3485 contra
2204 3428 2373 3483 Israel
2404 3429 2651 3499 praelium
2680 3429 2868 3484 ineunt
2892 3445 2906 3483 :
2934 3428 3063 3497 quia
3114 3428 3336 3496 maligni
3365 3428 3588 3498 spiritus

1981 3526 2116 3575 tunc
2149 3518 2410 3576 adversus
2437 3518 2623 3585 fideles
2668 3518 2914 3575 subditos
2941 3518 3218 3589 graviores
3255 3518 3586 3574 tentationes

1983 3619 2362 3679 commovent,
2390 3626 2516 3667 cum
2539 3618 2729 3667 contra
2757 3625 2818 3666 se
2843 3618 2989 3666 stare
3016 3610 3306 3666 instantius
3333 3608 3589 3666 Pastores

1981 3701 2188 3758 vident.
2211 3700 2320 3757 Sed
2347 3715 2510 3773 super
2530 3699 2875 3756 Philisthteos
2898 3698 3159 3755 Dominus
3188 3699 3436 3755 intonat:
3458 3700 3589 3770 quia

1981 3793 2263 3850 orantibus
2289 3792 2605 3849 doctoribus
2632 3800 2689 3848 et
2709 3791 2956 3848 fidelibus
2984 3792 3233 3863 subditis,
3256 3792 3434 3849 divina
3463 3807 3589 3863 gra-

1982 3884 2057 3939 tia
2088 3885 2257 3939 robur
2286 3883 2654 3940 administrat;
2673 3882 2938 3939 Tonitrua
2962 3884 3105 3939 enim
3134 3882 3251 3940 fieri
3279 3901 3376 3955 per
3401 3885 3587 3940 nubila

1980 3973 2367 4031 solent.Nubes
2386 3981 2570 4031 autem
2593 3975 2853 4030 sublimes
2880 3989 2978 4045 per
3003 3975 3227 4031 cmleste
3251 3975 3585 4031 desiderium

1984 4065 2181 4120 anima:
2208 4064 2599 4134 intelliguntur.
2637 4062 2793 4117 Unde
2821 4070 2877 4118 et
2904 4065 3167 4132 prepheta
3200 4072 3410 4118 mentes
3440 4064 3587 4118 elec-

1981 4164 2161 4212 torum
2186 4156 2241 4210 in
2268 4171 2454 4212 amore
2478 4155 2780 4212 cmlestium
2810 4153 3047 4208 elevatae
3070 4154 3369 4224 admirans,
3401 4156 3543 4210 dixit
3567 4173 3583 4211 :

1986 4249 2088 4315 Qui
2117 4256 2237 4301 sunt
2261 4249 2382 4315 isti,
2413 4248 2500 4318 qui
2528 4253 2585 4299 ut
2623 4243 2781 4298 nubes
2810 4242 2983 4297 volant
3016 4243 3153 4315 (Isa.
3195 4261 3284 4312 ιχ,
3318 4243 3411 4314 8)?
3456 4243 3589 4312 Quae

1982 4349 2109 4397 sunt
2135 4351 2317 4398 autem
2343 4342 2585 4396 tonitrua
2613 4339 2861 4409 nubium,
2890 4341 3001 4397 nisi
3017 4339 3109 4395 illa
3137 4340 3399 4397 ferventia
3424 4349 3477 4397 et
3500 4356 3588 4397 su-

1987 4448 2158 4507 perna
2187 4434 2484 4489 electorum
2510 4431 2777 4487 desideria
2805 4450 2818 4486 :
2843 4434 3038 4503 quibus
3066 4432 3193 4487 dum
3224 4448 3321 4504 per
3347 4432 3585 4489 divinam

1981 4525 2211 4594 gratiam
2240 4538 2429 4578 eorum
2457 4537 2613 4579 mens
2646 4524 3010 4593 succenditur,
3044 4540 3227 4592 omne,
3258 4525 3401 4595 quod
3429 4523 3586 4579 mali-

1982 4617 2072 4688 gni
2101 4614 2321 4685 spiritus
2348 4613 2665 4683 decipiendo
2693 4626 3019 4686 suggerunt,
3052 4616 3120 4671 ab
3152 4631 3216 4670 ea
3246 4618 3464 4687 penitus
3491 4630 3589 4669 ex-

278 4709 745 4778 conversationis,
770 4711 917 4765 nulla
965 4710 1258 4782 polluimur
1287 4711 1661 4781 inquinatione
1701 4711 1884 4781 pravi-
1909 4708 1960 4768 D
1986 4709 2232 4781 pellunt?
2260 4706 2409 4764 Bene
2437 4722 2571 4778 ergo
2601 4708 2795 4764 dicitur
2828 4727 2842 4764 :
2874 4709 3111 4764 Intonuit
3138 4708 3395 4764 Dominus
3433 4723 3587 4776 super

281 4802 426 4856 tatis.
484 4802 658 4857 Unum
699 4803 899 4875 quippe
938 4818 1133 4873 agnum
1165 4804 1351 4872 oflert,
1383 4806 1479 4875 qui
1521 4820 1553 4859 a
1598 4803 1883 4875 proposito

279 4890 648 4959 innocentiae,
699 4895 766 4950 ad
820 4896 1040 4967 pollutae
1084 4897 1208 4952 vita:
1257 4897 1496 4952 maculas
1541 4910 1884 4965 nequaquam

279 4983 493 5052 difﬂuit,
523 5001 553 5041 a
576 4987 771 5058 quibus
798 4988 986 5044 redeat
1010 5004 1108 5059 per
1136 4988 1481 5043 iterationem
1509 4990 1666 5044 honre
1698 5003 1886 5057 Opera-

278 5076 464 5130 tionis.
495 5076 765 5146 lntegrum
789 5094 1005 5150 quoque
1032 5093 1229 5148 agnum
1259 5078 1476 5147 offerre,
1504 5086 1587 5133 est
1627 5078 1694 5133 ad
1725 5086 1885 5133 teter-

278 5182 416 5223 nam
438 5168 599 5224 vitam
627 5186 734 5225 non
757 5171 934 5226 solum
962 5173 1143 5228 carnis
1172 5170 1588 5241 continentiam,
1615 5171 1709 5228 sed
1732 5185 1882 5226 men-

279 5259 357 5314 tis
388 5259 751 5328 integritatem
780 5278 1105 5333 prazparare.
1138 5262 1412 5332 [ntegrum
1441 5278 1657 5335 quoque
1685 5276 1884 5332 agnum

281 5354 518 5409 Domino
542 5370 884 5426 nequaquam
908 5355 1085 5424 offert,
1114 5356 1205 5425 qui
1236 5370 1455 5411 carnem
1485 5356 1596 5411 Deo
1625 5371 1724 5426 per
1753 5369 1885 5409 con-

281 5445 571 5501 tinentiam
601 5456 905 5509 consecrat,
937 5448 1033 5503 sed
1062 5448 1258 5502 mentis
1287 5462 1397 5503 suae
1432 5456 1645 5505 secreta
1684 5447 1752 5503 ab
1780 5446 1887 5503 im-

281 5540 610 5595 mundarum
640 5542 1026 5611 cogitationum
1055 5541 1270 5597 lascivia
1301 5543 1457 5613 169
1486 5557 1593 5596 non
1624 5543 1881 5600 refrenat.

285 5631 456 5687 Velut
483 5634 626 5688 enim
655 5635 779 5704 agni
820 5641 1031 5705 partem
1058 5634 1322 5689 sacrificio
1348 5635 1596 5705 subripit,
1620 5637 1710 5706 qui
1736 5638 1884 5704 puri-

283 5731 460 5779 tatem
509 5724 724 5793 cordis,
757 5724 1000 5797 corporis
1044 5724 1391 5780 continentiae
1437 5741 1545 5780 non
1588 5728 1881 5799 conjungit.

290 5814 451 5872 Unde
472 5826 526 5873 et
547 5819 661 5889 ipse
688 5832 857 5888 agnus
885 5833 1080 5889 agnum
1102 5816 1370 5885 integrum
1394 5818 1589 5875 offerre
1616 5822 1889 5893 discipulis

287 5911 651 5985 praecipiens,
688 5914 808 5969 ait:
846 5912 1075 5969 Audistis
1112 5912 1234 5983 quia
1271 5911 1465 5967 dictum
1506 5922 1581 5969 est
1622 5917 1846 5987 antiquis
1871 5932 1891 5973 :

1988 4803 2345 4867 Philisthwos,
2374 4809 2423 4857 et
2468 4804 2721 4857 exterruit
2758 4819 2864 4858 eos.
2896 4803 3031 4857 Nam
3061 4802 3187 4856 dum
3234 4817 3331 4871 per
3359 4799 3587 4867 gratiam

1986 4910 2142 4952 suam
2183 4894 2373 4949 electis
2419 4892 2690 4948 mentibus
2729 4908 2964 4963 superna
3010 4891 3277 4947 desideria
3321 4890 3584 4956 infundit,

1987 4988 2114 5058 quia
2131 4987 2295 5042 etiam
2312 4994 2527 5041 terrena
2545 4986 2726 5042 omnia
2745 4985 2876 5041 facit
2895 4992 3264 5049 contemnere,
3284 4997 3379 5037 eos
3396 4982 3581 5051 etiam,

1988 5079 2082 5150 qui
2126 5093 2191 5133 ea
2230 5077 2309 5133 eis
2340 5084 2598 5149 appetere
2626 5084 2951 5147 suggerunt,
2985 5089 3220 5143 nequam
3264 5074 3487 5144 spiritus
3530 5076 3585 5129 in

1985 5176 2167 5246 fugam
2186 5174 2367 5230 vertit.
2391 5172 2555 5228 Velut
2575 5173 2720 5229 enim
2743 5172 2985 5227 tonitrua
3010 5169 3180 5225 territi
3201 5168 3433 5238 fugiunt,
3453 5169 3583 5223 dum

1986 5270 2043 5326 in
2082 5269 2270 5325 electis
2298 5268 2590 5336 mentibus,
2622 5284 2757 5338 quas
2800 5265 3060 5321 tentando
3095 5264 3473 5335 pulsaverant,
3499 5266 3584 5319 in—

1987 5368 2203 5432 gentem
2247 5360 2485 5415 sonitum
2532 5359 2726 5415 divina:
2756 5358 2972 5413 virtutis
3002 5364 3389 5428 expavescunt.
3448 5356 3585 5424 Quia

1987 5469 2119 5510 vero
2146 5453 2361 5523 fragore
2389 5466 2584 5523 magno
2614 5452 2914 5507 intonuisse
2936 5452 3197 5507 Dominus
3218 5451 3435 5522 dicitur,
3459 5455 3586 5522 quid

1990 5552 2073 5601 est
2100 5545 2273 5610 aliud,
2308 5545 2411 5601 nisi
2454 5545 2578 5615 quia
2626 5542 2943 5612 imperfecta
2971 5542 3404 5599 Christianorum
3437 5546 3583 5600 desi-

1992 5633 2141 5688 deria
2170 5631 2503 5688 daemonibus
2550 5632 2812 5687 terribilia
2861 5648 2969 5687 non
2998 5635 3163 5689 sunt?
3194 5633 3397 5705 Fragor
3438 5636 3583 5689 enim

1992 5740 2218 5795 magnus
2252 5726 2473 5781 tonitrui
2492 5766 2506 5789 ,
2542 5724 2844 5795 perfectum
2873 5735 2957 5783 est
2985 5728 3411 5798 uniuscujusque
3440 5726 3557 5781 desi

1994 5821 2205 5876 derium
2232 5818 2407 5875 electi.
2439 5816 2575 5873 Cum
2605 5819 2768 5889 igitur
2789 5818 3004 5890 fragore
3034 5836 3230 5890 magno
3259 5835 3424 5891 super
3452 5817 3579 5871 Phi.

1996 5912 2234 5971 listhzeos
2261 5910 2521 5968 Dominus
2546 5913 2776 5980 intonat,
2808 5923 2938 5972 tunc
2964 5930 2999 5989 pa
3030 5913 3151 5970 filiis
3174 5913 3340 5970 Israel
3369 5910 3556 5968 caedua
