4020 6344
480 414 581 484 sit

1696 423 1938 482 SANCTI
1977 421 2309 479 GREGORII
2348 423 2564 481 MAGNI

3661 431 3763 490 212

482 555 572 607 tur
590 567 606 604 :
627 550 754 619 quia
773 547 901 603 dum
926 547 1224 603 electorum
1246 554 1486 602 mentem
1510 544 1747 615 perlecta
1768 544 1985 599 devotio
2010 541 2078 598 ad
2103 542 2159 605 Α
2184 541 2514 611 cogitatione
2558 540 2806 612 subjecti.
2856 541 2994 599 Dum
3018 556 3149 613 ergo
3178 542 3506 601 novitiorum
3535 543 3763 608 ﬁdelium

481 656 723 712 superna
748 639 941 709 gaudia
965 641 1151 709 erigit,
1175 655 1356 702 omne.
1381 638 1527 709 quod
1553 640 1791 693 adversa:
1815 639 1957 707 parti
1977 638 2078 692 mi-

482 734 606 790 litat
625 773 641 798 ,
664 747 696 787 a
725 747 783 787 se
814 731 1026 801 penitus
1053 731 1341 787 abscindit.
1374 730 1519 785 Bene
1545 745 1760 799 quoque
1792 731 1941 799 prius
1969 739 2079 785 ter-

480 826 573 884 riti
600 822 914 889 Philisthzei,
934 824 1126 879 deinde
1147 839 1176 877 a
1201 824 1321 878 Iiliis
1344 823 1507 878 Israel
1536 824 1691 891 170
1718 822 1847 876 ειεξιὶί
1872 836 2077 875 memo-

480 928 706 979 rantur:
727 935 851 974 nant
871 926 1146 974 terrentur
1162 918 1453 972 eiecturum
1469 915 1780 981 devotione,
1800 916 2077 970 caeduntur

481 1027 668 1083 opere.
699 1010 765 1069 Et
785 1013 911 1083 quia
940 1027 1107 1082 opere
1129 1010 1349 1066 devotio
1373 1010 1520 1079 prior
1547 1017 1650 1071 est,
1682 1008 1872 1063 terreri
1905 1007 2072 1077 prius,

481 1111 676 1177 postea
704 1118 835 1159 vero
874 1104 1011 1159 caedi
1046 1111 1196 1158 recte
1226 1103 1593 1171 perhibentur.
1635 1100 1766 1154 Nam
1796 1099 1944 1169 prius
1978 1099 2078 1154 do-

485 1214 619 1254 num
647 1197 804 1254 bona:
824 1196 1120 1252 voluntatis
1149 1212 1177 1249 a
1207 1196 1436 1251 Domino
1465 1194 1782 1264 accipimus,
1806 1202 1866 1249 ut
1892 1192 2075 1249 consi-

481 1290 559 1347 lia
586 1290 855 1347 malorum
898 1289 1180 1359 spirituum
1207 1288 1549 1358 postmodum
1586 1287 1868 1342 confutare
1895 1286 2077 1343 valea-

480 1398 626 1443 mus.
667 1382 814 1439 Bene
856 1382 1022 1439 etiam
1060 1382 1318 1437 Dominus
1354 1396 1518 1450 super
1556 1380 1895 1437 Pliilisthteos
1936 1380 2077 1435 into-

483 1494 639 1548 nare,
672 1487 729 1535 et
754 1487 1029 1535 exterrere
1056 1492 1150 1533 eos
1179 1476 1396 1544 dicitur,
1426 1475 1519 1531 ﬁlii
1549 1484 1732 1531 autem
1760 1472 1923 1529 Israel
1954 1472 2076 1530 illos

483 1570 693 1628 aedere
719 1570 1107 1641 perhibentur:
1145 1569 1272 1638 quia
1316 1568 1460 1627 bona
1500 1567 1765 1629 desideria
1794 1566 1951 1623 nobis
1980 1582 2077 1635 per

481 1662 718 1720 divinam
747 1662 975 1730 gratiam
1005 1661 1402 1728 ministrentur,
1431 1660 1527 1715 sed
1558 1676 1656 1714 nos
1700 1660 1843 1713 dona
1885 1658 2073 1726 gratia:

478 1768 582 1828 per
600 1764 852 1809 conatum
881 1754 1037 1813 liberi
1066 1752 1273 1807 arbitrii
1302 1752 1371 1809 ad
1399 1752 1658 1807 virtutum
1679 1750 1934 1805 victorias
1958 1764 2079 1817 pro-

480 1859 787 1907 movemus.
816 1842 960 1899 Ordo
1010 1843 1174 1911 igitur
1200 1841 1437 1897 cmlestis
1465 1841 1669 1898 militia:
1713 1847 1795 1897 est
1814 1880 1829 1908 ,
1860 1848 1920 1894 ut
1950 1847 2076 1893 ante

2183 635 2486 705 triumphus
2513 635 2614 690 sub
2654 634 3017 690 Israelitarum
3059 637 3226 705 gestis
3254 636 3577 707 ostenditur,
3606 654 3765 712 usque

2182 726 2249 780 ad
2304 726 2481 781 locum
2508 727 2609 782 sub
2637 725 2800 781 domo
2830 727 2951 794 agni
2981 729 3103 781 caesi
3133 727 3447 797 alienigenae
3476 728 3721 787 dicuntur
3746 752 3758 786 :

2179 820 2305 888 quia
2335 819 2577 890 profecto
2606 834 2705 889 per
2725 820 3117 875 iudesiuentem
3146 828 3397 875 conatum
3430 824 3757 891 certaminis,

2180 912 2514 968 contendere
2543 914 2800 969 debemus
2830 912 2899 966 ad
2927 927 3106 969 arcem
3136 912 3511 983 perfectionis:
3544 914 3633 969 ubi
3657 916 3761 984 jam

2180 1014 2336 1061 tanto
2358 1007 2525 1063 simus
2545 1007 2790 1062 hostibus
2814 1008 3012 1062 nostris
3040 1007 3410 1071 terribiliores,
3432 1016 3639 1077 quanto
3661 1008 3762 1065 Re-

2181 1095 2449 1166 demptori
2477 1105 2663 1154 nostro
2688 1098 2995 1154 viciniores.
3020 1097 3098 1153 lbi
3120 1099 3262 1153 enim
3280 1098 3390 1167 jam
3413 1099 3657 1169 quaedam
3680 1117 3763 1156 se-

2180 1188 2381 1243 curitas
2412 1197 2526 1254 est,
2553 1204 2670 1257 qtae
2701 1189 2999 1258 perturbari
3028 1190 3267 1245 hostium
3303 1206 3501 1257 pavore
3538 1206 3645 1246 non
3669 1206 3762 1261 po-

2179 1286 2308 1335 test.
2342 1278 2562 1335 Talibus
2607 1296 2843 1350 namque
2892 1296 3160 1336 concessa:
3208 1281 3422 1336 virtutis
3451 1283 3593 1337 dona
3638 1283 3760 1339 insi-

2180 1388 2355 1431 nuans
2384 1373 2656 1439 Dominus,
2688 1375 2800 1430 ait:
2835 1374 2971 1429 Ecce
2992 1375 3108 1430 dedi
3142 1375 3282 1431 vobis
3311 1385 3616 1447 potestatem
3658 1378 3762 1433 cal-

2180 1466 2335 1518 candi
2355 1482 2507 1535 super
2526 1477 2809 1537 serpentes,
2833 1479 2881 1522 et
2907 1469 3225 1539 scorpiones,
3244 1479 3293 1523 et
3314 1487 3515 1525 omnem
3538 1473 3765 1527 virtutem

2179 1559 2376 1612 inimici
2400 1556 2550 1628 (Luc.
2582 1576 2637 1627 χ,
2666 1559 2776 1632 19).
2819 1558 2969 1617 Unde
2999 1568 3054 1615 et
3084 1562 3148 1627 is,
3173 1562 3265 1631 qui
3292 1563 3360 1618 ad
3390 1563 3565 1618 locum
3588 1564 3763 1621 domui

2183 1650 2302 1717 agni
2334 1650 2487 1720 171
2520 1649 2756 1706 vicinum
2786 1663 3131 1721 pervenerat,
3154 1654 3286 1710 dicit
3313 1671 3327 1708 :
3355 1652 3484 1719 Quis
3506 1674 3594 1713 nos
3613 1675 3765 1728 sepa-

2181 1744 2319 1798 rabit
2340 1761 2371 1796 a
2389 1744 2641 1799 charitate
2669 1745 2880 1813 Christi,
2906 1747 3195 1812 tribulatio,
3223 1766 3293 1804 an
3315 1752 3568 1821 angustia,
3597 1768 3665 1805 an
3687 1753 3767 1821 {a-

2183 1854 2288 1892 mes
2313 1836 2488 1908 (Rom.
2513 1853 2628 1906 vin,
2650 1837 2768 1909 55),
2788 1855 2856 1897 an
2878 1848 3077 1899 caetera
3103 1843 3228 1896 talia
3246 1843 3268 1897 ’ἶ
3288 1842 3475 1897 Potest
3493 1843 3650 1898 etiam
3676 1844 3767 1898 do-

478 1940 675 1993 tonans
719 1935 936 2003 Iragore
978 1948 1174 2002 magno
1204 1932 1456 1991 audiatur
1483 1933 1644 1997 Deus,
1673 1940 1729 1987 et
1764 1940 1889 2002 post
1918 1932 2077 1988 miles
2106 1920 2157 1982 Β
2184 1916 2304 1983 mus
2326 1929 2450 1998 agni
2478 1930 2757 1986 etelestem
2780 1931 3008 2001 patriam
3031 1932 3335 1999 designare.
3367 1931 3518 1986 Unde
3541 1940 3593 1987 et
3612 1930 3769 1987 Joan-

479 2026 552 2085 ad
580 2025 835 2085 caedenda
862 2025 1098 2083 hostium
1128 2024 1340 2094 agmina
1370 2025 1775 2094 progrediatur:
1801 2032 1859 2079 ut
1882 2024 2074 2079 videli-

478 2125 571 2173 cet
597 2118 650 2172 in
679 2133 739 2175 se
767 2118 917 2190 prius
947 2116 1091 2172 dona
1116 2117 1305 2186 gratiae
1341 2116 1555 2180 videat,
1580 2116 1771 2172 deinde
1800 2116 1867 2171 ad
1895 2123 2074 2173 certa-

476 2211 640 2267 minis
660 2225 914 2280 campum
942 2209 1172 2266 validius
1202 2218 1469 2279 erumpat,
1501 2216 1556 2263 et
1582 2222 1806 2264 securus
1832 2208 2075 2263 victoria:

474 2310 798 2372 proventum
827 2308 1030 2370 speret,
1061 2300 1153 2369 qui
1182 2301 1281 2368 eis,
1308 2300 1504 2371 quibus
1531 2308 1846 2368 coronetur,
1866 2301 2073 2357 viribus

475 2400 605 2449 ante
627 2392 1023 2461 congressionis
1049 2401 1291 2462 tempora
1316 2391 1478 2451 fultus
1507 2399 1609 2449 est.

547 2484 638 2541 21.
678 2483 824 2541 Bene
853 2492 1053 2551 autem,
1085 2485 1177 2554 qui
1204 2484 1549 2541 Philisthteos
1576 2482 1807 2550 caedunt,
1833 2482 1900 2538 de
1929 2482 2072 2540 Mas—

474 2574 646 2647 phath
692 2576 893 2645 egressi
924 2575 1297 2645 perhibentur.
1326 2574 1380 2635 In
1403 2572 1686 2644 MaSphatb
1706 2574 1926 2640 etenim,
1954 2588 2075 2645 quae

475 2665 776 2737 Speculatio
802 2667 1021 2734 dicitur,
1046 2672 1346 2730 morantur,
1370 2664 1462 2734 qui
1486 2664 1539 2718 in
1562 2662 1867 2719 divinarum
1892 2680 2073 2719 rerum

477 2759 937 2829 contemplatione
967 2758 1283 2828 persistunt.
1316 2755 1421 2812 Sed
1458 2756 1526 2812 ad
1552 2755 1836 2812 czedendos
1876 2756 2071 2811 Philis-

474 2848 645 2902 lhaeos
677 2856 903 2915 exeunt,
939 2862 1060 2902 cum
1102 2861 1170 2901 ex
1200 2861 1398 2901 arcano
1428 2844 1654 2900 internae
1700 2844 2074 2900 meditationis

477 2942 716 2996 consulti
744 2942 1044 3008 venientes,
1076 2941 1444 3010 comprimunt
1463 2939 1605 2994 vires
1634 2939 1876 2994 adversa)
1898 2939 2073 2995 domi-

474 3033 731 3086 nationis.
762 3033 907 3087 lntus
934 3033 1079 3087 enim
1104 3033 1335 3087 latenter
1364 3031 1637 3097 ordinant,
1665 3032 1897 3101 qualiter
1940 3031 2073 3086 foris

472 3125 530 3180 in
562 3133 825 3196 apparato
854 3141 1035 3197 opere,
1068 3125 1303 3181 hostium
1328 3140 1531 3181 cuneos
1556 3126 1876 3195 irrumpant.
1897 3124 2071 3180 Tanto

473 3217 693 3287 quidem
740 3216 1016 3284 graviores
1060 3230 1268 3287 pugnas
1300 3216 1379 3271 eis
1407 3216 1766 3287 procedentes
1789 3215 2068 3283 exhibent,

2183 2037 2280 2077 nes
2308 2022 2436 2076 dicit
2465 2039 2477 2074 :
2534 2022 2653 2076 Vidi
2682 2039 2840 2093 supra
2881 2032 3106 2079 montem
3138 2024 3270 2079 Sion
3300 2040 3491 2095 agnum
3517 2032 3766 2091 stantem,

2180 2122 2230 2167 et
2259 2128 2373 2167 cum
2394 2128 2454 2168 eo
2475 2122 2678 2167 centum
2702 2114 3051 2185 quadraginta
3066 2122 3289 2185 quatuor
3308 2114 3497 2181 millia,
3530 2112 3767 2168 habentia

2179 2224 2366 2263 nomen
2394 2208 2528 2279 ejus,
2547 2215 2597 2263 et
2627 2224 2812 2263 nomen
2835 2209 2999 2278 patris
3024 2208 3135 2280 ejus
3166 2208 3415 2279 scriptum
3439 2210 3494 2263 in
3515 2207 3767 2278 frontibus

2177 2302 2285 2355 suis
2318 2300 2500 2372 (Apoc.
2531 2316 2641 2365 xxv,
2674 2299 2749 2369 I).
2783 2298 2913 2366 Quis
2942 2308 3023 2353 est
3052 2298 3215 2367 igitur
3240 2298 3410 2365 locus,
3442 2299 3645 2368 quiest
3672 2298 3763 2354 sub

2176 2393 2341 2449 domo
2369 2393 2521 2463 agni,
2551 2393 2653 2448 nisi
2678 2392 2940 2447 terminus
2968 2391 3282 2462 temporalis
3306 2392 3447 2457 vitm,
3472 2406 3535 2446 ex
3556 2405 3669 2459 quo
3699 2389 3757 2444 ad

2177 2498 2425 2554 superum
2456 2483 2640 2553 patrize
2668 2482 2859 2551 gaudia
2888 2490 3237 2539 assumuntur
3264 2481 3423 2537 electi
3447 2482 3469 2535 ?
3499 2478 3597 2546 Qui
3626 2479 3766 2534 enim

2176 2590 2349 2644 usque
2390 2573 2456 2628 ad
2493 2581 2753 2628 statutum
2794 2572 2951 2629 nobis
2983 2573 3274 2627 terminum
3314 2571 3580 2638 ducimur,
3608 2584 3766 2638 quem

2177 2664 2456 2736 prwtcrire
2497 2664 2728 2720 vivendo
2777 2679 2887 2721 non
2935 2662 3435 2734 possumus,velut
3479 2661 3545 2717 ad
3593 2661 3768 2717 locum

2176 2758 2462 2823 venimus,
2514 2757 2660 2814 unde
2714 2758 2822 2814 alio
2888 2756 3298 2813 transferamur.
3352 2755 3461 2811 Sed
3510 2756 3767 2811 terminus

2175 2849 2300 2903 vitae
2321 2848 2478 2904 electi
2508 2848 2609 2902 viri
2640 2849 2740 2903 sub
2769 2848 2933 2905 domo
2961 2849 3085 2918 agni
3110 2850 3246 2906 situs
3273 2848 3612 2905 ostenditur:
3644 2847 3763 2919 quia

2176 2940 2322 2995 unde
2360 2955 2459 3010 per
2487 2942 2762 3011 angustias
2789 2942 3134 2997 mortalitatis
3165 2939 3524 3008 demergitur,
3553 2939 3680 2995 inde
3706 2938 3768 2994 ad

2176 3032 2301 3087 vitae
2340 3032 2700 3089 indelicientis
2734 3035 2927 3101 gaudia
2975 3034 3305 3089 sublevatur.
3339 3033 3475 3087 Nam
3520 3041 3573 3088 et
3598 3048 3765 3102 agnus

2176 3124 2294 3193 ipse
2316 3162 2333 3191 ,
2364 3124 2455 3192 qui
2488 3124 2543 3178 in
2567 3125 2990 3180 citharoedorum
3018 3124 3451 3181 citharizantium
3478 3132 3765 3179 etcantan-

2180 3216 2311 3270 tium
2352 3215 2576 3271 domum
2627 3231 2780 3271 suam
2822 3217 2977 3272 laetus
3022 3216 3329 3280 inhabitat,
3359 3224 3650 3286 antequam
3704 3214 3763 3269 ad

472 3314 699 3375 quanto,
728 3307 855 3363 dum
907 3308 1114 3364 interna
1163 3308 1421 3377 cogitant,
1468 3308 1611 3379 apud
1666 3323 1726 3367 se
1773 3308 2069 3377 quietiores
2101 3300 2149 3367 C
2178 3306 2336 3376 hujus
2388 3306 2582 3362 domus
2626 3306 2868 3362 lat-titiam
2917 3308 3235 3372 duceretur,
3281 3306 3381 3362 sub
3425 3307 3582 3363 domo
3641 3306 3756 3363 fuit.

471 3394 663 3453 latent.
720 3398 790 3453 Et
842 3399 966 3471 quia
1031 3399 1248 3468 maligni
1306 3399 1528 3470 spiritus
1591 3398 1658 3453 ab
1729 3398 1918 3453 electis
1978 3398 2071 3454 Dei

471 3504 689 3559 semper
768 3489 1156 3561 comprimendi
1237 3496 1405 3554 sunt,
1495 3503 1666 3558 usque
1748 3487 1817 3542 ad
1891 3487 2070 3543 locum

473 3582 663 3636 subter
707 3580 978 3636 Betheltar
1022 3581 1342 3636 Philisthiim
1373 3580 1615 3650 percussi
1657 3579 1820 3635 fuisse
1864 3594 2072 3634 memo-

471 3679 683 3727 rantur.
715 3670 986 3724 Betbchar
1031 3670 1253 3740 quippe,
1280 3669 1473 3724 domus
1498 3670 1622 3740 agni
1662 3668 2069 3735 interpretatur.

474 3762 633 3817 llunc
677 3776 873 3831 agnum
914 3760 1069 3814 nobis
1096 3759 1264 3815 Isaias
1293 3760 1590 3826 insinuans,
1635 3760 1709 3812 ait
1742 3777 1755 3812 :
1802 3757 2070 3827 Tanquam

475 3870 640 3927 agnus
671 3852 740 3906 ad
768 3851 1077 3906 occisionem
1115 3850 1352 3917 ducetur,
1389 3858 1439 3907 et
1478 3857 1726 3922 tanquam
1764 3849 1871 3903 oris
1898 3864 2074 3902 coram

475 3945 719 3999 tondente
766 3961 841 4013 se,
872 3944 982 3998 sine
1012 3959 1130 3998 voce
1173 3940 1331 4009 (Isai.
1360 3957 1471 4008 LIII,
1508 3941 1582 4009 7).
1614 3940 1742 4008 Quae
1773 3942 1934 4009 igitur
1974 3940 2074 3998 fuit

474 4036 665 4091 domus
694 4034 850 4105 agni,
877 4035 976 4089 nisi
1009 4034 1097 4087 illa
1127 4032 1392 4095 sublimis,
1420 4039 1477 4088 et
1502 4030 1843 4100 singulariter
1863 4031 2070 4086 munita

471 4128 815 4185 conversatio
834 4126 1237 4199 Redemptoris,
1251 4141 1369 4197 quae
1387 4125 1512 4180 dum
1528 4124 1685 4194 culpa
1704 4125 1898 4189 caruit,
1916 4141 2074 4181 cunc-

474 4220 542 4274 tis
579 4235 809 4287 nequam
828 4218 1106 4287 spiritibus
1129 4217 1517 4273 inaccessibilis
1548 4217 1787 4271 exstitit?
1806 4217 1882 4270 Ad
1906 4216 2071 4272 Beth-

472 4310 624 4375 cbar,
650 4309 701 4362 id
722 4317 804 4364 est
823 4309 1045 4363 domum
1070 4310 1191 4375 agni
1216 4308 1498 4378 pervenire
1516 4322 1675 4361 nemo
1698 4316 1877 4378 potest
1907 4324 1918 4360 :
1945 4307 2071 4376 quia

470 4401 716 4471 quisquis
746 4401 971 4455 multum
1002 4400 1235 4471 proﬁcit,
1261 4402 1551 4457 sanctitate
1576 4401 1953 4473 Redemptoris
1983 4402 2067 4456 in-

470 4492 637 4547 terior
664 4500 764 4546 est.
801 4489 955 4547 Unde
982 4499 1038 4546 et
1065 4491 1390 4562 praedicator
1420 4494 1667 4563 egregius
1693 4492 1931 4562 ejusdem
1963 4493 2071 4549 Rc-

471 4582 769 4653 demptoris
793 4581 1041 4642 laudibus
1072 4583 1346 4651 insistens,
1383 4583 1549 4638 dicit:
1579 4583 1721 4639 Talis
1752 4583 1982 4649 decebat,
2014 4595 2069 4638 ut

2177 3399 2317 3455 Hinc
2357 3413 2590 3469 namque
2617 3407 2699 3454 est
2719 3436 2735 3461 ,
2772 3398 2915 3468 quod
2946 3399 3333 3455 immolationis
3357 3414 3469 3453 sua:
3512 3408 3752 3468 tempore

2175 3493 2336 3549 dicit:
2369 3492 2553 3546 Tristis
2582 3499 2660 3545 est
2683 3493 2859 3545 anima
2884 3508 2998 3547 mea
3018 3508 3174 3563 usque
3203 3491 3271 3545 ad
3301 3499 3517 3546 mortem
3541 3489 3754 3562 (Matth.

2175 3601 2331 3651 xxvi,
2356 3582 2457 3651 58;
2497 3582 2668 3639 Marc.
2719 3600 2827 3651 xw,
2853 3583 2921 3638 ’54
2939 3585 2978 3653 ),
3003 3583 3173 3641 Electi
3196 3598 3325 3652 ergo
3349 3584 3766 3652 uniuscujusque

2175 3674 2296 3729 ﬁnis
2324 3674 2451 3731 dum
2500 3674 2620 3730 loco
2669 3674 2996 3742 ostenditur,
3025 3674 3208 3730 subter
3259 3674 3545 3739 Bethchar,
3575 3672 3630 3726 id
3677 3680 3760 3726 est

2178 3767 2343 3823 domo
2369 3767 2493 3837 agni
2514 3782 2636 3825 esse
2664 3758 3016 3835 memoratur;
3035 3770 3157 3838 quia
3183 3769 3357 3824 sancti
3386 3769 3488 3824 viri
3516 3783 3635 3823 cum
3664 3782 3756 3837 per

2176 3859 2365 3914 mortis
2396 3874 2611 3929 poenam
2653 3860 2970 3931 temporalia
2999 3860 3258 3915 deserunt
3277 3901 3292 3927 ,
3319 3860 3387 3916 de
3416 3861 3588 3917 vicino
3618 3874 3762 3929 prte-

2180 3953 2511 4006 eminentem
2534 3952 2633 4005 sibi
2659 3968 2949 4023 supernam
2981 3953 3209 4023 patriam
3228 3952 3767 4010 conscendunt.Nam

2177 4044 2415 4111 Paulus,
2450 4045 2787 4101 confidenter
2814 4061 3092 4111 asserens,
3122 4046 3276 4103 dicit:
3311 4046 3544 4111 Scimus,
3573 4049 3700 4116 quia
3728 4046 3769 4098 si

2177 4140 2431 4193 terrestris
2478 4139 2659 4195 domus
2705 4148 2885 4195 nostra
2915 4140 3249 4208 dissolvatur,
3282 4139 3523 4193 habemus
3561 4138 3769 4191 habita-

2175 4230 2345 4286 culum
2375 4246 2441 4286 επ
2500 4230 2607 4286 Deo
2633 4276 2648 4301 ,
2681 4248 2785 4287 non
2839 4233 3196 4302 manufactunt
3244 4230 3299 4285 in
3335 4231 3462 4285 caelo
3509 4227 3605 4301 (II
3646 4229 3766 4283 Cor.

2174 4338 2232 4392 v,
2277 4322 2368 4393 i).
2398 4322 2565 4393 Igitur
2605 4339 2777 4395 usque
2817 4323 2884 4379 ad
2932 4324 3111 4379 locum
3134 4327 3164 4389 ,‘
3192 4323 3281 4393 qui
3318 4332 3402 4378 est
3439 4321 3624 4377 subter
3674 4321 3770 4376 do-

2172 4431 2265 4471 mo
2292 4417 2451 4486 agni,
2484 4415 2823 4473 Philisthaeos
2870 4416 3158 4483 catdimus,
3213 4417 3260 4471 si
3305 4415 3540 4486 quandiu
3583 4414 3644 4468 in
3672 4414 3770 4468 hac

2176 4508 2287 4561 vita
2344 4523 2571 4576 sumus,
2615 4508 2688 4565 de
2725 4509 2977 4579 malignis
3026 4508 3304 4581 epiritibtts
3354 4506 3768 4578 triumphamus.

2175 4599 2435 4669 Sequitur
2463 4616 2477 4654 :

471 4670 620 4726 nobis
651 4681 786 4725 esset
826 4671 1065 4742 pontifex
1095 4680 1327 4737 sanctus,
1352 4672 1622 4739 innocens,
1640 4674 1958 4740 impollutus,
1984 4690 2064 4728 se-
2092 4677 2151 4744 Ῑ)
2247 4689 2425 4759 (γεγε,
2462 4688 2579 4760 p2.)
2614 4689 2754 4744 Tum
2780 4698 2953 4746 autem
2994 4690 3209 4746 δαηιηει
3238 4690 3465 4761 lapidem
3491 4704 3653 4743 unum
3674 4728 3693 4756 ’
3722 4695 3773 4743 ει

470 4772 714 4837 gregatus
761 4780 795 4817 α
822 4762 1199 4835 peccatoribus,
1229 4771 1277 4817 et
1306 4764 1557 4819 excelsior
1592 4767 1733 4820 ctelis
1765 4768 1951 4839 factus,
1981 4768 2071 4839 qui

470 4874 575 4911 non
607 4856 757 4911 habet
776 4857 1154 4923 necessitatem,
1180 4857 1313 4909 sicut
1333 4857 1649 4926 sacerdotes,
1669 4859 1814 4927 prius
1836 4876 1932 4925 pro
1963 4861 2069 4914 suis

473 4949 673 5003 delictis
710 4949 906 5004 hostias
956 4949 1147 5020 offerre
1178 4948 1367 5021 (Hebr.
1397 4966 1491 5015 vn,
1522 4950 1610 5015 26,
1650 4950 1763 5022 27).
1816 4952 1947 5019 Quis
1990 4960 2071 5008 est

474 5057 602 5111 ergo
632 5040 780 5096 locus
810 5043 996 5097 subter
1032 5041 1323 5107 Bethcliar,
1374 5042 1441 5096 ad
1490 5058 1650 5111 quem
1680 5059 1849 5115 usque
1878 5043 2070 5101 Philis-

474 5132 629 5187 thiim
657 5132 884 5199 caedere,
912 5140 967 5188 et
998 5133 1250 5204 persequi
1279 5132 1570 5189 debemus?
1600 5132 1705 5189 Sed
1730 5136 1777 5189 si
1802 5135 2071 5192 Bethchar

474 5226 859 5296 perfectionem
887 5225 1065 5297 signat
1090 5224 1385 5282 Dominica:
1412 5228 1859 5296 conversationis,
1890 5229 2067 5283 locum

474 5321 659 5377 subter
710 5322 1005 5399 Bcthchar,
1052 5337 1392 5379 communem
1431 5320 1753 5377 Sanctorum
1802 5338 2067 5378 summam

476 5414 726 5482 exprimit
746 5413 1063 5470 sanctitatis.
1090 5412 1190 5485 Qui
1215 5423 1267 5470 et
1288 5415 1463 5470 eidem
1486 5413 1832 5485 Redemptori
1857 5430 1914 5470 se
1937 5417 2067 5471 obe-

476 5502 670 5555 diendo
700 5504 979 5559 humiliant
998 5548 1014 5574 ,
1039 5513 1093 5561 et
1113 5506 1229 5576 ejus
1251 5505 1434 5576 gloriae
1457 5521 1553 5578 per
1576 5506 1811 5561 studium
1841 5507 1962 5561 vita)
1994 5508 2071 5563 in-

476 5595 722 5649 nocentis
739 5598 1192 5667 approtiinquant.
1218 5598 1394 5654 Locus
1416 5599 1578 5663 enim,
1595 5597 1687 5667 qui
1703 5597 1887 5653 subter
1902 5597 2066 5655 Beth-

478 5686 607 5741 cliar
625 5686 760 5742 situs
782 5689 1101 5757 ostenditur,
1120 5692 1290 5745 eidem
1312 5692 1432 5747 loco
1449 5692 1533 5747 cui
1555 5690 1761 5760 subest,
1779 5699 1832 5745 et
1849 5691 2069 5747 interior

478 5798 595 5837 esse
641 5782 1005 5853 cognoscitur,
1038 5791 1092 5836 et
1131 5786 1375 5841 vicinus:
1419 5786 1542 5857 quia
1572 5785 1746 5840 sancti
1776 5785 1911 5851 viri,
1959 5796 2067 5855 quo

481 5872 591 5930 διο
617 5892 711 5941 per
732 5877 853 5931 eum
883 5874 1217 5934 altitudinem
1249 5878 1310 5932 τὶς
1334 5877 1403 5931 iiii
1436 5888 1587 5947 sunt,
1616 5894 1679 5935 eo
1716 5886 1767 5935 et
1795 5876 2065 5934 humiliori
2112 5954 2143 5955 ᾗ

2175 4780 2346 4851 posuit
2382 4795 2497 4833 eum
2540 4779 2674 4835 inter
2702 4777 2983 4849 Masphath
3010 4789 3058 4834 et
3100 4779 3243 4846 Sen;
3273 4788 3322 4834 et
3356 4780 3548 4834 vocavit
3576 4794 3767 4833 nomen

2174 4873 2285 4942 ejus
2328 4870 2487 4943 Lapis
2538 4871 2799 4941 Atljutorii
2824 4914 2840 4941 ,
2874 4871 3143 4944 dixitque;
3176 4871 3455 4944 [lucusque
3481 4872 3769 4927 auxiliatus

2175 4973 2251 5018 est
2278 4962 2426 5017 nobis
2458 4961 2731 5018 Dominus.

2251 5052 2343 5107 22.
2386 5050 2547 5120 Lapis
2594 5051 2648 5105 in
2687 5065 2845 5107 sacro
2896 5050 3113 5118 eloquio
3168 5050 3501 5118 Dominum,
3544 5060 3597 5107 et
3655 5051 3769 5107 Re—

2177 5141 2514 5213 demptorem
2556 5149 2801 5197 nostrum
2848 5139 3134 5211 signiﬁcat.
3187 5141 3347 5213 Lapis
3392 5159 3520 5200 vero
3564 5159 3708 5199 unus
3740 5159 3770 5197 a

2177 5233 2427 5290 Samucle
2454 5232 2678 5299 tollitur,
2705 5248 2825 5289 cum
2857 5248 2888 5289 a
2910 5243 3111 5288 sanctae
3131 5231 3384 5289 Ecclesia:
3416 5233 3773 5303 prtedicatorc

2178 5324 2557 5395 Redemptoris
2605 5324 2862 5380 fortitudo
2905 5324 3248 5393 singulariter
3290 5326 3627 5395 praedicatur.
3666 5324 3770 5389 Qui

2175 5417 2422 5491 profecto
2453 5418 2595 5474 inter
2623 5418 2908 5489 Masphath
2959 5428 3013 5473 et
3060 5417 3167 5475 Sen
3198 5420 3525 5490 praetigitnr:
3555 5419 3683 5489 quia
3717 5418 3773 5471 iu

2176 5513 2300 5567 vitae
2352 5511 2498 5566 exitu
2552 5510 2759 5566 electos
2803 5510 3081 5580 protegit,
3124 5513 3390 5580 r'eprohos
3449 5507 3766 5577 confringit.

2173 5604 2281 5660 Sen
2332 5604 2531 5676 quippe
2579 5603 2825 5658 excussio
2872 5602 3086 5657 dicitur.
3131 5601 3356 5657 Excussi
3406 5611 3583 5657 autem
3636 5607 3765 5654 sunt

2173 5693 2432 5764 reprobi,
2465 5692 2515 5746 id
2545 5701 2627 5747 est
2669 5707 2701 5746 a
2750 5690 2986 5747 ﬁdelium
3035 5693 3298 5748 societate
3338 5692 3590 5763 separati.
3620 5689 3769 5747 Dum

2172 5800 2299 5854 ergo
2340 5800 2507 5854 usque
2558 5786 2627 5841 ad
2678 5786 2858 5843 locum
2909 5787 3096 5843 subter
3140 5785 3408 5842 Bcthcliar
3464 5783 3769 5840 Philisthmi

2172 5879 2292 5935 czcsi
2332 5878 2699 5951 perhibentur,
2734 5880 2869 5951 lapis
2910 5880 3051 5940 inter
3076 5879 3184 5941 Sen
3206 5888 3267 5941 ,ει
3304 5878 3580 5951 Masphath
3612 5891 3765 5947 pra:-
