4020 6344
316 428 425 490 215

1146 429 1213 488 ΙΝ
1250 428 1519 490 PRIMUM
1554 427 1797 490 REGUM
1835 425 2354 489 E-XPOSlTlONES.
2396 463 2465 475 -—
2505 433 2635 492 LIB.
2678 435 2763 491 Ill.

3494 436 3599 494 2M

310 554 455 611 fixus
501 550 787 609 asseritur:
838 550 967 625 quia
1015 547 1140 605 dum
1186 551 1343 607 electi
1383 550 1479 607 Dei
1503 550 1743 606 victoriae
1788 562 1900 604 suae
1927 538 1984 608 Α
2011 557 2090 603 tes
2120 548 2192 605 illi
2215 550 2351 606 radii
2381 544 2631 621 fulgentis
2668 544 3155 619 mternitatis?Qui
3180 557 3308 622 apte
3335 546 3601 611 Samuelis

312 646 530 701 titulum
577 643 631 697 in
673 642 782 698 fine
824 641 1161 712 percipiunt,
1203 639 1580 711 Redemptoris
1627 638 1828 710 judicio
1871 652 1903 694 a

313 740 585 796 malorum
632 737 890 793 societate
941 741 1279 806 separantur.
1328 732 1487 789 Modo
1534 747 1703 800 vero,
1758 731 1906 787 velut

314 833 375 889 in
405 846 532 887 area
558 827 887 885 frumentum
910 868 924 895 ,
957 832 1012 882 et
1036 826 1187 896 palea
1216 825 1375 881 simul
1403 840 1587 881 sumus
1608 865 1624 889 ,
1656 824 1748 881 sed
1778 825 1906 879 dum

314 922 387 981 ad
415 924 538 978 vita:
582 921 868 977 terminum
909 919 1173 985 ducimur,
1197 917 1355 973 electi
1387 932 1417 972 a
1448 916 1692 988 reprobis
1723 914 1905 970 Domi-

313 1017 438 1072 nica
485 1014 684 1068 virtute
735 1009 1058 1076 dividuntur,
1100 1012 1157 1065 et
1203 1008 1349 1064 velut
1377 1004 1517 1063 inter
1564 1021 1624 1063 se
1669 1006 1905 1077 lapidem

312 1108 517 1163 habent
562 1102 838 1170 medium,
878 1102 1003 1157 dum
1051 1100 1129 1155 illi
1173 1100 1384 1170 pondus
1438 1092 1813 1169 Redemptoris
1851 1096 1905 1152 in

316 1193 683 1252 damnationis
712 1207 822 1247 sua:
867 1189 1126 1261 judicium
1157 1191 1469 1257 sustinent,
1504 1197 1560 1243 et
1592 1188 1679 1244 isti
1705 1189 1757 1242 in
1788 1188 1905 1256 ejus

311 1284 625 1341 fortitudine
668 1291 885 1337 aeternae
934 1281 1118 1351 gloria
1162 1280 1371 1351 palmas
1421 1286 1628 1335 tenent.
1674 1279 1905 1336 Possunt

312 1391 413 1447 per
459 1374 564 1429 Sen
612 1374 777 1427 etiam
818 1371 1040 1439 maligni
1068 1369 1288 1439 spiritus
1334 1369 1625 1437 designari.
1676 1366 1905 1423 Excussi

310 1467 509 1538 quippe
547 1471 706 1531 sunt,
730 1463 855 1533 Quia
885 1478 916 1516 a
945 1462 1151 1517 cmlesti
1197 1468 1407 1516 secreto
1449 1475 1547 1530 per
1591 1458 1903 1530 superbiam

312 1561 560 1633 proiecti.
592 1555 657 1612 Et
674 1557 972 1627 quia-nunc
999 1556 1053 1610 in
1082 1554 1183 1610 hac
1205 1554 1316 1609 vita
1348 1552 1623 1609 uobiscum
1651 1552 1901 1623 przelian-

313 1661 421 1720 tur,
462 1654 623 1709 bene
655 1665 777 1706 cum
820 1647 1061 1704 victoriae
1109 1655 1307 1701 nostra:
1360 1650 1573 1716 tempus
1620 1644 1902 1715 asseritur,

311 1746 453 1817 lapis
478 1746 621 1801 inter
647 1758 748 1799 nos
791 1750 847 1799 et
884 1757 980 1797 eos
1007 1739 1218 1812 positus
1245 1738 1591 1813 perhibetur:
1623 1738 1749 1809 quia
1778 1752 1902 1794 cum

310 1838 513 1895 militia:
569 1844 767 1893 nostrae
827 1833 1083 1890 donativa
1140 1832 1505 1904 percipimus,
1552 1831 1694 1886 ultra
1746 1830 1903 1887 nobis

2009 655 2129 695 esse
2157 642 2490 697 referuntur:
2531 646 2655 715 quia
2684 646 2785 700 etsi
2806 660 3120 701 communes
3150 649 3277 699 sunt
3304 644 3602 702 electorum

2008 732 2270 801 omnium,
2318 734 2533 803 speciali
2579 735 2809 805 quadam
2850 735 3018 804 gratia
3074 734 3143 789 ad
3186 735 3377 804 gaudia
3422 736 3602 793 lucent

2008 825 2438 893 praedicatorum.
2482 825 2577 881 Vel
2624 835 2771 883 certe
2811 827 3227 898 pmdicatomm
3265 835 3422 895 sunt,
3475 830 3602 899 quia

2008 914 2297 984 specialius
2326 930 2514 971 eorum
2559 908 2831 973 mentibus
2858 916 3081 985 fulgent,
3130 928 3362 985 quorum
3401 918 3602 987 praedi-

2009 1006 2222 1061 catione
2248 1021 2388 1061 nunc
2414 1015 2612 1064 sancta:
2638 1006 2891 1065 Ecclesia:
2914 1008 3372 1063 demonstrantur.
3408 1008 3596 1064 Manus

2009 1106 2187 1154 autem
2216 1098 2428 1156 Domini
2459 1114 2619 1172 super
2664 1100 3001 1157 Philisthmos
3038 1099 3245 1156 cunctis
3269 1098 3459 1155 diebus
3494 1100 3598 1155 Sa-

2008 1188 2201 1246 muelis
2248 1186 2387 1246 facta
2417 1192 2750 1262 perhibetur,
2781 1191 2903 1262 quia
2937 1192 3116 1248 divina
3160 1197 3400 1263 potestas
3429 1192 3604 1247 malos

2007 1282 2226 1351 spiritus
2265 1297 2481 1354 semper
2525 1284 2799 1354 opprimit,
2832 1299 2948 1354 qua:
2978 1284 3033 1339 in
3079 1291 3295 1339 aeterme
3340 1282 3604 1338 claritatis

2006 1375 2179 1443 gloria
2224 1378 2387 1433 etiam
2438 1378 2641 1433 electos
2686 1377 2989 1432 exhilarare
3041 1391 3315 1447 nunquam
3363 1374 3600 1430 desistit.

2008 1467 2160 1525 Tunc
2180 1485 2309 1525 vero
2340 1471 2651 1539 angelorum
2698 1469 2894 1525 damna
2922 1478 3262 1540 reparantur,
3291 1484 3414 1524 cum
3448 1466 3606 1539 quid-

2008 1561 2135 1632 quid
2161 1562 2227 1616 de
2257 1561 2445 1618 ordine
2474 1561 2811 1619 conditorum
2841 1562 3125 1633 spirituum
3150 1602 3166 1629 ,
3194 1572 3386 1619 eorum
3411 1576 3604 1632 super-

2005 1653 2096 1709 bia
2125 1653 2392 1710 sublatum
2418 1654 2736 1711 beatitudini
2767 1652 2964 1727 fuerat,
2992 1655 3061 1715 de
3081 1654 3268 1713 electis
3295 1650 3605 1713 hominibus

2007 1746 2351 1816 adimpletur.
2382 1746 2561 1814 Quare
2590 1749 2831 1818 sequitur
2859 1767 2874 1805 :

2010 1858 2187 1931 (Vers.
2222 1856 2336 1927 14.)
2358 1856 2429 1914 Et
2460 1858 2679 1916 reddita:
2704 1867 2825 1917 sunt
2848 1860 3022 1929 urbes,
3056 1876 3185 1934 quas
3213 1856 3442 1918 tulerant
3472 1856 3607 1916 Plii-

305 1944 500 1987 eorum
525 1929 710 2000 praelia
740 1940 1078 1998 nequaquam
1104 1932 1450 1981 renovantur.
1475 1922 1692 1980 Samuel
1717 1928 1900 1979 autem
1929 1922 1977 1991 Β
2005 1922 2222 2004 ίίδιιιεειη
2251 1922 2459 2005 Ῑδέαειί,

309 2021 457 2078 hunc
487 2020 715 2091 lapidem
736 2019 793 2074 in
820 2018 1055 2074 medium
1083 2017 1267 2087 ponit:
1298 2017 1421 2088 quia
1449 2014 1903 2085 nobisItedemp-

229 2172 232 2174 γ
308 2112 450 2167 toris
481 2112 651 2167 nostri
676 2110 969 2165 bonitatem
997 2115 1197 2163 sanctae
1222 2106 1479 2163 Ecclesia:
1507 2106 1695 2161 doctor
1722 2111 1907 2160 osten-

311 2203 414 2259 dit.
448 2203 517 2257 Et
545 2203 671 2271 quia
695 2215 858 2258 omne
879 2242 894 2268 ,
918 2201 1056 2271 quod
1088 2213 1119 2255 a
1143 2201 1299 2255 nobis
1329 2201 1382 2255 in
1406 2199 1553 2255 omni
1585 2199 1693 2253 vita
1722 2205 1907 2253 nostra

306 2304 633 2371 pmsperum
683 2293 900 2362 geritur,
934 2292 1124 2348 divina:
1152 2292 1340 2361 gratiae
1388 2291 1732 2357 adscribitur,
1782 2296 1909 2360 apte

306 2384 382 2439 ab
426 2396 497 2439 eo
526 2383 661 2455 lapis
704 2383 795 2437 ille
818 2424 833 2450 ,
863 2384 955 2454 qui
985 2384 1038 2438 in
1064 2382 1243 2438 medio
1271 2382 1496 2449 sistitur,
1530 2380 1690 2452 Lapis
1734 2380 1913 2451 Adju-‘

310 2476 440 2532 torii
482 2483 727 2531 vocatur.
752 2474 874 2545 ipse
903 2483 987 2532 est
1033 2490 1268 2545 namque
1297 2474 1456 2545 Lapis
1499 2473 1781 2544 Adjutorii,
1813 2473 1911 2543 qui

308 2566 361 2624 si
408 2566 565 2624 nobis
588 2566 879 2624 subvenire
927 2569 1081 2639 172
1127 2567 1385 2632 noluerit,
1411 2566 1555 2621 vinci
1578 2578 1864 2636 possumus
1887 2600 1905 2629 ,

308 2657 532 2715 vincere
580 2658 884 2726 nequimus.
934 2657 1013 2715 De
1051 2672 1161 2727 quo
1180 2656 1293 2728 jam
1331 2658 1387 2712 in
1437 2656 1672 2712 medium
1725 2655 1906 2726 posito

311 2748 549 2807 dicitur:
601 2745 773 2819 Usque
823 2746 919 2802 huc
969 2748 1253 2802 auxiliatus
1301 2753 1378 2801 est
1426 2744 1573 2802 nobis
1608 2744 1904 2813 Dominus;

308 2840 439 2911 quia
488 2838 605 2907 eius
654 2840 906 2913 przcsidia
960 2840 1167 2897 electos
1207 2854 1335 2895 suos
1360 2853 1533 2908 usque
1578 2837 1647 2892 ad
1690 2846 1909 2894 eterna:

312 2930 685 2989 retributionis
733 2939 983 3001 tempora
1029 2936 1450 3001 persequuntur.
1506 2927 1574 2985 Et
1623 2927 1790 2999 quia,
1846 2935 1911 2989 ut

310 3022 551 3079 diximus
573 3065 591 3093 ,
625 3022 739 3093 jam
770 3031 899 3079 tunc
917 3037 946 3077 a
977 3022 1132 3078 nobis
1162 3022 1215 3077 iu
1243 3030 1445 3078 aeterna
1471 3021 1659 3091 requie
1688 3035 1908 3092 suscep-

309 3114 385 3169 tis
406 3154 423 3180 ,
448 3129 478 3169 a
504 3114 773 3185 depressis
801 3114 1053 3172 hostibus
1078 3114 1265 3185 praelia
1295 3112 1444 3171 nulla
1473 3120 1909 3179 commoventur,

311 3205 584 3274 sequitur:

2079 2038 2167 2092 25.
2203 2038 2375 2094 Urbes
2423 2039 2646 2095 sublatae
2690 2047 2816 2095 sunt
2841 2040 2946 2096 ill:e
2986 2038 3210 2112 perdita:
3235 2039 3608 2098 multitudines

2008 2127 2345 2196 angelorum.
2379 2120 2486 2183 Sed
2518 2134 2644 2185 tunc
2687 2128 3013 2199 redduntur,
3067 2132 3284 2201 quando
3332 2130 3400 2186 de
3435 2131 3608 2189 electa

2008 2226 2201 2274 natura
2221 2219 2458 2274 humana
2487 2221 2795 2287 assumitur,
2821 2221 2962 2278 unde
2990 2221 3136 2292 quod
3168 2222 3237 2277 de
3275 2222 3478 2292 angelis
3505 2238 3607 2294 pc-

2009 2311 2118 2375 riit,
2149 2310 2486 2382 suppleatur.
2517 2312 2671 2380 Quod
2701 2316 2865 2371 etiam
2894 2316 2947 2371 in
2987 2316 3345 2374 conversione
3370 2317 3605 2385 ﬂagitio-

2008 2417 2193 2457 sorum
2217 2401 2495 2458 hominum
2540 2406 2713 2477 accipi
2762 2416 3148 2463 convenienter
3189 2417 3389 2479 potest.
3441 2406 3612 2465 Urbes

2010 2502 2245 2562 namque
2297 2490 2619 2552 Philisthiim
2674 2498 2899 2566 tollunt,
2956 2515 3081 2555 cum
3136 2500 3320 2556 unitas
3368 2500 3608 2557 fidelium

2009 2593 2220 2641 mentes
2242 2588 2501 2644 tentando
2548 2589 2845 2660 decipiunt,
2876 2598 2930 2647 et
2972 2590 3074 2647 sibi
3102 2606 3194 2646 eas
3222 2592 3461 2663 peccatis
3509 2593 3609 2646 itu-

2011 2679 2304 2747 mergendo
2332 2690 2663 2753 supponunt.
2695 2681 2803 2739 Sed
2848 2684 3042 2740 ablatae
3070 2686 3234 2741 urbes
3254 2682 3441 2741 lSraeli
3487 2685 3609 2741 red-

2012 2768 2265 2824 duntur:
2324 2773 2448 2841 quia
2502 2773 2580 2829 sic
2629 2774 2685 2829 in
2749 2775 2853 2829 hac
2905 2774 3013 2831 vita
3061 2776 3386 2848 ptenitentes
3444 2776 3606 2832 satis-

2012 2856 2237 2928 faciunt,
2268 2871 2330 2917 ut
2372 2864 2423 2917 in
2451 2866 2675 2935 perenni
2712 2866 2879 2935 gloria
2910 2869 3177 2939 Splendidi
3215 2871 3283 2925 ad
3313 2871 3610 2926 electorum

2012 2946 2263 3018 gaudium
2320 2952 2698 3009 exhibeantur.
2741 2956 2876 3022 Quia
2916 2972 3047 3013 vero
3087 2973 3195 3013 non
3247 2958 3462 3024 solum,
3518 2959 3611 3029 qui

2012 3052 2173 3110 agere
2201 3043 2341 3098 bona
2368 3044 2663 3115 negligunt,
2687 3046 2785 3101 sed
2812 3047 2996 3115 etiam,
3025 3050 3116 3119 qui
3148 3048 3487 3106 abundanter
3512 3049 3612 3106 ini—

2009 3133 2272 3203 quitatem
2304 3134 2531 3204 faciunt,
2561 3139 2875 3208 pmnite'ndo
2904 3140 3201 3206 salvantur,
3226 3141 3504 3204 subditur;
3605 3200 3613 3206 _

2084 3225 2263 3297 (Vers.
2296 3224 2412 3300 14.)
2438 3226 2515 3281 Ab
2544 3229 2778 3285 Accaron
2799 3249 2959 3304 usque
2987 3232 3140 3289 Geth.

385 3319 564 3389 (Vera.
600 3318 719 3387 15).
750 3316 821 3375 Et
853 3318 1110 3374 humiliati
1147 3324 1267 3373 sunt
1318 3315 1671 3383 Philiatltiim,
1698 3332 1794 3373 nec
1820 3333 1909 3389 ap-
1930 3298 1982 3375 Ο
2080 3315 2170 3372 26.
2202 3298 2448 3374 Accaron
2477 3318 2675 3377 dicitur
2693 3298 2913 3391 sterilis,
2941 3324 3081 3379 Geth
3102 3322 3361 3381 torcular.
3392 3324 3615 3379 Sterilea

314 3419 604 3484 posuerunt
632 3450 650 3478 ,
680 3420 735 3464 ut
762 3412 990 3465 uenirent
1018 3410 1158 3465 ultra
1178 3412 1234 3464 in
1263 3410 1511 3465 terminos
1535 3407 1727 3463 Israel.

384 3503 474 3558 25.
515 3502 643 3559 Hac
687 3501 935 3573 profecto
954 3503 1033 3558 sic
1075 3502 1369 3558 electorum
1413 3499 1743 3569 singulorum
1769 3499 1912 3555 facta

313 3597 654 3667 exprimunt,
682 3604 742 3651 ut
768 3604 968 3651 saneta:
995 3594 1280 3650 catholica:
1299 3592 1557 3648 Ecclesiae
1583 3601 1639 3646 et
1666 3592 1911 3661 procinc-i

316 3697 433 3745 tum
471 3689 700 3743 innuant
745 3687 914 3757 belli,
945 3694 1004 3742 et
1029 3686 1224 3757 gaudia
1262 3684 1732 3741 remunerationis.
1761 3683 1915 3741 Hanc

317 3795 555 3851 namque
584 3780 905 3835 universalis
938 3776 1189 3834 Ecclesia:
1214 3776 1497 3832 victoriam
1533 3776 1642 3846 jam
1671 3784 1796 3846 post
1822 3790 1915 3832 rec

316 3875 675 3931 surreetionis
702 3884 902 3930 nostra:
928 3873 1158 3943 gloriam
1184 3872 1420 3927 futuram
1444 3911 1461 3939 ,
1495 3870 1686 3925 beatus
1717 3868 1918 3925 Paulus

320 3970 596 4035 ostendit;
622 3968 745 4039 qui,
773 3968 927 4038 quasi
971 3967 1164 4023 futura:
1206 3962 1599 4034 incorruptioni
1646 3978 1915 4032 prmsens,

324 4062 491 4119 morti
517 4062 836 4129 insultabat‘,
860 4061 1045 4115 dicens
1070 4078 1083 4113 :
1114 4058 1378 4130 Absorpta
1406 4064 1482 4112 eat
1507 4072 1648 4112 more
1675 4058 1732 4110 in
1756 4058 1921 4111 uicto-

322 4158 407 4212 ria
429 4157 453 4209 ?
478 4153 562 4208 ubi
591 4164 665 4210 est
694 4170 835 4209 more
874 4153 1090 4208 uictoria
1122 4154 1244 4206 tua?
1273 4149 1359 4204 ubi
1399 4156 1475 4204 est
1511 4165 1653 4203 more
1678 4148 1917 4202 stimulus

321 4256 443 4301 tuus
495 4245 559 4317 (I
594 4245 711 4301 Cor.
771 4261 861 4308 xv,
895 4243 1004 4307 54,
1035 4242 1183 4313 55)?
1234 4242 1556 4297 Humiliatos
1588 4241 1754 4295 etiam
1791 4238 1919 4293 Phio

282 4392 285 4393 ν
320 4336 564 4393 ὶὶειὺωοε
604 4336 770 4392 vidit:
798 4337 925 4406 quia
946 4343 1319 4404 apostatarum
1348 4332 1665 4401 angelorum
1709 4345 1923 4385 memo-

322 4446 484 4496 rans,
507 4430 574 4485 ad
605 4442 848 4484 amorem
880 4429 1073 4483 futurae
1097 4425 1375 4496 dignitatis
1403 4425 1606 4479 electos
1643 4422 1923 4489 accendit,

324 4523 512 4579 dicens
551 4539 566 4576 :
621 4522 702 4575 An
756 4521 986 4586 nescitis,
1042 4520 1165 4591 quia
1209 4518 1423 4588 angelos
1467 4516 1816 4587 judicabimua
1859 4512 1925 4582 (Ι

324 4613 450 4669 Cor.
468 4630 543 4679 vr,
566 4612 660 4683 3)?
686 4610 838 4667 'lunc
864 4612 1065 4680 quippe
1095 4608 1392 4663 Philisthaei
1416 4607 1784 4673 humiliantur,
1800 4618 1924 4661 cum

2014 3406 2230 3477 quidem
2260 3416 2403 3473 sunt,
2433 3409 2524 3478 qui
2555 3410 2696 3465 bona
2727 3426 2895 3481 opera
2918 3429 3026 3467 non
3048 3421 3228 3480 agunt.
3253 3412 3312 3465 In
3352 3413 3610 3467 torculari

2016 3505 2198 3553 autem
2222 3508 2326 3552 uva
2354 3500 2636 3568 premitur,
2668 3509 2723 3555 et
2749 3502 2933 3555 vinum
2968 3511 2994 3537 θ
3026 3502 3414 3572 promulgatur.
3454 3502 3611 3577 173

2016 3588 2158 3656 Quid
2181 3597 2265 3646 est
2291 3598 2473 3646 autem
2496 3592 2931 3665 concupiscentia
2949 3593 3238 3659 szecularis,
3262 3592 3364 3648 nisi
3392 3608 3494 3648 uva
3521 3608 3613 3648 re-

2017 3681 2202 3753 proba:
2240 3684 2480 3740 mentis?
2509 3684 2648 3751 Quid
2693 3702 2821 3741 vero
2852 3694 2934 3742 est
2962 3686 3142 3743 fervor
3182 3687 3464 3758 peccandi,
3514 3687 3619 3744 nisi

2018 3774 2199 3845 liquor
2226 3776 2354 3842 vini,
2381 3778 2471 3848 qui
2502 3781 2805 3850 peccatoris
2830 3788 3068 3836 mentem
3090 3788 3415 3836 mternorum
3441 3781 3616 3837 bono-

2020 3884 2138 3924 rum
2168 3870 2541 3928 immemorem
2570 3871 2741 3929 facit?
2771 3873 2907 3929 Dum
2948 3874 3095 3930 enim
3124 3890 3191 3930 cx
3223 3874 3616 3946 concupiscen-

2020 3963 2095 4017 tia
2126 3962 2301 4019 cordis
2321 3973 2603 4034 peccatum
2632 3975 2958 4037 generatur,
2987 3968 3141 4036 quasi
3166 3968 3220 4023 in
3264 3968 3519 4023 torculari
3550 3966 3620 4026 de

2021 4068 2125 4109 uva
2144 4056 2329 4110 vinum
2350 4056 2683 4126 producitur.
2714 4058 2795 4114 Ab
2826 4060 3071 4114 Accaron
3102 4073 3232 4126 ergo
3261 4074 3431 4129 usque
3478 4058 3618 4114 Getb

2022 4144 2249 4200 sublata:
2288 4147 2447 4202 urbes
2489 4144 2672 4203 lsraeli
2716 4147 3057 4203 redduntur:
3091 4148 3217 4215 quia
3265 4147 3408 4201 bona
3461 4160 3621 4215 agere

2025 4239 2410 4308 negligentium
2431 4284 2444 4307 ,
2472 4249 2528 4295 et
2553 4241 2695 4295 mala
2726 4240 2984 4296 audacter
3012 4242 3439 4313 perpetrantinm
3468 4256 3621 4297 men-

2026 4335 2130 4394 tes,
2183 4344 2301 4397 qua:
2350 4330 2666 4400 paenitendo
2710 4328 2777 4385 ad
2826 4331 3109 4387 Dominum
3163 4332 3325 4388 modo
3372 4333 3621 4401 redeunt,

2027 4425 2159 4475 tunc
2194 4421 2247 4475 in
2292 4423 2563 4477 communi
2608 4423 2904 4479 electorum
2958 4426 3130 4496 gloria
3186 4426 3477 4497 splendidae
3522 4427 3621 4483 de-

2029 4518 2416 4567 monstrantur.
2472 4512 2672 4570 Earum
2717 4515 2917 4587 quippe
2962 4518 3105 4573 mala
3134 4517 3187 4573 in
3225 4516 3323 4574 Dei
3359 4517 3621 4581 memoria

2029 4616 2371 4672 nequaquam
2398 4603 2640 4671 veniunt,
2672 4622 2791 4677 quae
2836 4608 2936 4679 ipsi
2972 4610 3303 4681 poenitentia:
3331 4610 3625 4667 afﬂictione

325 4706 385 4763 in
427 4712 728 4775 praeparata
756 4704 860 4759 sibi
898 4703 967 4757 ab
1005 4701 1213 4771 origine
1240 4698 1425 4755 mundi
1451 4700 1641 4754 tetemi
1671 4699 1809 4768 ignis
1838 4699 1921 4754 in-
1944 4690 2001 4760 D
2022 4696 2205 4754 delere
2234 4696 2389 4754 obliti
2416 4716 2525 4755 non
2553 4709 2701 4758 sunt.
2724 4702 2980 4773 Sequitur
3012 4722 3027 4756 :

324 4794 525 4852 cendia
577 4793 853 4849 daemones
899 4791 1213 4847 mittuntur.
1241 4786 1308 4843 Et
1355 4789 1409 4844 in
1453 4789 1718 4844 terminos
1761 4789 1928 4846 lsrael

325 4886 518 4940 venire
546 4885 769 4940 ulterius
796 4898 906 4939 non
936 4890 1212 4951 apponunt
1230 4880 1380 4951 :quia
1400 4879 1468 4934 ad
1497 4879 1753 4936 tentanda
1782 4880 1928 4935 elec-

330 4986 514 5032 torum
560 4976 721 5031 corda
764 4990 876 5030 non
913 4982 1136 5029 exeunt.
1162 4971 1266 5038 Qui
1314 4980 1494 5027 autem
1538 4979 1666 5027 sunt
1710 4971 1928 5029 lsraelis

332 5067 593 5136 termini,
618 5067 720 5124 nisi
761 5065 919 5122 cmli?
945 5062 1230 5132 Quomodo
1258 5070 1440 5117 autem
1468 5061 1597 5117 mali
1623 5062 1844 5132 spiritus
1872 5063 1928 5120 in

333 5159 546 5214 lsraclis
578 5160 837 5215 terminos
857 5159 1110 5226 venient,
1134 5157 1228 5228 qui
1252 5155 1332 5212 sic
1358 5156 1413 5211 in
1436 5152 1631 5210 inferni
1658 5155 1928 5225 profundo

336 5254 578 5309 damnati
601 5260 765 5320 sunt,
791 5262 901 5307 uta
930 5250 1323 5309 communione
1349 5263 1630 5321 prunarum
1651 5263 1929 5319 nunquam

334 5346 665 5413 resurgant?
688 5343 824 5411 Quia
872 5357 1003 5413 ergo
1029 5352 1235 5401 aeterna
1263 5340 1617 5414 oppressione
1661 5340 1929 5412 dejiciun-

336 5444 450 5503 tur,
481 5444 609 5505 apte
635 5433 968 5490 subinfertur
992 5452 1008 5489 :

413 5526 592 5600 (Vera.
621 5528 738 5598 i3).
784 5526 955 5581 Facta
1002 5526 1547 5599 nt,inquit,mamta
1585 5522 1801 5582 Domini
1847 5540 1931 5582 au-

336 5636 435 5677 uer
464 5619 800 5677 Philistum:
825 5620 1025 5674 cunctis
1052 5617 1229 5674 diebus
1260 5619 1544 5676 Samuelis.

2059 4790 2278 4933 ἡμεῖς.
2312 4790 2425 4863 14.)
2466 4789 2694 4865 Eratque
2737 4811 2843 4865 pax
2888 4796 3023 4851 inter
3052 4793 3309 4851 Israetem
3344 4802 3395 4848 et
3438 4792 3623 4847 Amore

2094 4897 2245 4933 arum.

2029 4896 2245 4935 marum.

2101 4972 2190 5027 27.
2233 4971 2364 5041 ρυω
2382 4980 2466 5029 est
2493 4958 2594 5029 ista
2618 4984 2744 5043 pax,
2772 4972 2877 5028 nisi
2902 4988 3064 5043 quam
3085 4973 3351 5043 prepheta
3371 4968 3623 5028 Michaeas

2032 5065 2243 5134 asserit,
2271 5068 2458 5123 dicens
2489 5083 2502 5120 :
2546 5064 2616 5120 Et
2643 5067 2740 5120 erit
2758 5066 2855 5121 ista
2880 5082 2985 5137 pax.
3020 5066 3075 5120 in
3108 5074 3261 5131 terra,
3290 5081 3406 5119 cum
3432 5064 3624 5119 venerit

2033 5158 2218 5231 (Miclt.
2243 5174 2297 5226 v,
2326 5157 2403 5229 5).
2434 5158 2571 5214 Hine
2599 5157 2800 5214 Paulus
2828 5158 2905 5212 ait
2937 5174 2950 5211 :
2984 5157 3107 5227 Ipse
3135 5166 3209 5211 est
3248 5171 3354 5228 pan:
3397 5162 3578 5210 nostra
3606 5194 3625 5224 ,

2030 5252 2117 5321 qui
2141 5251 2267 5323 facit
2287 5260 2502 5325 utraque
2522 5268 2681 5307 unum
2712 5248 2874 5325 (Eph.
2895 5265 2956 5319 tt,
2987 5248 3099 5321 14).
3130 5249 3269 5317 Quid
3294 5256 3379 5304 est
3402 5255 3583 5302 autem
3616 5291 3632 5317 ,

2030 5343 2178 5413 quod
2202 5345 2342 5401 inter
2366 5344 2639 5411 lsraelem,
2668 5352 2724 5399 et
2751 5342 3121 5399 Amorrhaeum
3152 5357 3257 5412 pax
3283 5337 3587 5396 ostenditur
3611 5339 3635 5393 2

2030 5433 2138 5491 Sed
2165 5435 2294 5505 quid
2342 5450 2438 5507 per
2466 5436 2860 5501 Amorrhteum,
2892 5434 2994 5490 nisi
3041 5448 3165 5504 pars
3204 5431 3483 5487 hominum
3530 5445 3621 5487 re-

2030 5527 2203 5597 proba
2230 5526 2572 5595 designatur?
2600 5525 2702 5593 Qui
2730 5539 2861 5582 vero
2888 5540 2984 5595 per
3022 5523 3273 5580 lsraelcm
3303 5522 3621 5594 figurantur,

2036 5618 2143 5675 nisi
2172 5619 2369 5675 electi?
2413 5617 2482 5673 Et
2508 5618 2634 5689 quia
2664 5617 2821 5675 electi
2851 5617 2906 5673 in
2947 5617 3175 5674 dextera
3222 5616 3353 5683 Dei,
3405 5611 3627 5686 reprobi

415 5711 507 5768 24.
537 5712 640 5779 Qui
666 5712 812 5769 enim
836 5717 964 5769 sunt
984 5709 1100 5767 dies
1126 5710 1256 5767 boni
1279 5711 1537 5783 doctoris,
1562 5710 1673 5772 nisi
1698 5724 1935 5772 vernan-
2037 5725 2169 5772 vero
2197 5713 2254 5769 in
2298 5710 2513 5769 sinistra
2554 5708 2720 5774 futuri
2762 5716 2890 5769 sunt
2915 5707 3130 5784 (Matth.
3182 5723 3310 5778 xxv,
3350 5704 3468 5778 53),
3499 5704 3624 5761 dum

425 5926 452 5956 δ
480 5916 644 5977 Forte
662 5917 968 5990 legendum,
1001 5912 1367 5989 promulgetur.
