4020 6344
479 392 582 453 215

1693 385 1937 446 SANCTI
1976 381 2302 440 GREGORII
2342 384 2555 442 MAGNI

3645 395 3749 450 9J6

474 529 584 590 pax
611 523 730 568 esse
755 506 898 565 inter
923 512 1183 576 utrosque
1210 502 1490 574 asseritur,
1528 509 1836 560 sanctorum
1875 502 2051 557 beati-
2080 497 2133 557 A
2156 513 2340 554 carere
2369 515 2475 554 non
2499 507 2739 569 possunt.
2774 497 2837 555 Et
2868 499 2995 570 quid
3025 515 3121 572 per
3147 499 3451 571 Maspbath,
3481 514 3602 572 quae
3623 518 3748 576 ape-

474 610 607 666 tudo
652 607 849 677 inclyta
898 605 1324 666 demonstratur;
1365 599 1456 670 qui
1492 598 1714 668 justitia:
1755 597 2059 654 Conditoris

471 710 624 758 tanta
649 699 901 768 aequitate
924 692 1271 757 conveniunt,
1304 699 1362 746 ut
1391 693 1459 747 de
1480 701 1771 763 conSpecta
1800 693 2058 764 reprobo-

470 808 591 851 rum
621 804 778 859 poena
809 787 952 842 nulla
981 784 1358 855 compassione
1387 791 1727 840 moveantur.
1765 783 1903 840 Dum
1929 798 2058 855 ergo

470 883 613 937 inter
641 878 916 947 lsraelem,
946 885 1004 933 et
1030 875 1403 932 Amorrhaeum
1432 891 1538 946 pax
1561 890 1682 931 esse
1711 876 2016 932 ostenditur
2039 921 2057 948 ,

468 988 578 1028 non
607 971 1008 1026 demonstratur
1034 968 1257 1033 bonum,
1281 967 1424 1036 quod
1451 981 1738 1022 commune
1761 983 1881 1022 cum
1903 984 2058 1025 sane-

469 1063 539 1117 tis
567 1062 803 1118 habeant
838 1060 1075 1132 reprobi,
1101 1059 1198 1114 sed
1224 1074 1332 1129 quo
1359 1059 1668 1115 muniantur
1696 1059 1877 1116 electi.
1910 1060 2059 1118 Unde

469 1165 527 1211 et
557 1156 658 1210 sub
699 1154 913 1212 lsraelis
941 1154 1120 1224 specie
1147 1167 1243 1226 per
1270 1153 1588 1224 prophetam
1625 1161 1824 1209 sancta:
1873 1152 2058 1210 Eccle-

467 1248 563 1304 sia:
590 1246 1015 1317 repromittitur:
1037 1244 1137 1310 Qui
1157 1247 1324 1316 posuit
1349 1247 1482 1316 ﬁnes
1510 1257 1620 1302 tuos
1650 1265 1849 1318 pacem,
1872 1257 1923 1302 et
1943 1249 2055 1302 adi-

469 1357 534 1410 pe
555 1341 800 1411 frumenti
826 1340 983 1394 satiat
1010 1348 1055 1392 te
1086 1338 1258 1409 (Psat.
1285 1355 1480 1406 chvn,
1507 1339 1618 1401 14).
1639 1338 1832 1396 Pacem
1861 1341 2059 1413 quippe

467 1429 725 1486 Ecclesia:
751 1432 882 1489 lines
910 1431 1059 1500 ponit
1095 1447 1108 1484 :
1140 1430 1264 1500 quia
1292 1430 1418 1484 dum
1455 1430 1834 1502 Redemptoris
1862 1442 2057 1503 poten-

466 1520 544 1578 tia
576 1537 693 1578 eam
724 1524 779 1578 in
810 1523 1009 1578 intimae
1032 1523 1298 1592 aequitatis
1327 1524 1697 1580 celsitudinem
1723 1525 1915 1594 erigit,
1961 1541 2060 1597 per

465 1614 713 1672 dolorem
742 1615 1132 1686 compassionis
1152 1658 1167 1683 ,
1211 1615 1547 1684 perditorum
1577 1618 1795 1674 miseria
1836 1635 1945 1674 non
1975 1619 2056 1674 af-

465 1707 620 1778 ﬂigit.
675 1708 782 1764 Sed
809 1709 878 1764 ad
925 1717 1128 1766 tantam
1175 1710 1568 1766 beatitudinem
1619 1727 1727 1782 quo
1777 1722 2056 1784 pastorum

462 1801 644 1856 studio
669 1801 797 1856 boni
825 1801 1022 1857 subditi
1052 1813 1496 1872 promoveantur,
1522 1807 1764 1874 exponit,
1787 1805 1972 1862 dicens
2002 1825 2016 1860 :

2162 595 2362 651 cuiatio
2388 595 2787 664 interpretatur,
2821 594 2920 648 nisi
2953 595 3024 648 illi
3055 595 3450 664 exprimuntur,
3481 597 3574 667 qui
3602 598 3739 653 divi-

2161 700 2245 740 nte
2274 685 2716 756 contemplationi
2756 693 3045 752 vacantes,
3084 687 3214 740 solis
3254 688 3504 757 supernis
3548 692 3750 756 gaudiis

2161 776 2542 832 inardescunt?
2572 775 2709 844 Quid
2741 791 2869 845 ergo
2892 785 2995 843 est,
3027 777 3172 845 quod
3205 776 3421 833 Samuel
3446 788 3502 834 et
3533 779 3746 843 Bethel,

2163 876 2217 922 et
2245 867 2451 936 Gaigal,
2485 876 2540 923 et
2574 867 2855 937 Masphath
2885 867 3111 924 circuire
3137 868 3352 932 dicitur,
3385 879 3440 925 et
3469 871 3523 925 in
3550 872 3750 928 eisdem

2161 956 2294 1012 locis
2322 957 2575 1014 lsraelem
2603 958 2863 1027 judicare,
2898 959 3001 1013 nisi
3029 959 3155 1030 quia
3183 959 3387 1014 electus
3430 962 3751 1030 pmdicatot‘

2163 1049 2404 1106 omnium
2456 1050 2753 1104 electorum
2800 1049 3045 1105 ordinum
3095 1051 3343 1120 exempla
3384 1053 3660 1121 sequitur,
3698 1062 3753 1108 ut

2160 1141 2497 1198 subditorum
2527 1141 2766 1197 ﬁdelium
2794 1158 2912 1198 esse
2943 1143 3122 1199 valeat
3145 1160 3338 1200 censor
3366 1145 3595 1201 doctus?
3638 1147 3753 1204 Non

2162 1237 2306 1291 enim
2328 1251 2448 1292 esse
2469 1237 2668 1307 poterit
2695 1239 2833 1307 ωρἏὶ
2863 1238 3149 1308 examinis,
3181 1238 3226 1294 si
3247 1239 3312 1295 de
3333 1242 3599 1310 exemplis
3620 1257 3754 1311 pne-

2163 1330 2470 1386 cedentium
2500 1333 2794 1387 electorum
2816 1331 3136 1401 dedignatur
3167 1349 3462 1400 assumere,
3489 1338 3636 1404 quod
3661 1337 3753 1392 de-

2161 1423 2353 1480 cernit.
2384 1422 2491 1478 Sed
2517 1431 2572 1478 et
2600 1438 2697 1494 per
2724 1423 2960 1493 singulos
2988 1439 3158 1478 annos
3182 1424 3284 1478 ista
3313 1427 3610 1480 circumeat
3635 1468 3648 1492 ,
3698 1438 3755 1483 ut

2160 1513 2353 1570 doctor
2393 1516 2648 1586 providus
2691 1515 2938 1572 ordinum
2983 1517 3315 1586 singulorum
3367 1518 3752 1588 perfectionem

2159 1605 2432 1676 sigillatim
2461 1608 2717 1679 respiciat
2749 1626 2762 1662 :
2799 1618 2876 1675 ut,
2908 1625 3016 1681 quo
3063 1610 3310 1665 subtilius
3340 1610 3757 1679 praecedentium

2161 1697 2305 1752 bona
2331 1699 2563 1766 viderit,
2612 1701 2894 1770 praesentia
2931 1701 3218 1771 disponere
3255 1701 3534 1757 decentius
3560 1705 3753 1771 possit.

2159 1787 2236 1844 Ibi
2263 1803 2412 1858 ergo,
2459 1790 2531 1846 ibi
2575 1789 2779 1861 judicet
2806 1789 3080 1857 lsraelem,
3116 1800 3174 1845 ut
3219 1791 3488 1861 subjectos
3521 1789 3709 1847 ﬁdeles
3734 1829 3758 1865 ,

537 1890 715 1962 (νει-ε,
749 1889 864 1961 45.)
902 1891 1164 1946 ιααίεαυει
1191 1909 1388 1966 quoque
1418 1893 1634 1950 δαηιηει
1664 1896 1917 1953 lsraelem
1937 1915 2051 1954 om-
2085 1889 2136 1950 Β
2160 1895 2297 1951 quos
2323 1881 2390 1936 ad
2413 1880 2508 1936 Dei
2532 1881 2794 1937 visionem
2825 1883 3021 1949 erudit,
3053 1882 3269 1937 illorum
3299 1884 3623 1939 rectitudine
3643 1900 3758 1939 cor-

462 1981 616 2036 nibus
647 1983 823 2036 diebus
853 1984 968 2038 vitae
996 2000 1124 2040 sua}.

536 2072 623 2127 28.
667 2072 770 2140 Qui
815 2082 941 2129 sunt
983 2075 1097 2131 dies
1143 2075 1267 2132 vita:
1315 2078 1735 2151 uniuscujusque
1787 2080 2053 2150 doctoris,

464 2165 571 2220 nisi
600 2167 858 2221 virtutum
896 2168 1215 2238 spiritalium
1246 2171 1555 2228 claritates?
1603 2173 1861 2232 Omnibus
1899 2190 2056 2230 nam-

461 2271 572 2326 que
599 2256 784 2313 diebus
811 2258 933 2314 vitae
955 2275 1064 2315 suae
1093 2261 1344 2318 lsraelem
1371 2263 1595 2333 judicat,
1629 2267 1720 2335 qui
1750 2267 1920 2321 lucem
1941 2267 2058 2336 jus-

462 2348 628 2415 titiae,
663 2364 824 2418 quam
878 2351 1150 2421 loquendo
1181 2355 1390 2423 asserit,
1421 2357 1487 2410 ad
1535 2357 1874 2413 subditorum
1923 2358 2056 2415 iide-

461 2438 591 2494 lium
617 2441 941 2511 exemplum,
975 2443 1310 2512 perfectione
1347 2457 1697 2517 reprzesentat
1727 2450 1893 2506 ‘honae
1922 2466 2055 2507 con-

460 2531 802 2587 versationis.
853 2532 954 2600 Qui
1001 2543 1180 2590 autem
1213 2537 1472 2600 virtutum
1511 2539 1833 2608 spiritalium
1879 2543 2056 2598 lucem

461 2637 570 2676 non
599 2624 789 2692 habet,
830 2625 956 2694 quia
986 2626 1059 2689 ad,
1085 2626 1389 2682 docendum
1417 2632 1641 2685 assumit
1663 2632 1804 2688 bona
1831 2648 2060 2691 conver-

459 2715 687 2771 sationis
725 2723 1018 2785 extraneae,
1043 2717 1233 2775 diebus
1263 2720 1508 2790 profecto
1539 2722 1747 2792 judicat
1772 2725 1896 2780 vitae
1921 2726 2056 2783 alie-

461 2821 564 2860 nae.
595 2805 692 2861 'De
737 2805 931 2875 quibus
988 2810 1236 2877 profecto
1290 2825 1390 2881 per
1431 2815 1755 2884 pr0phetam
1799 2815 2058 2876 Dominus

457 2893 589 2950 dicit
613 2911 626 2948 :
659 2894 795 2951 Ecce
814 2914 910 2968 ego
937 2897 1007 2951 ad
1033 2901 1333 2972 prop/tetas,
1364 2905 1451 2976 qui
1483 2907 1724 2977 {urantur
1743 2907 1894 2963 verba
1920 2928 2056 2982 mea,

457 2987 802 3056 unusquisque
832 3004 864 3039 a
892 2992 1130 3056 proximo
1169 3008 1261 3045 suo
1293 2993 1510 3064 (Jerem.
1550 3013 1702 3065 XXIII,
1732 2996 1842 3069 50).
1880 3001 2058 3058 Verba

460 3072 662 3141 quippe
690 3073 952 3139 furantur,
986 3079 1079 3146 qui
1123 3079 1362 3150 bonum,
1407 3085 1551 3153 quod
1578 3087 1821 3143 docendo
1863 3091 2061 3160 praedi-

457 3172 609 3231 cant,
639 3168 919 3234 operando
946 3184 1056 3223 non
1086 3180 1393 3251 sequuntur
1425 3192 1438 3228 :
1480 3177 1605 3244 quia
1633 3178 1799 3234 veluti
1827 3181 1964 3236 clam
1993 3183 2060 3239 de

457 3255 638 3310 alieno
666 3256 881 3323 tollunt,
905 3259 1049 3328 quod
1078 3260 1206 3317 dato
1236 3266 1439 3336 proprii
1470 3267 1672 3325 laboris
1699 3272 1874 3340 pretio
1896 3289 2052 3330 suum
2077 3270 2127 3338 Β

456 3363 802 3419 nequaquam
841 3351 1062 3410 faciunt.
1094 3352 1227 3412 Post
1269 3358 1642 3418 denuntiatam
1689 3365 1872 3435 itaque
1901 3369 2050 3425 futu-

457 3453 573 3496 ram
602 3443 1028 3515 beatitudinem,
1059 3449 1234 3519 qualis
1271 3451 1488 3508 interim
1518 3454 1715 3511 debeat
1755 3473 1877 3516 esse
1924 3461 2055 3518 tide-

455 3530 588 3586 lium
616 3542 823 3602 pastor,
847 3538 1149 3594 ostenditur
1182 3558 1196 3594 :
1227 3543 1354 3612 quia
1383 3547 1636 3604 omnibus
1665 3550 1789 3606 vitae
1811 3567 1921 3608 sua:
1943 3553 2056 3611 die-

456 3618 560 3675 bus
597 3622 820 3680 Samuel
860 3627 1115 3686 Israelem
1139 3632 1414 3700 judicasse
1459 3640 1794 3709 perhibetur.
1841 3643 2058 3702 Perfec-

457 3711 622 3768 tionis
646 3715 848 3769 etenim
876 3718 1018 3772 viam
1063 3723 1206 3777 male
1251 3725 1508 3794 insinuat,
1540 3729 1586 3784 si
1626 3731 1765 3788 lucis
1792 3733 1899 3788 iter
1935 3739 2056 3805 quis

458 3813 594 3857 voce
619 3804 808 3858 volens
835 3808 1104 3877 pandere,
1136 3814 1353 3870 actione
1392 3820 1758 3882 tenebrcscat.
1791 3826 1926 3881 Nam
1954 3804 2057 3899 qui

457 3903 685 3950 cunctos
712 3896 836 3951 vitae
864 3913 974 3954 suae
999 3900 1113 3955 dies
1144 3903 1213 3956 ad
1249 3905 1599 3973 judicandum
1631 3912 1883 3972 lsraelem
1922 3896 2055 3976 coin-

458 3985 676 4053 tulerat,
709 3987 838 4043 dicit
871 4007 885 4042 :
930 3989 1057 4047 Non
1084 3995 1250 4050 audeo
1289 3999 1429 4069 loqui
1460 4001 1644 4058 horum
1677 4007 1902 4079 aliquid,
1943 4028 2057 4082 qua:

457 4095 550 4148 per
573 4096 652 4134 me
679 4097 784 4134 non
829 4083 981 4153 efﬁcit
1008 4083 1171 4154 Deus,
1200 4089 1257 4142 iu
1305 4091 1599 4149 obedientia
1630 4095 1869 4155 Gentium
1907 4104 2055 4160 uerbo

453 4178 508 4223 et
538 4173 690 4241 factis
720 4172 897 4245 (Rom.
948 4192 1036 4243 xv,
1082 4178 1190 4249 18).
1234 4179 1448 4238 Judicet
1493 4185 1655 4255 igitur
1689 4190 1910 4258 doctor,
1962 4197 2057 4251 sed

457 4264 549 4330 qui
579 4264 693 4319 dies
717 4266 843 4321 vita:
869 4283 980 4322 suae
1009 4269 1239 4341 inclytos
1267 4273 1433 4330 habet
1463 4294 1476 4329 :
1529 4286 1588 4332 ut
1625 4279 1878 4339 videlicet
1915 4286 1969 4340 in
1998 4302 2058 4345 se

458 4355 609 4425 prius
632 4357 893 4412 virtutum
934 4361 1291 4428 spiritualium
1323 4367 1503 4423 radios
1533 4371 1672 4428 bene
1699 4374 1928 4432 vivendo
1971 4379 2057 4435 fo-

460 4454 616 4513 veat,
666 4461 801 4516 quos
847 4451 1194 4519 providendis
1241 4457 1580 4515 subditorum
1633 4463 1919 4524 itineribus
1973 4470 2056 4526 lo-

463 4552 634 4606 quens
649 4539 1016 4596 administrat:
1042 4545 1167 4613 quia
1189 4557 1242 4601 et
1264 4547 1484 4607 lucerna
1514 4561 1644 4610 tunc
1670 4556 1757 4623 iis,
1782 4562 1873 4628 qui
1901 4563 2059 4635 175.

463 4629 519 4682 in
540 4628 703 4685 domo
733 4641 886 4697 sunt,
920 4635 1126 4691 utiliter
1163 4641 1466 4696 ostenditur
1490 4685 1506 4712 ,
1537 4644 1581 4698 si
1620 4645 1737 4716 ipsa
1765 4628 2051 4724 anteaeo,
2084 4665 2138 4726 1)

458 4722 605 4792 quod
646 4739 903 4795 sparsura
940 4736 1055 4795 est,
1104 4729 1244 4787 bene
1287 4734 1562 4804 repleatur
1605 4738 1824 4799 lumine.
1858 4722 2055 4815 Sequi?-

459 4819 550 4869 tur
575 4832 589 4868 :

532 4931 708 5023 (γεγε.
739 4931 856 5004 46.)
896 4934 968 4990 Et
996 4938 1245 4997 circuibat
1271 4959 1362 5014 per
1385 4946 1618 5018 singulos
1647 4965 1814 5006 annos
1839 4951 2017 5010 Bethel
2033 4997 2050 5023 ,

459 5027 511 5167 ἴ
537 5020 744 5096 Galgal,
767 5037 817 5081 et
836 5026 1141 5100 Maspltatlt,
1164 5040 1213 5087 et
1227 5033 1499 5104 judicabat
1521 5038 1773 5097 lsraelem
1792 5045 1846 5098 in
1867 5020 2054 5102 suoru-

499 5115 615 5167 ictis
646 5116 792 5167 locis.

499 5115 615 5168 ictis
646 5116 792 5174 locis.

533 5205 623 5259 29.
679 5206 869 5264 Bethel
910 5210 1103 5268 dicitur
1123 5213 1315 5271 domus
1342 5218 1467 5288 Dei;
1498 5219 1703 5293 Galgal,
1735 5233 1886 5292 rota;
1915 5227 2053 5284 Mas-

461 5297 664 5366 phath,
717 5308 776 5354 ut
813 5301 924 5369 jam
965 5306 1210 5373 superius
1256 5309 1575 5379 replicatum
1617 5323 1720 5380 est,
1752 5318 2052 5386 speculatio

460 5397 864 5458 interpretatur.
897 5392 1033 5460 Quid
1063 5410 1191 5466 ergo
1220 5398 1429 5469 Bethel,
1461 5403 1561 5458 nisi
1590 5404 1734 5460 viros
1763 5408 1937 5464 ollicio
1968 5426 2056 5464 sa-

463 5480 539 5534 cri
569 5482 752 5538 altaris
777 5487 1064 5556 deputatos
1104 5491 1397 5560 signiﬁcat;
1448 5496 1538 5565 qui
1564 5496 1690 5552 dum
1727 5500 2054 5569 spiritalibus

461 5573 653 5628 studiis
682 5574 976 5644 inhaerent,
1027 5583 1176 5637 velut
1213 5584 1492 5653 domestici
1535 5588 1627 5642 Dei
1670 5592 2053 5660 omnipotentis

482 5665 752 5721 aniiliares
782 5672 938 5723 sunt?
989 5671 1057 5726 Et
1085 5675 1214 5741 quid
1238 5673 1424 5746 Galgal
1450 5722 1465 5747 ,
1517 5695 1634 5749 qua:
1661 5691 1780 5737 rota
1810 5683 2007 5740 dicitur
2030 5729 2045 5753 ,

462 5759 566 5814 nisi
594 5760 1004 5831 conjugatorum
1032 5766 1278 5823 ordinem
1307 5770 1583 5840 designat?
1635 5775 1790 5831 Velut
1820 5778 1961 5831 enim
1994 5780 2047 5835 in

464 5864 586 5912 rota
612 5858 976 5932 circumeunt,
1007 5862 1136 5922 dum
1163 5866 1412 5926 volubilis
1450 5873 1633 5929 mundi
1663 5875 1807 5934 curis
1834 5877 2048 5948 penitus

2161 1977 2317 2046 rigat,
2351 1993 2486 2048 quos
2516 1977 2628 2033 Deo
2660 1978 2925 2048 placuisse
2955 1979 3322 2034 indubitanter
3346 1981 3538 2036 credit.
3575 1983 3757 2037 Potest

2161 2071 2324 2126 etiam
2355 2085 2452 2140 per
2485 2070 2692 2135 Bethel,
2725 2087 2843 2142 quas
2885 2070 3078 2126 domus
3115 2071 3211 2126 Dei
3239 2073 3463 2142 dicitur,
3506 2075 3758 2130 universa

2161 2162 2458 2218 electorum
2479 2162 2722 2218 Ecclesia
2749 2162 3012 2232 designari
3039 2183 3051 2217 ε
3080 2179 3177 2234 per
3201 2163 3406 2234 Galgal,
3431 2181 3552 2235 qua:
3585 2166 3756 2221 inter-

2160 2263 2407 2325 pretatur
2433 2261 2572 2322 rota,
2606 2255 2884 2326 Scriptura
2912 2270 3082 2311 sacra.
3108 2255 3378 2328 Quidquid
3405 2271 3535 2313 vero
3564 2258 3618 2311 in
3635 2259 3760 2313 sub-

2161 2346 2397 2402 ditorum
2444 2349 2693 2418 profectu
2740 2352 2935 2408 doctor
2964 2353 3225 2421 exhibet,
3255 2361 3366 2408 -aut
3395 2354 3460 2410 de
3506 2356 3759 2426 exemplo

2160 2443 2457 2499 electorum
2483 2444 2707 2514 accipit,
2734 2455 2829 2502 aut
2850 2447 3160 2516 magisterio
3203 2448 3344 2504 sacri
3386 2448 3623 2524 eloquii,
3667 2457 3759 2505 aut

2160 2537 2493 2592 revelatione
2518 2537 2742 2593 interna:
2767 2554 2830 2595 ac
2859 2549 3080 2596 secreta:
3110 2541 3607 2612 contemplationis.

2233 2660 2322 2715 30.
2362 2659 2580 2715 Samuel
2609 2660 2792 2730 itaque
2820 2661 3010 2716 Bethel
3039 2662 3248 2728 circuit,
3281 2678 3404 2718 cum
3432 2663 3758 2734 praedicator

2161 2750 2417 2809 Ecclesia:
2459 2755 2838 2809 auctoritatem
2883 2755 3343 2825 disponendorum
3383 2771 3610 2826 Operum
3635 2797 3652 2822 ,
3694 2759 3760 2812 de

2162 2845 2420 2914 exemplis
2449 2844 2715 2914 majorum
2745 2845 2953 2915 quierit.
2985 2845 3193 2916 Galgal,
3226 2846 3280 2901 id
3308 2855 3413 2913 est,
3438 2856 3616 2902 rotam
3652 2849 3758 2903 cir-

2162 2935 2295 2998 cuit,
2326 2936 2542 3006 quando
2574 2936 2834 2992 doctrinae
2857 2953 2965 2992 suae
2987 2939 3368 2995 auctoritatem
3399 2940 3468 2996 de
3505 2944 3762 3010 magiste~

2162 3026 2244 3082 rio
2278 3037 2478 3082 sancta:
2515 3027 2807 3101 Scriptura:
2837 3032 3272 3101 comprehendit.
3309 3032 3593 3104 Masphath
3624 3052 3758 3104 quo—

2164 3132 2269 3187 que
2297 3119 2507 3188 circuit,
2539 3136 2660 3176 cum
2693 3138 2791 3193 per
2828 3133 3050 3179 secretae
3085 3127 3562 3196 contemplationis
3593 3129 3760 3183 medi-

2165 3209 2425 3264 tationem
2450 3253 2465 3278 ,
2501 3212 2892 3270 revelationem
2921 3223 3160 3271 meretur
3185 3218 3458 3287 suscipere
3494 3222 3757 3277 veritatis.

2158 3296 2236 3355 ibi
2270 3301 2413 3356 enim
2452 3302 2658 3371 judicat
2695 3303 2993 3360 lsraelem:
3045 3308 3169 3375 quia
3223 3309 3481 3378 quidquid
3533 3313 3760 3368 subditis

2158 3394 2414 3465 proponit
2457 3395 2523 3450 ad
2564 3413 2808 3452 normam
2837 3399 3209 3467 rectitudinis,
3257 3410 3354 3456 aut
3394 3403 3462 3456 de
3490 3406 3759 3474 exemplis

2159 3484 2456 3541 electorum
2483 3488 2711 3558 accipit,
2761 3495 2854 3543 aut
2878 3490 3122 3545 doctrina
3153 3493 3295 3547 sacri
3321 3492 3542 3563 eloquii,
3569 3505 3665 3549 aut
3694 3511 3760 3551 ex

2157 3575 2493 3633 revelatione
2518 3578 2743 3633 interna:
2765 3581 3252 3651 contemplationis.
3289 3581 3492 3649 Quibus
3516 3586 3762 3655 profecto

2159 3667 2340 3723 verbis
2365 3671 2686 3736 ostenditur,
2719 3681 3084 3738 non-tantum,
3117 3688 3237 3743 quae
3261 3674 3453 3730 doctor
3486 3675 3762 3746 perlectus

2161 3767 2303 3827 agat,
2333 3763 2427 3816 sed
2458 3763 2622 3817 etiam
2650 3764 2775 3834 quia
2803 3765 3075 3835 perfectus
3103 3782 3209 3821 non
3245 3766 3338 3833 sit,
3365 3767 3410 3821 si
3441 3781 3604 3836 agere
3645 3770 3762 3825 haec

2160 3867 2270 3908 non
2298 3855 2484 3923 possit.
2516 3855 2649 3911 Nam
2676 3857 2721 3910 si
2751 3859 2926 3912 solum
2953 3860 3218 3915 bonorum
3250 3861 3497 3930 exempla
3521 3863 3757 3930 noverit,

2161 3952 2255 4000 aut
2296 3946 2341 4001 si
2389 3963 2553 4004 sacra:
2581 3948 2871 4020 Scripturae
2914 3955 3073 4008 etiam
3100 3955 3219 4023 quis
3258 3956 3498 4010 eruditus
3548 3957 3660 4025 sit,
3707 3967 3762 4014 et

2161 4040 2635 4107 contemplationis
2664 4042 2995 4100 revelatione
3027 4048 3281 4114 caruerit,
3316 4048 3371 4102 in
3403 4049 3591 4104 ordine
3615 4066 3761 4119 pne-

2161 4130 2446 4188 dicationis
2470 4134 2554 4188 vir
2590 4135 2860 4204 perfectus
2889 4155 2997 4193 non
3027 4141 3148 4194 erit.
3178 4141 3582 4212 ,Contemplatio
3607 4144 3759 4199 enim

2159 4225 2332 4281 virtus
2360 4234 2461 4292 est,
2501 4241 2598 4297 per
2624 4242 2785 4296 quam
2811 4245 2920 4284 non
2951 4232 3125 4288 solum
3165 4233 3280 4303 ipsa
3319 4234 3595 4305 Scriptura
3627 4251 3761 4291 con-

2162 4317 2272 4372 dita
2310 4320 2745 4388 recognoscitur,
2790 4321 2883 4375 sed
2914 4337 3011 4391 per
3049 4339 3207 4391 quam
3254 4325 3492 4379 nondum
3541 4326 3759 4382 condita

2163 4411 2487 4467 conderetur
2512 4429 2524 4465 :
2558 4421 2612 4466 et
2641 4428 2737 4482 per
2756 4427 2920 4481 quam
2947 4414 3162 4469 condita
3193 4416 3259 4468 ad
3288 4416 3382 4470 Dei
3425 4417 3758 4472 voluntatem

2165 4503 2403 4573 quotidie
2432 4503 2766 4572 disponatur.
2799 4503 2944 4558 Bene
2973 4518 3101 4573 ergo
3131 4504 3323 4560 dicitur
3353 4524 3365 4558 :
3396 4504 3466 4558 Et
3501 4507 3760 4575 judicavit

2165 4593 2490 4649 Israelemin
2522 4596 2834 4663 supradictis
2877 4596 3024 4651 locis.
3067 4597 3200 4652 Nam
3228 4613 3338 4652 non
3367 4598 3542 4652 solum
3574 4598 3627 4652 in
3659 4599 3761 4652 Be-

2163 4689 2302 4758 thel‘,
2357 4697 2414 4745 et
2462 4686 2691 4756 Galgal,
2733 4688 2830 4743 sed
2882 4690 3046 4744 etiam
3093 4690 3146 4744 in
3185 4689 3517 4761 Masphath:
3563 4699 3623 4744 ut
3671 4691 3760 4761 qui

2157 4781 2224 4835 ad
2254 4780 2640 4850 perfectionem
2681 4779 3078 4850 przedicationis
3127 4781 3371 4836 innititur
3418 4780 3611 4842 [Forte
3657 4783 3758 4852 leg.

2159 4867 2425 4940 enititur],
2456 4870 2582 4924 dum
2610 4885 2707 4940 per
2727 4870 3084 4928 humilitatem
3109 4873 3359 4942 exempla
3380 4871 3648 4941 majorum
3674 4888 3759 4928 se-

2157 4962 2376 5030 quitur,
2427 4962 2554 5016 dum
2597 4976 2695 5032 per
2739 4962 2974 5019 studium
3023 4963 3162 5018 sacri
3206 4964 3408 5033 eloquii
3453 4963 3761 5019 eruditione

2155 5049 2393 5118 fulcitur,
2420 5059 2571 5107 curet
2594 5052 2815 5106 omnino
2843 5067 3068 5110 necesse
3090 5061 3205 5120 est,
3252 5062 3313 5108 ut
3339 5055 3576 5124 puritate
3606 5071 3761 5111 men-

2159 5142 2250 5210 tis,
2282 5157 2345 5198 ea
2368 5158 2485 5211 quze
2513 5143 2843 5214 disponenda
2868 5153 3032 5210 sunt,
3070 5145 3487 5215 contemplando
3523 5161 3760 5216 cognos-

2160 5240 2267 5288 cat.
2302 5233 2396 5288 Dei
2425 5249 2658 5303 namque
2691 5235 2853 5291 debet
2882 5251 3002 5291 esse
3029 5236 3305 5305 docibilis,
3354 5238 3446 5306 qui
3499 5247 3759 5308 suscepto

2159 5323 2555 5394 prmdicationis
2601 5323 2814 5395 oflieio,
2872 5328 3028 5398 175
3057 5328 3252 5384 docere
3295 5329 3546 5384 homines
3581 5331 3752 5401 cupit.

2160 5413 2362 5470 Tamen
2392 5416 2471 5470 sic
2501 5425 2788 5485 praasumat
2815 5417 2882 5472 de
2922 5433 3009 5485 eo,
3041 5419 3133 5488 qui
3161 5429 3384 5476 secretae
3411 5424 3756 5491 contempla-

2159 5504 2322 5561 tionis
2361 5505 2664 5562 eruditione
2693 5507 2996 5575 instruitur,
3027 5517 3086 5562 ut
3116 5525 3217 5566 nec
3242 5511 3414 5566 editas
3456 5528 3555 5582 per
3581 5513 3755 5582 Spiri-

2160 5608 2272 5654 tum
2301 5610 2545 5655 sanctum
2572 5601 2880 5671 Scripturas
2907 5601 3174 5671 fastidiat,
3227 5619 3330 5659 nec
3356 5606 3510 5673 sequi
3548 5606 3749 5660 electo-

2154 5706 2272 5748 rum
2303 5695 2550 5763 exempla
2581 5694 2920 5763 dedignetur.
2967 5695 3188 5750 Samuel
3225 5697 3370 5752 enim
3412 5697 3601 5755 Bethel
3627 5741 3640 5764 ,
3692 5708 3752 5754 et

2154 5785 2362 5855 Gatgal,
2391 5795 2444 5841 ct
2470 5786 2748 5856 Masphath
2779 5787 3006 5844 circuire
3047 5787 3397 5857 describitur;
3428 5798 3486 5844 ut
3515 5791 3745 5849 alterum

2152 5879 2220 5936 ab
2245 5879 2417 5938 altero
2458 5895 2554 5953 per
2582 5880 2905 5955 discordiam
2935 5896 3276 5969 nequaquam
3319 5883 3586 5943 dividatur
3618 5905 3632 5940 ;
3684 5893 3748 5942 ut
