4020 6344
256 402 350 459 217

1077 399 1144 457 ΙΝ
1181 400 1446 459 PRIMUM
1487 401 1722 461 REGUM
1760 403 2275 472 EXPOSITIONES.
2315 445 2384 457 -—
2423 416 2551 474 LIB.
2593 417 2683 477 Ν.

3423 434 3530 496 218

255 519 500 580 videlicet
552 523 608 574 et
636 519 886 590 exempla
920 517 1159 588 frecipiat
1201 525 1322 588 'quae
1367 535 1520 577 sacra
1565 519 1841 592 Scriptura
1868 523 1919 585 Α
1945 524 2134 584 Bethel
2159 545 2388 602 namque
2411 535 2602 591 circuit
2623 579 2640 606 ,
2681 536 2905 610 Galgal,
2937 549 2991 599 et
3018 542 3300 616 Masphath
3324 590 3340 619 ,
3381 561 3435 607 et
3473 555 3528 612 in

251 613 540 687 approbat;
581 619 635 666 et
660 612 779 667 illas
807 628 991 668 sacras
1019 611 1327 680 Seripturas
1355 655 1368 678 ,
1397 629 1531 683 quas
1555 615 1713 670 electi
1741 616 1842 670 ho-

253 706 418 763 mines
444 705 807 773 scripserant,
861 714 1218 774 recognoscat
1251 724 1261 757 :
1300 713 1462 776 atque
1495 722 1589 762 cas
1627 711 1838 766 revela-

246 799 418 855 tiones
461 797 934 866 contemplationis
960 814 988 853 a
1033 799 1143 854 Deo
1184 800 1284 854 sibi
1315 810 1558 858 ostensas
1599 805 1835 873 sentiat,

243 906 361 962 quae
391 905 491 945 nec
519 891 586 945 ab
613 890 907 945 electorum
928 892 1203 960 operibus,
1232 907 1335 948 nec
1363 909 1394 948 a
1423 902 1625 951 sanctae
1654 895 1839 968 Scrip-

240 991 374 1037 turze
402 983 730 1038 auctoritate
757 983 1089 1037 discordant.
1121 984 1228 1038 Sed
1252 993 1306 1040 et
1332 1002 1493 1043 omne
1520 991 1664 1058 quod
1694 991 1832 1060 agit,

236 1073 303 1127 ad
335 1071 711 1128 reetitudinem
738 1073 946 1141 redigat
974 1089 1223 1144 superum
1246 1076 1582 1134 intentionis.
1609 1079 1761 1137 Unde
1781 1090 1837 1138 et

185 1166 188 1173 '
235 1166 482 1221 subditur
507 1183 521 1219 :

305 1259 482 1330 (Vers.
518 1258 630 1328 17.)
672 1258 1040 1314 Revertebatur
1067 1261 1122 1314 in
1152 1259 1416 1317 Ramatha
1440 1280 1459 1319 :
1483 1263 1559 1319 ibi
1579 1267 1715 1322 enim
1736 1268 1832 1340 ju-

229 1352 438 1406 dicabat
468 1350 743 1420 Israelem,
772 1361 822 1407 et
847 1352 918 1406 ibi
942 1362 1058 1406 erat
1085 1353 1268 1408 domus
1297 1356 1427 1428 ejus.

297 1443 390 1496 51.
435 1441 504 1497 Ut
530 1444 688 1512 longe
716 1458 878 1514 supra
918 1444 1030 1513 jam
1063 1445 1326 1513 diximus,
1369 1446 1632 1505 Ramatha
1662 1450 1828 1507 inter-

225 1543 476 1604 pretatur
506 1535 638 1590 visio
668 1543 1041 1591 consummata
1073 1555 1086 1590 :
1132 1546 1186 1592 et
1233 1553 1590 1608 supernorum
1629 1543 1826 1600 civium

222 1624 374 1680 illam
405 1627 619 1681 beatam
648 1635 704 1682 et
731 1627 1028 1698 perfectam
1065 1628 1380 1685 societatem
1407 1631 1671 1700 signiﬁcat
1699 1652 1714 1689 :
1757 1636 1824 1693 ad

222 1730 388 1787 quam
416 1718 633 1776 Samuel
663 1721 970 1786 revertitur,
1012 1737 1081 1776 ne
1112 1723 1315 1779 laboris
1339 1725 1424 1780 sui
1450 1741 1616 1782 onere
1642 1728 1823 1799 depri-

219 1819 422 1864 matur.
463 1809 522 1865 ln
551 1810 816 1866 Ramatha
843 1812 1040 1882 quippe
1085 1813 1303 1869 Samuel
1342 1819 1655 1888 revertitur,
1696 1836 1819 1877 cum

1942 636 2126 678 earum
2157 625 2332 695 aliqua
2353 644 2462 684 non
2493 630 2657 687 habet
2679 633 2897 688 domum
2922 673 2938 700 ,
2981 637 3036 692 in
3061 637 3321 696 Ramatha
3345 653 3524 702 autem

1941 715 2160 772 domum
2188 719 2352 775 habet
2378 739 2391 775 :
2424 724 2548 790 quia
2575 724 2827 782 doctores
2856 738 3059 785 sanctae
3088 730 3341 790 Ecclesiae
3371 738 3526 805 quid-

1939 807 2066 876 quid
2094 824 2237 866 nunc
2257 811 2529 882 accipiunt
2548 815 2615 870 de
2634 817 2896 887 exemplis
2917 819 3231 890 electorum,
3262 827 3526 898 quidquid

1939 897 2007 954 de
2030 901 2330 960 eruditione
2351 920 2626 965 sacrorum
2657 912 3016 984 voluminum,
3049 919 3314 991 quidquid
3343 922 3409 986 de
3447 925 3524 979 al-
3586 981 3589 986 ,

1938 991 2167 1049 titudine
2212 1012 2457 1068 supernae
2500 1006 2844 1064 revelationis
2887 1013 3197 1069 transitorie
3237 1016 3520 1085 rimantur,

1936 1082 2004 1136 ad
2040 1084 2362 1154 adjutorium
2393 1090 2595 1148 habent
2638 1096 2882 1167 itineris,
2932 1117 3040 1158 non
3077 1104 3143 1157 ad
3172 1120 3411 1162 amorem
3438 1126 3522 1164 re-

1933 1178 2340 1244 munerationis.
2396 1183 2526 1238 lllud
2555 1201 2704 1252 vero,
2737 1191 2882 1259 quod
2927 1193 2982 1248 in
3026 1210 3258 1265 superna
3300 1199 3522 1255 civitate

1933 1267 2180 1339 diligunt,
2221 1289 2326 1328 non
2355 1276 2422 1330 ad
2448 1279 2749 1347 profectum
2779 1282 3004 1353 itineris,
3039 1288 3132 1343 sed
3159 1289 3223 1344 ad
3250 1291 3521 1345 sufﬁcien-

1933 1368 2064 1431 tem,
2117 1364 2225 1419 imo
2267 1367 2333 1422 ad
2377 1370 2740 1428 abundantem
2786 1375 3086 1445 largitatem
3131 1383 3417 1438 mercedis.
3451 1381 3518 1438 Et

1930 1454 2054 1509 auia
2087 1454 2212 1511 illuc
2236 1466 2430 1514 cuncta
2451 1461 2590 1516 bona
2619 1476 3033 1534 congregantur,
3065 1473 3307 1542 sequitur
3338 1492 3352 1528 :

2002 1547 2178 1617 (Vers.
2216 1550 2300 1604 17.
2336 1554 2353 1621 )
2393 1553 2701 1625 ίΕάὶῙίσαυίι
2723 1558 2793 1612 ibi
2822 1562 2978 1615 etiam
3008 1563 3174 1618 altare
3195 1565 3443 1623 Domino.

2000 1640 2087 1694 3‘2.
2129 1642 2267 1708 Quid
2292 1654 2376 1700 est
2404 1648 2548 1701 enim
2575 1651 2746 1705 altare
2783 1651 3014 1721 Domini,
3071 1658 3171 1712 nisi
3213 1674 3310 1714 cor
3341 1660 3517 1730 justi?

1927 1731 2183 1790 Veritatis
2228 1746 2408 1792 autem
2448 1740 2651 1808 judicio
2681 1744 2872 1800 dicitur
2905 1766 2918 1801 :
2957 1748 3056 1803 Ubi
3123 1761 3201 1805 est
3243 1752 3514 1810 thesaurus

1927 1829 2065 1893 tuus,
2096 1827 2167 1881 ibi
2207 1837 2254 1880 et
2289 1846 2379 1884 cor
2408 1839 2550 1885 tuum
2585 1833 2798 1904 (Matth.
2827 1854 2898 1903 η,
2931 1838 3044 1909 ‘21).
3074 1840 3175 1907 Qui
3206 1854 3387 1899 autem
3412 1861 3516 1915 pro

216 1909 380 1954 mens
405 1900 772 1970 praedicatoris
799 1917 894 1972 per
916 1918 1157 1959 amorem
1185 1905 1486 1963 ccelestium
1517 1909 1806 1968 relevatur.
1837 1907 1888 1970 B
1913 1928 2097 1970 amore
2121 1931 2369 1986 supernae
2399 1900 2600 1989 patria}.
2623 1923 2765 1978 bona
2790 1927 2938 1995 agit,
2979 1929 3106 1984 dum
3138 1933 3396 1989 ardenter
3413 1900 3498 1990 ’δα

214 1989 357 2045 Nam
381 1992 526 2046 inter
551 1991 716 2048 ofﬁcii
743 1994 825 2048 sui
855 2010 1021 2050 onera
1052 2004 1161 2050 tam
1195 1997 1456 2053 immensa
1497 2013 1781 2058 eorrueret
1802 2046 1817 2072 ,

209 2080 260 2139 si
290 2081 363 2136 ad
383 2097 628 2138 amorem
649 2085 945 2139 cmlestium
972 2101 1071 2155 per
1098 2089 1213 2156 spei
1236 2104 1347 2144 suae
1366 2089 1690 2148 desiderium
1710 2111 1820 2151 non

209 2173 448 2230 rediret.
479 2175 698 2230 Reverti
727 2178 921 2232 etenim
951 2179 1411 2249 prmdicatoribus,
1445 2191 1529 2238 est
1557 2184 1816 2243 intentio-

207 2277 346 2320 nem
374 2265 575 2320 mentis
600 2281 709 2320 suae
737 2267 803 2320 ad
833 2269 1020 2336 gaudia
1051 2271 1240 2340 patria:
1264 2273 1498 2328 caelestis
1527 2276 1810 2333 reducere.

208 2352 276 2409 Et
325 2355 398 2410 ibi
437 2355 690 2411 Israelem
717 2356 994 2426 judicant:
1028 2363 1154 2431 quia
1207 2377 1455 2432 supernae
1485 2368 1670 2436 patria:
1696 2371 1816 2438 pul-

207 2446 524 2514 chritudini,
553 2464 716 2517 quam
743 2451 796 2504 in
825 2461 1010 2508 mente
1040 2454 1317 2521 retinent,
1351 2456 1538 2514 ﬁdeles
1571 2460 1814 2518 subditos

207 2537 390 2595 facere
419 2541 730 2599 conformes
760 2547 1107 2613 praedicando
1129 2589 1144 2615 ,
1176 2549 1417 2606 student.
1457 2552 1534 2607 lbi
1562 2553 1813 2622 o‘judicant

205 2630 459 2688 Israelem
486 2653 499 2688 :
546 2636 670 2705 quia
698 2651 764 2692 ex
794 2639 882 2692 illa
908 2639 1021 2708 jam
1054 2641 1292 2710 perfecta
1323 2644 1541 2701 civitate
1580 2647 1809 2705 formam

205 2724 454 2781 videntes
484 2728 739 2795 trahunt,
773 2747 936 2801 quam
967 2733 1198 2788 ﬁliorum
1225 2737 1494 2792 mentibus
1523 2739 1810 2810 loquentes

206 2818 523 2890 imprimunt
551 2839 564 2875 :
600 2831 656 2877 et
684 2825 944 2895 quidquid
980 2826 1071 2880 illa
1103 2828 1504 2896 pulchritudine
1532 2833 1809 2902 indignum

205 2912 549 2980 eonSpiciunt
573 2955 585 2977 ,
616 2914 684 2968 ab
715 2930 904 2970 eorum
940 2918 1208 2973 mentibus
1247 2919 1567 2978 abscindere
1606 2939 1808 2980 conan-

206 3011 318 3058 tur.
352 3003 419 3058 Et
446 3006 566 3076 quia
613 3007 666 3061 in
698 3007 840 3062 illius
865 3008 1037 3063 beata:
1074 3008 1262 3078 patria:
1291 3010 1461 3079 gloria
1493 3021 1604 3067 tota
1641 3015 1806 3071 dilec-

203 3096 762 3166 tionevrequiescunt,
798 3099 870 3152 ibi
911 3098 1027 3166 ejus
1070 3098 1263 3155 domus
1308 3115 1428 3156 esse
1468 3103 1800 3172 perhibetur.

202 3184 335 3255 Ejus
363 3203 594 3258 namque
625 3191 780 3261 176
808 3190 1003 3246 domus
1039 3206 1160 3246 esse
1188 3193 1557 3262 cognoscitur,
1602 3195 1656 3250 in
1695 3211 1800 3266 qua

1924 2016 2010 2068 ea,
2040 2019 2157 2074 qua:
2179 2019 2391 2061 sursum
2423 2020 2740 2082 congregat,
2770 2016 3054 2083 pervenire
3080 2016 3366 2087 desiderat,
3391 2037 3515 2091 pro-

1918 2091 2064 2148 fecto
2094 2095 2262 2150 altare
2288 2097 2531 2165 aediﬁcat,
2565 2117 2727 2176 super
2749 2106 2895 2174 quod
2924 2108 3224 2175 quotidiani
3255 2111 3511 2171 desiderii

1918 2183 2127 2242 hostias
2172 2188 2444 2252 incendat.
2480 2193 2628 2249 Bene
2677 2205 2860 2252 autem
2891 2200 3088 2256 dicitur
3131 2219 3144 2256 :
3197 2202 3512 2276 IEdiﬁcavit

1917 2275 1988 2332 ibi
2020 2280 2189 2334 altare
2216 2281 2439 2340 Domino
2467 2303 2487 2340 .'
2518 2288 2643 2355 quia
2676 2305 2741 2344 ex
2772 2292 3107 2352 incremento
3128 2298 3291 2352 studii
3320 2275 3512 2356 Caeles-

1921 2369 2006 2437 tis,
2039 2371 2179 2427 sicut
2206 2373 2422 2432 ﬂamma
2449 2381 2644 2435 crescit
2673 2382 2728 2438 in
2758 2386 2923 2442 corde
2949 2387 3076 2444 boni
3105 2389 3359 2447 desiderii
3383 2433 3399 2459 ,
3434 2393 3509 2450 ita

1917 2470 1970 2516 et
1996 2462 2142 2517 velut
2171 2464 2370 2521 additis
2399 2468 2685 2539 lapidibus,
2716 2474 2888 2532 altare
2915 2493 3129 2535 sursum
3154 2484 3505 2553 construitur,

1915 2553 2006 2608 ubi
2056 2555 2167 2611 Deo
2197 2557 2512 2616 holocausta
2543 2565 2839 2623 oﬁ‘erantur
2879 2572 3098 2628 amoris.
3149 2574 3303 2641 Quod
3340 2578 3506 2634 etiam

1914 2648 1982 2702 ad
2018 2648 2226 2704 lucrum
2276 2653 2578 2712 animarum
2633 2660 2824 2717 referri
2868 2668 3259 2725 convenienter
3302 2681 3504 2742 potest.

1912 2737 2115 2794 Doctor
2143 2756 2374 2813 namque
2401 2745 2454 2801 in
2495 2748 2762 2807 Ramatha
2788 2755 2957 2810 altare
2982 2757 3211 2815 Domino
3235 2737 3503 2834 mdiﬁcat,

1911 2844 2034 2884 cum
2063 2831 2395 2888 subditorum
2427 2840 2618 2894 merita
2649 2842 2704 2896 in
2731 2845 2870 2900 coelo
2900 2847 3081 2915 locat,
3124 2860 3180 2906 et
3207 2853 3332 2908 dum
3363 2831 3503 2925 quo;

1911 2920 2112 2979 tidiano
2142 2925 2256 2994 ejus
2302 2928 2480 2984 studio
2510 2931 2696 2987 electae
2741 2936 2932 2991 anima:
2974 2939 3042 2993 ad
3070 2942 3305 2998 coelestia
3336 2920 3504 3015 regna

1911 3017 2300 3082 conscendunt,
2334 3019 2480 3073 velut
2510 3021 2577 3076 ad
2608 3031 2933 3081 structuram
2963 3032 3183 3099 superni
3211 3033 3393 3090 altaris
3423 3036 3503 3090 la—

1909 3106 2060 3176 pides
2090 3109 2391 3165 mittuntur.
2425 3111 2643 3169 Dicatur
2673 3131 2800 3186 ergo
2832 3117 2902 3175 de
2931 3119 3203 3189 Samuele,
3244 3124 3454 3181 dicatur
3480 3145 3494 3182 :

1907 3199 2219 3272 Ediﬁcavit
2260 3203 2332 3257 ibi
2381 3206 2550 3260 altare
2588 3206 2812 3263 Domino
2843 3225 2863 3266 :
2894 3213 3019 3281 quia
3063 3214 3316 3270 nimirum
3342 3216 3501 3274 valde

203 3280 434 3336 amando
465 3291 836 3338 conversatur.
882 3282 1036 3338 Unde
1061 3293 1116 3338 et
1143 3283 1237 3340 ille
1266 3287 1514 3356 egregius
1537 3289 1794 3357 praediea-
1825 3293 1869 3354 C
1900 3295 2131 3349 otiosum
2156 3304 2238 3350 est
2261 3296 2500 3353 doctoris
2526 3301 2782 3365 studium,
2813 3304 2858 3358 si
2887 3280 2982 3373 per
3003 3307 3129 3372 hoc,
3151 3308 3295 3375 quod
3317 3308 3384 3364 ab
3403 3309 3498 3366 illo

203 3376 290 3425 tor
317 3371 597 3440 gloriatur,
631 3374 812 3431 dicens
835 3392 846 3428 :
881 3373 1084 3429 Nostra
1106 3379 1424 3433 conversatio
1451 3380 1507 3433 in
1530 3381 1670 3434 caelis
1696 3391 1793 3437 est.

1903 3384 1959 3438 in
1990 3386 2143 3441 terris
2173 3387 2367 3455 agitur,
2400 3389 2620 3444 cmleste
2647 3393 2933 3448 aediﬁcium
2955 3411 3063 3450 non
3087 3405 3332 3468 augetur.

1336 3622 1685 3710 LIBER
1763 3628 2360 3738 QUARTUS.

711 3781 938 3839 CAPUT
979 3783 1272 3841 PRIMUM.

273 3877 429 3947 175
460 3876 509 3931 1.
539 3876 860 3934 Sanctorum
903 3878 1142 3934 virorum
1188 3877 1327 3936 facta
1373 3881 1794 3951 praecedentium

194 3985 345 4040 saepe
363 3971 652 4026 electorum
683 3973 1020 4043 sequentium
1046 3974 1240 4030 solatia
1267 3983 1410 4031 sunt.
1435 3977 1568 4032 Mira
1591 3979 1792 4033 etenim

193 4062 595 4133 dispensatione
622 4065 788 4119 divini
823 4065 1067 4132 consilii,
1112 4073 1165 4121 et
1194 4067 1468 4123 altissimae
1495 4083 1789 4124 conversa-

192 4154 360 4210 tionis
381 4169 507 4210 arce
531 4155 606 4211 sic
627 4156 899 4211 sublimati
931 4165 1090 4226 sunt,
1117 4165 1178 4212 ut
1207 4157 1367 4213 lortia
1396 4167 1619 4227 agerent
1647 4161 1789 4231 sibi,

193 4255 339 4303 recta
371 4247 598 4302 subditis
627 4248 1007 4318 providerent;
1038 4249 1118 4304 sie
1145 4249 1246 4304 sibi
1275 4251 1604 4320 quandoque
1633 4252 1790 4307 dere-

191 4337 325 4406 licti,
359 4336 508 4393 utea
537 4354 654 4410 qua:
678 4348 826 4395 recta
858 4340 1157 4396 intentione
1187 4341 1562 4410 disponerent,
1595 4359 1788 4399 secun-

193 4429 313 4483 dum
363 4428 460 4484 Dei
490 4430 886 4499 providentiam
925 4437 1075 4485 recta
1114 4446 1223 4486 non
1257 4440 1471 4500 essent;
1526 4441 1791 4505 quatenus

1906 3793 2201 3864 praphetim
2230 3794 2458 3863 gratiam
2497 3811 2605 3851 non
2634 3796 2904 3868 accipiunt
2937 3818 2949 3853 :
2993 3800 3038 3856 si
3068 3799 3104 3855 ii
3135 3803 3226 3872 qui
3259 3805 3493 3874 prophe-

1903 3884 1991 3940 tiae
2015 3887 2263 3957 spiritum
2300 3890 2456 3960 176
2483 3889 2702 3956 habent,
2735 3892 2986 3948 eumdem
3014 3894 3260 3964 spiritum
3290 3897 3357 3950 ad
3379 3897 3490 3954 dis-

1899 3979 2147 4047 ponenda
2177 3990 2371 4035 cuncta
2403 3997 2513 4036 non
2557 3983 2799 4038 habent?
2837 3983 2968 4050 Quis
3007 3993 3187 4039 autem
3228 3986 3296 4040 de
3340 3996 3491 4044 tanto

1899 4065 2015 4122 viro
2037 4068 2284 4134 dubitet,
2323 4073 2447 4141 quia
2477 4072 2533 4128 'si
2564 4072 2795 4128 futuram
2819 4076 3227 4143 perversitatem
3257 4076 3490 4134 ﬁliorum

1898 4169 2292 4226 praenosceret,
2344 4176 2440 4216 eos
2471 4163 2655 4231 utique
2697 4163 3000 4218 forensibus
3045 4164 3341 4220 honoribus
3381 4183 3490 4224 non

1896 4247 2213 4318 praeferret?
2263 4249 2366 4316 Qui
2411 4265 2540 4320 ergo
2569 4253 2831 4322 reprobos
2868 4254 3104 4310 scienter
3150 4258 3491 4331 provehunt;

1895 4339 2003 4394 hoc
2032 4341 2312 4411 prophetae
2342 4344 2591 4413 exemplo
2619 4346 2720 4401 sibi
2746 4344 2976 4401 blandiri
3004 4362 3341 4418 nequaquam
3365 4368 3492 4422 pos-
3560 4387 3566 4392 -

1895 4437 2022 4483 sunt
2051 4447 2064 4483 :
2103 4431 2229 4500 quia
2260 4441 2385 4485 tunc
2415 4431 2591 4486 solum
2636 4434 2860 4490 innoxie
2899 4436 3094 4506 agitur,
3127 4453 3248 4494 cum
3289 4441 3342 4494 in
3373 4443 3449 4498 eis
3470 4481 3488 4509 ,

193 4518 405 4574 illorum
446 4519 773 4587 inﬁrmitas,
823 4520 1122 4576 electorum
1173 4523 1514 4591 sequentium
1564 4522 1825 4598 ﬁrmitasl

1912 4532 2140 4588 .empore
2164 4534 2273 4588 quo
2313 4521 2550 4589 promoti
2579 4531 2733 4590 sunt,
2766 4524 3066 4582 subsecuta:
3094 4529 3389 4599 iniquitatis
3417 4533 3490 4588 si-

191 4610 344 4666 tieret
376 4628 390 4663 :
423 4611 550 4682 quia
579 4613 681 4667 etsi
711 4621 770 4666 ut
818 4612 1067 4668 homines
1115 4613 1170 4666 in
1210 4613 1564 4684 disponendis
1590 4623 1792 4671 sanctae

189 4699 444 4758 Ecclesiae
477 4703 705 4772 negotiis
735 4703 849 4759 falli
881 4712 1126 4773 possunt,
1151 4704 1280 4774 ipsae
1306 4714 1485 4762 tamen
1510 4707 1794 4764 ecclesias-

191 4792 309 4847 tieae
341 4793 727 4863 dispositiones
754 4794 1062 4850 deserendae
1091 4811 1202 4851 non
1245 4805 1392 4854 sunt.
1420 4796 1558 4854 Ecce
1590 4800 1791 4856 etenim

187 4882 388 4939 dicitur
420 4902 433 4937 :

257 4973 308 5043 (ι
340 4974 477 5044 Reg.
507 4991 622 5042 vm,
658 4975 800 5046 1-5.)
840 4973 1062 5029 Factum
1093 4984 1170 5029 est
1197 4983 1371 5030 autem
1392 4993 1507 5031 cum
1537 4979 1792 5034 senuisset

187 5066 424 5134 Samuel,
455 5069 628 5137 posuit
645 5069 787 5138 ﬁlios
810 5085 930 5123 suos
943 5067 1149 5138 judices
1176 5066 1364 5134 Israel,
1390 5070 1583 5140 fuitque
1604 5087 1791 5126 nomen

188 5158 288 5228 (il-ii
317 5159 396 5211 sui
434 5160 785 5229 primogeniti,
831 5159 1004 5225 Johel,
1037 5167 1088 5212 et
1134 5174 1321 5212 nomen
1353 5160 1584 5226 secundi,
1628 5161 1789 5227 Abia,

182 5250 417 5324 judicum
450 5254 506 5305 in
537 5251 810 5307 Bersabee.
841 5251 911 5306 Et
940 5270 1045 5308 non
1074 5252 1466 5308 ambulaverunt
1493 5254 1598 5328 ﬁlii
1625 5256 1707 5310 sui
1735 5257 1792 5311 in

185 5342 278 5396 viis
306 5346 443 5414 ejus.

252 5429 308 5486 2.
351 5430 496 5487 Ecce
523 5431 614 5504 qui
647 5431 945 5502 prophetiae
981 5433 1175 5503 spiritu
1221 5433 1412 5504 plenus
1440 5433 1617 5492 fuerat
1647 5479 1662 5504 ,
1703 5437 1781 5507 ii,

184 5536 322 5592 quos
367 5522 576 5591 judices
622 5523 808 5580 lsraeli
854 5525 1128 5596 ponebat,
1173 5527 1301 5596 quia
1334 5537 1458 5597 post
1503 5530 1781 5585 avaritiam

186 5617 536 5684 postmodum
564 5616 838 5672 declinare
859 5616 1146 5684 debebant,
1177 5625 1232 5672 et
1262 5634 1483 5674 munera
1516 5622 1781 5691 accipere,

184 5716 242 5761 et
280 5719 592 5778 pervertere
617 5710 900 5780 judicium,
929 5726 1035 5764 non
1066 5713 1338 5779 cognovit.
1369 5712 1510 5778 Quid
1539 5729 1665 5784 ergo
1689 5717 1786 5770 mi-

186 5812 347 5865 rum,
390 5799 438 5854 si
464 5799 577 5856 falli
624 5802 679 5856 in
706 5799 1053 5872 disponendis
1083 5801 1362 5857 ordinibus
1397 5815 1654 5875 possunt,
1698 5806 1789 5879 qui

261 5918 292 5949 ει
312 5907 578 5972 Gussanv.
609 5921 666 5975 et
690 5915 889 5987 Vatic.,
913 5930 1080 5988 prava
1104 5913 1332 5988 pericula
1356 5916 1630 5975 intuemur.

1895 4619 2000 4674 gna
2029 4605 2172 4660 nulla
2204 4614 2517 4676 patuerunt.
2550 4610 2729 4678 Quare
2751 4621 2807 4669 et
2830 4624 2956 4685 apte
2984 4617 3040 4683 ii,
3069 4619 3161 4687 qui
3181 4619 3388 4688 judices
3413 4621 3492 4677 ls-

1894 4696 2028 4751 raeli
2071 4712 2103 4751 a
2149 4697 2403 4756 Samuele
2433 4702 2597 4772 positi
2623 4712 2768 4772 sunt,
2821 4722 2942 4762 cum
2991 4721 3338 4779 ponerentur,
3371 4712 3490 4782 ejus

1893 4787 1987 4842 ﬁlii
2017 4787 2333 4845 dicebantur
2365 4809 2378 4845 :
2412 4801 2471 4848 ut
2518 4809 2585 4850 ex
2633 4811 2699 4852 eo
2746 4813 2855 4853 non
2903 4801 3078 4858 solum
3124 4819 3224 4874 per
3268 4821 3487 4861 carnem

1894 4877 2179 4934 credantur
2201 4882 2387 4951 geniti,
2412 4885 2508 4940 sed
2530 4886 2691 4942 etiam
2721 4894 3146 4951 conversationis
3171 4895 3287 4963 ejus
3307 4897 3488 4966 splen-

1893 4970 2115 5027 doribus
2144 4973 2411 5031 adornati.
2443 4977 2626 5044 Quare
2651 4988 2706 5036 et
2731 4997 2916 5037 eorum
2945 4987 3166 5041 nomina
3201 4997 3356 5044 caute
3393 5004 3483 5045 as-

1891 5062 2206 5131 signantur:
2243 5073 2302 5120 ut
2327 5082 2394 5122 ex
2425 5069 2580 5126 titulo
2611 5074 2841 5129 nominis
2861 5113 2878 5140 ,
2925 5077 3014 5131 illa
3034 5116 3050 5143 ,
3095 5093 3214 5146 qua:
3247 5088 3376 5136 tunc
3405 5084 3484 5140 eis
3549 5091 3552 5094 ’

1893 5155 2070 5210 inerat
2092 5197 2106 5224 ,
2139 5169 2496 5227 cognoscatur
2524 5162 2694 5218 forma
2727 5165 2962 5223 virtutis.
2996 5166 3236 5237 Nomen,
3279 5171 3482 5241 inquit,

1893 5248 1983 5302 uni
2006 5247 2178 5315 Johel,
2210 5250 2422 5306 alterius
2451 5252 2604 5323 Abia,
2639 5255 2877 5326 judicum
2914 5260 2969 5313 in
3000 5259 3267 5316 Bersabee.
3295 5262 3399 5317 Sed
3429 5273 3485 5320 et

1894 5341 1964 5397 de
1989 5342 2111 5410 illis,
2152 5345 2242 5412 qui
2281 5353 2406 5413 post
2434 5357 2708 5417 acceptam
2738 5349 3054 5418 dignitatem
3085 5353 3385 5410 declinasse
3415 5356 3484 5411 ad

1893 5435 2170 5488 avaritiam
2215 5435 2485 5504 dicuntur,
2532 5451 2718 5509 aperte
2761 5444 3063 5499 ostenditur
3105 5463 3118 5498 :
3163 5447 3289 5514 quia
3330 5459 3484 5505 ante-

1890 5541 2051 5596 quam
2079 5529 2317 5596 ejusdem
2352 5531 2623 5600 dignitatis
2653 5534 2865 5589 culmen
2896 5537 3262 5606 attingerent,
3309 5539 3364 5594 in
3399 5541 3477 5598 eis

1891 5622 2082 5671 futurae
2108 5620 2387 5688 pravitatis
2416 5622 2567 5689 signa
2598 5624 2741 5680 nulla
2771 5627 3109 5684 videbantur.
3161 5629 3268 5685 Sed
3305 5647 3433 5688 ecce
3462 5672 3479 5700 ,

1893 5710 2020 5765 dum
2047 5719 2324 5781 pastorum
2366 5714 2560 5770 solatia
2585 5720 2915 5776 attendimus
2945 5762 2960 5787 ,
3007 5723 3186 5792 gregis
3216 5723 3481 5781 Dotninici

1897 5813 1921 5842 ιι
1936 5818 2045 5859 non
2065 5819 2228 5874 parva
2249 5804 2482 5875 pericula
2508 5807 2796 5870 intuemur.
2810 5811 2945 5868 Nam
2971 5821 3238 5871 steterunt
3258 5815 3479 5882 subditi,
