4020 6344
476 432 576 492 219

1692 414 1933 475 SANCTI
1972 404 2299 468 GNEGOR"
2337 408 2549 466 MAGNI

3639 400 3745 459 220

480 547 575 610 sed
602 545 655 601 in
686 553 918 599 culmine
941 537 1270 610 prtelationis
1297 534 1459 607 positi
1487 532 1764 607 prophetae
1800 530 1890 585 ﬁlii
1917 529 2057 585 cecl-
2084 530 2135 589 Α
2164 527 2233 581 ab
2261 525 2419 594 hujus
2447 523 2650 579 lumine
2676 523 2905 582 rationis
2934 516 3287 584 eo'eteciores
3312 528 3458 589 sunt,
3506 535 3616 593 quo
3643 519 3748 576 illis

477 642 676 699 derunt
702 652 716 690 :
760 644 819 690 ut
843 633 890 689 si
915 633 1069 688 nobis
1107 630 1205 685 sub
1232 643 1363 686 cura
1397 626 1664 695 majorum
1690 622 1879 694 positis
1908 621 2061 676 inde-

480 736 663 794 siueus
690 736 893 785 sanctae
919 727 1042 781 vitae
1070 724 1323 787 studium,
1365 723 1516 793 177
1542 728 1635 775 aut
1661 718 1920 774 securitas
1948 728 2064 770 ma-

479 840 599 896 gnae
622 819 1043 879 conversationis
1068 815 1321 877 arrideat,
1356 825 1587 882 praeesse
1612 817 1793 865 tamen
1815 806 1934 860 aliis
1954 820 2063 859 non

482 917 777 976 habeamus
821 913 875 968 in
904 910 1142 982 appetitu
1171 904 1451 970 desiderii,
1482 902 1576 958 sed
1606 898 1659 955 in
1698 896 2066 967 magnitudine

482 1009 711 1066 timoris.
742 1005 853 1062 Sed
882 1003 1123 1058 carnales
1152 1000 1371 1070 quique,
1405 996 1530 1051 dum
1566 992 1680 1048 sola
1717 989 1949 1045 visibilia
1980 992 2064 1041 at-

482 1103 742 1167 tendunt,
790 1098 1087 1169 spiritalem
1124 1100 1432 1149 sanctorum
1462 1084 1929 1143 conversationem
1975 1094 2069 1134 co-

482 1213 743 1271 gnoscere
774 1211 878 1251 non
903 1199 1193 1248 merentur.
1207 1187 1489 1242 Pastorum
1511 1182 1725 1253 quidem
1746 1186 1944 1234 sancta:
1964 1175 2066 1230 Ec-

484 1270 661 1348 clesiae
688 1289 898 1345 culmen
920 1283 1202 1354 aspiciunt,
1228 1278 1323 1335 sed
1349 1276 1589 1345 cogitare
1620 1270 1883 1334 nesciunt,
1906 1280 2067 1336 quam

486 1385 641 1439 inviti
672 1384 745 1437 illi
776 1383 917 1436 intus
946 1378 1195 1432 decorem
1220 1372 1493 1436 tollerent,
1524 1381 1684 1437 quem
1708 1365 1760 1419 in
1781 1361 2068 1433 spleudore

486 1478 733 1537 culminis
779 1473 905 1529 foris
926 1477 1129 1533 tenent,
1165 1467 1309 1536 quod
1338 1463 1722 1521 sublimitatem
1761 1459 1983 1515 honoris
2012 1456 2068 1510 in

487 1568 891 1641 Oppressionem
916 1562 1095 1631 magni
1126 1558 1392 1615 sustinent
1437 1554 1651 1620 oneris,
1698 1550 1847 1621 quod
1874 1562 2068 1616 magno

487 1660 752 1718 desiderio
799 1656 1006 1724 fugiunt
1030 1692 1046 1719 ,
1093 1652 1236 1723 quod
1266 1648 1525 1706 exteriori
1554 1643 1853 1701 ministerio
1880 1654 2070 1711 prose-

484 1759 739 1826 quuntur.
773 1748 1031 1804 Testante
1051 1745 1251 1801 etenim
1280 1740 1498 1811 egregio
1524 1739 1749 1795 doctore
1769 1734 2069 1799 didicimus,

484 1843 631 1914 quod
659 1840 903 1896 animalis
928 1839 1077 1892 homo
1104 1852 1207 1890 non
1232 1833 1447 1905 percipit
1476 1848 1537 1886 ea
1562 1845 1675 1901 qua
1713 1835 1835 1881 sunt
1860 1826 2073 1896 spiritus

2170 618 2299 675 solis
2340 619 2508 674 oculis
2555 619 2760 686 vident,
2809 634 2948 689 quos
2993 636 3215 691 serpens
3260 620 3495 690 aperuit.
3526 612 3663 670 Nam
3709 613 3751 674 si

2167 712 2524 781 spiritualium
2550 712 2802 767 virtutum
2830 712 3090 782 fulgorem
3115 706 3437 784 aspicerent.
3469 724 3594 764 eum
3621 722 3752 778 pro-

2168 802 2309 857 fecto
2330 803 2383 856 in
2412 812 2603 857 ornatu
2625 819 2736 858 sum
2757 805 2953 859 mentis
2973 805 3171 859 habere
3191 802 3584 858 desiderarent.
3610 797 3729 853 Tan

2170 903 2258 949 tus
2298 894 2557 962 siquidem
2596 895 2759 949 decor
2793 910 2978 949 earum
3022 904 3137 961 est,
3187 901 3247 948 ut
3290 893 3434 947 visus
3482 904 3756 958 nunquam

2169 1002 2280 1041 non
2305 987 2473 1055 possit
2514 988 2745 1042 videntis
2790 988 3058 1043 desiderio
3108 985 3439 1054 concupisci.
3473 983 3758 1051 Sapientes

2170 1090 2301 1145 ergo
2329 1078 2511 1133 smculi
2539 1094 2659 1133 cum
2681 1093 2740 1132 se
2769 1079 2954 1133 oculos
2997 1077 3222 1132 rationis
3254 1076 3457 1130 habere
3486 1072 3758 1127 arbitran—

2172 1177 2287 1238 tur,
2312 1186 2377 1225 ex
2402 1171 2507 1225 hoc
2535 1184 2860 1237 cognoscere
2890 1177 3149 1239 possunt,
3181 1183 3341 1236 quam
3376 1166 3661 1219 dementer
3689 1162 3743 1215 in

2170 1266 2385 1321 sauiant
2415 1283 2427 1319 :
2459 1265 2585 1334 quia
2607 1264 2864 1317 virtutum
2897 1270 3205 1317 sanctarum
3228 1256 3635 1330 pulchritudine
3654 1271 3764 1310 non

2173 1359 2333 1425 illici,
2368 1373 2552 1413 earum
2584 1357 2825 1426 profecto
2866 1357 3092 1426 gloriam
3133 1371 3241 1409 non
3284 1352 3461 1407 solum
3507 1366 3619 1405 non
3649 1365 3766 1403 cer-

2174 1464 2322 1514 nere,
2354 1448 2450 1504 sed
2480 1463 2583 1503 nec
2608 1448 2864 1503 somniari
2892 1454 2993 1501 est.
3021 1444 3207 1499 Sancti
3225 1458 3354 1514 ergo
3377 1441 3504 1503 viri,
3529 1440 3626 1509 qui
3653 1440 3768 1507 jam

2172 1542 2567 1599 illuminatione
2614 1540 2786 1595 sancti
2832 1540 3063 1609 Spiritus
3125 1538 3284 1609 178
3331 1535 3385 1589 in
3428 1535 3770 1588 internormu

2175 1650 2362 1691 amore
2389 1634 2606 1703 obligati
2635 1642 2778 1701 sunt,
2807 1635 3004 1689 mentis
3031 1647 3141 1688 sum
3170 1631 3358 1686 oculos
3386 1629 3451 1684 sd
3481 1627 3773 1683 videndam

2177 1728 2376 1783 intima:
2430 1727 2695 1783 claritatis
2751 1726 2978 1795 gloriam
3037 1730 3191 1777 tanto
3237 1720 3494 1775 clariores
3538 1718 3776 1783 habent,

2178 1829 2382 1891 quanto
2410 1819 2479 1875 de
2504 1818 2688 1875 mundi
2716 1818 2945 1888 caligine
2974 1817 3028 1872 in
3058 1814 3330 1871 desiderio
3369 1811 3499 1866 nihil
3526 1811 3779 1878 habent;

484 1906 583 1991 Ῐὶεὶ
614 1932 668 2003 (I
695 1931 815 1987 Cor.
848 1947 904 1997 ιι,
939 1927 1048 1998 14).
1079 1925 1231 1981 Unde
1250 1932 1306 1979 et
1335 1930 1487 1977 tanto
1507 1920 1809 1977 dementius
1837 1914 2074 1972 carnalia
2105 1910 2156 1979 Β
2180 1920 2236 1968 et
2260 1912 2566 1967 discernere
2595 1910 2835 1965 carnalia
2868 1917 3021 1963 tanto
3051 1906 3256 1962 rectius
3293 1909 3538 1974 possunt,
3568 1910 3785 1971 quanto

484 2042 719 2098 sequens
747 2030 921 2089 errat,
950 2026 1155 2090 quanto
1190 2033 1289 2090 per
1316 2015 1655 2073 discretionis
1694 2014 1940 2067 virtutem
1968 2009 2078 2081 spi-

484 2119 663 2177 ritalia
697 2117 840 2172 nulla
868 2114 977 2184 jam
1007 2119 1275 2184 penetrat.
1328 2110 1394 2164 Et
1425 2108 1669 2165 nonnulli
1698 2107 1832 2161 tales
1869 2106 1923 2160 in
1954 2112 2074 2159 tau-

488 2222 601 2269 tum
632 2210 916 2267 dementiae
944 2209 1145 2263 malum
1177 2205 1485 2277 proﬁciunt,
1518 2210 1579 2259 ut
1621 2214 1964 2257 commovere
1994 2198 2077 2268 ip-

486 2320 605 2362 sum
633 2304 795 2357 etiam
824 2309 1021 2357 statum
1048 2296 1401 2354 ecclesiastici
1444 2294 1692 2351 culminis
1719 2308 1826 2347 non
1852 2303 2079 2345 verean-

488 2401 593 2450 tur.
622 2393 775 2448 Unde
797 2400 854 2447 et
877 2390 1115 2459 sequitur
1138 2405 1152 2442 :

562 2488 739 2559 (Vera.
767 2486 821 2551 4,
852 2484 930 2556 5.)
958 2483 1268 2555 Congregali
1294 2497 1417 2553 ergo
1444 2478 1670 2534 universi
1700 2476 1926 2546 majores
1952 2482 2081 2528 natu

490 2596 554 2636 ex
584 2578 753 2633 Israel
782 2586 1023 2631 uenerunt
1051 2578 1103 2629 in
1136 2574 1393 2627 Ramatha
1413 2614 1428 2638 ,
1463 2571 1803 2638 dixeruntque
1827 2568 1872 2620 ei
1900 2582 1917 2620 :
1945 2565 2083 2619 Ecce

492 2678 546 2726 tu
575 2672 785 2725 senuisti
806 2712 819 2737 ,
850 2676 899 2723 et
928 2668 1025 2738 ﬁlii
1058 2669 1126 2720 tui
1153 2683 1257 2720 non
1285 2663 1551 2719 ambulant
1578 2661 1632 2715 in
1661 2661 1755 2713 viis
1779 2662 1897 2712 tuis.
1942 2658 2081 2712 Con-

491 2765 645 2819 stitue
671 2777 825 2832 super
853 2775 945 2815 nos
973 2774 1176 2831 regem,
1218 2766 1273 2811 ut
1303 2756 1503 2831 judicet
1538 2770 1632 2808 nos
1659 2752 1793 2808 sicut
1830 2751 2083 2805 universa:

492 2855 679 2912 habent
708 2856 962 2910 nationes.

561 2952 613 3006 ὅ.
649 2950 741 3004 llis
769 2956 979 3013 autem,
1011 2948 1100 3016 qui
1129 2945 1382 3000 vivebant
1410 2945 1508 2999 sub
1534 2942 1762 3014 spiritali
1798 2940 2080 3009 regimine,

492 3054 673 3108 regem
696 3048 902 3108 petere,
923 3040 1048 3109 quid
1069 3037 1211 3092 aliud
1231 3043 1494 3107 estquam
1518 3035 1760 3089 eamdem
1786 3034 2085 3103 spiritalem

493 3129 861 3203 prmlationem
895 3128 949 3182 in
980 3128 1293 3183 surcularem
1318 3127 1743 3181 dominationem
1792 3123 2087 3179 transferre

492 3222 728 3293 gestire?
765 3219 871 3275 Sed
899 3220 1071 3275 sancti
1101 3219 1199 3273 viri
1228 3233 1349 3273 cum
1379 3233 1438 3273 se
1483 3234 1512 3272 a
1542 3217 1771 3273 subditis
1814 3216 2086 3272 contemni

2182 2003 2343 2071 longe
2365 2016 2395 2055 a
2419 2000 2726 2056 carnalibus
2751 1998 3031 2066 assumpti,
3056 1998 3113 2051 in
3138 1994 3370 2065 Spiritus
3399 1992 3574 2047 sancti
3598 1992 3783 2060 gratia

2182 2094 2342 2147 altius
2366 2092 2729 2163 proiecerunt.
2764 2088 2919 2145 Unde
2955 2096 3010 2142 et
3038 2086 3316 2157 apostolus
3345 2083 3545 2138 Paulus
3570 2083 3638 2137 de
3680 2097 3788 2136 ex.

2180 2183 2445 2253 perientia
2473 2189 2634 2237 tanta:
2657 2180 2875 2234 visionis
2895 2177 3222 2233 sententiam
3260 2173 3509 2245 protulit,
3538 2172 3734 2226 dicens
3766 2187 3785 2224 :

2183 2275 2454 2342 Spiritalis
2491 2274 2696 2343 judico!
2742 2271 2917 2327 omnia
2959 2267 3012 2340 (1
3043 2268 3163 2323 Cor.
3193 2283 3259 2333 ll,
3312 2264 3424 2335 15).
3457 2263 3603 2318 Bene
3643 2276 3789 2331 ergo

2182 2367 2377 2423 dicitur
2410 2384 2423 2419 :
2450 2366 2727 2435 Displicuit
2750 2380 2916 2418 sermo
2954 2365 3010 2416 in
3052 2362 3216 2416 oculis
3247 2359 3529 2415 Samuelis.
3579 2356 3724 2422 Quia
3756 2371 3792 2415 a

2181 2459 2313 2513 viris
2339 2455 2703 2528 spiritualibus
2732 2456 2805 2510 nil
2849 2462 2974 2508 ante
3022 2452 3336 2523 despicitur,
3367 2464 3528 2522 quam
3577 2447 3783 2516 despi-

2184 2550 2433 2611 ciendum
2457 2564 2579 2605 esse
2606 2562 2703 2619 per
2730 2545 3025 2616 spiritalem
3055 2543 3253 2599 mentis
3278 2541 3526 2595 intuitum
3569 2538 3798 2607 judice—

2184 2656 2291 2702 tur.
2324 2644 2390 2700 Et
2416 2647 2541 2715 quia
2570 2658 2677 2713 quo
2705 2638 3085 2695 abundantiori
3131 2636 3303 2706 gratia
3349 2633 3580 2704 Spiritus
3602 2630 3800 2693 sancti

2184 2741 2329 2813 pleni
2358 2747 2521 2805 sunt,
2552 2736 2620 2791 de
2645 2735 2856 2791 virtutis
2906 2746 3016 2788 sum
3062 2728 3385 2786 celsitudine
3426 2742 3531 2781 non
3577 2740 3801 2795 praesu-

2185 2842 2368 2897 munt,
2415 2831 2660 2902 sequitur
2690 2845 2703 2881 :
2737 2826 2805 2881 Et
2842 2827 3011 2882 oravit
3052 2823 3265 2879 Samuel
3307 2820 3601 2875 Dominum.
3630 2816 3801 2884 Quid

2188 2928 2332 2983 enim
2363 2924 2647 2980 Dominum
2677 2920 2869 2987 oravit,
2898 2919 3003 2974 nisi
3045 2926 3105 2972 ut
3132 2916 3233 2971 sibi
3262 2914 3567 2983 dignaretur
3591 2922 3805 2967 esten.

2190 3019 2347 3083 dere,
2377 3018 2423 3072 si
2450 3012 2823 3070 tumultuantis
2851 3010 3037 3083 populi
3067 3007 3317 3081 petitioni
3343 3019 3615 3061 assensum
3639 3004 3806 3060 dare

2195 3106 2470 3163 debuisset
2491 3109 2515 3160 ?

2264 3198 2439 3269 (Vers.
2470 3196 2524 3260 7,
2556 3194 2637 3263 8.)
2668 3192 2817 3248 Dixit
2844 3198 3017 3247 autem
3042 3189 3297 3246 Dominus
3320 3190 3413 3245 .ad
3442 3185 3756 3245 Samuelells
3785 3202 3810 3242 :

491 3312 847 3384 conspiciunt,
880 3327 988 3367 non
1018 3318 1128 3365 tam
1158 3311 1236 3366 eis
1265 3309 1530 3379 displicet,
1558 3310 1700 3377 quod
1725 3318 2082 3364 contemnun-

2189 3291 2325 3345 Audi
2350 3303 2523 3343 uocent
2564 3287 2742 3358 pepuli
2784 3287 2840 3339 in
2898 3283 3131 3338 omnibus
3194 3299 3309 3355 qum
3355 3283 3623 3348 loquuntur
3661 3280 3808 3334 tibi.

494 3413 610 3473 tur,
640 3418 803 3474 quam
826 3402 970 3474 quod
1000 3410 1403 3473 contemptores
1440 3401 1523 3457 sui
1555 3400 1667 3456 Deo
1710 3416 1815 3455 non
1847 3400 2080 3471 placent.

493 3496 699 3553 Eorum
721 3497 923 3567 quippe
948 3503 1259 3565 contemptu
1278 3535 1294 3564 ,
1341 3510 1452 3549 suae
1480 3494 1703 3549 interna:
1732 3493 1917 3561 glorias
1967 3493 2088 3547 dari

496 3597 826 3646 .ncrementa
856 3589 1221 3659 conspiciunt,
1267 3588 1361 3643 sed
1404 3588 1589 3656 augeri
1622 3589 1812 3642 merita
1836 3603 1934 3642 sua
1960 3588 2089 3641 sul)-

497 3679 730 3734 ditorum
762 3678 1061 3734 defectibus
1088 3678 1469 3747 ingemiscunt,
1502 3694 1637 3747 quos
1658 3678 1735 3732 sic
1755 3678 1960 3731 meritis
1974 3677 2090 3730 vel-

498 3770 609 3826 ient
636 3769 918 3840 proﬁcere,
950 3778 1009 3822 ut
1034 3769 1091 3823 in
1137 3777 1340 3822 aeterna
1369 3767 1683 3821 meritorum
1711 3768 2085 3832 retributione,

498 3875 683 3921 secum
711 3875 830 3927 eos,
852 3858 1048 3928 quibus
1064 3865 1323 3928 praesunt,
1352 3856 1551 3911 habere
1569 3857 1885 3926 potuissent.
1912 3856 2090 3922 Quare

502 3961 561 4008 et
585 3951 833 4007 subditur
862 3968 878 4004 :

571 4043 749 4116 (Vera.
788 4042 867 4118 ii.)
907 4040 1183 4112 Displicuit
1207 4056 1374 4094 sermo
1412 4056 1467 4093 tn
1504 4038 1664 4093 oculis
1704 4038 1997 4103 Samuelis,
2031 4054 2089 4093 eo

502 4136 640 4209 quod
672 4135 931 4189 dixissent
967 4149 984 4186 :
1016 4131 1099 4184 Da
1127 4130 1274 4185 nobis
1303 4146 1494 4201 regem,
1526 4137 1579 4181 ut
1602 4128 1800 4198 judicet
1828 4144 1942 4182 nos.

569 4229 623 4282 4.
656 4227 774 4284 Hoc
796 4240 1029 4294 namque
1057 4225 1107 4279 ei
1136 4224 1427 4294 displicuit,
1480 4238 1575 4293 per
1615 4221 1757 4292 quod
1808 4221 2093 4291 displicere

501 4316 648 4383 Deo,
694 4318 787 4385 qui
817 4317 1173 4384 loquebantur
1194 4355 1211 4382 ,
1237 4315 1588 4370 existimavit.
1639 4313 1775 4379 Quia
1825 4328 1954 4368 vero
1984 4329 2093 4369 non

502 4407 818 4477 simpliciter
847 4406 1041 4462 dicitur
1074 4426 1084 4459 :
1120 4406 1393 4477 displicuit
1420 4422 1599 4461 sermo
1629 4404 1887 4469 Samueli,
1918 4404 2015 4460 sed
2039 4405 2092 4461 in

504 4502 675 4558 oculis
697 4500 980 4567 Samuelis,
1009 4509 1066 4555 et
1092 4500 1269 4555 statim
1299 4500 1547 4556 subditur
1578 4518 1591 4554 :

577 4592 755 4664 (νει-ε.
786 4591 866 4661 6.)
895 4591 965 4645 Et
986 4593 1149 4647 oravit
1191 4590 1405 4647 Samuel
1431 4609 1523 4661 pro
1572 4590 1760 4663 populo
1789 4588 2089 4646 Dominum.

2190 3383 2313 3437 Non
2342 3382 2479 3435 enim
2502 3379 2796 3449 abjecerunt
2826 3385 2891 3442 te,
2920 3375 3011 3429 sed
3034 3391 3134 3440 me,
3166 3391 3227 3428 ne
3255 3389 3461 3445 regnem
3486 3385 3637 3437 super
3656 3386 3801 3435 eos,

2180 3477 2337 3547 juxta
2367 3474 2539 3529 omnia
2569 3488 2723 3543 Opera
2749 3487 2867 3535 sua,
2892 3484 3005 3539 qua:
3034 3470 3261 3538 fecerunt
3286 3484 3318 3520 a
3338 3467 3447 3533 die,
3475 3464 3592 3533 quia
3612 3461 3806 3517 eduxi

2189 3585 2277 3623 eos
2303 3567 2365 3619 de
2386 3563 2621 3637 zEgyplo
2648 3577 2807 3631 usque
2834 3560 2902 3613 ad
2934 3559 3068 3611 diem
3094 3558 3248 3610 hanc.

2264 3680 2314 3735 5.
2345 3679 2478 3747 Quia
2508 3680 2683 3734 oranti
2711 3677 2989 3748 prophetae
3024 3675 3218 3730 dicitur
3250 3690 3264 3727 :
3295 3670 3573 3727 Constitue
3614 3684 3812 3739 super

2191 3786 2285 3828 eos
2314 3785 2524 3839 regem;
2551 3770 2709 3838 plane
2739 3765 3065 3830 ostenditur,
3091 3764 3219 3832 quia
3246 3778 3314 3817 an
3336 3762 3441 3816 hoc
3475 3758 3811 3815 iaciendum

2192 3868 2355 3925 esset,
2384 3861 2485 3915 sibi
2532 3858 2762 3915 revelari
2793 3855 3101 3927 postulavit.
3137 3854 3204 3907 Et
3230 3854 3351 3922 quia
3380 3852 3628 3916 subdens,
3658 3852 3761 3905 ait
3796 3872 3812 3907 :

2193 3954 2319 4010 Non
2348 3964 2393 4007 te
2415 3953 2730 4023 abjecerunt,
2752 3951 2843 4005 sed
2872 3967 2972 4017 me,
3000 3965 3064 4002 ne
3090 3964 3297 4017 regnem
3332 3961 3482 4015 super
3508 3960 3614 4007 eos,
3653 3954 3821 4012 apte

2194 4048 2522 4111 ostenditur,
2555 4054 2813 4115 quantum
2861 4043 2963 4100 sibi
3003 4057 3180 4099 sermo
3211 4040 3514 4109 displiceat,
3541 4049 3722 4105 quem
3755 4036 3819 4090 iu

2194 4140 2361 4195 oculis
2390 4138 2654 4193 Samuelis
2679 4136 3013 4205 displicuisse
3058 4133 3388 4204 perhibetur.
3424 4129 3540 4196 Quae
3568 4142 3822 4183 conve-

2197 4231 2395 4286 nientia
2419 4229 2605 4299 iudicii
2635 4230 2689 4282 in
2718 4229 2915 4284 sanctis
2938 4228 3110 4282 oritur
3131 4241 3197 4280 ex
3219 4227 3419 4279 virtute
3447 4219 3747 4278 charitatis
3790 4241 3803 4277 :

2195 4320 2320 4389 quia
2349 4318 2475 4372 (lum
2502 4334 2571 4373 ex
2593 4326 2707 4372 tota
2736 4325 2917 4372 mente
2938 4316 3283 4371 Conditorem
3313 4313 3553 4381 diligunt,
3584 4318 3638 4362 et
3666 4310 3822 4380 ejus

2194 4408 2459 4463 Voluntati
2490 4407 2711 4462 obedire
2753 4406 2955 4461 devote
3001 4414 3295 4469 conantur,
3347 4420 3414 4458 ex
3453 4401 3670 4472 praemio
3704 4418 3820 4457 su-

2196 4513 2375 4570 perum
2416 4498 2785 4555 retributionis
2813 4496 3114 4567 accipiunt,
3142 4504 3200 4550 ut
3229 4496 3297 4551 ab
3325 4497 3509 4549 eadem
3542 4490 3635 4546 Dei
3665 4507 3820 4549 0m-

2198 4589 2491 4660 uipoteutis
2518 4588 2794 4644 voluntate
2837 4586 2997 4641 aliter
3022 4584 3305 4641 sentiendo
3326 4597 3432 4637 non
3457 4582 3819 4649 discrepent,

574 4682 746 4738 Paulo
775 4682 1019 4738 subtilius
1047 4696 1109 4737 ea
1139 4696 1239 4736 nos
1276 4682 1619 4737 considerare
1643 4688 1875 4751 oportet.
1910 4679 2094 4735 Sancti
2116 4665 2172 4728 Ῑ)
2197 4699 2355 4754 quam
2387 4683 2443 4737 in
2487 4681 2645 4737 bonis
2699 4678 2957 4751 operibus
2994 4692 3208 4745 semper
3263 4684 3472 4731 tenent.
3511 4671 3818 4741 Scriptum

504 4772 632 4840 viri,
660 4773 755 4842 qui
782 4772 1142 4843 omnipotenti
1167 4771 1283 4827 Deo
1311 4771 1467 4826 valde
1513 4771 1795 4841 displicere
1823 4780 2089 4841 metuunt,

504 4866 562 4923 in
589 4866 700 4921 suis
723 4865 943 4935 iudiciis
993 4863 1177 4920 faciles
1207 4879 1319 4919 non
1370 4870 1527 4927 sunt,
1570 4863 1665 4919 sed
1714 4876 1920 4937 cuncta.
1943 4866 2092 4934 prius

506 4957 899 5013 rationabiliter
924 4956 1068 5011 intus
1091 4954 1364 5021 ordinant,
1395 4963 1456 5009 ut
1483 4968 1545 5011 ea
1568 4953 1697 5009 foris
1726 4955 1779 5009 in
1810 4970 1975 5025 opere
2020 4958 2094 5010 ir-

508 5048 1007 5119 reprehensibiliter
1054 5049 1365 5119 diSpouant.
1411 5045 1545 5101 Nam
1588 5047 1907 5102 electionem
1950 5049 2091 5104 acci-

508 5139 669 5211 piunt
695 5140 891 5193 nullam
915 5138 1123 5208 judicii,
1152 5137 1199 5193 si
1226 5152 1333 5192 non
1359 5136 1614 5207 probatur
1634 5138 2092 5208 contemplatione

509 5232 754 5289 rationis.
780 5230 890 5286 Eos
910 5228 1154 5301 profecto
1175 5229 1361 5286 oculos
1384 5228 1663 5299 prophetas
1683 5228 1939 5284 Dominus
1967 5245 2095 5298 ape-

510 5327 618 5381 rire
648 5325 885 5391 volebat,
908 5339 1027 5378 cum
1046 5323 1259 5379 dicebat
1284 5341 1297 5376 :
1330 5322 1459 5376 Vide
1485 5323 1646 5378 acidis
1670 5324 1791 5391 tuis,
1812 5331 1863 5376 et
1884 5324 2096 5379 auribus

515 5417 614 5468 tuis
637 5418 757 5470 audi
784 5416 955 5485 (Exeo.
1002 5433 1091 5483 XL,
1121 5415 1199 5486 4).
1233 5416 1369 5471 liinc
1398 5416 1452 5470 in
1494 5414 1780 5483 Evangelio
1825 5416 2097 5485 discipulis

514 5507 650 5561 dixit
681 5525 693 5559 :
731 5508 871 5563 Beati
902 5510 1058 5578 oculi,
1088 5512 1173 5582 qui
1200 5510 1371 5565 uident
1416 5526 1531 5580 quae
1555 5527 1642 5564 vos
1666 5510 1845 5565 uidetis
1870 5510 2020 5581 (Luc.
2042 5530 2097 5578 ιι,

515 5596 631 5699 2:»).
659 5597 809 5651 Oculi
838 5601 1034 5699 quippe
1061 5610 1395 5669 sanctorum,
1426 5613 1553 5659 sunt
1585 5605 1890 5661 intellectus
1928 5610 2096 5664 ratio-

516 5689 622 5751 nis,
657 5689 874 5741 reserati
901 5706 997 5758 per
1039 5693 1265 5758 gratiam
1299 5694 1531 5763 Spiritus
1555 5696 1747 5751 sancti.
1799 5695 1869 5751 Et
1894 5697 2096 5756 idcirco

519 5778 787 5837 Samuelis
815 5795 932 5837 esse
971 5782 1220 5839 dicuntur
1253 5805 1265 5838 :
1296 5787 1419 5856 quia
1442 5790 1686 5845 carnales
1735 5791 1962 5860 quique,
1994 5793 2095 5849 etsi

523 5888 617 5935 per
645 5874 931 5929 humanam
976 5875 1630 5937 sapientiam'ratiouales
1657 5895 1777 5938 esse
1824 5882 2092 5948 videntur.

2193 4779 2393 4849 quippe
2443 4782 2525 4831 est
2574 4792 2586 4827 :
2642 4772 2742 4837 Qui
2788 4772 3018 4826 adliceret
3074 4768 3215 4832 Deo,
3280 4783 3413 4823 unus
3458 4764 3667 4835 spirius
3726 4775 3823 4821 est

2195 4866 2252 4939 (Ι
2280 4867 2399 4921 Cor.
2426 4882 2477 4921 γι
2498 4908 2513 4934 ,
2556 4864 2667 4935 17).
2696 4864 2925 4918 Domino
2951 4861 3151 4932 quippe
3181 4858 3455 4921 adhaeret,
3503 4856 3595 4924 qui
3642 4870 3822 4924 pm-

2195 4969 2352 5030 cepta
2381 4957 2676 5015 voluntatis
2695 4956 2812 5025 ejus
2835 4956 3014 5010 facere
3042 4967 3259 5021 semper
3281 4951 3480 5007 studet.
3511 4945 3616 5003 Sed
3644 4962 3825 5007 unus

2194 5053 2415 5123 Spiritus
2439 5066 2561 5106 cum
2586 5066 2655 5105 eo
2676 5049 2773 5103 iit:
2816 5048 2944 5117 quia
2982 5061 3049 5102 ex
3078 5044 3329 5099 diuturna
3376 5041 3665 5099 devotione
3732 5048 3821 5116 pr

2197 5145 2374 5213 operis
2404 5142 2458 5198 in
2486 5148 2689 5196 tantam
2716 5139 2939 5208 gratiam
2989 5136 3183 5190 divinae.
3212 5132 3532 5202 cognitionis
3555 5140 3829 5189 assumi-
3886 5188 3889 5189 ,

2201 5245 2314 5300 tur,
2349 5244 2408 5289 ut
2436 5234 2502 5289 ab
2531 5231 2726 5288 interni
2753 5231 2869 5299 ejus
2900 5229 3152 5299 mquitate
3186 5226 3369 5294 judicii
3408 5238 3503 5295 per
3540 5236 3828 5280 errorem

2202 5328 2457 5383 mundani
2499 5326 2715 5396 spiritus
2761 5322 3049 5377 dissentire
3095 5319 3388 5373 ultranon
3437 5314 3622 5385 possit.
3683 5313 3832 5372 Sed

2202 5418 2358 5474 valde
2384 5417 2599 5471 diflieile
2634 5412 3019 5483 respondetur,
3067 5410 3115 5464 si
3157 5408 3451 5479 quaeritur,
3487 5421 3580 5461 cur
3609 5410 3831 5463 omni-

2204 5518 2398 5581 potens
2429 5509 2567 5562 Deus
2591 5515 2646 5561 et
2677 5507 2951 5575 abjectum
2992 5517 3051 5557 se
3080 5502 3134 5555 in
3162 5501 3303 5567 regis
3344 5497 3605 5569 petitione
3650 5510 3830 5555 con-

2207 5612 2484 5672 queratur,
2515 5611 2569 5655 et
2592 5609 2769 5654 tamen
2799 5598 2847 5651 id
2878 5595 3023 5664 quod
3053 5593 3331 5662 petebatur
3353 5590 3469 5647 lieri
3489 5590 3781 5647 decernat
3808 5614 3826 5650 ;

2202 5708 2524 5761 rursumque
2556 5692 2603 5745 si
2647 5690 2876 5757 dignitas
2919 5687 3064 5756 regia
3107 5683 3402 5740 ordinanda
3450 5681 3655 5743 fuerat,
3698 5699 3831 5742 cur

2203 5788 2349 5841 velut
2390 5784 2657 5852 indignata
2700 5782 2793 5838 Dei
2842 5779 3123 5849 majestate
3166 5775 3328 5830 fuerit
3372 5774 3663 5845 permissa;
3761 5788 3831 5834 et

2203 5896 2319 5935 cun;
2347 5880 2594 5949 provisus
2626 5891 2718 5933 rex
2745 5875 2869 5948 eligi
2899 5877 3221 5933 decernatur
3243 5910 3261 5939 ,
3293 5886 3386 5926 cur
3414 5870 3827 5942 reprobandus
