4020 6344
247 434 350 495 221

1078 444 1145 501 ΙΝ
1184 442 1453 505 PRIMUM
1486 442 1730 505 REGUM
1770 444 2285 509 EXPOSITIONES.
2324 480 2397 495 --
2432 452 2567 511 LIB.
2605 455 2695 511 Π.

3426 465 3533 518 2‘22

248 554 508 622 eligitur?
536 550 674 622 Quid
717 553 786 610 ad
826 555 941 612 hate
968 552 1114 612 aliud
1159 559 1489 629 respondere
1534 574 1839 631 possumus,
1870 564 1925 628 Α
1945 561 2073 633 quid
2098 576 2292 621 cavere
2320 565 2613 623 debuisset.
2643 566 2735 623 Sic
2776 567 3030 625 nimirum
3075 578 3132 628 et
3160 572 3226 629 de
3256 573 3343 631 illa
3375 592 3538 647 ange-
3608 600 3611 601 ν

249 645 357 704 nisi
388 645 440 701 id
468 646 611 717 quod
654 647 935 717 apostolus
981 647 1178 705 Paulus
1224 648 1548 707 int-ﬂabilem
1592 652 1843 724 abyssum

253 740 577 812 iudiciorum
605 739 700 795 Dei
728 741 1054 811 perscrutari
1095 741 1412 799 audentibus
1439 745 1799 815 respondebat
1827 761 1841 798 :

257 831 462 898 Homo,
509 830 711 900 inquit,
770 833 1004 901 tu‘quis
1069 849 1161 903 es,
1227 836 1312 905 qui
1372 838 1687 907 respondeas
1734 836 1845 892 Deo

258 925 437 996 (Rom.
464 940 536 991 rx,
586 924 710 994 20)?
755 924 861 981 Sed
907 926 951 981 si
1002 927 1105 982 hoc
1155 926 1444 985 efﬁcaciter
1484 929 1710 986 delinire
1736 946 1846 988 non

255 1029 558 1086 possumus,
590 1025 813 1085 tangere
840 1018 1158 1087 inquirendo
1182 1036 1483 1091 possumus.
1517 1022 1598 1078 An
1622 1023 1849 1080 fortasse

253 1106 524 1173 abjectum
552 1123 612 1162 se
642 1108 694 1163 in
724 1110 865 1179 regis
907 1111 1167 1180 petitione
1216 1115 1598 1184 conqueritur?
1625 1116 1730 1172 Pro
1757 1132 1848 1173 re-

254 1198 425 1266 proba
453 1199 730 1255 voluntate
780 1201 919 1255 male
961 1204 1195 1273 petentis
1242 1206 1456 1274 populi,
1506 1208 1707 1279 petitus
1752 1224 1849 1264 rex

254 1288 573 1343 conceditur
601 1306 699 1359 pro
745 1291 1004 1348 vindicta.
1036 1292 1191 1360 Quod
1224 1295 1269 1349 si
1298 1296 1690 1355 rationabiliter
1715 1299 1846 1354 dici-

253 1387 378 1445 tur,
411 1380 537 1435 dum
569 1391 855 1452 utrumque
884 1386 1105 1455 posuit,
1137 1396 1192 1441 et
1228 1388 1443 1458 culpam
1490 1398 1545 1444 et
1587 1391 1848 1447 ultionem

253 1473 456 1543 pariter
473 1475 727 1531 ostendit.
764 1475 847 1532 Ex
880 1480 1108 1549 reproba
1129 1479 1329 1550 quippe
1348 1481 1626 1537 voluntate
1652 1482 1848 1552 injusta

253 1568 559 1635 postulasse
582 1570 942 1637 convincitur,
965 1573 1058 1643 qui
1085 1572 1348 1642 abjecisse
1375 1575 1728 1632 Conditorem
1753 1592 1848 1648 pe-

252 1658 421 1713 tendo
448 1668 801 1717 monstratur.
833 1662 1059 1733 Culpam
1100 1679 1232 1734 ergo
1260 1667 1416 1723 malze
1462 1669 1740 1738 petitionis
1767 1670 1849 1725 in-

250 1760 440 1808 secuta
468 1762 551 1808 est
577 1769 735 1824 ptena
783 1755 1037 1812 districta:
1078 1759 1368 1829 mqultatis.
1414 1760 1604 1830 Magna
1647 1762 1846 1819 etenim

250 1842 488 1898 vindicta
510 1853 613 1913 est,
638 1861 760 1915 qua
785 1862 851 1901 ex
872 1848 1207 1904 districtione
1228 1852 1472 1919 procedit
1500 1853 1695 1909 interni
1719 1870 1848 1910 exa-

250 1932 446 1999 minis,
477 1934 694 2003 quando
722 1938 953 2006 reproba
976 1953 1129 1994 mens
1162 1939 1242 1995 sie
1279 1940 1591 2011 projicitur,
1622 1951 1681 2001 ut
1702 1944 1845 2015 quod

249 2024 401 2081 male
426 2026 722 2096 deliberat,
752 2043 911 2098 agere
938 2031 1299 2100 permittatur.
1350 2033 1453 2102 Qui
1497 2048 1628 2105 ergo
1667 2037 1721 2092 in
1751 2053 1847 2109 pe-

251 2115 427 2171 tendo
453 2130 583 2185 rege
616 2118 895 2175 Dominum
936 2122 1197 2191 abiecisse
1248 2126 1483 2181 convicti
1527 2136 1680 2197 sunt,
1721 2129 1848 2186 dum

251 2205 313 2259 id
343 2206 423 2262 eis
446 2207 849 2276 permitteretur
874 2226 1059 2283 agere,
1090 2230 1188 2286 per
1231 2217 1376 2287 quod
1406 2232 1439 2273 a
1467 2233 1527 2275 se
1561 2219 1848 2277 Dominum

251 2298 588 2368 abjicerent,
619 2304 836 2372 gravior
874 2320 1036 2377 paena
1063 2323 1175 2366 non
1199 2316 1348 2380 erat,
1398 2326 1503 2383 qua
1552 2312 1643 2368 hic
1684 2312 1849 2385 plecti

254 2389 590 2449 debuissent.

335 2520 491 2594 179
520 2521 573 2578 6.
602 2522 723 2591 Quo
752 2523 805 2580 in
835 2524 957 2583 loco
982 2528 1278 2586 notandum
1305 2539 1409 2600 est,
1439 2532 1566 2604 quia
1594 2531 1849 2604 abjectio-

254 2627 379 2667 nem
405 2614 681 2684 prepbetze
710 2613 967 2675 Dominus
989 2635 1142 2675 suam
1182 2619 1331 2678 facit.
1363 2622 1479 2679 Non
1526 2625 1669 2679 enim
1712 2627 1845 2682 sim-

252 2702 467 2774 pliciter
505 2703 630 2759 dicit
667 2723 678 2757 :
710 2706 1019 2777 Abjecerunt
1064 2727 1178 2779 me,
1228 2728 1292 2765 ne
1318 2728 1528 2783 regnem
1552 2731 1705 2786 super
1725 2732 1811 2771 eos
1822 2734 1842 2783 ;

250 2794 349 2849 sed
370 2810 472 2849 non
504 2803 552 2850 te
580 2796 908 2867 abjecerunt,
948 2800 1042 2854 sed
1067 2818 1175 2868 me,
1204 2819 1269 2856 ne
1307 2820 1513 2875 regnem
1553 2823 1706 2877 super
1734 2822 1841 2863 eos.

252 2883 328 2940 Ut
350 2887 588 2956 profecto
616 2890 885 2959 ostendat,
917 2893 1041 2961 quia
1075 2892 1128 2948 in
1153 2909 1382 2965 persona
1423 2896 1580 2952 electi
1604 2899 1845 2968 praesulis

250 2979 375 3049 ipse
405 2980 512 3035 suis
539 2978 795 3052 subjectis
824 2986 1208 3055 pricemineat;
1239 2995 1294 3042 et
1338 3002 1459 3044 cum
1490 2989 1558 3044 ad
1601 2992 1845 3061 spiritale

247 3070 463 3133 culmen
512 3072 807 3130 electorum
856 3076 1090 3132 carnalis
1132 3088 1313 3135 rector
1357 3081 1676 3150 assumitur,
1726 3084 1844 3156 ipse

247 3164 411 3232 abjici
432 3164 659 3235 videtur,
686 3169 838 3238 cujus
855 3177 1125 3243 praecepta
1150 3172 1495 3245 dissipantur.
1519 3174 1659 3247 Ergo
1679 3193 1841 3248 quam

244 3256 531 3311 reverendi
559 3259 667 3313 sint
688 3261 875 3329 optimi
898 3256 1144 3331 pastores
1169 3274 1366 3321 sancte
1389 3267 1632 3324 ecclesia:
1649 3270 1836 3341 liquet.

245 3341 389 3401 Ecce
416 3346 557 3402 enim
587 3347 713 3403 dum
741 3349 969 3407 lidellter
996 3352 1108 3410 Deo
1135 3358 1398 3439 serviunt,
1430 3367 1579 3415 tanto
1606 3362 1655 3415 ei
1685 3378 1838 3418 amo-
1865 3374 1913 3441 α

244 3438 321 3492 ris
349 3438 563 3494 vinculo
598 3440 1025 3511 coniunguntur,
1058 3453 1117 3499 ut
1162 3448 1422 3519 quidquid
1448 3451 1526 3506 eis
1556 3450 1833 3520 ingeritur,

244 3529 439 3584 divina:
483 3530 691 3601 injuria:
736 3532 1092 3605 adscribatur,
1146 3535 1299 3593 Unde
1346 3547 1401 3594 et
1442 3539 1497 3595 in
1543 3540 1835 3613 Evangelio

244 3621 433 3692 primis
456 3622 711 3681 Ecclesia:
733 3629 1039 3697 pastoribus
1068 3628 1197 3685 dicit
1226 3648 1238 3683 :
1274 3629 1375 3695 Qui
1396 3650 1482 3688 vos
1509 3638 1725 3706 spernit,
1755 3654 1837 3692 me

243 3716 441 3783 spernit
468 3716 623 3787 (Luc.
655 3735 723 3786 x,
770 3719 880 3789 16).
917 3718 1017 3776 Ubi
1048 3723 1209 3777 etiam
1239 3725 1439 3793 aliquid
1468 3727 1683 3797 gravius
1712 3744 1834 3785 cer-

243 3807 392 3860 nitur
435 3826 447 3860 :
492 3810 617 3878 quia
669 3826 791 3865 cum
831 3810 1097 3882 abjectum
1144 3823 1415 3886 pastorem
1461 3820 1830 3890 conqueritur,

242 3896 606 3967 abjicientium
636 3911 854 3974 peccata
885 3906 1087 3976 omnia,
1113 3916 1167 3963 et
1194 3917 1471 3978 parentum
1503 3913 1663 3966 etiam
1694 3915 1834 3971 mala

242 4002 633 4051 memorantur.
672 3995 833 4051 Juxta
859 4002 1067 4066 omnia,
1100 4001 1312 4071 inquit,
1338 4020 1496 4074 Opera
1534 4022 1629 4060 sua
1654 4049 1667 4073 ,
1720 4025 1834 4080 ([lttB

244 4084 484 4153 fecerunt
532 4102 564 4140 a
611 4089 727 4155 die,
782 4106 881 4160 qua
934 4092 1087 4146 eduxi
1142 4110 1227 4147 eos
1282 4095 1347 4148 de
1399 4106 1537 4150 terra
1585 4096 1829 4170 fligi/pri.

240 4175 522 4231 Summum
547 4195 778 4249 namque
798 4183 1001 4237 crimen
1024 4186 1349 4253 agnoscitur,
1367 4188 1435 4243 ad
1455 4189 1605 4257 cujus
1629 4192 1834 4248 discus-

241 4266 452 4321 sionem
500 4267 554 4323 in
604 4270 699 4324 Dei
748 4274 1005 4327 memoria
1056 4276 1324 4345 prmterita
1370 4288 1564 4333 cuncta
1612 4290 1833 4350 peccata

242 4357 600 4416 reducuntur.
633 4361 695 4416 Et
720 4363 990 4433 abjectum
1044 4381 1175 4436 ergo
1204 4383 1262 4422 se
1292 4368 1549 4427 Dominus
1589 4386 1831 4443 conque-

240 4451 401 4516 ritur,
431 4460 486 4507 et
518 4463 694 4509 tamen
724 4457 995 4527 ordinare,
1024 4459 1077 4513 in
1102 4476 1209 4531 quo
1238 4461 1509 4531 abjicitur,
1541 4466 1788 4521 concedit
1814 4482 1826 4521 :

240 4544 369 4613 quia
394 4560 519 4601 cum
545 4545 799 4603 districta:
840 4551 1108 4620 aequitatis
1155 4568 1264 4608 sua:
1311 4555 1564 4611 virtutem
1610 4560 1833 4631 exequi-

240 4641 350 4703 tur,
381 4637 449 4691 ab
474 4652 542 4692 eo
565 4640 861 4695 carnalium
887 4641 1154 4699 desideria
1182 4644 1391 4716 impleri
1414 4663 1511 4717 per
1531 4647 1646 4719 ejus
1670 4652 1832 4707 mise-

1944 654 2119 710 lorum
2149 656 2295 711 curia
2324 657 2570 728 legimus,
2600 660 2725 731 quia
2756 660 2822 715 de
2853 670 3100 731 apostata
3141 666 3314 734 primo
3341 671 3535 738 angelo

1945 748 2200 803 scribitur
2232 766 2246 803 :
2273 749 2394 820 Ipse
2429 760 2505 807 est
2546 755 2857 825 principium
2895 758 3094 812 viarum
3127 758 3224 817 Dei
3272 760 3415 829 (Job.
3445 780 3535 828 XL,‘

1949 838 2043 911 M)
2071 857 2084 894 :
2109 840 2203 896 sed
2225 843 2315 913 qui
2344 852 2468 898 ante
2489 844 2668 899 omnia
2695 847 2944 902 conditus
2970 858 3072 915 est,
3105 867 3202 919 per
3230 855 3539 922 superbiam

1949 929 2163 996 cecidit,
2196 939 2250 986 et
2276 932 2329 987 in
2351 934 2469 1004 ejus
2495 936 2647 990 ruina
2670 938 2844 992 sancti
2874 941 3051 1010 angeli
3081 941 3402 1010 didicerunt,
3434 962 3538 1014 qua

1946 1021 2146 1076 virtute
2172 1030 2317 1078 stare
2344 1026 2667 1095 potuissent.
2715 1026 2870 1095 Quod
2896 1030 3147 1086 nitnirum
3170 1075 3185 1101 ,
3218 1036 3310 1105 qui
3339 1037 3541 1103 apertis

1949 1121 2115 1168 rectm
2143 1114 2266 1170 lidci
2296 1117 2466 1173 oculis
2486 1158 2501 1184 ,
2549 1118 2743 1175 intueri
2786 1124 3003 1191 poterit,
3032 1126 3235 1195 pariter
3263 1130 3493 1184 attendit
3521 1147 3535 1185 :

1950 1203 2075 1274 quia
2104 1206 2444 1276 omnipotens
2481 1208 2625 1265 Deus
2650 1211 2813 1265 etiam
2851 1220 2979 1269 tunc
3000 1229 3206 1285 magnai
3233 1218 3541 1274 misericor-

1949 1296 2052 1352 dia:
2079 1298 2219 1353 dona
2245 1300 2457 1366 tribuit,
2490 1316 2615 1356 cum
2647 1302 2938 1359 vindictam
2968 1306 3202 1376 irrogat;
3251 1311 3376 1379 quia
3412 1310 3537 1379 dum

1950 1388 2212 1457 reprobus
2232 1390 2408 1459 punit,
2436 1400 2656 1447 sanctos
2681 1393 2864 1449 erudit
2890 1412 2903 1448 :
2929 1406 2987 1450 ut
3009 1397 3150 1453 unde
3168 1399 3243 1455 illi
3260 1400 3536 1469 deﬁciunt,

1952 1478 2037 1534 isti
2069 1480 2119 1534 in
2151 1481 2261 1535 suis
2295 1481 2627 1552 profectibus
2657 1483 3000 1553 adjuventur.

2021 1570 2074 1626 7.
2105 1571 2359 1629 Districto
2388 1574 2653 1643 siquidem
2677 1575 2883 1644 judicio
2914 1580 3177 1649 permittit
3224 1584 3365 1639 mala
3404 1583 3538 1655 fieri,

1950 1662 2046 1718 sed
2095 1665 2516 1721 misericorditer
2545 1668 2795 1736 providet
2820 1668 2889 1725 de
2932 1669 3016 1726 bis
3041 1673 3225 1741 malis,
3275 1691 3393 1745 qua:
3444 1693 3542 1747 per

1946 1753 2205 1825 judicium
2232 1757 2471 1826 irrogat,
2519 1772 2639 1827 quas
2686 1759 2831 1815 bona
2858 1760 3038 1818 facere
3084 1764 3354 1835 disponat.
3406 1767 3542 1824 Nam

1950 1860 2072 1917 quas
2096 1839 2270 1918 major
2297 1850 2475 1921 culpa,
2500 1866 2663 1921 quam
2682 1851 2795 1919 illa,
2820 1869 2925 1923 qua
2945 1871 3133 1913 omnes
3157 1859 3452 1916 morimur?
3478 1860 3544 1916 Et

1951 1953 2072 2008 qua:
2101 1938 2275 2009 major
2297 1940 2542 2009 bonitas,
2571 1957 2734 2011 quam
2760 1944 2851 1999 illa
2871 1985 2888 2014 ,
2914 1961 3013 2016 per
3038 1962 3200 2017 quam
3222 1967 3253 2005 a
3276 1961 3451 2009 morte
3480 1955 3542 2009 li-

1949 2036 2239 2091 beramur?
2268 2035 2336 2090 Et
2363 2037 2614 2107 quidem,
2648 2040 2751 2095 nisi
2799 2038 2969 2097 Adam
2999 2055 3283 2114 peccaret,
3308 2048 3542 2105 Redem-

1947 2136 2162 2200 ptorem
2217 2142 2461 2187 nostrum
2539 2147 2757 2190 carnem
2815 2138 3091 2209 suscipere
3142 2149 3381 2198 nostram
3435 2161 3543 2201 non

1950 2228 2248 2291 oporteret.
2277 2221 2402 2278 Non
2424 2224 2562 2279 enim
2602 2228 2737 2281 venit
2765 2244 2949 2283 vocare
2977 2231 3179 2302 justus,
3228 2234 3320 2287 sed
3362 2252 3543 2303 pecca-

1951 2322 2085 2368 tores
2110 2315 2179 2368 ad
2200 2316 2552 2385 paenitentiam
2582 2316 2774 2391 (Marc.
2802 2336 2858 2384 ιι,
2886 2321 2995 2393 17).
3030 2323 3087 2379 Si
3117 2339 3247 2395 ergo
3277 2341 3376 2396 pro
3413 2344 3544 2397 pec-

1948 2412 2225 2468 caloribus
2257 2417 2424 2481 venit,
2456 2416 2502 2471 si
2533 2425 2755 2486 peccata
2778 2418 3047 2485 deessent,
3076 2433 3198 2474 eum
3219 2421 3406 2476 venire
3436 2437 3543 2476 non

1948 2514 2247 2574 oporteret.
2282 2506 2340 2563 Si
2367 2519 2612 2579 peccata,
2646 2510 2712 2565 ad
2733 2526 2853 2581 quae
2880 2511 3108 2568 delenda
3137 2514 3349 2570 venisse
3372 2515 3545 2571 credi-

1948 2603 2056 2661 tur,
2088 2612 2185 2668 per
2201 2598 2464 2668 juetitiam
2494 2602 2588 2657 Dei
2610 2607 2871 2674 permissa
2898 2618 3019 2660 esse
3048 2606 3355 2662 sentiuntur
3380 2625 3392 2661 :
3416 2607 3544 2662 dum

1946 2704 2047 2761 pro
2076 2694 2451 2761 peccatoribus
2478 2695 2618 2752 Deus
2651 2697 2817 2753 homo
2841 2698 3142 2753 nasciturus
3164 2708 3280 2754 erat
3297 2743 3313 2769 ,
3356 2716 3423 2755 ex
3449 2700 3544 2756 illo

1947 2783 2109 2849 malo,
2142 2799 2251 2855 quo
2281 2787 2526 2841 morituri
2556 2796 2730 2856 erant,
2762 2791 2984 2857 bonum,
3015 2792 3161 2861 quod
3190 2791 3387 2845 malum
3412 2792 3542 2848 illud

1946 2875 2205 2941 vinceret,
2239 2878 2582 2947 omnipotens
2610 2878 2752 2936 Deus
2780 2895 2897 2936 sese
2930 2880 3197 2937 facturum
3213 2883 3542 2953 providerat.

1946 2966 2110 3036 Cujus
2138 2968 2383 3038 profecto
2411 2970 2537 3025 boni
2568 2972 2911 3041 magnitudo,
2943 2974 3067 3042 quis
3114 2974 3291 3031 ﬁdelis
3321 2991 3429 3031 non
3461 2976 3541 3032 vi-

1945 3056 2072 3112 deat
2096 3072 2259 3127 quam
2294 3060 2611 3117 mirabiliter
2637 3063 2912 3119 excellat?
2957 3065 3147 3135 Magna
3172 3068 3372 3138 quippe
3416 3074 3543 3127 sunt

1944 3148 2119 3212 mala,
2151 3163 2269 3218 quas
2291 3164 2390 3220 per
2415 3152 2602 3221 prima:
2628 3154 2798 3225 culpae
2844 3156 3097 3210 meritum
3139 3157 3403 3227 patimur,
3444 3159 3541 3216 sed

1943 3241 2063 3309 quis
2091 3242 2298 3298 electus
2320 3243 2492 3299 nollet
2514 3244 2700 3316 pejora
2727 3249 2969 3318 perpeti,
3000 3263 3161 3318 quam
3194 3257 3400 3305 tantum
3431 3250 3539 3306 Re-

1944 3334 2280 3404 dempturem
2321 3352 2430 3392 non
2452 3338 2691 3394 habere?
2732 3339 2971 3409 Eligatur
2992 3355 3122 3410 ergo
3152 3358 3284 3410 rex;
3334 3345 3427 3399 sed
3453 3361 3538 3400 rc~

1941 3425 2252 3493 probandus
2285 3444 2298 3478 :
2330 3427 2559 3495 eligatur
2598 3430 2759 3499 180
2785 3431 2933 3484 velut
2982 3429 3380 3499 indignatione,
3433 3448 3538 3495 non

1940 3514 2221 3570 voluntate
2250 3516 2342 3571 Dei
2374 3535 2388 3570 :
2416 3519 2778 3587 subsequatur
2824 3534 2954 3589 ergo
2984 3536 3082 3575 rex
3108 3521 3261 3590 juxta
3287 3537 3384 3577 cur
3408 3522 3535 3591 Dei;

1940 3615 2000 3662 ut
2028 3624 2098 3662 ex
2119 3608 2305 3678 judicii
2335 3609 2452 3680 ejus
2480 3611 2817 3669 districtione
2842 3613 3093 3669 vindicta:
3118 3614 3315 3669 malum
3347 3632 3536 3686 proce-

1939 3699 2030 3754 dat
2056 3700 2111 3754 in
2132 3701 2425 3771 reprobus;
2456 3710 2512 3756 et
2540 3701 2776 3770 bonum,
2823 3703 2968 3775 quod
3014 3720 3080 3760 ex
3112 3706 3255 3761 malo
3296 3706 3535 3766 facturus

1938 3802 2089 3859 erat,
2122 3810 2221 3865 per
2246 3795 2554 3865 largitatem
2580 3796 2771 3852 divinae
2799 3799 2986 3868 gratia:
3024 3800 3286 3855 redundet
3315 3801 3367 3855 in
3398 3802 3532 3871 pios,

1938 3886 2069 3943 dum
2099 3886 2175 3942 illi
2200 3888 2254 3941 in
2275 3889 2437 3954 malo,
2460 3890 2603 3959 quod
2629 3890 2874 3961 cupiunt,
2900 3893 3097 3948 cadere
3125 3894 3531 3962 permittuntur.

1936 3976 2044 4032 Sed
2072 3977 2213 4033 unde
2226 3979 2376 4035 seilli
2400 3981 2758 4050 praseipitant,
2783 3981 2977 4051 agitur,
3001 3990 3060 4037 ut
3079 3983 3169 4037 alii
3190 3999 3531 4054 nequaquam

1936 4068 2147 4124 cadant.
2171 4070 2276 4124 Sed
2299 4070 2424 4140 quia
2454 4072 2535 4127 his
2555 4074 2733 4127 verbis
2750 4071 3008 4140 judicium
3028 4073 3219 4127 divinae
3240 4074 3531 4129 districtio-

1937 4160 2021 4214 nis
2048 4160 2341 4229 asseritur,
2389 4161 2667 4218 videamus
2704 4161 2849 4229 jam,
2891 4170 3092 4231 quanta
3131 4162 3531 4232 dispensatione

1937 4252 2123 4318 utitur,
2148 4268 2217 4307 ne
2242 4253 2294 4308 id
2315 4254 2457 4309 male
2475 4254 2837 4311 deliberantes
2862 4261 3043 4323 agant,
3084 4254 3224 4310 unde
3250 4254 3526 4322 puniatur.

1934 4344 2069 4402 Nam
2098 4346 2342 4416 sequitur
2367 4364 2383 4400 ε

2006 4455 2185 4526 (Vers.
2217 4455 2299 4521 9.)
2330 4453 2489 4510 Nunc
2512 4472 2635 4528 ergo
2659 4456 2783 4512 audi
2822 4473 2991 4514 vacem
3017 4476 3228 4523 eorum;
3270 4472 3527 4514 rerumth

1933 4561 2049 4601 men
2071 4554 2364 4601 contestare
2392 4563 2499 4613 eos,
2531 4555 2582 4603 et
2610 4550 2805 4621 prtrdic
2830 4552 2902 4607 eis
2915 4552 3006 4624 jus
3037 4554 3175 4626 regis
3194 4594 3209 4622 ,
3235 4554 3321 4626 qui
3350 4570 3513 4627 regna

1935 4644 2079 4691 turus
2104 4644 2181 4691 est
2209 4652 2365 4708 super
2389 4653 2497 4692 eos.

238 4727 532 4785 ricordiam
561 4746 898 4802 nequaquam
924 4735 1296 4804 prohibentur.
1329 4738 1435 4794 Sed
1464 4748 1518 4796 et
1551 4756 1672 4810 qua:
1696 4759 1828 4800 con-
1856 4770 1910 4833 Β
2003 4747 2056 4804 8.
2090 4748 2253 4816 Quasi
2297 4757 2487 4820 aperta
2525 4752 2838 4809 ostensione
2869 4752 3169 4809 clementiae
3212 4752 3356 4808 dicat
3388 4769 3401 4803 :
3435 4750 3524 4805 Sic

238 4816 360 4871 cedi
398 4817 628 4887 dignitas
682 4836 781 4889 pro
835 4823 1069 4879 vindicta
1121 4829 1321 4896 potuit,
1374 4846 1483 4885 non
1540 4835 1829 4904 tranquilla

237 4905 524 4976 majestate
550 4908 845 4968 divinitatis
873 4916 1097 4970 concedi
1127 4916 1344 4989 debuit,
1393 4922 1487 4977 sed
1519 4924 1666 4979 velut
1691 4926 1830 4982 indi-

236 5006 422 5067 gnata.
461 4999 796 5072 lndignatam
844 5019 974 5061 vero
1029 5007 1363 5077 majestatem
1402 5012 1497 5068 Dei
1547 5024 1570 5049 "
1619 5032 1727 5072 non
1773 5018 1829 5075 in

234 5093 473 5161 seipsam
514 5096 832 5163 asserimus,
878 5114 997 5167 qua:
1025 5101 1262 5170 passioni
1296 5119 1401 5158 non
1426 5103 1667 5175 subjacet
1692 5126 1706 5162 :
1730 5110 1828 5166 sed

146 5190 151 5193 '
233 5183 368 5253 quia
399 5185 522 5241 dum
564 5188 751 5258 culpas
795 5188 1050 5257 discutit,
1093 5192 1476 5263 indignationis
1526 5199 1686 5254 verba
1730 5216 1829 5271 per

232 5276 545 5346 Scripturas
576 5279 723 5335 dicit.
755 5280 886 5338 ltem
916 5284 1038 5355 quia
1068 5285 1121 5340 in
1146 5295 1333 5358 typum
1363 5290 1657 5347 carnalium
1688 5309 1827 5364 prte-

230 5368 468 5425 l'itorum
498 5376 818 5441 assumitur,
862 5379 1232 5447 reprobandus
1276 5397 1374 5437 rex
1415 5384 1669 5454 eligitur,
1719 5403 1831 5442 non

228 5460 460 5517 electus.
495 5463 593 5519 Vel
624 5464 852 5523 fortasse
899 5470 1095 5525 idcirco
1142 5473 1402 5542 reprobus
1449 5490 1544 5532 rex
1592 5478 1826 5548 eligitur,

213 5561 292 5608 ut
317 5553 520 5610 electus
542 5573 824 5615 successor
845 5559 961 5629 ejus
981 5576 1078 5617 rex
1098 5563 1261 5620 David
1290 5566 1345 5622 in
1366 5580 1431 5622 eo
1451 5578 1820 5639 cognosceret,

310 5772 338 5840 ξι
374 5764 809 5840 Giissanvqunon
834 5784 1060 5840 seipsam
1090 5774 1387 5830 asserimus.

312 5834 339 5870 δ
374 5834 628 5919 ϐἰιοιικίξι
656 5838 852 5914 νειιίρτ,
870 5834 1261 5919 persecutores;
1282 5845 1563 5911 legendum
1590 5864 1823 5919 primurn

221 5922 407 5973 sares,
432 5916 492 5963 ut
519 5909 689 5977 liquet
711 5926 781 5969 ex
806 5909 926 5984 cap.
950 5912 1013 5984 2,
1045 5928 1191 5969 num.
1237 5916 1299 5985 lt,
1324 5910 1424 5974 etsi
1455 5909 1823 5992 inde'quoque

1934 4841 2061 4898 audi
2089 4857 2250 4900 voces
2280 4854 2589 4912 eorum,ut
2614 4855 2791 4901 tamen
2839 4848 2939 4919 ipsi
2983 4848 3132 4919 prius
3178 4847 3246 4901 de
3285 4846 3407 4915 jure
3439 4859 3525 4900 re-

1933 4934 2046 5004 gis.
2094 4950 2256 5005 quem
2304 4943 2535 5008 petunt,
2585 4938 2807 4993 audiant
2852 4939 2993 5012 quod
3047 4941 3523 5009 expavescant;-et

1932 5028 2082 5086 velut
2118 5038 2246 5084 tunc
2298 5029 2439 5085 male
2496 5037 2674 5101 empta
2731 5030 3009 5098 deserant,
3069 5043 3210 5092 cum,
3244 5042 3405 5099 quam
3459 5026 3525 5085 sit

1933 5134 2022 5176 res
2068 5134 2337 5192 onerosa,
2372 5122 2754 5195 cognoscitur,
2796 5138 2957 5194 quam
3003 5120 3281 5193 petebant.
3334 5118 3522 5189 Sequi-

1936 5220 2023 5267 tur
2050 5230 2063 5266 :
3216 5282 3223 5287 .

2010 5303 2184 5373 (Vers.
2219 5304 2430 5379 10-17.)
2462 5306 2612 5363 Dixit
2639 5308 2811 5380 itaque
2839 5307 3013 5362 omnia
3042 5303 3193 5361 verba
3221 5303 3434 5359 Domini
3459 5302 3524 5358 ad

1937 5396 2199 5465 pupulum,
2230 5400 2315 5470 qui
2344 5401 2557 5470 petierat
2580 5416 2613 5453 a
2639 5417 2694 5454 se
2721 5415 2912 5469 regem,
2956 5405 3005 5452 et
3031 5398 3145 5451 ait:
3180 5395 3295 5450 [Ioc
3323 5395 3421 5449 erit
3434 5394 3526 5466 jus

1939 5487 2100 5557 regis,
2134 5489 2218 5560 qui
2250 5490 2592 5561 imperaturus
2632 5500 2709 5545 est
2736 5490 2896 5545 vobis.
2938 5489 3109 5544 Filios
3138 5498 3332 5544 vestros
3362 5487 3506 5542 tollet

1930 5585 1980 5632 et
2006 5590 2161 5647 ponet
2186 5583 2240 5637 in
2269 5583 2503 5638 curribus
2540 5583 2684 5651 suis,
2734 5584 2984 5657 facietque
3011 5580 3109 5637 sibi
3152 5582 3376 5657 equites,
3408 5576 3434 5615 δ
3472 5582 3521 5632 ei

1930 5779 2199 5843 discamus
2230 5786 2410 5845 multis
2437 5784 2490 5841 in
2520 5783 2801 5843 codicibus
2826 5787 2955 5846 olim
2994 5786 3233 5859 lectum,
3274 5800 3516 5858 persecu-

1930 5862 2085 5911 ιονεδ.
