4020 6344
522 438 630 495 225

1735 423 1983 485 SANCTI
2021 419 2351 481 GREGORII
2389 424 2604 483 MAGNI

3703 428 3812 492 224

522 564 864 621 prwcursores
907 545 1272 620 quadrigarum
1315 558 1573 599 suarum:
1604 551 1654 598 et
1696 542 1969 597 constituet
2010 537 2107 595 sibi
2134 534 2468 599 Aaudaeius
2493 555 2636 597 nunc
2663 540 2805 597 mala
2849 539 3234 614 proponimus,
3277 548 3482 615 quanto
3523 541 3639 614 jam
3683 562 3810 605 eum

524 645 772 710 tribunos,
805 653 856 699 et
883 644 1224 708 centuriones,
1256 651 1304 695 et
1352 650 1584 696 aratores
1614 655 1855 711 agrorum
1876 655 2106 704 suorum,

525 747 569 792 et
599 754 849 793 messores
876 749 1099 809 segetum
1120 780 1134 804 ,
1164 744 1214 789 et
1243 734 1417 807 fabros
1446 752 1737 801 armorum,
1778 742 1827 789 et
1870 750 2109 787 curruum

520 848 728 887 suorum
752 848 770 885 :
796 831 937 901 ﬁlias
960 847 1154 902 quoque
1175 839 1368 884 vestras
1409 830 1563 899 faciet
1588 828 1684 882 sibi
1713 828 2109 899 unguentarius,

517 929 567 975 et
598 923 860 992 focarias,
890 931 940 975 et
980 922 1256 991 paniﬁcas.
1288 922 1456 990 Agros
1480 937 1677 991 quoque
1704 928 1929 987 uestros,
1959 928 2007 972 et
2036 919 2109 972 ui-

520 1028 665 1077 neas,
698 1022 747 1066 et
768 1013 954 1067 oliveta
994 1014 1187 1080 optima
1218 1012 1377 1076 tollet,
1420 1019 1468 1063 et
1494 1010 1637 1064 dabit
1664 1011 1818 1063 servis
1846 1010 1972 1063 suis.
2005 1008 2112 1063 Sed

518 1114 569 1157 et
597 1111 792 1173 segetes
821 1112 1015 1158 vestras
1034 1146 1048 1169 ,
1070 1111 1119 1157 et
1148 1104 1410 1157 vinearum
1434 1103 1626 1157 reditus
1654 1102 2029 1168 addecimabit,
2054 1109 2112 1154 ut

523 1200 607 1246 det
647 1194 892 1247 eunuchis
914 1202 963 1247 et
993 1194 1201 1265 famulis
1225 1194 1352 1248 suis.
1394 1194 1579 1249 Servos
1609 1194 1765 1248 etiam
1802 1202 1996 1247 vestros
2016 1233 2031 1259 ,
2062 1200 2113 1248 et

522 1286 762 1351 ancillas,
787 1288 997 1357 juvenes
1018 1288 1257 1357 Optimos,
1281 1296 1331 1341 et
1357 1288 1533 1342 asinos
1558 1289 1777 1357 auferet,
1806 1296 1855 1340 et
1876 1297 2031 1357 ponet
2056 1286 2112 1340 in

522 1396 676 1449 opere
701 1398 814 1436 suo.
849 1380 1039 1453 Greges
1077 1397 1275 1453 quoque
1303 1390 1498 1437 uestros
1520 1379 1896 1448 addecimabit,
1926 1396 2113 1453 vosque

520 1473 665 1527 eritis
692 1474 739 1527 ei
763 1474 923 1542 {serva

594 1564 645 1619 9.
668 1564 802 1619 Cum
852 1580 882 1619 a
922 1564 1228 1620 carnalibus
1250 1563 1512 1634 subjectio
1542 1565 1803 1635 quaeritur
1821 1607 1837 1633 ,
1865 1563 2113 1635 profecto

520 1653 775 1725 quidquid
805 1656 1113 1725 praeipitur
1139 1656 1251 1719 eis,
1281 1669 1446 1725 grave
1475 1662 1587 1722 est,
1620 1655 1721 1710 etsi
1746 1671 1853 1711 non
1882 1656 1953 1710 sit
1976 1654 2114 1710 ditii-

520 1744 623 1801 cile
652 1763 665 1799 :
697 1745 821 1816 quia
851 1762 972 1802 cum
997 1762 1066 1801 ex
1089 1746 1356 1815 superbia
1388 1754 1596 1801 tumore
1624 1746 1880 1812 habeant,
1906 1754 1968 1801 ιιι
1988 1761 2114 1816 pro-

518 1840 648 1910 pria
678 1840 970 1897 voluntatis
994 1841 1275 1896 arbitrium
1301 1848 1614 1909 sequantur,
1644 1840 1903 1909 quidquid
1924 1855 2110 1896 eorum

2212 631 2430 687 robusta
2480 632 2764 702 juventute
2815 634 3037 698 saculi,
3089 635 3251 691 robur
3299 636 3512 690 exaruit
3562 637 3810 696 humana

2213 725 2537 781 conditionis
2568 744 2584 779 ε
2621 734 2772 781 tanto
2799 724 3069 781 difﬁcilius
3096 726 3240 797 quod
3271 727 3414 782 male
3442 734 3525 782 est
3552 731 3803 799 proposi-

2213 825 2327 872 tum
2372 833 2721 884 revocamus,
2769 827 2972 888 quanto
3020 833 3088 873 ex
3131 818 3310 873 laxato
3354 819 3538 887 vigore
3564 821 3808 891 spiritus,

2213 924 2365 965 mens
2388 918 2571 965 nostra
2595 908 2827 965 carnalis
2868 907 3117 965 efﬁcitur.
3148 909 3227 964 lta
3256 910 3399 964 enim
3440 919 3569 965 sunt
3588 911 3808 969 humani

2212 1005 2418 1076 lapsus,
2446 1012 2503 1059 ut
2531 1004 2675 1073 quod
2697 1004 2752 1058 in
2779 1002 3044 1073 spirituali
3068 1002 3269 1058 virtute
3298 1000 3500 1069 deﬁcit,
3531 1003 3587 1059 in
3610 1006 3807 1062 carnali

2213 1100 2324 1154 vita
2352 1099 2659 1154 roboretur.
2695 1095 2887 1153 Omnia
2913 1097 3129 1167 quidem
3160 1098 3277 1153 hac
3296 1096 3446 1167 juxta
3470 1099 3677 1167 egregii
3714 1101 3811 1155 do-

2213 1190 2379 1246 ctoris
2418 1204 2607 1245 vocem
2649 1206 2664 1242 :
2699 1188 2767 1243 In
2806 1190 2977 1259 figura
3014 1187 3380 1261 contingebant
3430 1189 3538 1243 illis
3570 1205 3590 1242 :
3621 1195 3810 1259 scripta

2213 1292 2333 1339 sunt
2361 1292 2530 1337 autem
2558 1290 2768 1353 propter
2795 1299 2887 1337 nos
2913 1279 2965 1354 (I
2996 1282 3115 1337 Cor.
3159 1297 3222 1348 x,
3266 1280 3378 1351 11).
3431 1279 3549 1336 Jam
3591 1282 3811 1351 quidem

2214 1382 2402 1446 aperte
2430 1374 2804 1442 cognoscimus
2849 1374 3040 1428 horum
3092 1372 3452 1428 lsraelitarum
3498 1373 3807 1443 audaciam,

2214 1480 2335 1536 qua
2363 1465 2556 1521 divina
2594 1465 2978 1535 indignationis
3024 1464 3227 1535 judicia
3273 1474 3461 1521 secuta
3510 1478 3643 1523 sunt
3687 1486 3701 1522 :
3755 1477 3812 1525 et

2212 1567 2395 1614 tamen
2420 1565 2611 1614 contra
2651 1558 2992 1613 voluntatem
3047 1557 3175 1622 Dei,
3220 1568 3411 1613 contra
3458 1559 3812 1630 pralatorum

2213 1659 2413 1707 sancta
2463 1648 2715 1705 Ecclesia
2763 1650 3049 1705 consilium
3096 1650 3302 1719 agenda
3347 1666 3655 1722 proponere
3704 1670 3813 1712 non

2215 1743 2487 1798 timemus.
2516 1740 2575 1797 In
2595 1741 2738 1797 malo
2767 1756 2985 1815 quoque
3010 1743 3291 1814 proposito
3331 1744 3642 1814 reprehensi
3672 1747 3813 1802 resi-

2216 1834 2437 1899 stimus,
2490 1841 2547 1889 et
2591 1834 2831 1889 salubria
2873 1833 3140 1903 majorum
3190 1836 3415 1891 consilia
3458 1837 3813 1908 insuperabili

518 1930 891 1988 deliberationi
918 1933 1117 1999 obviat,
1150 1931 1521 2002 gravissimum
1558 1941 1807 2003 pensant.
1837 1932 1954 1987 Jam
1980 1948 2109 1989 vero
2138 1926 2189 1989 B
2214 1927 2355 1983 malo
2384 1925 2699 1997 pervicacia:
2739 1925 2959 1981 vincere
2989 1940 3268 1981 conamur.
3323 1926 3574 1983 Videmus
3622 1928 3811 1999 quanti

516 2038 639 2080 cum
668 2023 802 2078 dura
827 2032 883 2079 et
924 2024 1193 2079 contraria
1216 2024 1506 2093 jubentur,
1555 2039 1675 2093 qua
1720 2025 1772 2079 ei
1815 2032 1899 2080 est
1939 2026 2109 2082 moles

516 2115 733 2171 oneris?
756 2115 846 2184 qui
877 2123 1056 2170 tumor
1085 2115 1299 2171 cordis?
1322 2115 1456 2170 Cum
1479 2116 1622 2171 ferre
1652 2116 1817 2171 etiam
1834 2117 2030 2173 blanda
2054 2126 2111 2173 et

515 2206 655 2262 levia
681 2208 770 2263 vix
796 2209 1044 2265 nolentes
1071 2220 1321 2280 possent,
1351 2226 1470 2281 qua
1507 2210 1553 2265 si
1588 2210 1824 2278 vellent,
1854 2210 2109 2267 facillime

515 2300 881 2372 pertulissent.
915 2302 1203 2360 Videamus
1230 2318 1360 2373 ergo
1390 2304 1567 2360 stulta
1590 2304 1827 2360 audacia
1854 2304 2106 2371 hominis,

512 2410 678 2465 quam
708 2396 867 2465 digne
912 2397 1242 2469 respondeat
1278 2398 1365 2468 pia
1404 2398 1736 2469 dispensatio
1776 2398 2104 2454 Conditoris.

512 2482 643 2540 Jura
700 2486 978 2543 hominum
1042 2497 1420 2561 prepouuntur
1460 2490 1933 2545 contemnentibus
1985 2490 2107 2559 jura

511 2573 642 2643 Dei;
667 2585 721 2632 et
745 2579 846 2645 his,
878 2580 972 2649 qui
1000 2580 1151 2636 mitia
1179 2589 1235 2636 et
1272 2581 1509 2636 salubria
1540 2580 1835 2637 divinitatis
1884 2581 2107 2636 consilia

510 2677 849 2735 spreverant,
880 2668 1014 2723 dura
1043 2678 1099 2724 et
1147 2669 1510 2740 importabilia
1542 2670 1788 2725 humana
1834 2670 2107 2727 servitutis

511 2772 680 2813 onera
710 2760 1071 2829 pradicuntur
1106 2778 1120 2815 :
1154 2770 1212 2816 ut
1238 2778 1306 2818 ex
1342 2762 1424 2817 his
1452 2777 1636 2818 secum
1667 2763 1930 2818 rationem
1958 2763 2106 2819 face-

512 2858 656 2917 rent,
703 2864 867 2919 quam
896 2851 1257 2909 intolerabilia
1284 2862 1465 2910 essent
1496 2853 1722 2925 imperia
1748 2853 1980 2912 hominis
2006 2856 2103 2921 eis,

508 2943 603 3014 qui
630 2959 738 2999 non
770 2954 878 2999 tam
909 2947 1225 3018 imperantis
1246 2989 1262 3016 ,
1294 2965 1457 3020 quam
1502 2950 1775 3005 monentis
1806 2949 1929 3017 Dei,
1956 2966 2025 3006 ne
2054 2950 2108 3006 id

509 3041 782 3103 peterent,
829 3038 1071 3093 consiliis
1121 3040 1341 3096 obedire
1384 3041 1702 3099 noluissent.
1754 3042 1862 3098 Sed
1908 3045 2108 3099 habent

507 3122 673 3178 corda
695 3125 991 3182 carnalium
1021 3129 1379 3185 temeritatem
1404 3146 1472 3186 ex
1492 3132 1827 3189 incremento
1849 3134 2105 3200 audacia,

508 3214 709 3272 habent
737 3216 988 3275 duritiam
1018 3236 1085 3277 ex
1114 3223 1471 3281 simulationis
1516 3227 1747 3282 ratione.
1779 3226 1860 3281 Ex
1884 3229 2107 3283 temeri-

2211 2018 2337 2073 mali
2369 2018 2762 2073 incrementum
2790 2017 2887 2084 sit,
2920 2027 3212 2087 pereuntes
3260 2018 3539 2089 aspicere,
3572 2027 3631 2074 et
3656 2022 3811 2091 sequi

2210 2110 2281 2166 ad
2307 2111 2670 2182 perditionem
2696 2126 2887 2166 eorum
2912 2112 3140 2180 vestigia
3170 2127 3278 2167 non
3308 2112 3502 2169 timere
3529 2131 3543 2167 :
3567 2115 3811 2186 poenales

2210 2204 2435 2275 laqueos
2461 2205 2650 2260 mortis
2669 2205 3008 2261 incurrentes
3028 2220 3275 2269 cernere,
3301 2212 3357 2261 et
3371 2206 3580 2263 eisdem
3600 2208 3810 2278 laqueis

2210 2300 2409 2357 irretiri
2459 2315 2793 2371 nequaquam
2844 2308 3108 2357 metuere.
3167 2301 3234 2355 Et
3263 2300 3342 2356 illi
3366 2301 3590 2372 quidem
3621 2310 3809 2363 contra

2210 2392 2424 2448 Domini
2450 2392 2783 2446 voluntatem
2812 2406 2995 2461 regem
3026 2392 3329 2462 petierunt;
3354 2392 3450 2448 sed
3489 2408 3522 2448 a
3549 2394 3701 2463 regia
3729 2393 3810 2449 di-

2210 2483 2415 2553 gnitate
2444 2490 2635 2552 postea
2670 2491 2851 2539 actum
2875 2490 2985 2549 est,
3016 2490 3074 2536 ut
3103 2484 3359 2554 populus,
3384 2484 3479 2554 qui
3505 2484 3676 2542 Deum
3714 2485 3809 2542 ab-

2206 2574 2443 2647 jecerat,
2496 2571 2645 2628 idola
2692 2574 2931 2641 coleret,
2980 2574 3267 2630 simulacra
3313 2575 3587 2632 adoraret.
3636 2575 3809 2643 Quam

2209 2665 2508 2724 reverenda
2544 2679 2674 2735 ergo
2700 2665 2807 2721 sint
2831 2665 3097 2735 majorum
3128 2666 3356 2722 consilia
3402 2667 3716 2735 cernimus,
3761 2670 3808 2725 si

2211 2764 2318 2821 hoc
2362 2763 2594 2820 sollicite
2632 2763 3043 2818 consideramus
3076 2762 3243 2832 :quia
3290 2763 3381 2833 qui
3432 2778 3496 2818 ea
3526 2762 3811 2834 despicere

2210 2857 2324 2912 ausi
2345 2864 2489 2921 sunt,
2520 2856 2625 2911 hoc
2646 2870 2705 2911 se
2734 2870 2841 2909 non
2889 2853 3245 2925 providerunt
3286 2869 3481 2924 agere,
3512 2854 3655 2911 unde
3697 2864 3809 2913 tam

2210 2950 2477 3023 profundo
2508 2952 2713 3006 erroris
2740 2949 2932 3019 pelago
2955 2948 3197 3018 demergi
3238 2948 3565 3019 potuissent.
3614 2948 3810 3005 Merito

2210 3045 2373 3113 igitur
2396 3058 2455 3099 se
2484 3043 2752 3112 abjeclum
2785 3041 3047 3097 Dominus
3091 3041 3146 3095 in
3176 3040 3319 3107 regis
3365 3040 3629 3110 petitione
3672 3054 3810 3094 cono

2210 3136 2475 3205 queritur,
2507 3136 2701 3190 merito
2721 3133 2927 3202 regiam
2957 3132 3274 3201 dignitatem
3293 3131 3545 3187 concedit
3566 3130 3810 3200 indigna~

2212 3236 2317 3283 tus.
2357 3226 2529 3281 Tanta
2566 3224 2787 3296 quidem
2833 3233 2951 3281 erat
2990 3225 3244 3295 iniquitas
3284 3223 3705 3294 postulantium,
3752 3231 3810 3281 ut

507 3314 621 3364 tate
647 3310 864 3381 quidem
888 3312 1049 3370 facile
1068 3316 1274 3385 agenda
1294 3317 1623 3385 deliberant;
1654 3319 1750 3376 sed
1782 3320 1929 3390 quia,
1954 3321 2097 3390 quod
2122 3324 2172 3390 α
2202 3336 2322 3380 cum
2353 3318 2483 3374 illud
2512 3325 2792 3388 peterent,
2827 3332 2923 3388 per
2954 3318 3099 3386 quod
3142 3332 3175 3372 a
3218 3316 3331 3372 Deo
3361 3316 3717 3382 recederent,
3744 3330 3808 3371 ex

506 3398 649 3454 male
678 3410 1022 3471 proponunt,
1078 3420 1189 3461 non
1218 3406 1555 3478 intelligunt,
1593 3409 1879 3465 meliorum
1910 3410 2102 3467 consi-

506 3491 592 3548 liis
618 3493 859 3563 adjuvari
886 3512 997 3553 non
1020 3507 1267 3569 possunt.
1303 3499 1482 3567 Quare
1509 3510 1567 3558 et
1592 3502 1681 3560 hic
1724 3517 1943 3574 quoque
1986 3505 2108 3560 sub-

506 3581 650 3639 ditur
682 3601 697 3637 :

578 3675 757 3746 (Vers.
786 3677 901 3749 19.)
933 3678 1117 3735 Noluit
1145 3684 1365 3753 populus
1401 3686 1585 3741 audire
1612 3702 1785 3741 vocem
1814 3688 2097 3744 Samuelis.

506 3766 577 3822 Et
600 3768 843 3825 dixerunt
870 3786 889 3826 :
916 3769 1259 3843 Nequaquam
1276 3792 1294 3829 :
1325 3792 1419 3829 rea:
1448 3779 1585 3831 enim
1614 3780 1709 3833 erit
1726 3796 1883 3851 super
1910 3798 2027 3851 nos,
2052 3789 2103 3837 et

506 3860 699 3916 erimus
748 3879 840 3917 nos
887 3880 1118 3936 quoque,
1173 3867 1305 3921 sicut
1332 3885 1507 3925 omnes
1529 3880 1736 3941 gentes,
1775 3882 1825 3927 et
1846 3874 2104 3944 judicabit

507 3967 601 4007 nos
624 3968 717 4007 rex
738 3962 930 4022 noster,
956 3966 1005 4010 et
1031 3956 1319 4027 egredietur
1340 3967 1461 4012 ante
1478 3976 1596 4029 nos,
1624 3970 1675 4016 et
1692 3964 1943 4035 pugnabit
1966 3966 2104 4022 bella

507 4055 688 4101 nostra
715 4066 809 4117 pro
835 4050 1003 4106 nobis.

581 4138 667 4193 10.
697 4140 900 4217 Magna
930 4142 1146 4211 quidem
1175 4146 1495 4204 temeritatis
1521 4149 1754 4218 exstitit,
1786 4160 1977 4209 contra
2004 4155 2102 4215 Dei

505 4229 842 4286 voluntatem
873 4247 1054 4301 regem
1102 4243 1321 4305 petere;
1350 4252 1556 4307 magna
1584 4240 1794 4298 duritia
1814 4286 1831 4311 ,
1860 4250 2102 4306 consiliis

505 4319 785 4413 propheta
816 4318 957 4413 vinci
993 4338 1099 4379 non
1127 4340 1304 4395 posse.
1350 4327 1554 4398 Magna
1585 4334 1900 4391 temeritatis
1935 4342 2093 4413 181

506 4408 637 4476 fuit,
670 4410 719 4466 ei
744 4412 983 4470 rationes
1017 4430 1352 4487 proponere,
1402 4436 1563 4490 quem
1593 4424 1834 4480 sciebant
1880 4408 2095 4498 cuneta:

507 4514 627 4568 qua
657 4509 875 4560 acturus
916 4515 1059 4573 erat,
1108 4508 1385 4567 revelante
1425 4511 1688 4580 Domino,
1740 4517 1888 4586 prius
1935 4520 2095 4579 scire.

506 4589 712 4663 Magna
737 4591 965 4663 duritia,
996 4598 1073 4653 illi
1098 4615 1205 4655 non
1232 4603 1597 4673 acquiescere,
1629 4621 1789 4676 quem
1834 4623 2100 4671 noverant

2212 3413 2309 3469 Dei
2336 3409 2539 3480 judicio
2582 3408 2822 3479 permitti
2867 3416 3081 3479 posset,
3120 3407 3395 3479 prohiberi
3444 3423 3556 3463 non
3601 3417 3808 3478 posset.

2209 3504 2347 3573 Quia
2379 3518 2508 3559 vero
2535 3503 2649 3558 hac
2693 3500 2848 3571 juxta
2878 3501 3116 3557 litteram
3144 3500 3413 3568 diximus,
3462 3499 3596 3570 quid
3644 3501 3809 3557 etiam

2208 3597 2563 3668 spiritualiter
2587 3595 2872 3667 designent
2899 3608 2996 3660 ea,
3042 3608 3162 3665 qua
3204 3593 3556 3651 continentur
3590 3592 3649 3649 in
3686 3592 3811 3664 jure

2210 3690 2361 3761 regio
2378 3731 2394 3759 ,
2421 3688 2745 3757 videamus.

2840 3777 3068 3835 CAPUT
3104 3776 3169 3834 ll.

2284 3876 2337 3931 1.
2377 3872 2606 3943 Abjecto
2636 3871 2835 3928 etenim
2880 3871 3133 3927 Samuele
3154 3909 3169 3935 ,
3197 3885 3293 3926 rex
3322 3870 3556 3941 petitur:
3589 3871 3810 3941 quando

2208 3966 2442 4038 reproba
2471 3963 2763 4020 multitudo
2787 3963 2973 4034 populi
3005 3962 3342 4031 spiritualem
3379 3972 3654 4031 pastorem
3680 3962 3811 4017 des-

2204 4062 2367 4133 picit,
2400 4068 2455 4115 et
2482 4071 2715 4128 praesse
2742 4056 2846 4112 sibi
2886 4055 3159 4111 carnalem
3199 4054 3413 4125 quarit.
3445 4053 3578 4108 Cum
3608 4055 3812 4124 quibus

2206 4167 2350 4227 sape
2378 4150 2570 4206 divina
2598 4147 2867 4219 aequitatis
2896 4145 3235 4202 districtione
3261 4147 3457 4215 agitur,
3484 4151 3543 4199 ut
3568 4158 3636 4198 eo
3657 4144 3810 4214 ipso,

2206 4243 2350 4317 quod
2380 4242 2613 4299 electum
2644 4238 3059 4310 praedicatorem
3091 4237 3423 4307 despiciunt,
3454 4234 3677 4289 subesse
3719 4250 3809 4291 re—

2206 4336 2379 4408 probo
2403 4334 2815 4405 permittantur:
2847 4345 2911 4385 ex
2944 4328 3099 4398 cujus
3128 4327 3432 4383 imitatione
3462 4333 3614 4380 tanto
3647 4323 3809 4381 dete-

2205 4429 2317 4484 rius
2345 4434 2599 4499 pereant,
2621 4432 2826 4495 quanto
2872 4422 3069 4493 majori
3102 4419 3351 4490 superbia
3405 4417 3460 4473 id
3494 4432 3562 4473 ex
3590 4432 3701 4487 quo
3727 4417 3807 4472 vi-

2207 4536 2338 4577 vere
2363 4521 2419 4575 in
2447 4528 2711 4575 aeternum
2744 4524 3036 4587 poterant,
3064 4512 3319 4569 audacius
3358 4514 3804 4568 contemnebant.

2203 4611 2335 4668 Cum
2376 4625 2505 4680 ergo
2548 4611 2637 4680 jus
2677 4608 2819 4678 regis
2876 4606 3202 4677 pradicitnr,
3241 4604 3491 4659 nimirum
3533 4600 3595 4658 "in
3645 4603 3808 4660 unius

508 4696 572 4739 ea
601 4692 839 4777 tantum.
872 4702 991 4758 quae
1026 4689 1257 4747 Domino
1305 4695 1582 4752 revelaan
1606 4697 1895 4767 didicerat.
1928 4703 2101 4776 impe-
2127 4716 2180 4777 1)
2204 4707 2437 4764 carnalis
2492 4704 2768 4776 praepositi
2817 4700 3235 4758 conversatione
3282 4696 3606 4762 ostenditur,
3658 4696 3806 4766 quod

506 4786 652 4828 rare.
699 4774 833 4832 Nam
881 4779 1008 4847 quid
1056 4790 1169 4850 est,
1206 4783 1351 4853 quod
1396 4787 1812 4858 respondentes,
1863 4774 2093 4851 dicunt:

506 4862 870 4940 Nequaquam,
892 4872 983 4927 sed
1010 4892 1103 4930 rex
1129 4877 1227 4931 erit
1256 4893 1409 4949 super
1436 4882 1567 4936 nos?
1591 4880 1698 4938 Sed
1723 4886 1842 4956 qui,
1876 4886 2094 4961 Nequa-

505 4977 680 5030 auam,
735 4962 950 5034 dicunt,
1002 4968 1245 5038 profecto
1299 4972 1355 5026 id
1407 4984 1605 5044 negant
1659 4979 1802 5047 quod
1849 4982 2093 5040 audiunt.

505 5050 705 5120 Aperte
731 5071 859 5126 ergo
901 5058 954 5113 in
978 5060 1082 5115 hoc
1108 5061 1276 5117 verbo
1325 5064 1661 5137 ostenditur,
1710 5070 1837 5139 quia
1881 5073 1950 5129 ad
1990 5076 2097 5133 hoc

505 5143 770 5212 propheta
800 5160 961 5215 grave
985 5148 1073 5217 jus
1099 5152 1239 5221 regis
1260 5156 1528 5224 exposuit,
1557 5166 1614 5213 ut
1635 5174 1976 5232 nequaquam
2001 5181 2096 5236 pe-

505 5242 731 5293 teretur.
759 5236 855 5295 Jus
902 5257 1032 5298 vero
1062 5244 1203 5312 regis
1242 5246 1493 5315 audiunt,
1542 5258 1599 5306 et
1620 5251 1676 5307 id
1703 5265 1927 5326 propter
1952 5258 2095 5327 quod

504 5329 814 5419 exponitur,
845 5330 1211 5404 detestantur;
1242 5346 1301 5393 ut
1329 5341 1683 5411 reproborum
1705 5345 1945 5402 eordium
1967 5364 2093 5419 pro-

505 5415 677 5474 fectus
707 5422 1058 5491 exprimatur,
1092 5426 1146 5480 in
1175 5429 1368 5498 quibus
1396 5433 1520 5488 mali
1551 5437 1818 5507 propositi
1846 5415 2095 5499 consum-

504 5511 674 5566 ntatio
697 5520 779 5566 est
795 5555 810 5579 ,
838 5523 892 5570 et
915 5517 1392 5581 inconvertibilitas
1425 5528 1729 5585 voluntatis.
1753 5530 1861 5586 Sed
1882 5548 1980 5589 nos
2001 5550 2091 5591 an-

2202 4797 2449 4854 carnales
2477 4796 2660 4852 cateri
2690 4810 2759 4850 ex
2788 4791 3075 4865 tyrannide
3102 4790 3274 4846 acturi
3300 4796 3429 4844 sunt
3453 4829 3469 4854 ,
3496 4802 3611 4842 non
3656 4787 3805 4855 quod

2199 4894 2359 4952 electi
2397 4892 2628 4949 debeant
2661 4891 2879 4946 imitari.
2911 4888 3046 4944 Nam
3079 4888 3135 4943 in
3165 4887 3355 4942 eadem
3394 4884 3604 4953 Regum
3632 4883 3805 4939 histo—

2198 4986 2278 5042 ria
2302 4987 2530 5055 legitur:
2582 4985 2711 5054 quia
2755 4998 2878 5040 cum
2934 4997 3030 5037 rex
3077 4980 3263 5037 Achab
3312 4978 3527 5034 Naboth
3582 4977 3804 5033 vineam

2199 5078 2448 5145 abstulit,
2480 5077 2614 5132 iram
2644 5075 2738 5131 Dei
2770 5072 3155 5144 omnipotentis
3202 5074 3358 5143 182
3422 5069 3669 5125 incurrit.
3701 5067 3804 5124 llic

2199 5183 2328 5224 vero
2358 5183 2478 5223 cum
2504 5166 2593 5237 jus
2620 5166 2764 5234 regis
2790 5163 3113 5235 pradicitnr,
3145 5162 3259 5232 agri
3283 5200 3299 5226 ,
3330 5160 3504 5216 vinea
3522 5200 3537 5226 ,
3564 5168 3621 5214 et
3650 5160 3801 5229 opti-

2198 5274 2286 5314 ma
2311 5259 2509 5314 oliveta
2550 5256 2789 5312 tollenda
2821 5270 2942 5311 esse
2970 5259 3339 5309 memorantur
3362 5248 3495 5322 (ΙΙΙ
3520 5248 3653 5321 Reg.
3680 5266 3800 5315 xxi,

2194 5349 2404 5422 23eq.).
2429 5347 2564 5404 Cum
2602 5360 2731 5417 ergo
2763 5344 2854 5402 hic
2899 5344 3211 5416 pradicitnr
3258 5342 3403 5412 quod
3441 5341 3803 5396 commissum

2196 5442 2306 5498 illic
2349 5442 2598 5512 punitum
2654 5447 2774 5495 est:
2829 5437 3107 5502 ostendit,
3156 5434 3301 5505 quod
3356 5432 3540 5488 divino
3586 5431 3799 5501 judicio

2193 5550 2301 5590 non
2343 5532 2581 5602 jubetur.
2613 5530 2791 5597 Quare
2844 5536 2900 5585 et
2953 5526 3158 5584 electus
3212 5540 3309 5581 rex
3346 5523 3515 5579 David
3553 5538 3674 5579 cum
3730 5523 3800 5575 al

506 5598 655 5668 tiqua
686 5609 928 5673 tempora
951 5609 1410 5684 reprehendimus,
1435 5619 1525 5689 qui
1551 5628 1739 5676 nostra
1767 5620 1952 5679 videre
1982 5641 2088 5682 non
2190 5629 2559 5686 adilicandum
2607 5627 2776 5681 altare
2822 5624 3050 5681 Domino
3086 5624 3288 5678 Ornarn
3326 5620 3556 5677 Jebusat
3606 5635 3795 5674 aream

508 5708 780 5797 curamus.
833 5697 963 5764 Qua
1009 5702 1258 5761 nimirum
1304 5719 1573 5781 tempora,
1622 5730 1729 5784 quo
1777 5728 2091 5777 senescente
2193 5729 2440 5797 peteret,
2472 5719 2622 5788 regio
2647 5718 2739 5773 illo
2787 5726 3140 5789 tyrannorum
3174 5715 3297 5787 jure
3344 5730 3451 5769 non
3495 5712 3574 5766 uti
3618 5710 3792 5765 volni'

508 5785 738 5890 malido’
768 5791 1065 5890 “ulmo”
1093 5806 1247 5865 sunt!
1292 5817 1358 5858 θο
1388 5812 1442 5860 εί
1472 5805 1524 5860 in
1554 5806 1795 5877 Pluribus
1825 5825 1921 5882 per
1951 5819 2087 5869 tem—
2194 5785 2257 5890 ξι
2286 5785 2566 5878 Parant,
2592 5812 2692 5882 Ἡ)
2722 5829 2735 5867 :
2762 5785 2886 5868 cum
2937 5826 3059 5868 eam
3086 5785 3334 5882 accipere
3359 5808 3667 5865 nullatenus
3694 5820 3780 5859 ae-

508 5880 657 5939 uoris
683 5897 746 5941 ac
765 5886 1101 5951 negligentia
1119 5891 1306 5951 vitium
1335 5898 1663 5959 remissiora.
1692 5880 1864 5963 Tanto
1890 5909 2091 5967 etenim
2195 5880 2522 5973 quiesceret,
2542 5906 2643 5965 nisi
2673 5880 2799 5964 ante
2813 5921 2913 5977 pro
2940 5920 3005 5964 ea
3025 5880 3246 5977 dignum
3269 5904 3503 5979 pretium
3524 5900 3773 5958 dedisset
3796 5942 3797 5945 η
