4020 6344
275 395 381 459 125

1096 396 1162 455 IN
1197 392 1466 455 PRIMUM
1504 388 1745 453 REGUM
1780 388 2298 456 EXPOSITIONES.
2335 424 2409 439 —
2443 393 2575 454 LIB.
2613 395 2706 455 IV.

3442 397 3552 457 226

342 513 399 570 2.
439 510 578 579 Quia
602 506 763 580 igitur
788 521 855 565 ea
877 549 895 579 ,
930 514 1050 579 qua:
1080 508 1135 564 in
1160 509 1281 579 jure
1304 509 1453 579 regio
1495 508 1859 573 continentur,
1886 509 1929 567 Α
1963 507 2195 565 humiles
2232 509 2530 577 invehunt,
2558 508 2660 581 ipsi
2686 521 2905 579 quoque
2932 506 3003 564 ad
3025 509 3330 567 nocendum
3358 513 3555 583 quibus

273 605 493 663 vitanda
544 603 767 676 potius,
820 617 982 673 quam
1040 602 1299 658 imitanda
1356 602 1736 674 praedicuntur,
1791 614 1858 655 eo

270 697 523 756 subtilius
570 694 963 752 consideranda
1013 702 1171 759 sunt,
1206 709 1314 763 quo
1343 693 1502 748 vitari
1538 698 1815 762 nequeunt
1841 727 1857 755 ,

272 792 317 846 si
349 790 676 846 nesciantur.
701 788 789 842 Ait
812 801 971 858 ergo:
1005 784 1171 840 Filios
1200 793 1393 839 vestros
1418 784 1560 840 tollet
1583 824 1598 850 ,
1628 790 1677 837 et
1704 788 1862 851 ponet

277 887 328 939 ἠ
350 882 585 939 curribus
631 883 759 937 suis.
782 880 902 935 Filii
944 880 1241 936 electorum
1283 879 1320 933 ii
1348 888 1504 945 sunt,
1539 878 1632 948 qui
1676 888 1863 932 eorum

273 977 503 1031 virtutes
536 974 834 1029 imitantur.
863 970 1065 1027 Currus
1110 971 1273 1027 etiam
1298 1010 1314 1037 ,
1345 970 1639 1026 carnalium
1669 967 1865 1040 praela-

272 1075 455 1123 torum
504 1072 632 1121 sunt
674 1063 843 1119 fastus
886 1063 1172 1118 mundame
1219 1061 1491 1117 elationis.
1549 1059 1685 1115 Nam
1737 1058 1866 1113 dum

271 1157 487 1214 caeteris
511 1171 571 1213 se
591 1155 931 1212 sublimiores
951 1152 1414 1221 essegloriantur,
1441 1149 1595 1222 quasi
1623 1148 1868 1204 curribus

276 1250 465 1318 vecti,
488 1264 589 1319 per
620 1248 729 1302 alta
757 1246 1097 1318 gradiuntur.
1120 1245 1180 1299 In
1205 1243 1453 1301 curribus
1479 1256 1608 1313 ergo
1631 1239 1869 1297 ﬁdelium

276 1342 375 1397 ﬁlii
423 1348 725 1411 ponuntur,
756 1337 976 1409 quando
1001 1346 1253 1409 pastores
1280 1334 1545 1407 reprobos
1572 1348 1672 1404 per
1698 1344 1869 1401 appe-

275 1433 440 1488 titum
507 1430 791 1485 mundanae
848 1429 1035 1498 gloriae
1088 1436 1432 1499 sequuntur:
1488 1439 1609 1481 cum
1664 1420 1871 1477 relictis

275 1521 643 1594 spiritualibus
670 1519 864 1576 studiis
889 1560 905 1588 ,
934 1518 1166 1576 carnalis
1216 1518 1336 1573 vita:
1386 1513 1671 1573 commoda
1699 1526 1869 1584 expe-

278 1622 432 1670 tunt:
465 1623 521 1672 et
565 1614 808 1686 deposita
838 1612 928 1667 illa
956 1609 1171 1667 sublimi
1192 1608 1492 1664 intentione
1528 1604 1827 1663 omlestium
1852 1643 1870 1673 ,

276 1708 389 1763 alta
438 1707 623 1763 saeculi
676 1705 891 1777 assequi
935 1711 1222 1760 conantur.
1255 1702 1404 1759 Bene
1430 1702 1613 1771 itaque
1656 1715 1765 1755 non
1816 1697 1873 1753 in

277 1817 477 1872 curru,
533 1801 629 1858 sed
668 1802 724 1856 in
765 1800 1010 1856 curribus
1063 1798 1303 1870 ponendi
1348 1796 1714 1853 lsraelitaruni
1779 1793 1872 1851 filii

1960 611 2221 673 possunt,
2247 619 2344 675 per
2365 605 2592 660 aliorum
2618 604 2976 659 ministerium
3000 605 3358 662 deducuntur.
3389 606 3557 674 Quasi

1961 696 2104 751 cnim
2126 697 2503 768 quadrigarum
2530 713 2833 769 przecursor
2860 706 2944 755 est
2964 739 2979 765 ,
3006 699 3099 768 qui
3144 700 3330 770 iniqua
3358 700 3559 757 mentis

1962 804 2073 845 sum
2099 791 2333 846 versutia
2362 800 2533 846 artem
2562 792 2804 861 cogitat,
2835 806 2938 862 per
2958 805 3121 860 quam
3144 791 3296 847 illum
3318 792 3386 848 ad
3415 792 3557 849 infe-

1964 880 2131 934 renda
2170 881 2313 935 mala
2340 881 2559 939 mitibus
2588 880 2917 938 introducat.
2946 880 3005 937 Si
3020 896 3152 940 vero
3176 925 3192 953 ,
3221 889 3282 938 ut
3316 882 3562 953 plerique

1966 970 2179 1026 codices
2214 972 2416 1027 habent
2440 1014 2457 1041 ,
2488 988 2595 1027 non
2638 987 3031 1043 praecursores,
3064 973 3159 1029 sed
3185 982 3562 1045 persecutores

1967 1062 2347 1131 quadrigarum
2368 1064 2596 1133 legimus
2614 1106 2631 1133 ,
2661 1064 2905 1135 profecto
2936 1065 2972 1120 ii
2995 1074 3121 1122 sunt
3143 1108 3160 1136 ,
3187 1066 3281 1137 qui
3301 1067 3564 1137 reprobos

1969 1152 2037 1206 ad
2077 1153 2277 1208 malum
2316 1166 2594 1211 currentes
2622 1156 2920 1213 imitantur.
2957 1156 3229 1228 Quadriga
3250 1160 3413 1215 etiam
3460 1159 3550 1215 ho-

1969 1244 2119 1300 noris
2160 1260 2324 1304 causa
2374 1248 2583 1318 portari
2634 1249 2853 1318 regibus
2902 1250 3063 1305 solet.
3114 1249 3280 1318 Quasi
3329 1265 3459 1322 ergo
3507 1251 3563 1311 in

1974 1337 2237 1409 quadriga
2263 1355 2363 1395 rex
2383 1341 2612 1408 sistitur,
2644 1342 2863 1413 quando
2884 1343 3117 1400 carnalis
3140 1351 3323 1400 rector
3350 1344 3419 1400 de
3446 1360 3565 1401 ma-

1971 1442 2197 1499 gnorum
2219 1472 2234 1498 ,
2260 1432 2351 1500 qui
2376 1432 2623 1489 videntur
2644 1432 2801 1504 juxta
2827 1448 2916 1500 se,
2948 1434 3344 1490 adulationibus
3367 1434 3571 1503 gloria-

1973 1532 2080 1577 tur.
2113 1522 2215 1591 Qui
2242 1540 2373 1581 vero
2401 1526 2533 1583 istos
2562 1527 2617 1582 in
2658 1543 2846 1583 eorum
2874 1528 3123 1583 laudibus
3151 1527 3447 1598 praecedit,
3475 1532 3573 1581 aut

1970 1614 2235 1684 sequitur,
2277 1630 2582 1685 praecursor
2635 1632 2732 1673 seu
2782 1626 3102 1688 persecutor
3151 1625 3239 1673 est
3285 1618 3564 1688 quadriga~

1975 1717 2115 1769 rum,
2153 1703 2280 1772 quia
2326 1705 2666 1762 adulationes
2704 1707 2792 1765 isti
2820 1708 2904 1762 vel
2942 1717 3065 1778 post
3082 1708 3169 1764 vel
3207 1716 3366 1763 antea
3393 1706 3567 1778 profe-

1976 1802 2132 1860 runt,
2164 1809 2298 1865 quas
2328 1795 2406 1850 illi
2436 1796 2492 1851 in
2515 1797 2734 1853 auribus
2769 1798 2959 1869 populi
2992 1797 3288 1869 praeeundo
3320 1806 3416 1853 aut
3442 1796 3566 1853 sub~

284 1894 576 1950 dicuntur:
603 1893 730 1963 quia
781 1906 849 1947 ex
876 1891 1045 1957 omni,
1070 1890 1220 1960 quod
1272 1890 1531 1961 przecellit
1573 1888 1629 1943 in
1677 1900 1873 1942 carna-
1904 1888 1951 1950 B
1978 1885 2257 1954 sequendo
2277 1901 2548 1957 sparsere.

278 1981 412 2039 lium
440 1984 791 2055 prrelatorum
824 1981 1077 2047 culmine,
1118 1980 1407 2050 proﬁciunt
1435 1979 1489 2033 in
1518 1978 1790 2035 elatione:
1822 1983 1878 2032 et

278 2074 437 2144 quasi
482 2081 569 2127 tot
619 2072 936 2128 sublimibus
984 2070 1235 2127 curribus
1277 2072 1330 2126 in
1379 2070 1488 2126 alta
1512 2085 1573 2127 se
1621 2068 1873 2133 elevant,

278 2172 420 2233 quot
475 2164 584 2218 alta
642 2163 1021 2233 conspiciunt,
1067 2163 1263 2232 quibus
1318 2161 1435 2217 aliis
1460 2177 1520 2217 se
1573 2160 1880 2231 superiores

279 2263 499 2325 putant.
530 2254 807 2311 Bonorum
859 2268 986 2323 ergo
1014 2254 1152 2310 ﬁlios
1197 2269 1295 2311 rex
1325 2254 1380 2309 in
1418 2254 1665 2309 curribus
1693 2252 1876 2323 ponit,

279 2348 499 2418 quando
519 2347 754 2403 carnalis
781 2355 958 2403 rector
977 2347 1274 2404 electorum
1297 2347 1598 2402 imitatores
1627 2344 1880 2415 exemplo

279 2453 391 2495 sua:
410 2438 699 2510 pravitatis
726 2439 792 2493 ad
822 2438 1070 2495 elationis
1098 2440 1228 2495 vitia
1266 2438 1572 2509 pertrahit;
1600 2446 1658 2492 ut
1685 2437 1881 2493 cmles-

281 2531 358 2588 tia
402 2540 775 2604 postponant,
804 2541 1020 2589 terrena
1073 2540 1374 2604 appetant,
1418 2539 1475 2588 et
1511 2532 1567 2587 in
1613 2531 1720 2586 hoc
1764 2530 1882 2587 solo

280 2623 555 2694 gaudeant
600 2666 616 2693 ,
647 2625 695 2681 si
722 2640 789 2681 ex
830 2640 897 2681 eo
931 2625 1079 2695 quod
1103 2624 1475 2698 temporaliter
1510 2623 1679 2679 altum
1706 2621 1883 2679 volvi-

282 2722 395 2785 tur,
418 2716 629 2773 cteteris
651 2716 1023 2788 praeferantur.

362 2829 450 2886 ‘51.
492 2830 560 2885 Et
585 2832 713 2901 quia
741 2840 930 2889 contra
952 2833 1189 2887 minores
1213 2847 1322 2888 non
1347 2832 1521 2887 solum
1550 2830 1743 2898 erecti,
1791 2830 1887 2886 sed

293 2919 463 2976 etiam
489 2920 651 2978 fortes
700 2931 868 2990 sunt,
909 2922 1287 2991 sequiturzEt
1334 2924 1489 2995 faciet
1528 2922 1625 2976 sibi
1670 2921 1883 2993 equites.

295 3010 455 3067 Velut
478 3012 617 3067 enim
645 3013 701 3069 in
740 3013 896 3083 equis
936 3012 1164 3070 saaviunt
1188 3054 1204 3080 ,
1230 3014 1323 3083 qui
1370 3022 1427 3069 et
1465 3013 1724 3070 sublimes
1762 3019 1890 3068 sunt

287 3101 549 3171 dignitate
573 3142 589 3169 ,
619 3112 674 3158 et
703 3104 945 3175 potentia
972 3112 1170 3160 truces.
1203 3104 1429 3175 Equites
1466 3120 1685 3175 quoque
1725 3111 1885 3170 sunt,

286 3191 418 3262 quia
444 3192 567 3247 dum
595 3190 804 3250 feroces
828 3194 1003 3250 cordis
1030 3195 1114 3250 sui
1137 3203 1315 3251 motus
1344 3204 1534 3251 contra
1558 3196 1886 3266 impotentes

2051 1977 2105 2032 5.
2147 1976 2406 2046 Sequitur
2431 1995 2443 2032 :
2475 1976 2548 2032 Et
2588 1980 2863 2034 constituet
2891 1979 2990 2034 sibi
3018 1979 3250 2036 tribunos
3269 2022 3285 2049 ,
3315 1988 3367 2035 et
3394 1989 3569 2035 centu-

1983 2070 2176 2124 riones.
2210 2067 2434 2124 Tribuni
2470 2076 2527 2125 et
2552 2070 2899 2127 centuriones
2930 2070 3094 2138 ﬁunt,
3124 2086 3247 2127 cum
3272 2071 3326 2125 in
3367 2079 3573 2125 tantum

1980 2159 2107 2213 mali
2136 2157 2437 2229 profectum
2477 2161 2745 2226 veniunt,
2776 2169 2835 2215 ut
2873 2161 2940 2216 ad
2981 2160 3324 2232 exsequenda
3363 2160 3571 2232 tyranni

1983 2252 2229 2324 imperia,
2252 2253 2440 2323 impiis
2477 2252 2800 2309 satellitibus
2841 2253 3230 2324 principantur,
3258 2267 3381 2308 cum
3422 2266 3577 2306 mun-.

1985 2346 2252 2401 dauarum
2294 2345 2491 2400 virium
2535 2345 2680 2401 acies
2725 2344 3017 2411 ordinant,
3048 2359 3183 2414 quas
3224 2344 3292 2399 ad
3318 2343 3587 2400 innocen-

1985 2438 2120 2493 tium
2172 2436 2313 2492 bella
2371 2436 2690 2506 producant.
2743 2435 2964 2491 Tribuni
3000 2436 3216 2508 quidem
3272 2442 3434 2502 sunt,
3490 2432 3589 2503 qui

1986 2548 2083 2605 per
2109 2533 2293 2603 plures
2322 2532 2424 2588 sibi
2452 2530 2692 2587 fautores
2727 2539 2878 2586 recte
2900 2529 3205 2587 viventibus
3240 2528 3580 2585 insidiantur.

1985 2622 2345 2679 Centuriones
2384 2638 2516 2679 vero
2554 2630 2683 2678 sunt
2708 2664 2723 2691 ,
2755 2622 2849 2693 qui
2889 2621 3035 2676 nulla
3090 2620 3323 2677 nocendi
3378 2630 3577 2690 genera

1986 2716 2427 2788 praetermittunt.
2457 2713 2540 2770 Ex
2582 2730 2651 2771 eo
2688 2713 2833 2771 enim
2869 2710 3259 2785 perfectionem
3280 2708 3579 2781 iniquitatis

1988 2807 2237 2863 obtinent
2259 2848 2276 2875 ,
2303 2822 2411 2877 quo
2439 2806 2606 2861 multa
2622 2844 2640 2871 ,
2660 2813 2717 2861 et
2744 2804 2980 2874 ingentia
3004 2803 3164 2871 mala,
3190 2817 3311 2872 qua:
3333 2805 3583 2871 possunt,

1991 2897 2190 2953 inferre
2210 2912 2427 2967 semper
2453 2896 2695 2953 student.
2718 2896 2765 2951 A
2789 2895 3104 2951 centenario
3133 2895 3333 2967 quippe
3358 2906 3580 2947 numero

1988 2989 2234 3045 centusio
2272 2989 2488 3045 dicitur.
2520 2986 2585 3043 Et
2611 2987 2740 3059 quia
2787 2988 3133 3042 centenarius
3177 2998 3433 3040 numerus
3461 2996 3583 3054 per-

1990 3082 2278 3139 fectionem
2302 3080 2603 3152 signiﬁcat,
2631 3082 2688 3136 in
2710 3081 2851 3136 mala
2873 3089 3028 3153 parte
3052 3077 3347 3151 perﬁcitur,
3371 3075 3590 3150 quando

1992 3175 2061 3231 ad
2104 3192 2368 3232 summam
2399 3176 2651 3246 nequitia:
2688 3174 2757 3230 ab
2805 3176 2984 3247 impiis
3012 3174 3343 3245 pervenitur.
3373 3172 3477 3240 Qui
3504 3170 3587 3227 ni-

287 3285 526 3355 (ιῂνίευηι
549 3326 567 3355 ,
598 3287 665 3343 ad
700 3303 887 3356 omne,
940 3288 1087 3357 quod
1126 3303 1222 3358 ρετ
1252 3288 1588 3361 tyrannidem
1631 3265 1890 3344 εχει-οπο
1911 3273 1961 3338 c
1991 3271 2187 3326 mirum
2228 3270 2521 3361 calliditate
2546 3285 2739 3326 suaves
2761 3277 2893 3361 sunt
2912 3277 3135 3361 terrore
3176 3267 3419 3324 violenti.
3446 3265 3582 3361 sua.

290 3385 585 3449 appetunt,
643 3378 858 3435 veloces
894 3386 1040 3433 sunt.
1097 3379 1366 3434 Anhelant
1409 3380 1608 3451 quippe
1654 3379 1889 3448 impetu,

293 3475 552 3536 spumant
588 3467 738 3523 rabie
760 3510 777 3536 ,
800 3475 857 3523 et
897 3482 1035 3537 quos
1059 3483 1221 3524 cursu
1249 3467 1548 3540 tyrannidis
1589 3467 1887 3537 impetunt,

292 3556 521 3613 elidunt.
554 3556 661 3613 Sed
689 3557 817 3613 dum
848 3558 903 3613 in
933 3558 1241 3628 pastoribus
1267 3557 1514 3629 reprobis
1542 3556 1633 3611 alii
1662 3556 1892 3610 munda-

294 3663 379 3703 nae
406 3649 654 3706 elationis
682 3648 848 3705 fastus
884 3650 1228 3718 aemulantur,
1260 3649 1351 3704 alii
1380 3664 1569 3705 eorum
1600 3648 1887 3717 exemplo,

297 3754 436 3808 quos
477 3739 696 3805 valent,
725 3739 1077 3810 opprimunt:
1110 3738 1354 3793 nonnulli
1392 3737 1554 3792 etiam
1606 3745 1769 3803 sunt,
1800 3735 1894 3805 qui

297 3829 368 3883 ad
407 3829 710 3885 exercenda
752 3830 921 3897 mala,
962 3846 1082 3900 quae
1116 3846 1215 3900 per
1250 3830 1463 3899 seipsos
1513 3827 1671 3884 bonis
1692 3826 1894 3884 inferre

299 3929 618 3991 nequeunt,
648 3922 933 3991 nequiores
977 3938 1037 3979 se
1060 3922 1195 3978 alios
1232 3922 1604 3979 introducunt.
1656 3921 1809 3980 Unde
1838 3929 1895 3980 et

304 4016 555 4086 sequitur
583 4035 597 4071 :
624 4017 693 4071 Et
714 4034 1057 4088 prtecursures
1083 4017 1454 4090 quadrigarum
1481 4034 1713 4071 suarum.

379 4109 431 4163 4.
473 4110 597 4177 Qua:
625 4120 746 4166 sunt
801 4112 945 4167 enim
974 4111 1245 4181 quadrigae
1286 4111 1431 4180 regis
1453 4148 1469 4173 ,
1496 4110 1598 4165 nisi
1625 4123 1894 4179 perversa:

298 4209 514 4257 mentes
555 4202 822 4257 malorum
868 4201 1207 4257 subditorum
1231 4242 1247 4268 ,
1297 4202 1352 4257 in
1387 4216 1619 4271 quorum
1656 4200 1894 4258 consiliis

298 4291 554 4362 praelatus
576 4292 837 4363 reprobus
861 4292 1187 4361 requiescit?
1209 4290 1489 4361 Quadrigae
1514 4292 1712 4348 etenim
1743 4300 1892 4363 sunt,

297 4399 422 4454 quae
450 4398 605 4453 reges
635 4390 885 4453 portant:
916 4383 1041 4438 dum
1072 4398 1169 4453 per
1213 4382 1397 4452 iniqua
1442 4382 1666 4438 consilia
1698 4397 1893 4454 pravo-

299 4489 423 4529 rum
453 4482 573 4531 acta
616 4482 888 4529 rectorum
916 4473 1257 4544 adjuvantur.
1286 4471 1346 4528 In
1373 4474 1452 4529 eis
1471 4473 1703 4543 quippe,
1734 4472 1891 4542 quasi

296 4580 401 4637 per
426 4565 657 4621 sublime
686 4580 786 4620 rex
814 4564 1048 4631 ducitur,
1079 4564 1209 4619 dum
1235 4579 1333 4635 per
1357 4579 1452 4619 eos
1476 4602 1493 4630 ,
1523 4563 1616 4635 qui
1643 4563 1713 4618 ad
1753 4572 1891 4618 tem-

1946 3381 1954 3389 '
1997 3363 2134 3419 viter
2177 3361 2397 3432 quidem
2446 3360 2797 3416 blandiuntur
2850 3360 3003 3429 aliis,
3046 3367 3107 3413 ut
3153 3372 3343 3413 eorum
3387 3355 3584 3415 auxilio

1994 3461 2204 3510 terrere
2231 3454 2367 3507 alios
2385 3452 2640 3507 ferociter
2667 3452 2893 3521 possint.
2923 3449 3074 3505 Bene
3100 3449 3283 3516 itaque
3308 3445 3584 3518 subditur;

1997 3545 2070 3601 Et
2097 3556 2329 3601 aratores
2360 3560 2611 3617 agrorum
2636 3556 2845 3598 suorum
2870 3583 2885 3610 ,
2917 3550 2967 3597 et
2994 3557 3248 3596 messores
3268 3549 3517 3612 segetum.

2068 3637 2121 3692 6.
2163 3635 2403 3692 Carnalis
2430 3634 2700 3708 praepositi
2730 3634 2887 3703 agri,
2919 3642 3130 3689 mentes
3172 3639 3296 3688 sunt
3342 3629 3585 3686 subdito-

1996 3746 2156 3786 rum:
2190 3738 2432 3785 aratores
2460 3743 2591 3784 vero
2640 3727 2832 3783 horum
2868 3740 3119 3797 agrorum
3160 3732 3317 3792 sunt,
3347 3723 3437 3793 qui
3468 3729 3583 3777 arte

1997 3819 2267 3875 saecularis
2310 3819 2507 3889 ingenii
2544 3820 2623 3874 eis
2677 3817 2907 3872 suadent
2948 3826 3066 3872 acta
3096 3813 3394 3886 pravitatis.
3430 3810 3595 3867 Velut

1997 3915 2143 3970 enim
2199 3926 2453 3983 agrorum
2498 3910 2825 3968 soliditatem
2867 3908 3141 3979 loquendo
3184 3907 3474 3979 aperiunt,
3502 3902 3599 3975 qui

1998 4022 2095 4077 per
2122 4007 2353 4078 reproba
2390 4006 2616 4063 consilia
2656 4004 2979 4076 simplicium
3009 4000 3173 4058 corda
3212 4004 3583 4068 corrumpunt.

1996 4096 2066 4153 Et
2094 4108 2307 4169 segetes
2355 4108 2606 4165 metunt,
2660 4096 2877 4166 quando
2930 4093 3136 4149 semine
3182 4091 3331 4161 pravi
3380 4085 3602 4145 consilii

1998 4189 2225 4260 decepta
2254 4189 2419 4245 corda
2447 4190 2715 4243 minorum
2746 4184 2976 4239 fructum
3007 4180 3239 4236 reddunt
3263 4177 3418 4231 malae
3460 4189 3615 4246 ope-‘

1996 4284 2239 4340 rationis.
2273 4284 2403 4350 Quae
2450 4281 2694 4353 profecto
2724 4293 2890 4349 opera
2936 4282 3179 4344 segetum
3227 4268 3595 4343 appellatione

1996 4375 2348 4445 designantur
2373 4393 2385 4427 :
2411 4374 2536 4445 quia
2573 4370 2899 4443 perversitas
2943 4365 3161 4437 reprobi
3191 4360 3429 4429 subditi,
3462 4360 3594 4415 dum

1996 4482 2027 4523 a
2067 4468 2375 4523 carnalibus
2416 4464 2718 4521 rectoribus
2744 4462 3045 4534 gaudenter
3072 4458 3339 4530 excipitur
3358 4494 3374 4523 ,
3404 4468 3596 4510 eorum

1995 4558 2151 4629 quasi
2177 4558 2382 4613 electus
2412 4564 2496 4613 est
2522 4556 2675 4612 cibus
2714 4552 2929 4610 mentis.
2956 4551 3014 4607 In
3044 4565 3153 4621 qua
3182 4556 3332 4605 certe
3376 4557 3597 4618 perver-

299 4635 519 4731 porales
554 4658 793 4714 honores
825 4658 905 4713 eis
939 4658 1124 4713 favent
1148 4700 1165 4726 ,
1195 4656 1454 4728 quidquid
1484 4657 1728 4713 carnales
1753 4671 1893 4728 prm—
1924 4666 1975 4727 ι)
1998 4649 2158 4705 sitate
2179 4688 2193 4714 ,
2220 4648 2345 4718 quia
2374 4646 2634 4719 paulatim
2660 4644 2992 4717 proﬁciunt,
3022 4640 3295 4711 sequitur:
3324 4635 3395 4690 Et
3416 4636 3594 4708 fabros

300 4751 471 4822 positi
498 4751 566 4807 de
593 4750 878 4807 altitudine
885 4760 895 4819 ,‘
921 4751 1100 4807 saeculi
1129 4751 1185 4806 in
1231 4752 1497 4808 desiderio
1524 4752 1714 4807 volunt
1742 4766 1898 4808 exse-

299 4852 561 4914 quuutur.
575 4843 679 4910 Qui
699 4852 847 4901 recte
873 4844 1254 4915 quadrigarum
1286 4844 1503 4900 nomine
1525 4844 1896 4915 designantur.

301 4932 575 5004 Quadriga
595 4934 739 4989 enim
766 4933 889 4989 inde
917 4943 1051 5001 stat,
1086 4934 1227 4989 unde
1254 4935 1520 4990 volvitur:
1551 4935 1675 5004 quia
1703 4951 1897 5006 repro-

301 5024 379 5079 ba
420 5040 571 5081 mens
601 5026 763 5082 ﬁnem
806 5041 917 5081 sua:
942 5026 1259 5082 intentionis
1287 5027 1453 5083 habet
1479 5028 1660 5083 saeculi
1686 5028 1898 5085 volubi-

303 5114 535 5173 litatem.
568 5118 698 5175 Inde
725 5118 940 5190 quidem
978 5118 1299 5189 requiescit,
1330 5134 1439 5189 quo
1466 5134 1562 5190 per
1590 5119 1898 5177 innumeras

309 5220 472 5262 curas
509 5209 708 5266 mentis
753 5209 984 5266 rotantis
1026 5209 1211 5265 mundi
1257 5208 1473 5280 negotia
1498 5210 1759 5267 ventilare
1786 5227 1897 5268 non

302 5298 525 5355 desinit.
556 5300 764 5372 Regum
789 5316 918 5372 ergo
939 5302 1212 5372 quadriga:
1237 5310 1397 5367 sunt,
1427 5302 1551 5358 dum
1584 5318 1679 5374 per
1703 5319 1894 5374 omne,

302 5390 454 5461 quod
480 5390 647 5448 altum
685 5391 950 5449 volvendo
968 5393 1247 5463 cogitant,
1280 5394 1334 5448 in
1363 5408 1423 5449 se
1444 5393 1737 5449 carnalium
1762 5411 1899 5465 pra:-

301 5484 607 5555 positorum
628 5485 773 5557 jussa
803 5494 1041 5559 portant.
1073 5486 1178 5542 Sed
1198 5487 1289 5557 qui
1316 5486 1495 5542 locum
1522 5487 1900 5546 familiaritatis

297 5575 459 5645 juxta
508 5578 754 5635 carnales
801 5578 1051 5650 praelatos
1099 5580 1332 5647 habent,
1376 5580 1579 5637 habent
1626 5582 1895 5649 minores,

304 5670 505 5739 quibus
554 5672 841 5742 imperent.
885 5671 992 5742 Ipsi
1036 5686 1204 5739 ergo,
1245 5673 1391 5728 velut
1437 5674 1707 5743 quadriga:
1754 5676 1897 5744 regis

305 5768 439 5817 sunt
462 5800 477 5828 ,
528 5762 604 5817 illi
639 5764 793 5835 183
840 5776 1202 5833 przecursores
1229 5762 1607 5831 quadrigarum
1634 5781 1649 5831 ;
1680 5764 1804 5834 quia
1832 5779 1900 5823 eo

306 5852 518 5920 modo.
542 5870 651 5925 quo
695 5854 966 5913 carnalem
1014 5853 1359 5927 praepositum
1402 5852 1469 5911 ad
1516 5856 1900 5927 opprimendos

1998 4760 2305 4811 armorum,
2331 4750 2382 4797 et
2428 4756 2672 4796 curruum
2717 4755 2947 4795 suorum.
2995 4735 3127 4803 Quae
3180 4740 3308 4791 sunt
3348 4742 3496 4784 arma
3540 4732 3599 4780 et

1998 4850 2188 4892 currus
2219 4844 2570 4907 tyrannorum
2594 4872 2610 4899 ,
2642 4832 2750 4887 nisi
2795 4830 2887 4886 illa
2915 4827 3099 4886 omnia
3136 4821 3367 4881 nocendi
3392 4822 3596 4875 instru-

1999 4936 2220 4993 menta,
2263 4942 2383 4999 quae
2429 4926 2497 4982 ad
2526 4923 2817 4981 evertenda
2866 4920 3033 4979 corda
3074 4918 3344 4974 minorum
3382 4925 3598 4984 praepa-

2000 5021 2229 5076 rantur?
2258 5020 2364 5077 Sed
2395 5018 2521 5090 quia
2546 5032 2707 5074 curru
2736 5013 3067 5087 pervenitur,
3100 5022 3208 5078 quo
3239 5004 3404 5061 armis
3433 5005 3597 5061 teria-

2004 5124 2111 5183 tur,
2144 5130 2417 5171 armorum
2467 5120 2524 5169 et
2560 5125 2813 5168 curruum
2844 5107 2987 5179 regis
3014 5102 3149 5159 fabri
3177 5099 3348 5168 ﬁunt,
3380 5100 3597 5170 quando

2000 5208 2327 5280 nequissima
2364 5207 2606 5265 cordinm
2626 5218 2850 5261 suorum
2874 5194 3274 5256 machinatione
3294 5192 3593 5258 inveniunt,

2000 5309 2058 5356 et
2082 5291 2249 5355 "mala
2272 5340 2288 5367 ,
2312 5314 2433 5371 quas
2480 5300 2671 5368 agant‘,
2701 5302 2757 5351 et
2803 5291 2993 5349 eadem
3027 5284 3396 5343 malainventa
3421 5281 3596 5352 quali-

1999 5398 2085 5447 ter
2124 5389 2375 5447 inferant.
2421 5387 2583 5443 Arma
2635 5386 2835 5457 quippe
2878 5379 3186 5444 fabricare,
3230 5381 3314 5431 est
3364 5371 3595 5429 nocendi

1999 5497 2199 5555 genera
2228 5482 2458 5554 reproba
2499 5488 2681 5537 mente
2708 5477 2983 5549 colligere.
3014 5471 3084 5527 Et
3111 5484 3302 5527 currus
3327 5467 3596 5524 fabricare

1998 5584 2083 5632 est
2121 5576 2189 5632 ad
2217 5576 2407 5632 eadem
2457 5575 2601 5630 mala
2646 5569 2925 5630 inferenda
2954 5573 3127 5624 artem
3151 5604 3167 5634 ,
3198 5578 3306 5636 qua
3332 5561 3595 5622 accedere

2002 5670 2244 5742 possint‘,
2267 5669 2531 5726 invenire.

2076 5764 2131 5819 7.
2171 5762 2466 5834 Sequitur:
2500 5761 2671 5819 Filias
2707 5776 2903 5835 quoque
2940 5763 3134 5814 vestras
3176 5755 3331 5827 faciet
3358 5762 3587 5822 unguen-

2004 5858 2201 5929 tarius,
2221 5868 2269 5915 et
2298 5856 2524 5931 [ορατ-ἕω
2547 5897 2565 5930 ,
2591 5866 2642 5917 et
2670 5856 2947 5933 paniﬁcas.
2976 5852 3230 5910 Filiarum
3260 5844 3478 5904 nomine
3504 5838 3589 5897 in-.

2558 6008 2759 6039 ἄρδοι
