4020 6344
506 305 608 363 29.7
1729 284 1969 346 SANCTI
2008 280 2335 341 GREGORII
2376 282 2593 340 MAGNI
3672 270 3779 329 ἥδ

500 418 777 473 lirmorum
824 418 1034 469 mentes
1074 374 1217 466 intra
1264 410 1505 463 sanetam
1562 392 1856 458 Ecclesiam
1897 399 2085 471 positae
2116 398 2306 461 Arum
2339 396 2536 451 reditus
2578 389 2947 459 addecimabit,
2990 401 3050 447 ut
3094 391 3180 448 det
3206 392 3455 448 eunuchis
3491 401 3542 447 et
3573 392 3784 464 famulis

502 515 869 583 designantur.
893 507 1026 576 Qua
1049 505 1194 575 regis
1220 498 1588 571 unguentaria:
1616 497 1749 551 fiunt
1774 512 1788 550 :
1813 495 1937 564 quia
1961 494 2088 547 dum
2195 492 2324 546 suis.
2353 490 2486 545 Cum
2515 489 2641 544 mali
2680 495 2937 559 prresunt,
2969 484 3182 541 difﬁcile
3203 486 3357 541 valde
3382 493 3487 552 est,
3511 493 3573 543 ut
3594 487 3689 555 qui
3710 488 3788 543 eis

502 576 746 662 carnales
774 600 1086 673 praepositos
1115 598 1171 652 in
1199 592 1519 651 celsitudine
1552 590 1735 659 glorire
1766 585 2093 643 transeuntis
2190 580 2494 649 subjicitur,
2526 580 2669 635 nulla
2716 579 2990 646 religionis
3016 576 3211 632 damna
3244 578 3509 647 patiatur.
3543 578 3786 633 Aliorum

501 696 813 767 aspiciunt,
846 709 944 749 eos
966 689 1194 746 delinire
1222 683 1622 741 adulationibus
1660 687 1946 737 conantur.
1978 677 2091 731 ilo-

504 805 624 845 rum
674 786 917 858 profecto
942 788 1339 851 unguentorum
1384 791 1541 832 usum
1587 773 1870 830 Psalmista
1900 786 2091 840 repro-

503 880 637 935 bans
666 920 682 947 ,
732 877 845 931 ait:
889 874 1073 929 Oleum
1128 870 1412 942 peccatoris
1459 885 1561 922 non
1610 867 1891 936 impiuguet
1941 872 2095 931 caput

502 988 673 1027 meum
722 968 966 1040 (Psalm.
1027 980 1183 1031 cxm,
1234 958 1300 1033 '5)
1366 961 1513 1017 Filia;
1550 973 1679 1028 ergo
1729 957 2095 1025 unguentariae

506 1066 679 1121 ﬁunt:
708 1064 836 1134 quia
871 1063 997 1116 dum
1042 1056 1200 1129 185
1245 1054 1545 1111 carnalibus
1573 1050 1874 1121 praepositis
1902 1045 2095 1102 inlirmi

506 1158 793 1229 displicere
838 1158 1119 1216 metuunt,
1151 1162 1339 1203 eorum
1390 1144 1657 1199 feritatem
1682 1179 1698 1208 ,
1731 1141 1817 1195 cui
1857 1137 2096 1194 timendo

509 1249 832 1318 subiacent,
882 1243 1249 1302 blandimento
1291 1236 1615 1293 demulcent.
1664 1232 1730 1287 Et
1766 1231 2097 1297 notandum,

510 1340 637 1411 quia
666 1338 758 1391 lilii
789 1336 936 1406 prius
965 1334 1217 1389 dicuntur
1258 1344 1289 1385 a
1313 1342 1440 1397 rege
1470 1326 1584 1382 tolli
1608 1365 1625 1390 ,
1656 1332 1714 1379 et
1740 1324 1819 1379 sic
1845 1322 2054 1390 equites
2081 1361 2097 1389 ,

510 1440 568 1487 et
584 1429 949 1492 centuriones,
979 1428 1093 1480 sive
1129 1436 1403 1479 armorum
1431 1419 1567 1475 labri
1591 1418 1707 1473 ﬁeri
1733 1437 1743 1470 z
1779 1416 1900 1472 ﬁlia:
1927 1430 2058 1470 vero
2078 1456 2094 1482 ,

512 1540 622 1580 non
646 1523 802 1589 tolli,
832 1521 924 1575 sed
970 1516 1286 1587 simpliciter
1341 1511 1711 1582 unguentaria:
1756 1518 1812 1565 et
1855 1507 2098 1580 paniﬁcae

513 1615 649 1671 fieri.
676 1612 813 1669 Tolli
841 1611 1039 1666 etenim
1068 1608 1341 1664 violentiae
1369 1613 1474 1661 est.
1504 1602 1622 1658 Filii
1651 1616 1783 1671 ergo
1816 1600 2100 1664 tolluntur,

514 1708 638 1776 quia
665 1703 869 1760 robusti
892 1701 1107 1756 difﬁcile
1136 1705 1469 1755 evertuntur.
1494 1696 1629 1749 Dum
1660 1690 1823 1763 igitur
1844 1691 1967 1744 lilia:
1994 1704 2102 1743 non

2196 686 2428 742 namque
2456 679 2663 726 mentes
2685 669 2907 724 omnino
2928 676 3184 739 pereunt:
3212 668 3304 721 sed
3336 668 3370 721 ii
3401 682 3540 736 quos
3569 683 3792 738 perver-

2196 770 2315 818 tere
2366 762 2579 833 penitus
2626 770 2937 831 ncqueunt,
2975 760 3101 815 dum
3146 761 3480 814 incessanter
3524 769 3582 813 et
3626 760 3792 817 verba

2198 864 2256 911 et
2311 871 2475 925 opera
2528 870 2716 910 eorum
2776 868 2939 922 prava
2996 851 3374 922 conspiciunt,
3429 851 3795 920 qualicunque

2200 948 2361 1005 sorde
2391 948 2747 1003 maculantur.
2792 946 2935 1001 Bene
2983 959 3114 1012 ergo
3161 944 3385 998 dicitur:
3423 944 3638 1014 Segetes
3686 959 3797 997 oes-

2203 1053 2343 1108 tras,
2376 1051 2428 1095 et
2465 1043 2733 1097 vinearum
2762 1040 2955 1093 reditus
3000 1036 3367 1093 addecimabit.
3401 1034 3565 1102 Quasi
3609 1035 3793 1091 dicat:

2202 1133 2315 1188 Sub
2344 1140 2564 1203 pastore
2593 1131 2825 1201 reprobo
2854 1130 3150 1185 electorum
3201 1130 3364 1183 etiam
3409 1128 3550 1183 bona
3588 1127 3797 1197 integra

2204 1236 2313 1277 non
2362 1230 2508 1279 sunt.
2540 1220 2647 1276 Sed
2682 1220 2826 1289 quod
2861 1220 3017 1275 bonis
3051 1219 3308 1287 demitur,
3332 1217 3597 1273 eunuchis
3627 1227 3686 1272 et
3719 1216 3799 1272 fa-

2205 1312 2366 1367 mulis
2418 1312 2561 1381 regis
2605 1311 2778 1367 datur.
2840 1309 3126 1372 Eunuchi,
3164 1317 3221 1364 et
3263 1308 3451 1363 famuli
3497 1307 3799 1363 carnalium

2208 1401 2570 1472 prmlatormn,
2605 1410 2731 1455 sunt
2756 1400 2872 1469 ejus
2909 1398 3181 1456 auditores
3201 1398 3520 1469 hypocritaa.
3548 1396 3801 1454 Eunuchi

2208 1493 2422 1563 quidem
2477 1502 2642 1560 sunt,
2684 1492 2807 1563 quia
2852 1491 3163 1547 smcularem
3205 1490 3536 1559 voluptatem
3563 1504 3627 1545 se
3656 1489 3803 1559 abie-

2211 1587 2349 1642 cisse
2392 1585 2725 1642 ostendunt:
2769 1584 2865 1640 sed
2917 1583 3059 1652 regis
3114 1591 3239 1638 sunt
3279 1583 3502 1645 famuli,
3533 1583 3662 1651 quia
3708 1595 3805 1651 per

2213 1692 2375 1732 omne
2401 1720 2415 1746 ,
2438 1676 2581 1746 quod
2610 1676 2679 1732 de
2706 1676 2994 1732 virtutibus
3022 1690 3080 1732 se
3108 1674 3309 1730 habere
3336 1673 3594 1730 simulant
3615 1713 3633 1740 ,
3667 1677 3723 1729 in
3750 1687 3809 1729 se

513 1765 631 1855 tolli
658 1839 673 1865 ,
702 1799 796 1853 sed
857 1794 1225 1864 unguentariae
1271 1790 1387 1847 ﬁeri
1441 1789 1814 1859 perhibentur,
1842 1783 1971 1855 quid
2027 1791 2110 1837 est
2143 1797 2187 1857 Β
2212 1771 2566 1839 reProborum
2608 1768 3017 1865 prmpmitorum
3040 1766 3231 1865 jugum
3262 1773 3500 1865 portant.
3530 1765 3677 1821 Bene
3708 1780 3809 1818 au-

516 1892 658 1947 aliud
685 1931 699 1955 ,
735 1891 832 1945 nisi
863 1888 987 1958 quia
1018 1886 1108 1957 qui
1138 1884 1334 1939 infirmi
1362 1884 1415 1938 in
1452 1884 1597 1937 bono
1625 1887 1780 1945 sunt,
1803 1893 1901 1948 per
1926 1891 2115 1933 exem-

514 1984 603 2055 pla
627 1994 913 2053 pravorum
950 1977 1108 2032 facile
1124 1975 1491 2045 dissipantur?
1520 1970 1649 2039 Quae
1674 1970 1836 2025 etiam
1864 1968 2077 2024 locarim
2093 2007 2109 2035 ,

516 2087 573 2134 et
618 2076 862 2147 panillca:
900 2073 1041 2141 regis
1063 2071 1230 2125 ﬁunt:
1263 2069 1389 2139 quia
1419 2067 1511 2137 qui
1562 2064 1804 2137 tyrannis
1846 2061 2113 2117 adulando

516 2167 786 2230 serviunt,
819 2164 947 2218 dum
969 2160 1198 2217 favendo
1220 2156 1629 2230 placent,velut
1656 2156 1806 2210 cibos
1833 2152 2112 2208 exhibent.

517 2257 759 2315 Focaria:
789 2257 987 2311 etenim
1032 2258 1159 2307 sunt
1178 2290 1195 2317 ,
1225 2266 1347 2321 quae
1376 2249 1509 2305 focis
1536 2255 1775 2316 coquunt
1811 2260 1930 2315 qua:
1959 2257 2118 2313 reges

518 2350 831 2404 comedunt.
882 2346 1121 2402 Focaria:
1164 2358 1296 2413 ergo
1343 2349 1502 2407 sunt,
1553 2354 1673 2411 qum
1712 2354 1811 2409 per
1855 2336 2115 2404 obsequia

526 2443 723 2497 favoris
752 2442 952 2497 carnali
977 2438 1263 2510 prmposito
1286 2434 1588 2491 accendunt
1608 2442 1875 2488 tumorem
1897 2429 2113 2485 cordis:

525 2543 588 2591 ut
613 2549 680 2590 eo
702 2534 958 2589 audacius
980 2532 1190 2586 favores
1214 2528 1486 2599 excipiant
1504 2569 1520 2596 ,
1540 2540 1649 2595 quo
1671 2525 1819 2580 velut
1840 2522 2120 2578 delicatio-

525 2642 614 2682 res
662 2626 763 2681 sibi
812 2626 962 2680 cibos
986 2624 1121 2692 ignis
1145 2623 1391 2677 excitata:
1416 2617 1721 2674 devotionis
1744 2624 1955 2686 parant.
1988 2612 2120 2681 Quae

527 2720 688 2774 etiam
719 2715 962 2787 paniﬁca:
989 2706 1162 2769 fiunt:
1192 2714 1319 2783 quia
1350 2713 1477 2767 dum
1499 2709 1786 2781 reprobam
1813 2708 1979 2761 vitam
2001 2706 2119 2759 lau-

524 2809 653 2865 dant
678 2848 692 2874 ,
714 2809 985 2865 carnalem
1007 2803 1482 2864 mentemtvranni
1510 2802 1574 2856 ad
1600 2798 1959 2858 exercendam
1987 2812 2120 2869 pra-

524 2902 749 2958 vitatem
787 2902 1071 2957 roborant.

596 3036 649 3089 8.
692 3034 981 3104 Sequitur:
1012 3033 1178 3104 Agros
1209 3047 1406 3105 quoque
1426 3039 1620 3085 vestros
1639 3028 1815 3095 tollet,
1847 3018 1896 3081 et
1922 3026 2120 3091 vineas,

526 3135 577 3180 et
598 3126 804 3192 oliveta,
829 3134 876 3179 et
906 3121 1049 3177 dabit
1085 3123 1243 3177 servis
1266 3123 1391 3176 suis.
1420 3122 1520 3187 Qui
1542 3129 1667 3177 sunt
1688 3119 1799 3188 agri
1820 3119 2085 3173 bonorum
2105 3157 2139 3184 ,_

531 3218 631 3274 nisi
677 3216 883 3272 devotm
926 3223 1134 3271 mentes
1182 3212 1566 3268 subditorum?
1596 3226 1714 3282 quae
1757 3209 1885 3266 dum
1936 3225 2123 3266 eorum

530 3310 697 3365 verba
746 3307 978 3363 libenter
1018 3304 1246 3360 audiunt
1275 3305 1583 3375 ,bonorum
1630 3318 1855 3374 operum
1903 3298 2125 3357 uberem

530 3401 763 3458 fructum
814 3400 1064 3455 reddunt.
1125 3398 1253 3465 Qua:
1296 3404 1477 3452 autem
1530 3395 1701 3451 vinea:
1756 3411 1983 3462 eorum,
2026 3396 2129 3450 nisi

531 3508 742 3555 mentes
771 3515 956 3553 eorum
988 3497 1060 3551 ita
1094 3496 1395 3552 imitatione
1423 3491 1848 3564 proﬁcientium,
1873 3498 1930 3545 ut
1960 3490 2125 3543 etiam

533 3592 650 3646 aliis
698 3592 919 3645 verbum
964 3589 1090 3643 vitae
1132 3588 1523 3658 prmbeant,et
1569 3599 1708 3654 quos
1756 3579 2025 3651 loquendo
2072 3580 2129 3635 in

534 3698 770 3738 amorem
800 3679 1106 3735 Conditoris
1135 3678 1435 3733 accendunt
1458 3715 1472 3740 ,
1500 3676 1651 3731 velut
1673 3672 1917 3744 potando
1948 3668 2130 3726 ebrios

536 3774 776 3829 faciant?
823 3770 951 3838 Quae
999 3786 1130 3825 vero
1172 3770 1371 3824 oliveta
1412 3776 1559 3832 sunt,
1610 3767 1711 3822 nisi
1766 3766 1934 3821 corda
1976 3765 2131 3818 audi-

535 3873 712 3919 torum
744 3901 760 3927 ,
817 3861 907 3932 qui
961 3860 1226 3915 bonorum
1284 3857 1580 3927 exemplo,
1638 3864 1692 3911 ct
1745 3856 2132 3912 exhortatione

538 3952 824 4025 proﬁciunt
861 3952 913 4005 in
941 3966 1076 4021 opus
1107 3948 1492 4004 misericordiae
1513 3945 1671 4002 ?Sed
1703 3945 1831 4001 dum
1875 3962 1969 4001 rex
1998 3962 2131 4001 con-

536 4045 793 4113 stituitur,
836 4043 949 4114 agri
992 4040 1287 4095 tolluntur:
1321 4040 1446 4111 quia
1486 4038 1611 4093 dum
1654 4037 1898 4092 carnales
1936 4051 2132 4108 perve-

538 4137 694 4192 niunt
721 4135 788 4191 ad
813 4137 1026 4191 culmen
1054 4132 1331 4203 regiminis
1356 4173 1372 4202 ,
1406 4131 1651 4187 nonnulli
1682 4131 1946 4186 bonorum
1977 4129 2132 4184 audi-

538 4238 688 4286 tores
735 4226 980 4296 exempla
1010 4227 1310 4296 suscipiunt
1360 4224 1661 4295 pravitatis.
1693 4220 1976 4276 Tolluntur
2005 4234 2135 4289 ergo

472 4378 473 4381 η
540 4324 692 4392 agri,
726 4338 846 4376 cum
876 4337 1046 4391 nuper
1086 4320 1282 4375 devota
1319 4318 1482 4373 corda
1523 4316 1870 4382 seducuntur,
1916 4315 2134 4385 quando

543 4427 611 4467 ex
659 4411 909 4480 nequitia:
973 4411 1176 4465 semine
1226 4409 1461 4464 fructum
1515 4408 1745 4464 reddunt
1794 4407 1846 4463 in
1902 4407 2136 4476 maligna

545 4502 971 4560 conversatione.
997 4501 1203 4555 Oliveta
1234 4512 1290 4556 et
1311 4503 1479 4557 vinea:
1502 4500 1779 4566 tolluntur,
1806 4516 1929 4554 cum
1954 4515 2137 4554 exem-

547 4592 636 4661 pio
680 4592 803 4646 mali
858 4592 1130 4663 praepositi
1171 4594 1551 4648 misericordiae
1598 4608 1795 4663 opera,
1830 4600 1886 4647 ct

548 4684 943 4755 prmdicationis
1004 4685 1168 4739 verba
1227 4684 1524 4741 exhibenda
1577 4694 1631 4741 et
1660 4686 1925 4757 loquenda
1975 4685 2133 4739 dese-

546 4787 761 4836 runtur.
813 4777 959 4833 Bene
1000 4787 1181 4832 autem
1225 4778 1394 4834 servis
1445 4778 1583 4847 regis
1622 4778 1735 4833 dari
1762 4777 1927 4831 ablati
1978 4777 2135 4846 agri,

549 4881 604 4927 ct
653 4872 871 4939 vincte,
932 4879 988 4925 et
1038 4869 1235 4924 oliveta
1291 4878 1677 4925 memorantur.
1732 4869 1881 4924 Servi
1938 4869 2137 4938 quippe

549 4973 699 5030 sunt,
732 4965 823 5034 qui
870 4962 1215 5019 dominorum
1257 4961 1366 5032 juri
1400 4978 1611 5033 semper
1641 4962 1879 5030 subditi,
1911 4961 2140 5016 evadere

550 5066 826 5128 nequeunt
863 5058 989 5129 juga
1030 5057 1433 5114 dominationis.
1480 5055 1632 5111 Servi
1662 5056 1843 5126 itaque
1892 5063 2015 5109 sunt
2053 5069 2142 5109 re-

550 5154 630 5223 gis
653 5193 667 5219 ,
696 5144 787 5221 qui
836 5168 930 5225 per
975 5149 1344 5208 abundantem
1374 5150 1709 5222 iniquitatem
1750 5150 1829 5204 sic
1871 5162 1930 5202 se
1952 5156 2140 5219 tyran-

552 5262 743 5301 norum
779 5246 1145 5302 voluntatibus
1175 5242 1445 5314 obligant,
1491 5250 1550 5297 ut
1580 5242 1647 5296 ab
1674 5240 1752 5295 eis
1780 5240 2003 5294 ulterius
2030 5254 2139 5295 non

552 5337 827 5394 recedant.
857 5336 1077 5394 Ablatos
1109 5351 1237 5407 ergo
1265 5349 1453 5405 agros,
1485 5341 1541 5387 et
1579 5333 1802 5398 vineas,
1849 5338 1905 5386 et
1934 5329 2135 5385 oliveta

554 5429 695 5482 servi
750 5429 1089 5501 suscipiunt:
1152 5428 1281 5498 quia
1336 5425 1551 5498 reprobi
1595 5424 1835 5481 fautores
1886 5424 2140 5496 praelato-

558 5533 675 5577 rum
720 5522 1018 5575 carnalium
1042 5561 1058 5587 ,
1081 5518 1210 5576 dum
1249 5521 1473 5591 decepta
1504 5517 1669 5574 corda
1707 5517 1759 5571 in
1806 5516 2141 5588 propositum

560 5611 883 5666 transferunt
936 5615 1089 5682 pravi
1137 5613 1318 5684 aperis
1350 5653 1365 5680 ,
1413 5611 1559 5667 velut
1609 5611 1902 5665 electorum
1958 5610 2139 5679 agris,

562 5703 731 5759 vineis
754 5745 770 5774 ,
802 5716 857 5760 et
884 5705 1095 5761 olivetis
1148 5709 1363 5763 titulum
1392 5708 1677 5778 imponunt
1709 5705 1996 5775 tyrannica:
2039 5719 2142 5774 po-

567 5795 793 5855 testatis.
820 5794 1115 5868 Sequitur:
1148 5800 1257 5857 Sed
1289 5809 1340 5857 et
1380 5808 1575 5873 segetes
1613 5809 1843 5869 vestras,
1871 5806 1921 5852 et
1966 5796 2145 5854 vinea-

2217 1871 2327 1919 tem
2375 1872 2657 1931 segetum,
2726 1870 2784 1917 et
2842 1862 2997 1933 135
3037 1862 3322 1915 vinearum
3370 1859 3581 1915 decima
3635 1874 3809 1915 eunu-

2217 1954 2441 2009 cborum
2471 1966 2592 2008 esse
2620 1950 2853 2007 refertur
2877 1968 2890 2006 :
2920 1951 3047 2020 quia
3076 1949 3483 2022 hypocritarum
3505 1948 3655 2004 virus
3676 1948 3809 2003 levi-

2218 2056 2301 2103 ter
2348 2064 2456 2103 non
2497 2046 2824 2115 agnoscitur.
2864 2045 2923 2100 In
2969 2060 3078 2115 quo
3124 2044 3253 2100 dum
3290 2042 3464 2099 sancti
3510 2042 3679 2097 etiam
3713 2040 3810 2096 viri

2218 2149 2443 2211 possunt
2467 2138 2669 2209 decipi,
2699 2137 2845 2206 quod
2870 2135 3099 2207 perdunt
3124 2174 3140 2201 ,
3170 2136 3275 2190 illis
3300 2133 3646 2200 adscribitur,
3672 2147 3808 2201 quo«

2217 2247 2337 2287 rum
2362 2229 2549 2285 fraude
2578 2229 2883 2298 capiuntur.
2912 2226 3197 2297 Sequitur:
3224 2226 3411 2280 Servos
3435 2224 3594 2279 etiam
3619 2232 3808 2277 vestros

2218 2331 2268 2377 et
2315 2322 2567 2390 ancillas,
2614 2327 2663 2374 et
2702 2318 2919 2389 juvenes
2966 2318 3227 2387 optimos,
3259 2325 3309 2372 et
3348 2316 3525 2371 asinos
3567 2317 3810 2385 auferet,

2218 2424 2269 2472 et
2312 2422 2468 2487 ponet
2511 2415 2568 2469 in
2597 2428 2753 2483 opere
2795 2428 2908 2466 suo.
2952 2410 3107 2466 Servi
3146 2420 3203 2467 et
3231 2409 3444 2465 ancillas
3491 2415 3809 2463 sanctorum

2220 2517 2381 2577 sunt,
2412 2508 2506 2578 qui
2553 2507 2633 2563 eis
2673 2502 2993 2574 temporalia
3034 2501 3340 2559 necessaria
3380 2499 3810 2556 subministrant.

2222 2600 2376 2656 Servi
2411 2606 2467 2655 et
2512 2598 2719 2655 ancilla:
2761 2603 2922 2663 sunt,
2960 2594 3085 2665 quia
3130 2594 3254 2649 dum
3287 2592 3367 2649 eis
3403 2606 3700 2661 corporum
3731 2605 3816 2645 ne-

2224 2693 2458 2751 cessaria
2507 2691 2785 2757 tribuunt,
2818 2689 2872 2744 in
2920 2689 3113 2745 eodem
3156 2702 3325 2758 opere
3378 2688 3807 2751 misericordia},

2224 2787 2317 2842 alii
2362 2786 2483 2842 aliis
2520 2785 2856 2842 robustiores
2898 2790 3044 2839 sunt.
3076 2781 3145 2838 Et
3181 2782 3372 2854 optimi
3396 2782 3628 2853 juvenes
3652 2799 3666 2835 :
3694 2782 3816 2849 quia

2226 2888 2281 2938 et
2316 2880 2411 2951 qui
2456 2879 2684 2935 multum
2706 2916 2723 2947 ,
2754 2886 2809 2933 et
2833 2877 2926 2947 qui
2970 2892 3161 2949 parum
3191 2884 3450 2949 possunt,
3478 2875 3610 2931 dum
3659 2888 3816 2930 omne

2225 2972 2371 3043 quod
2399 2972 2724 3043 praevalent,
2749 2973 2803 3026 in
2840 2984 3007 3038 opere
3048 2966 3434 3024 misericordia:
3463 2966 3817 3036 expendunt,

2226 3068 2376 3124 velut
2402 3066 2562 3122 electi
2601 3065 2866 3134 juvenes,
2899 3062 3079 3117 divina
3130 3060 3349 3117 servitia
3396 3063 3639 3115 valenter
3682 3075 3819 3128 ope-

2152 3188 2201 3254 c
2231 3169 2436 3217 rantur.
2465 3159 2615 3215 Asini
2637 3172 2855 3228 quoque
2878 3157 3174 3212 electorum
3199 3164 3359 3221 sunt,
3382 3155 3581 3225 quibus
3604 3154 3821 3209 ferenda

2230 3273 2395 3314 onera
2422 3256 2745 3313 obedientiae
2772 3255 3140 3325 imponuntur,
3173 3260 3231 3307 ut
3257 3267 3445 3307 eorum
3475 3250 3821 3318 fragilitatem

2230 3349 2528 3419 adjuvent,
2559 3348 2686 3403 dum
2731 3362 2797 3403 ea
2845 3362 2967 3402 cum
3022 3346 3101 3401 eis
3144 3351 3397 3415 portant,
3428 3358 3548 3412 qua:
3597 3344 3717 3399 sine
3751 3344 3823 3399 eis

2232 3452 2451 3513 portare
2495 3456 2835 3511 nequaquam
2882 3447 3124 3509 possent.
3156 3437 3293 3503 Quid
3330 3445 3415 3492 est
3445 3446 3654 3502 autem,
3680 3432 3821 3504 quod

2232 3536 2286 3591 in
2339 3549 2507 3605 opere
2552 3534 2696 3602 regis
2742 3532 2976 3602 ponendi
3026 3530 3434 3600 praedicuntur?
3474 3528 3583 3583 Sed
3634 3529 3727 3597 qui
3774 3528 3824 3581 in

2232 3641 2396 3696 opere
2449 3627 2591 3695 regis
2638 3632 2930 3695 ponuntur,
2986 3624 3179 3678 diebus
3232 3622 3543 3677 constitutis
3585 3620 3821 3675 debitum

2231 3720 2550 3789 persolvunt
2596 3717 2868 3785 angariae,
2893 3715 3001 3784 juri
3048 3715 3277 3785 publica;
3334 3714 3650 3783 potestatis.
3692 3710 3825 3777 Quid

2234 3819 2476 3879 estergo
2500 3847 2516 3874 ,
2546 3811 2691 3878 quod
2736 3809 2789 3863 in
2838 3823 3005 3877 opere
3047 3808 3189 3875 regis
3229 3808 3370 3863 servi
3409 3815 3463 3861 et
3503 3805 3745 3868 ancillas,
3776 3811 3828 3857 et

2230 3903 2455 3972 juvenes
2484 3900 2675 3971 optimi
2704 3900 2939 3970 ponendi
2970 3900 3370 3969 praedicuntur;
3402 3898 3505 3954 nisi
3528 3898 3658 3967 quia
3690 3910 3826 3966 pra:-

2236 3993 2596 4050 eminentibus
2642 3992 2947 4047 camalibus
2970 4029 2985 4056 ,
3015 4000 3073 4046 et
3119 3991 3415 4047 electorum
3469 3988 3745 4053 ministri,
3776 3992 3829 4041 et

2237 4088 2435 4144 devote
2487 4086 2854 4142 obedientium
2883 4082 3071 4147 corda,
3112 4083 3429 4153 plerumque
3454 4077 3830 4135 maculantur?

2237 4185 2371 4242 Nam
2400 4187 2526 4242 dum
2545 4190 2831 4259 reprobam
2862 4202 3050 4243 eorum
3082 4185 3249 4240 vitam
3285 4184 3654 4238 indesinenter
3682 4179 3830 4249 sepi-

2237 4280 2414 4347 ciunt,
2448 4282 2703 4351 paulatim
2742 4281 2821 4335 sic
2863 4278 3158 4346 decidunt,
3200 4286 3260 4331 ut
3308 4274 3507 4345 aliquid
3536 4273 3603 4325 de
3635 4284 3822 4326 eorum

2239 4373 2392 4428 factis
2430 4373 2728 4429 imitentur.
2773 4372 2848 4426 Ex
2880 4364 3039 4439 longo
3081 4369 3299 4440 quidem
3351 4383 3452 4421 usu
3482 4367 3675 4419 electis
3719 4378 3828 4417 ser-

2239 4468 2429 4532 viunt;
2488 4468 2583 4523 sed
2628 4468 2753 4521 dum
2801 4480 2944 4535 smpe
2982 4463 3171 4517 vident
3219 4476 3409 4517 eorum
3449 4458 3823 4512 excellentiam

1940 4600 2140 4647 sancta,
2170 4587 2219 4647 ι)
2243 4561 2494 4616 culminis
2519 4600 2534 4624 ,
2568 4560 2756 4615 serviri
2809 4559 2909 4614 sibi
2961 4558 3028 4612 ab
3071 4556 3189 4610 aliis
3218 4554 3543 4625 quandoque
3572 4554 3830 4620 appetunt

2245 4669 2340 4724 per
2370 4655 2656 4723 impulsum
2700 4652 2972 4708 elationis.
3017 4650 3124 4706 Sua
3155 4662 3373 4718 quoque
3406 4643 3831 4700 misericorditer

2240 4748 2510 4811 tribuunt,
2544 4746 2639 4801 sed
2671 4755 3020 4817 tyrannorum
3061 4757 3205 4813 saepe
3234 4738 3484 4810 exemplo
3524 4738 3700 4791 aliena
3732 4734 3830 4790 tol-

2244 4839 2378 4893 lunt.
2404 4838 2510 4894 Sed
2536 4839 2660 4907 quia
2690 4838 2832 4893 servi
2862 4846 3172 4892 sanctorum
3202 4841 3328 4889 sunt
3358 4873 3374 4900 ,
3400 4831 3468 4886 de
3492 4830 3619 4900 jure
3647 4842 3829 4883 eorum

2246 4932 2433 5000 exire,
2490 4947 2597 4985 non
2652 4939 2895 5002 possunt.
2951 4929 3032 4984 Ad
3088 4928 3276 4982 horam
3334 4924 3552 4994 quidem
3611 4926 3832 4991 possunt

2242 5025 2417 5080 deseri
2444 5062 2457 5089 ,
2490 5023 2583 5079 sed
2632 5024 2699 5078 ab
2728 5038 2913 5078 errore
2941 5065 2955 5090 ,
2987 5023 3041 5075 in
3071 5032 3232 5090 quem
3257 5019 3511 5074 decidunt
3531 5058 3546 5083 ,
3579 5031 3679 5085 per
3698 5012 3831 5070 divi-

2244 5133 2366 5173 nam
2390 5116 2814 5173 miscricordiam
2840 5114 2997 5170 facile
3023 5113 3386 5170 sublevantur.
3412 5110 3550 5176 Quia
3582 5122 3716 5176 ergo
3741 5118 3832 5175 per

2244 5211 2490 5282 exempla
2540 5225 2829 5281 pravorum
2874 5214 3170 5273 corruunt,
3212 5206 3305 5277 qui
3348 5204 3458 5260 cito
3488 5203 3833 5273 resipiscunt,

2243 5304 2390 5359 velut
2419 5319 2516 5374 per
2547 5303 2823 5374 angariam
2861 5308 3134 5373 ponuntur
3161 5300 3215 5354 in
3243 5299 3382 5367 regis
3410 5310 3578 5365 opere
3602 5311 3616 5348 :
3642 5293 3695 5348 in
3724 5302 3834 5361 quo
3897 5316 3901 5323 -

2243 5396 2332 5452 diu
2366 5412 2472 5453 non
2500 5404 2819 5468 permanent
2846 5408 2943 5465 per
2971 5392 3281 5448 continuam
3311 5388 3653 5445 servitutem.

2316 5509 2368 5565 9.
2412 5511 2665 5581 Sequitur
2704 5529 2716 5565 :
2763 5508 2953 5581 Creges
2993 5524 3189 5581 quoque
3228 5513 3419 5560 vestros
3459 5497 3831 5560 addedmabit,

2241 5621 2426 5677 vosque
2454 5606 2595 5660 eritis
2634 5606 2680 5660 ei
2708 5605 2863 5660 servi.
2896 5602 3059 5670 Quasi
3089 5602 3269 5657 dicat:
3302 5599 3439 5653 Dum
3468 5604 3657 5668 pastor
3684 5589 3835 5646 vobis

2245 5696 2476 5751 carnalis
2501 5697 2847 5767 prmponitur,
2875 5710 2981 5751 non
3006 5693 3181 5749 solum
3202 5690 3413 5757 vestris,
3439 5686 3533 5744 sed
3556 5686 3719 5741 etiam
3742 5694 3832 5735 vo-

2246 5790 2575 5863 bismetipsis
2611 5791 2865 5849 virtutum
2908 5787 3104 5865 praedae
3149 5786 3469 5844 inferuntur.
3501 5778 3705 5851 Greges
3755 5779 3814 5831 et
