4020 6344
253 331 360 394 229

1081 320 1146 378 ΙΝ
1183 319 1455 379 PRIMUM
1491 318 1733 380 REGUM
1771 315 2292 380 EXPOSITIONES.
2330 350 2402 366 -—
2439 319 2576 378 LIB.
2619 319 2708 377 IV.

3437 321 3546 388 ἰεῦ

246 444 399 500 enim
444 427 767 508 electorum,
810 444 936 494 sunt
963 437 1131 493 turbm
1177 439 1437 494 virtutum
1473 436 1855 508 spiritualium.
1883 443 1940 500 Α
2032 437 2122 494 il.
2152 435 2356 506 Quibus
2383 439 2627 513 profecto
2653 438 2833 498 verbis
2851 448 3033 500 moros
3056 437 3397 498 subditorum
3423 455 3549 497 car-

248 539 353 605 Qui
381 551 513 592 vero
543 543 595 590 et
625 534 753 605 ipsa:
789 532 1092 606 spirituales
1119 533 1346 588 virtutes
1371 531 1620 601 exemplo
1653 546 1850 601 pravo-

246 647 370 686 rum
403 629 754 700 dissipantur,
781 642 876 682 rex
900 627 1137 684 decimas
1166 627 1307 682 tollit
1332 626 1530 697 gregis,
1557 626 1774 695 quando
1803 624 1851 682 is

245 724 340 792 qui
371 721 665 776 carnaliter
691 720 1028 790 praeminet,
1054 719 1108 774 in
1135 727 1446 774 sanctorum
1474 717 1722 773 cordibus
1748 715 1848 772 ali-

245 829 384 884 quas
407 813 636 867 virtutes
658 811 894 882 perimit.
922 809 1167 864 Decimas
1192 809 1332 864 tollit
1357 825 1370 862 :
1398 809 1524 878 quia
1550 807 1673 862 dum
1697 822 1850 863 men-

246 905 318 960 tis
349 903 713 973 integritatem
743 901 997 971 dissipat,
1027 901 1290 955 virtutum
1337 914 1617 954 numerum
1647 899 1850 968 imper-

249 992 449 1049 fectum
479 991 826 1059 derelinquit.
851 990 1083 1045 Denario
1109 989 1312 1058 quippe
1334 1003 1560 1044 numero
1584 986 1851 1058 perfectio

245 1085 581 1154 designatur.
614 1081 768 1139 Unde
815 1094 868 1137 et
898 1098 1023 1136 cum
1059 1079 1223 1150 lapsae
1252 1078 1604 1135 humanitatis
1653 1088 1852 1134 nostra:

243 1178 444 1231 damna
491 1176 751 1232 Dominus
805 1183 990 1245 aperta
1046 1175 1452 1244 comparatione
1503 1173 1848 1242 ostenderet,

246 1267 554 1332 mulierem,
583 1281 703 1336 qum
722 1265 790 1320 de
817 1266 1002 1321 decem
1025 1263 1295 1319 drachmis
1321 1280 1478 1319 uuam
1508 1263 1850 1335 perdiderat,

247 1359 300 1412 in
332 1358 566 1413 medium
596 1357 743 1412 ducit
771 1355 921 1427 (Luc.
954 1373 1044 1423 xv,
1071 1355 1106 1408 4
1129 1356 1299 1427 seq.);
1332 1365 1390 1408 ut
1419 1370 1514 1424 per
1551 1355 1674 1421 hoc,
1707 1353 1851 1423 quod

245 1449 502 1503 denarius
542 1461 800 1504 numerus
843 1446 1068 1516 periisse
1113 1443 1457 1511 ostenditur,
1485 1457 1719 1513 superna
1754 1442 1846 1498 illa

248 1540 507 1608 societas,
537 1554 658 1609 quae
685 1537 984 1594 novenario
1010 1551 1234 1590 numero
1260 1535 1522 1590 remansit
1543 1535 1596 1589 in
1624 1534 1847 1603 angelis,

248 1632 369 1686 sine
401 1631 744 1702 reparatione
769 1628 1096 1685 conditionis
1139 1637 1341 1684 nostrae
1371 1625 1685 1698 imperfecta
1730 1641 1852 1682 esse

251 1720 531 1777 doceatur.
560 1720 629 1776 Et
648 1721 775 1791 quia
797 1721 1021 1776 decimae
1053 1735 1148 1788 per
1167 1735 1342 1775 annos
1366 1719 1605 1788 singulos
1625 1719 1852 1788 exigun-

250 1823 366 1882 tur,
409 1823 535 1884 apte
579 1814 675 1884 qui
715 1815 954 1869 decimas
994 1811 1190 1868 offerre
1235 1827 1344 1867 non
1389 1811 1665 1877 desinunt,
1707 1810 1852 1866 servi

251 1920 372 1961 esse
401 1906 545 1976 regis
576 1905 948 1976 perhibentur.
980 1904 1073 1960 Eis
1098 1904 1296 1975 quippe
1335 1917 1434 1974 per
1461 1917 1632 1959 annos
1667 1903 1852 1971 singu-

250 1995 336 2050 los
379 1997 644 2062 serviunt,
687 2011 917 2065 quorum
964 1993 1216 2064 exemplo
1263 2007 1406 2063 saepe
1436 1992 1650 2064 pejores
1693 1991 1850 2047 (inut.

249 2085 490 2140 Possunt
517 2094 573 2140 et
592 2100 696 2157 per
724 2087 842 2153 hoc,
883 2087 1026 2156 quod
1070 2093 1196 2157 post
1231 2085 1388 2140 datas
1416 2084 1654 2140 decimas
1684 2081 1855 2138 servi-

251 2187 347 2234 tus
375 2178 476 2233 is'a
505 2178 785 2246 asseritur,
825 2179 950 2233 mali
988 2179 1264 2249 profectus
1306 2177 1536 2235 ostendi.
1581 2175 1716 2230 Nam
1759 2173 1852 2246 qui

254 2272 517 2343 paulatim
541 2271 819 2340 delicium,
842 2273 1082 2344 quotidie
1098 2281 1278 2345 agunt,
1306 2273 1450 2328 unde
1472 2271 1539 2327 ad
1559 2270 1855 2338 iniquitatis

254 2366 522 2436 profunda
551 2365 908 2423 deducantur.
939 2367 1079 2424 Dicit
1102 2383 1232 2438 ergo
1259 2387 1272 2423 :
1311 2368 1505 2441 Greges
1530 2374 1723 2422 vestros
1753 2365 1853 2420 ad-

255 2457 553 2522 decimabit,
585 2475 771 2530 vosque
795 2460 942 2514 eritis
969 2461 1016 2514 ei
1047 2461 1201 2515 servi.
1234 2460 1398 2527 Quasi
1437 2460 1582 2514 dicat
1622 2477 1634 2512 :
1683 2459 1854 2513 Malo-

262 2561 384 2601 rum
414 2547 666 2617 exemplo
692 2547 950 2617 paulatim
971 2550 1260 2614 decidetis,
1289 2549 1383 2606 sed
1413 2550 1656 2606 cadendo
1677 2550 1853 2618 agitis,

254 2645 318 2691 ut
359 2637 426 2692 ab
469 2652 656 2692 eorum
702 2639 1002 2696 imitatione
1045 2657 1317 2711 nunquam
1349 2642 1654 2697 recedatis.‘
1696 2643 1854 2712 186

254 2724 525 2794 Scriptum
547 2728 747 2800 quippe
774 2739 857 2784 est
888 2747 902 2786 :
928 2730 974 2783 A
1003 2747 1100 2802 quo
1123 2733 1237 2803 quis
1268 2733 1506 2798 vincitur,
1532 2736 1643 2804 ejus
1681 2747 1856 2786 servus

255 2819 475 2890 efﬁcitur
501 2819 589 2892 (11
617 2820 763 2877 Petr.
793 2839 851 2889 ιι,
884 2822 996 2895 l9).
1031 2824 1165 2892 Quia
1196 2825 1337 2880 enim
1366 2841 1464 2897 per
1499 2825 1856 2882 imitationem

263 2911 502 2982 pastoris
546 2913 761 2984 reprobi
823 2914 877 2969 in
937 2915 1144 2986 peccati
1204 2915 1517 2972 servitutem
1577 2916 1856 2988 incidunt,

265 3001 435 3056 etiam
458 3001 523 3056 ab
544 3003 658 3073 ejus
675 3003 826 3074 jugo,
848 3005 1069 3075 quando
1089 3005 1298 3074 volunt,
1321 3005 1457 3062 solvi
1481 3022 1585 3062 non
1608 3015 1854 3078 possunt.

262 3086 423 3148 Unde
446 3101 499 3148 et
525 3093 766 3151 subditur
797 3113 810 3150 :

1957 531 2159 586 nalium
2188 539 2374 602 aperte
2400 533 2779 589 describuntur
2805 550 2820 589 :
2849 533 2974 604 quia
2999 532 3126 588 dum
3155 533 3425 590 exteriora
3453 549 3550 606 aps»

1955 631 2180 692 petunt,
2210 623 2467 680 interiora
2510 624 2706 679 damna
2745 625 2908 680 etiam
2936 624 3180 698 exposita
3211 639 3319 680 non
3368 632 3548 680 atten-

1955 712 2106 767 dunt.
2139 711 2244 768 Sed
2290 714 2383 784 qui
2427 714 2715 769 carnaliter
2766 723 3037 785 pra-sunt,
3086 715 3203 786 ipsa
3244 715 3552 772 ostensione

1957 808 2265 878 temporalis
2292 809 2547 879 potentiae
2573 808 2801 865 subditis
2826 809 2931 865 sibi
2973 808 3273 866 minoribus
3301 821 3552 878 magnam

1955 913 2106 968 spem
2138 898 2266 953 dant
2295 899 2495 954 tutelae.
2529 899 2662 954 Dum
2689 913 2818 968 ergo
2845 900 3029 956 dicunt
3055 918 3068 954 :
3113 900 3229 956 Ret
3255 902 3352 956 erit
3400 915 3553 972 super

1956 1008 2070 1058 nos,
2111 1001 2162 1047 et
2201 992 2454 1064 pugnabit
2482 991 2614 1050 bella
2657 1002 2838 1050 nostra
2864 1011 2960 1068 pro
3007 994 3179 1064 nobis,
3209 995 3337 1068 quid
3379 992 3551 1062 aliud,

1955 1100 2118 1156 quam
2158 1087 2514 1158 reproborum
2560 1087 2860 1144 subitorum
2889 1104 3068 1146 mores
3115 1089 3426 1156 insinuant,
3458 1088 3555 1160 qui

1956 1177 2184 1232 humiles
2227 1186 2282 1232 et
2329 1178 2636 1248 spirituales
2685 1179 3070 1248 prmdicatores
3119 1181 3445 1251 despiciunt,
3493 1185 3556 1235 ut

1956 1266 2331 1337 temporaliter
2378 1282 2410 1322 a
2457 1268 2764 1326 carnalibus
2810 1269 3164 1338 adjuvantur?
3205 1270 3359 1342 Quod
3405 1276 3558 1330 certe

1957 1357 2265 1413 nullatenus
2294 1365 2538 1428 agerent,
2577 1357 2681 1414 nisi
2719 1358 2866 1428 prius
2895 1359 3074 1420 lumen
3119 1359 3302 1418 cordis
3340 1359 3556 1415 amisis-

1955 1459 2096 1505 sent.
2128 1449 2261 1505 Nam
2297 1453 2342 1507 si
2371 1451 2727 1523 spiritualium
2758 1452 2996 1508 virorum
3035 1453 3392 1510 humilitatem
3419 1450 3556 1510 foris

1954 1542 2272 1613 despiciunt,
2302 1543 2396 1598 sed
2425 1558 2530 1614 qua
2556 1543 2840 1614 potestatis
2881 1543 3207 1599 sublimitate
3247 1543 3389 1600 intus
3419 1543 3557 1598 emi.

1955 1641 2142 1701 neant,
2171 1649 2398 1691 cernere
2425 1649 2535 1690 non
2565 1635 2874 1701 merentur";
2900 1635 2954 1690 in
2983 1635 3088 1690 illis
3128 1648 3344 1704 quoque
3372 1641 3558 1689 extera

1954 1739 2079 1778 nam
2108 1725 2394 1795 potestatis
2424 1725 2766 1796 tyrannidem
2812 1725 3014 1792 vident,
3061 1725 3155 1782 sed
3185 1741 3289 1796 qua
3335 1724 3559 1780 inﬁrmis

1883 1824 2070 1898 Btate
2113 1818 2258 1873 intus
2301 1816 2666 1886 deprimatur,
2719 1831 2828 1872 non
2857 1817 3061 1872 vident.
3115 1818 3226 1883 lsti,
3275 1817 3400 1888 quia
3445 1815 3560 1872 Deo

1959 1907 2256 1977 adhaerent,
2284 1922 2405 1962 cum
2435 1907 2652 1974 volunt,
2683 1907 2848 1962 etiam
2876 1907 2929 1963 in
2966 1909 3328 1963 exterioribus
3366 1915 3560 1979 pelea-

1956 2006 2041 2054 tes
2069 2006 2195 2053 sunt
2227 2016 2241 2053 :
2274 1999 2370 2067 illi,
2400 2001 2494 2068 qui
2542 2015 2572 2054 a
2602 1998 2834 2055 Domino
2873 1998 3163 2066 recedunt,
3195 2015 3370 2072 spem,
3395 2013 3559 2071 quam

1957 2090 2281 2162 promittunt
2326 2092 2394 2147 de
2421 2091 2666 2162 potentia
2695 2091 2961 2158 saeculari,
2993 2091 3251 2147 exhibere
3281 2105 3386 2144 non
3429 2103 3560 2158 pos-

1957 2192 2085 2240 sunt
2113 2183 2425 2240 fortitudine
2447 2183 2798 2254 operationis.
2823 2182 2977 2248 Nam,
3000 2190 3059 2237 ut
3079 2182 3145 2237 de
3167 2179 3346 2238 vicino
3374 2193 3561 2238 exent~

1956 2277 2044 2350 pla
2067 2277 2373 2348 capiamus,
2406 2275 2537 2331 Saul
2568 2276 2634 2328 ad
2661 2274 2949 2346 pugnantia
2978 2273 3119 2330 bella
3161 2285 3342 2342 regem
3368 2277 3562 2341 postu-

1958 2367 2206 2436 lantium,
2239 2367 2392 2422 fortis
2431 2372 2486 2421 et
2514 2374 2707 2436 potens
2733 2365 2986 2432 eligitur:
3016 2364 3092 2418 ita
3133 2371 3226 2429 ut,
3268 2377 3422 2416 sacra
3457 2360 3564 2422 hac

1957 2459 2180 2514 historia
2208 2465 2345 2514 teste
2377 2455 2444 2528 (I
2473 2455 2606 2528 Reg.
2635 2473 2708 2523 ιι,
2738 2455 2834 2529 2),
2885 2457 2952 2510 ab
2984 2456 3241 2524 humero,
3269 2463 3326 2509 et
3350 2465 3564 2516 sursum

1957 2547 2161 2619 populo
2193 2549 2446 2604 universo
2476 2548 2759 2602 emineret.
2794 2550 2834 2601 A
2863 2547 2974 2602 Deo
3002 2547 3162 2616 igitur
3185 2545 3255 2602 ad
3283 2545 3434 2616 regni
3460 2559 3562 2614 suo

1957 2639 2249 2694 bernacula
2291 2638 2520 2700 electus.
2552 2653 2677 2694 cum
2707 2639 2880 2698 bonus
2919 2638 3215 2707 existeret,
3244 2645 3299 2694 et
3335 2637 3403 2696 de
3433 2636 3560 2694 ﬁliis

1957 2729 2123 2785 Israel
2153 2730 2345 2800 aliquis
2373 2730 2566 2786 melior
2592 2729 2685 2785 illo
2715 2746 2824 2786 non
2851 2738 3018 2800 esset,
3049 2740 3252 2799 tamen,
3282 2743 3406 2787 cum
3437 2737 3566 2784 tan-

1960 2831 2046 2880 tus
2075 2839 2138 2879 ac
2169 2823 2296 2878 talis
2326 2823 2407 2879 vir
2443 2823 2644 2891 carnali
2691 2821 2994 2879 fortitudini
3032 2822 3377 2892 relinquitur,
3419 2820 3564 2882 bella

1958 2915 2211 2987 perdidit,
2244 2929 2364 2986 quae
2409 2922 2744 2984 pugnaturus
2783 2919 3102 2984 acceperat,
3129 2920 3186 2972 et
3223 2912 3389 2968 vitam
3418 2910 3565 2982 pari-

1960 3015 2044 3063 ter
2072 3006 2251 3063 amisit
2282 2999 2347 3078 (Ι
2372 3004 2504 3077 Reg.
2537 3021 2613 3071 ιιι,
2648 3003 2723 3077 i).
2756 3003 2975 3060 Samuel
3014 3011 3193 3060 autem
3215 3045 3232 3073 ,
3255 3003 3347 3075 qui
3377 3002 3564 3062 saeculi

1957 3102 2201 3171 potentia
2225 3099 2470 3157 sublimis
2499 3115 2608 3154 non
2630 3099 2866 3162 exstitit,
2899 3097 2993 3168 qui
3018 3098 3294 3152 humiliter
3321 3111 3433 3151 non
3472 3110 3566 3150 soa

336 3201 512 3274 (vers,
544 3201 650 3277 18,)
678 3203 742 3259 Er
769 3204 1060 3261 clamamus
1083 3208 1136 3262 ίη
1159 3208 1242 3262 die
1262 3207 1356 3263 ma
1381 3227 1413 3262 α
1439 3210 1571 3281 [περ
1590 3214 1726 3282 regis
1747 3227 1857 3265 υεε-
1885 3233 1933 3298 c
1962 3195 2073 3249 lum
2099 3195 2234 3261 Deo,
2267 3194 2363 3251 sed
2393 3194 2556 3249 etiam
2582 3193 2893 3248 hominibus
2927 3191 3272 3254 ministravit,
3304 3190 3380 3298 dei
3401 3197 3558 3298 clxte-

256 3293 348 3362 tri,
387 3312 536 3365 quem
564 3297 789 3367 elegistis
814 3298 974 3364 vobis,
1000 3308 1050 3353 et
1091 3316 1194 3354 non
1223 3301 1462 3356 exaudiet
1488 3319 1577 3357 vos
1607 3301 1858 3359 Dominus

259 3389 320 3441 in
360 3387 444 3441 die
472 3387 605 3442 illa:
629 3390 749 3460 quia
779 3391 978 3459 petistis
1007 3391 1146 3446 vobis
1177 3408 1365 3464 regem.

341 3477 424 3532 10.
461 3477 626 3546 Quasi
654 3480 829 3551 dicat,
851 3482 905 3536 in
936 3483 1180 3538 notitiam
1204 3499 1380 3554 pravae
1409 3483 1722 3542 imitationis
1747 3483 1864 3555 ejus

261 3569 524 3639 paulatim
550 3569 784 3626 deﬁnitis
817 3589 831 3625 :
863 3572 956 3628 sed
986 3573 1267 3643 pravitatis
1299 3573 1414 3643 ejus
1445 3575 1712 3644 exempla,
1743 3576 1864 3644 qui-

261 3660 366 3717 bus
403 3677 496 3718 vos
544 3674 740 3734 sponte
777 3664 1118 3733 submittitis,
1171 3665 1476 3736 relinquere
1520 3674 1714 3736 Sponte
1761 3665 1864 3720 mi-

261 3755 409 3809 nimc
455 3755 701 3824 potestis.
735 3755 918 3812 Omnis
961 3758 1130 3822 enim,
1167 3759 1250 3830 qui
1282 3760 1406 3831 facit
1434 3769 1718 3830 peccatum,
1753 3775 1868 3813 ser-

261 3862 354 3902 uus
376 3855 451 3900 est
472 3850 666 3917 peccati
697 3847 876 3920 (Joan.
897 3867 1008 3916 vut,
1037 3851 1238 3922 xxxw).
1266 3851 1466 3918 Quibus
1497 3867 1624 3921 ergo
1649 3861 1867 3921 peccata

264 3935 632 4006 dominantur,
657 3955 756 4012 per
784 3957 844 3996 se
868 3942 934 3996 ab
955 3958 1140 3997 eorum
1159 3943 1290 4012 jugo
1321 3943 1533 3997 liberari
1569 3952 1864 4014 nequeunt.

264 4024 407 4081 Nam
439 4042 576 4097 Stt‘pe
597 4029 673 4084 ad
696 4031 982 4086 Dominum
1008 4050 1128 4088 cum
1161 4034 1411 4105 precibus
1442 4035 1695 4103 veniunt,
1739 4035 1870 4090 libe-

263 4118 381 4174 rari
410 4129 628 4192 petunt,
652 4123 749 4178 sed
779 4125 1022 4179 exaudiri
1050 4142 1158 4182 non
1190 4133 1435 4196 possunt.
1482 4127 1673 4181 Divino
1698 4127 1867 4197 siqui-

261 4209 386 4265 dem
404 4211 608 4280 judicio
635 4230 757 4270 cum
780 4216 856 4271 eis
885 4217 1078 4285 agitur,
1109 4219 1279 4286 utqui
1307 4218 1593 4273 noluerunt
1615 4219 1757 4272 mala
1789 4217 1869 4272 vi-

265 4311 404 4370 tare,
448 4321 568 4384 cum
593 4318 837 4377 possent,
879 4326 988 4364 non
1019 4310 1228 4380 possint
1250 4311 1448 4376 vitare,
1478 4326 1601 4365 cum
1640 4311 1866 4363 volunt:

265 4405 324 4452 et
353 4398 446 4466 qui
473 4407 669 4468 sponte
698 4400 980 4458 incurrunt
1009 4403 1148 4456 mala
1183 4405 1529 4473 praecognita,
1555 4402 1737 4473 fugere
1763 4417 1870 4458 non

267 4489 477 4561 possint
497 4503 739 4563 experta.
757 4496 934 4561 Quare
956 4506 1009 4550 et
1033 4513 1250 4552 causam
1274 4499 1569 4566 insinuans,
1589 4514 1693 4568 qua
1710 4513 1872 4554 exau-

1965 3287 2200 3342 rioribns
2239 3301 2456 3356 quoque
2503 3284 2659 3339 bellis
2709 3283 2950 3354 trophaeo
2997 3289 3247 3354 potenter
3295 3279 3560 3335 exhibuit.

1966 3377 2099 3432 Nam
2129 3394 2236 3431 non
2270 3377 2422 3430 valde
2458 3391 2619 3444 supra
2648 3373 2715 3429 de
2752 3389 2818 3428 eo
2867 3373 3069 3428 dictum
3118 3379 3202 3428 est
3232 3388 3246 3424 :
3279 3369 3419 3424 Tulit
3457 3369 3566 3424 Sa-

1965 3471 2102 3525 muel
2145 3486 2335 3539 agnum
2385 3469 2658 3522 lactentem
2696 3482 2884 3532 unum,
2932 3472 2980 3519 et
3017 3465 3169 3538 187
3200 3463 3380 3520 obtulit
3419 3463 3567 3517 illum

1968 3563 2322 3618 holocaustum
2351 3562 2604 3632 integrum
2641 3558 2883 3625 Domino,
2916 3568 2964 3613 et
2989 3558 3226 3612 clamavit
3258 3555 3471 3612 Samuel
3498 3553 3570 3616 ad

1970 3655 2248 3711 Dominum
2273 3672 2367 3724 pro
2395 3651 2586 3720 Israel,
2617 3662 2667 3708 et
2688 3653 2954 3707 exaudivit
2983 3669 3099 3706 eum
3125 3651 3396 3706 Dominus.
3428 3648 3568 3704 Faca

1972 3759 2077 3803 tum
2107 3758 2183 3803 est
2212 3756 2403 3812 autem,
2437 3762 2551 3800 cum
2583 3744 2796 3801 Samuel
2829 3745 3037 3815 θηται-νει
3070 3745 3424 3800 holocaustum
3459 3740 3568 3798 Do~

1969 3842 2133 3904 mino,
2159 3838 2478 3894 Philisthiim
2508 3839 2671 3892 iniere
2692 3838 2930 3909 prtelium
2972 3845 3153 3894 contra
3190 3833 3380 3892 Israel.
3415 3833 3568 3889 Iulo.

1971 3936 2081 3988 nuit
2112 3942 2282 3987 autem
2315 3931 2567 3987 Dominus
2606 3934 2817 4005 fragore
2846 3947 3036 4002 magno
3078 3930 3130 3984 in
3175 3930 3257 3983 die
3287 3929 3377 3982 illa
3418 3944 3568 3998 super

1972 4026 2316 4093 Philisthiim,
2350 4034 2398 4079 et
2428 4025 2674 4079 exterruit
2701 4039 2808 4088 eos,
2839 4031 2888 4078 et
2908 4023 3028 4076 σαιθὶ
3058 4027 3177 4074 sunt
3204 4018 3517 4072 Pltili-stltiim
3537 4033 3570 4076 tl

1973 4122 2096 4192 ﬁliis
2122 4117 2292 4175 Israel
2324 4118 2377 4190 (Ι
2394 4119 2524 4190 Reg.
2550 4134 2643 4185 vn,
2673 4113 2728 4182 9,
2756 4115 2865 4186 10).
2893 4115 3048 4168 Dicat
3067 4126 3196 4181 ergo
3221 4130 3234 4166 :
3259 4110 3445 4166 Noluit
3474 4128 3568 4181 pos

1972 4216 2122 4286 palus
2152 4215 2333 4268 audire
2355 4229 2523 4267 vocem
2554 4208 2837 4274 Samuelis,
2866 4213 2928 4260 ut
2955 4206 3010 4261 in
3040 4221 3227 4261 eorum
3257 4203 3570 4261 inobedien-

1975 4307 2047 4360 tia
2076 4307 2433 4376 superborum
2465 4300 2633 4355 corda
2661 4299 3010 4368 designentur
3040 4338 3055 4366 ,
3086 4297 3164 4353 sic
3191 4296 3383 4352 divina:
3403 4294 3566 4368 aequi-

1975 4396 2105 4450 tatis
2132 4395 2336 4464 judici'o
2385 4393 2648 4464 projecta,
2690 4397 2750 4445 ut
2796 4405 2991 4461 magna
3046 4389 3190 4445 mala
3235 4389 3568 4458 immineant,

1975 4503 2092 4558 quae
2121 4484 2388 4540 incursuri
2428 4491 2593 4538 sunt:
2621 4481 2717 4539 sed
2765 4489 2946 4545 tamen
2974 4496 3040 4539 ea
3079 4482 3262 4538 videre
3287 4498 3396 4539 non
3442 4496 3559 4552 pos-

270 4582 370 4636 diri
394 4584 802 4654 prohibeantur,
819 4589 892 4642 ait
915 4605 927 4640 :
957 4587 1091 4652 Quia
1112 4591 1310 4659 petistis
1332 4589 1472 4644 vobis
1496 4607 1684 4660 regem.
1709 4587 1873 4657 Quasi

1976 4578 2101 4633 sint.
2137 4575 2392 4645 Sequitur
2418 4592 2432 4630 ε

269 4683 460 4744 aperte
489 4674 637 4730 dicat
684 4695 696 4730 :
733 4677 868 4744 Quia
910 4678 1037 4733 illud
1069 4677 1223 4734 vobis
1270 4681 1385 4736 dari
1428 4681 1766 4751 postulastis,
1816 4681 1873 4740 in

271 4778 384 4833 quo
415 4763 533 4819 habe
576 4767 756 4820 omnia
793 4767 990 4837 futura,
1021 4784 1108 4824 me
1147 4769 1490 4840 przedicente,
1524 4773 1872 4842 cognovistis.

273 4853 427 4922 Haec,
457 4865 516 4911 ut
543 4861 789 4928 superius
815 4860 946 4929 dixi,
970 4863 1022 4916 in
1050 4870 1178 4933 typo
1209 4863 1552 4935 praelatorum
1579 4844 1873 4920 carnalium

273 4945 564 5003 defutura
615 4952 754 5021 regis
800 4955 1212 5010 conversatione
1247 4957 1608 5024 praedicuntur
1642 4975 1653 5010 :
1708 4966 1765 5012 ut
1808 4957 1875 5016 ab

273 5035 398 5105 ejus
419 5039 677 5107 petitione
715 5043 1074 5113 quiescerent,
1099 5046 1151 5100 in
1180 5061 1288 5116 quo
1321 5054 1468 5101 tanta
1497 5047 1636 5103 mala
1669 5063 1874 5118 cogno-

276 5127 504 5184 vissent.
527 5129 634 5186 Sed
659 5132 861 5190 babent
880 5136 1042 5190 corda
1065 5138 1441 5206 reproborum,
1467 5147 1526 5192 ut
1547 5139 1743 5193 malum
1767 5139 1876 5198 cito

276 5229 611 5289 proponant,
655 5230 711 5277 et
755 5239 786 5277 a
815 5225 958 5279 malo
988 5225 1268 5296 proposito
1312 5243 1421 5283 non
1469 5227 1698 5285 celerius
1745 5229 1877 5286 resis-

276 5308 511 5378 piscant.
543 5309 721 5378 Quare
750 5320 805 5367 et
832 5315 1077 5370 subditur
1108 5335 1123 5372 :

354 5399 532 5468 (Vers.
569 5399 664 5474 19,
695 5405 810 5478 20.)
843 5405 1027 5463 Noluit
1055 5420 1226 5467 autem
1253 5411 1472 5484 papulas
1508 5411 1688 5467 audire
1711 5429 1880 5469 vocem

278 5494 580 5565 Samuelis,
615 5500 705 5554 sed
743 5501 985 5556 dixerunt
1017 5519 1036 5558 :
1070 5499 1437 5576 Nequaquam.
1471 5501 1584 5559 Rea:
1615 5507 1748 5560 enim
1785 5509 1882 5562 erit

279 5603 440 5657 super
476 5605 593 5655 nos,
626 5600 674 5644 et
697 5587 888 5647 erimus
921 5609 1013 5646 nos
1044 5611 1265 5666 quoque,
1300 5599 1429 5651 sicut
1458 5613 1634 5653 omnes
1675 5607 1878 5670 gentes,

2053 4677 2230 4748 (Vers.
2289 4674 2416 4747 2|.)
2457 4673 2527 4732 Et
2567 4674 2763 4732 audivit
2806 4675 3023 4732 Samuel
3061 4673 3237 4734 omnia
3275 4672 3428 4730 verba
3474 4687 3567 4740 po-

1979 4772 2108 4846 puli.
2788 4813 2794 4820 κ

2055 4863 2140 4918 la.
2169 4861 2286 4918 Hoc
2306 4859 2548 4934 profecto
2577 4858 2794 4916 Samuel
2821 4858 3047 4929 audivit,
3074 4855 3218 4929 quod
3242 4853 3468 4924 populus
3491 4853 3567 4908 lo-

1981 4963 2139 5013 cutus
2184 4962 2288 5022 est,
2336 4952 2430 5008 sed
2469 4952 2644 5022 ipsum
2690 4949 2920 5021 populus
2957 4963 3066 5004 non
3095 4944 3320 5004 audivit.
3366 4941 3572 5014 Populo

1983 5050 2130 5105 enim
2159 5047 2394 5117 reprobo
2425 5045 2572 5114 loqui
2600 5052 2656 5100 et
2681 5059 2787 5100 non
2817 5042 3026 5104 audire.
3057 5039 3158 5096 fuit
3193 5039 3356 5095 verba
3385 5045 3574 5098 contra

1983 5140 2080 5198 Dei
2107 5140 2438 5195 voluntatem
2486 5151 2770 5208 promere,
2803 5135 2899 5190 sed
2939 5147 3155 5204 poenam
3198 5147 3380 5204 pravae
3424 5130 3576 5184 locus

1989 5232 2146 5287 tionis
2167 5231 2388 5286 minime
2416 5229 2731 5302 praevidere.
2764 5226 2982 5283 Samuel
3004 5232 3182 5281 autem
3207 5221 3390 5292 populi
3411 5221 3576 5282 verba

1987 5324 2188 5380 audivit
2219 5342 2232 5378 :
2265 5323 2390 5394 quia
2421 5321 2726 5394 spirituales
2755 5320 2874 5386 viri,
2907 5318 3035 5374 dum
3073 5316 3318 5387 superba:
3349 5313 3577 5369 locutio-

1986 5417 2069 5472 nis
2097 5431 2258 5471 voees
2281 5415 2527 5483 audiunt,
2551 5415 2785 5469 futurum
2816 5413 2869 5468 in
2894 5412 2972 5467 eis
2999 5411 3193 5465 divinae
3215 5408 3432 5463 ultionis
3460 5419 3577 5464 me-

1986 5510 2146 5562 ritum
2176 5517 2592 5576 rccognoscunt.
2624 5505 2776 5560 Dicat
2802 5518 2968 5573 ergo:
3004 5503 3207 5556 Audiuit
3235 5498 3449 5556 Samuel
3468 5513 3578 5553 ont-

1982 5599 2069 5653 nia
2089 5598 2241 5654 verba
2260 5599 2457 5670 populi,
2483 5600 2608 5670 quia
2631 5597 2824 5660 sancti,
2849 5612 2911 5650 ac
2938 5594 3244 5668 spirituales
3265 5593 3387 5660 viri,
3417 5588 3577 5660 quid-

281 5686 334 5733 et
359 5679 622 5750 judicabit
650 5699 741 5738 nos
770 5700 861 5740 rex
890 5699 1081 5755 noster,
1123 5696 1172 5740 et
1201 5690 1487 5761 egredietur
1522 5701 1642 5748 ante
1680 5709 1792 5764 nos,
1835 5700 1884 5756 et
1982 5692 2110 5763 quid
2158 5691 2404 5748 carnales
2441 5690 2674 5764 superbe
2713 5688 2844 5744 foris
2883 5688 3155 5755 insonant,
3202 5684 3363 5756 quale
3401 5680 3477 5736 sit
3519 5677 3581 5738 in

284 5773 543 5846 pugnabit
572 5774 706 5835 bella
731 5787 914 5837 nostra
943 5795 1036 5850 pro
1064 5779 1231 5836 nobis.

1983 5785 2165 5842 divino
2193 5781 2395 5855 judicio
2424 5781 2570 5842 intus
2595 5787 2848 5858 pensant.
2883 5778 2993 5839 Sed
3020 5778 3170 5852 quia,
3215 5778 3343 5834 dum
3385 5779 3583 5829 carna-
