4020 6344
484 394 587 457 251

1669 388 1915 453 SANCTI
1953 389 2285 454 GREGORII
2323 390 2539 452 MAGNl

3653 387 3766 453 232

485 511 616 568 hum
640 502 1385 575 'subditorumjdamnabilem
1411 503 1579 561 vitam
1624 509 1923 579 reperiunt,
1966 522 2066 578 pro
2095 513 2147 573 Α
2168 524 2276 580 que
2314 518 2532 580 petens,
2563 509 2777 568 auditus
2823 518 2927 570 est.
2958 508 3099 579 Quid
3144 507 3251 565 hoc
3277 520 3399 564 esse
3438 505 3767 579 dixerimus.

485 599 730 659 delendis
757 611 946 654 eorum
982 595 1298 652 criminibus
1327 597 1667 653 intercedunt
1694 614 1707 653 :
1740 597 1994 668 Sequitur
2020 618 2033 653 :

554 691 730 764 (Vers.
758 686 872 759 21.)
896 685 964 740 Et
984 687 1181 742 loculus
1203 695 1279 742 est
1303 704 1365 741 ea
1384 688 1438 742 in
1466 687 1677 743 auribus
1698 687 1931 743 Domini.

551 783 610 838 In
638 796 825 839 eorum
857 780 1077 836 auribus
1106 778 1397 850 loquimur,
1416 768 1569 850 apud
1597 796 1735 850 quos
1763 795 1967 851 magnae
1996 780 2075 836 fa-

480 875 805 940 miliaritatis
852 875 1081 945 gratiam
1130 873 1415 930 habemus.
1471 873 1655 929 Sancti
1715 883 1893 929 autem
1949 874 2071 942 viri,

402 998 424 1049 -ί
483 970 609 1040 quia
636 967 995 1038 omnipotenti
1027 966 1139 1022 Deo
1167 966 1225 1020 in
1249 966 1429 1035 magni
1459 966 1659 1021 amoris
1690 965 1903 1021 vinculo
1942 980 2073 1020 con-

418 1056 425 1131 ξ
477 1060 647 1131 juncti
668 1070 810 1128 sunt,
833 1060 883 1115 ei
907 1059 962 1115 in
983 1059 1201 1115 auribus
1223 1058 1551 1129 loquuntur:
1582 1058 1709 1130 quia
1731 1058 1925 1115 divinae
1946 1072 2075 1128 pro-

477 1150 780 1223 pitiationis
809 1148 925 1220 ejus
954 1148 1196 1205 auditum
1226 1156 1377 1205 tanto
1408 1148 1710 1205 liducialius
1740 1157 2069 1219 exposcunt,

416 1239 419 1279 ὲ
478 1250 685 1312 quanto
715 1240 859 1313 apud
887 1241 1003 1310 ejus
1046 1239 1502 1307 misericordiam,
1529 1240 1853 1312 impetrandi
1892 1240 2072 1297 locum

476 1334 760 1392 {sublimius
780 1341 1123 1404 acceperunt.
1139 1334 1379 1403 [Peccata
1400 1349 1533 1390 vero
1567 1333 1755 1405 populi
1780 1334 2075 1406 loquuntur

477 1432 579 1496 pro
607 1424 910 1480 humilitate
930 1422 1307 1493 confessionis,
1336 1425 1432 1481 sed
1459 1424 1512 1479 in
1543 1425 1761 1480 auribus
1784 1424 2075 1494 loquuntur

476 1515 689 1598 Domini
715 1535 728 1572 :
759 1517 882 1587 quia
910 1532 1032 1573 cum
1061 1530 1258 1586 magno
1284 1515 1481 1574 affectu
1505 1518 1681 1589 precis
1705 1517 1928 1589 januam
1951 1520 2071 1589 pul-

476 1618 601 1667 sant
620 1608 911 1666 Dominicae
932 1609 1357 1679 propitiationis.
1388 1609 1497 1667 Sed
1518 1610 1747 1667 fortasse
1770 1614 1825 1667 in
1854 1611 2073 1668 auribus

477 1697 689 1756 Domini
728 1699 878 1770 loqui
907 1699 1102 1755 dicitur
1127 1718 1141 1754 :
1174 1701 1302 1770 quia
1332 1701 1460 1757 dum
1487 1702 1661 1759 sancti
1685 1702 1787 1758 viri
1817 1718 1915 1773 pro
1947 1719 2072 1773 pec-

475 1789 747 1845 catoribus
787 1790 1096 1856 obsecrant,
1129 1806 1319 1861 preces
1347 1807 1483 1861 quas
1510 1809 1609 1864 pro
1658 1793 1736 1850 eis
1782 1794 1895 1851 Deo
1936 1793 2073 1850 olfe-

2174 600 2276 657 nisi
2304 602 2427 673 quia
2454 603 2593 658 miro
2633 611 2687 660 et
2715 606 2996 661 tremendo
3024 603 3215 659 divinm
3245 602 3769 672 incomprehensibi-

2175 692 2340 749 litatis
2361 693 2566 764 judicio
2597 697 2769 753 sancti
2798 698 2899 753 viri
2938 712 3039 769 pro
3065 695 3308 766 reprobis
3335 702 3555 751 orantes
3600 709 3772 751 exau-

2174 783 2276 839 diri
2304 796 2610 857 nequeunt:
2638 789 2691 843 in
2714 788 3070 860 adimplendis
3093 802 3223 843 vero
3252 787 3365 842 suis
3397 787 3771 858 pravitatibus,

2176 876 2349 931 audiri
2386 878 2489 948 ipsi
2530 880 2748 950 reprobi
2789 882 3161 951 delinquentes
3188 885 3456 950 possunt:
3490 888 3550 935 ut
3578 880 3687 934 illis
3710 879 3773 934 li-

2174 966 2305 1023 bera
2334 968 2588 1040 iniquitas
2615 980 2831 1028 ceterum
2870 973 3117 1028 vindictae
3162 970 3414 1027 meritum
3456 980 3687 1040 augeat,
3718 979 3775 1027 et

2176 1059 2294 1117 istis
2320 1076 2390 1117 ex
2427 1063 2625 1120 allectu
2652 1066 3046 1137 compassionis
3076 1078 3282 1120 merces
3309 1071 3587 1135 perpetuae
3613 1062 3775 1119 retri-

2174 1151 2411 1209 butionis
2440 1158 2760 1220 accrescat?
2786 1156 2855 1211 Et
2881 1156 3064 1213 statim
3097 1170 3221 1211 eum
3248 1152 3515 1221 ordinem,
3554 1168 3667 1224 quo
3704 1154 3771 1210 ad

2177 1242 2425 1315 ejusdem
2452 1246 2597 1317 regis
2624 1247 3070 1305 constitutionem
3094 1255 3314 1327 ventum
3350 1246 3455 1313 sit,
3486 1245 3773 1303 ostendere

2175 1337 2460 1409 incipiens,
2491 1340 2569 1395 ait
2589 1356 2605 1396 :

2248 1453 2423 1524 (Vers.
2453 1454 2568 1527 22.)
2591 1452 2660 1510 Et
2678 1456 2752 1511 ait
2774 1455 2987 1512 Samuel
3009 1474 3078 1511 aa
3105 1472 3368 1514 universos
3390 1455 3530 1527 ﬁlios
3552 1453 3728 1511 Israel
3749 1470 3772 1511 :

2184 1543 2357 1600 Vadat
2370 1548 2725 1619 unusquisque
2747 1549 2802 1603 in
2832 1550 3089 1604 civitatem
3114 1565 3283 1603 suam.

2250 1638 2338 1692 M.
2361 1637 2496 1693 Cum
2522 1640 2823 1710 spiritualia
2844 1640 3121 1697 discutere
3146 1638 3414 1704 volumus,
3445 1652 3669 1694 necesse
3690 1644 3776 1693 est

2176 1737 2238 1788 ut
2264 1731 2331 1787 ab
2358 1732 2658 1789 intentione
2699 1740 2883 1790 nostra
2915 1733 3156 1791 carnalia
3195 1747 3564 1789 removeamus
3591 1750 3605 1785 :
3637 1730 3774 1801 quia

2175 1839 2329 1881 mens
2373 1826 2587 1881 interna
2629 1842 2738 1882 non
2787 1834 3071 1898 penetrat,
3104 1840 3263 1897 quam
3310 1827 3638 1883 exteriorum
3679 1839 3777 1879 ac-

474 1891 624 1987 im“:
660 1882 972 1987 homini???
1003 1885 1399 1987 ηοιξ,τεγθ¹ξιηιο
1432 1887 1584 1987 υξωθ
1613 1897 1669 1942 εί
1703 1887 1756 1987 i2
1784 1884 2075 1987 Ενδηῧθξίο
2105 1904 2154 1966 Β
2180 1923 2329 1971 tuum
2353 1916 2529 1987 pulvis
2554 1924 2742 1973 caecat.
2768 1882 2913 1972 Dum
2933 1882 3095 1987 igitur
3120 1882 3386 1987 propheta
3416 1916 3630 1972 Domini
3652 1930 3774 1970 om-

472 1972 735 2030 Dominus
781 1975 1033 2045 prohibet
1075 1975 1370 2046 discipulos
1382 2016 1410 2053 ρ
1453 1977 1636 2033 dicens
1669 1995 1682 2031 :
1714 1976 1841 2032 Cum
1887 1980 2071 2045 oratis,

476 2068 635 2123 nolite
669 2068 786 2137 ﬁeri
814 2068 947 2121 sicut
995 2068 1279 2141 hypocriten
1305 2071 1497 2136 tristes,
1527 2071 1613 2138 qui
1634 2078 1813 2124 amant
1839 2071 1895 2125 in
1915 2087 2078 2142 syna-

480 2161 651 2233 gogis,
675 2169 726 2215 et
744 2161 799 2216 in
823 2162 1028 2233 angulis
1050 2162 1341 2233 platearum
1365 2170 1559 2217 stantes
1581 2179 1754 2230 orare,
1776 2174 1833 2216 ut
1860 2163 2078 2218 videan-

479 2256 563 2305 tur
603 2251 667 2306 ab
735 2252 1026 2307 hominibus
1055 2252 1273 2324 (Matth.
1326 2270 1395 2319 γι,
1431 2252 1507 2324 5).
1558 2253 1734 2310 Verba
1765 2267 1915 2323 ergo,
1964 2254 2080 2310 sive

477 2356 645 2414 opera
691 2343 876 2415 populi
923 2343 1237 2415 loquuntur,
1280 2360 1402 2401 cum
1442 2343 1644 2400 delicta
1692 2344 1982 2401 locutionis
2023 2354 2080 2402 et

480 2435 663 2504 aperis
710 2434 1049 2491 orationibus
1097 2435 1325 2491 delenda
1383 2436 1614 2491 Domino
1660 2444 1960 2506 exponunt.
2001 2434 2079 2492 Ea

480 2534 612 2581 vero
642 2524 697 2581 in
726 2525 946 2580 auribus
970 2523 1183 2580 Domini
1210 2526 1526 2595 loquuntur,
1555 2532 1615 2580 ut
1642 2524 1771 2580 dum
1797 2525 2079 2581 hominum

479 2616 791 2673 testimonia
818 2625 1040 2673 orantes
1064 2614 1294 2686 fugiunt,
1326 2617 1395 2671 ab
1424 2632 1512 2680 eo,
1536 2616 1629 2688 qui
1666 2616 1879 2673 occulta
1908 2618 2080 2689 respi-

479 2709 575 2778 cit,
607 2709 837 2766 celerius
858 2709 1166 2765 audiantur.
1200 2708 1336 2765 Dum
1363 2723 1494 2781 ergo
1520 2710 1576 2766 in
1607 2711 1826 2767 auribus
1861 2710 2079 2767 Domini

479 2802 701 2860 Samuel
729 2803 878 2875 loqui
906 2802 1239 2873 perhibetur,
1281 2802 1499 2858 modum
1531 2802 1779 2873 profecto
1805 2804 2077 2870 insinuat,

479 2910 591 2966 quo
618 2896 739 2965 quis
767 2894 1009 2952 auditum
1036 2902 1309 2951 mereatur
1335 2894 1530 2951 divinae
1558 2894 1903 2965 dignationis.
1944 2893 2081 2949 Nam

482 2989 767 3060 pervenire
786 2988 855 3043 ad
876 2987 1047 3043 Deum
1068 2988 1242 3044 oratio
1262 3002 1604 3057 nequaquam
1639 2996 1842 3058 potest,
1866 3003 1986 3057 qua:
2013 3002 2083 3043 ex

484 3080 786 3138 lntentione
835 3080 1119 3150 promitur,
1165 3088 1225 3134 ut
1272 3082 1339 3134 ab
1377 3080 1686 3136 hominibus
1730 3088 2079 3149 agnoscatur.

484 3168 643 3228 Unde
662 3178 718 3226 et
733 3170 825 3240 qui
855 3170 909 3224 in
931 3169 1151 3225 auribus
1180 3169 1393 3225 Domini
1427 3171 1647 3227 locutus:
1669 3172 1947 3238 asseritur,
1970 3186 2085 3228 res-

2183 1996 2308 2065 nem
2336 2008 2597 2081 populum
2644 2009 2796 2065 abire
2838 2009 2903 2065 ad
2933 2009 3149 2081 propria
3187 2009 3305 2065 loca
3345 2008 3608 2079 praecipit,
3637 2022 3671 2061 τι
3717 2020 3776 2061 se

2181 2102 2365 2171 utique
2394 2100 2684 2156 tumultum
2718 2101 3013 2158 carnalium
3043 2100 3257 2172 repellit
3287 2118 3300 2154 :
3335 2109 3393 2154 ut
3420 2114 3488 2156 eo
3518 2098 3774 2169 spiritua-

2180 2190 2274 2261 lia,
2302 2207 2422 2262 qua:
2449 2192 2781 2264 disponenda
2808 2200 2955 2261 sunt,
2987 2191 3184 2249 clarius
3213 2191 3409 2256 videat,
3440 2204 3550 2261 quo
3579 2188 3775 2243 mentis

2181 2287 2298 2357 ejus
2320 2289 2493 2344 aciem
2516 2296 2860 2344 terrenarum
2880 2296 3097 2344 actuum
3116 2286 3342 2343 intentio
3364 2299 3475 2341 non
3495 2284 3767 2341 obscurat.

2181 2378 2291 2435 Sed
2320 2381 2496 2450 qualis
2542 2381 2631 2451 sit,
2674 2381 2767 2454 qui
2807 2381 2986 2439 divino
3006 2380 3210 2453 judicio
3247 2379 3595 2454 praevidetur,
3641 2376 3769 2435 insi-

2180 2489 2372 2541 nuans,
2402 2474 2514 2530 ait:

2799 2587 3030 2646 CAPUT
3074 2587 3162 2645 Ill.

2255 2721 2313 2796 (Ι
2343 2722 2472 2793 Reg.
2495 2738 2569 2789 lx,
2596 2721 2647 2788 1,
2671 2722 2753 2793 2.)
2777 2720 2909 2776 Erat
2937 2723 3013 2777 vir
3032 2720 3096 2775 de
3118 2718 3414 2790 Benjamin,
3438 2716 3647 2771 nomine
3666 2712 3765 2781 Cis,

2181 2817 2325 2889 ﬁlius
2344 2816 2519 2881 Abiel,
2544 2814 2641 2886 ﬁlii
2669 2815 2821 2882 Seor,
2846 2816 2944 2885 ﬁlii
2968 2812 3286 2875 Bechorath,
3313 2810 3411 2881 ﬁlii
3432 2810 3528 2863 viri
3550 2805 3770 2875 Gemini,

2185 2910 2334 2981 fortis
2362 2908 2563 2963 robore.
2604 2906 2675 2961 Et
2702 2916 2813 2961 erat
2839 2907 2886 2960 ei
2918 2906 3058 2977 ﬁlius
3096 2905 3303 2958 nomine
3330 2902 3479 2967 Satil,
3507 2900 3694 2956 electus
3728 2908 3776 2951 et

2185 3000 2375 3068 bonus,
2400 3010 2449 3055 et
2472 3017 2575 3054 non
2606 3008 2715 3053 erat
2744 2999 2821 3053 vir
2848 2998 2911 3053 de
2950 2997 3075 3067 ﬁliis
3125 2994 3293 3049 Israel
3321 2992 3507 3047 melior
3534 2991 3625 3044 illo
3651 3006 3669 3044 :
3712 2988 3774 3041 ab

2184 3092 2395 3147 humero
2420 3101 2468 3145 et
2499 3107 2702 3145 sursum
2724 3088 2978 3145 eminebat
3006 3104 3159 3158 super
3180 3102 3379 3141 omnem
3403 3083 3667 3155 papulum.

2258 3186 2312 3241 l.
2331 3185 2465 3242 Cum
2488 3184 2770 3241 ordinandi
2795 3183 2937 3252 regis
2967 3196 3200 3253 persona
3231 3179 3542 3250 exponitur,
3567 3191 3663 3232 cur
3688 3187 3779 3245 pa-

486 3279 660 3336 ponsa
678 3263 795 3334 ejus
806 3263 969 3319 etiam
984 3263 1287 3334 percepisse
1308 3263 1643 3334 perhibetur.
1656 3263 1788 3319 Nam
1805 3264 2080 3335 sequitur:

2193 3284 2333 3332 trum
2361 3276 2478 3346 ejus
2506 3275 2723 3331 nomina
2756 3273 3159 3339 describuntur,
3191 3270 3293 3327 nisi
3324 3277 3382 3325 ut
3410 3282 3639 3338 regnum
3666 3266 3778 3335 ejus

558 3356 737 3428 (Vers.
766 3355 882 3427 22.)
921 3353 1074 3411 Dixit
1112 3365 1284 3410 autem
1328 3354 1582 3411 Dominus
1629 3357 1698 3410 ad
1747 3356 2083 3413 Samuelem:

485 3448 621 3506 Audi
642 3464 813 3504 vocem
839 3447 1039 3518 populi,
1067 3455 1117 3501 et
1147 3448 1402 3503 constitue
1432 3465 1586 3520 super
1612 3464 1728 3502 eum
1754 3466 1944 3520 regem.

562 3541 649 3595 15.
679 3540 798 3607 Qua
836 3540 893 3595 in
922 3555 982 3596 re
1019 3538 1345 3607 notandum,
1374 3539 1501 3611 quia
1538 3539 1756 3595 Samuel
1782 3542 1946 3595 verba
1988 3555 2087 3612 po-

489 3632 626 3702 puli,
650 3633 844 3701 quibus
868 3647 1051 3702 regem
1078 3633 1333 3702 petierat,
1364 3633 1417 3686 in
1448 3632 1667 3688 auribus
1694 3632 1906 3687 Domini
1936 3632 2088 3688 loeu-

495 3731 584 3780 tus
612 3732 695 3779 est
722 3741 734 3776 :
764 3730 821 3777 et
848 3722 1107 3777 Dominus
1130 3738 1190 3777 se
1214 3723 1485 3793 abjectum
1514 3725 1706 3779 asserit
1733 3723 1787 3777 in
1821 3738 1907 3787 eo,
1940 3722 2087 3791 quod

492 3815 730 3886 populus
756 3827 939 3883 regem
962 3815 1118 3885 petit.
1149 3814 1286 3869 Dum
1308 3815 1471 3884 igitur
1493 3817 1667 3871 oranti
1695 3815 2009 3885 respondet,
2035 3825 2091 3872 et

492 3920 679 3977 regem
706 3904 888 3962 facere
913 3913 1159 3962 orantem
1177 3906 1349 3976 jubet,
1375 3907 1505 3977 quid
1536 3909 1680 3963 aliud
1710 3909 1963 3976 insinuat,
1988 3910 2090 3967 nisi

491 3997 617 4067 quia
646 3997 841 4053 devota
881 3995 1042 4053 electi
1069 3996 1171 4052 viri
1218 3997 1395 4053 oratio
1442 4015 1718 4070 nunquam
1766 4008 1850 4056 est
1888 4001 2091 4059 infruc-

494 4090 685 4145 tuosa?
705 4088 907 4163 Νεωηεὶ
934 4088 1121 4160 populi
1144 4090 1536 4147 correctionem
1560 4107 1669 4147 non
1690 4094 1941 4160 obtinuit,
1967 4110 2089 4151 eru-

498 4177 720 4234 ditionis
747 4193 856 4234 suae
878 4179 1082 4234 bonum
1107 4178 1365 4248 obtinuit,
1386 4196 1508 4237 cum
1536 4181 1804 4252 abjectum
1831 4184 2088 4256 populum

492 4283 591 4340 pro
612 4269 755 4325 mala
772 4270 1033 4341 petitione
1048 4281 1425 4340 cognosceret,
1450 4275 1607 4346 188
1626 4274 1723 4330 sed
1750 4284 1806 4331 et
1828 4276 2091 4333 nihilomi-

498 4379 601 4417 nus
629 4363 813 4429 sciret,
841 4363 968 4432 quid
1000 4362 1177 4419 facere
1205 4365 1462 4436 projectis
1502 4367 1617 4436 ipse
1646 4368 1940 4424 debuisset.
1980 4370 2086 4426 Au-

495 4452 596 4508 l:liri
618 4466 749 4523 ergo
770 4453 1035 4524 propheta
1061 4455 1255 4525 potuit,
1281 4463 1337 4511 et
1361 4473 1468 4513 non
1499 4457 1673 4513 audiri
1698 4478 1710 4512 :
1736 4460 1859 4530 quia
1881 4461 2087 4518 orando

496 4544 672 4613 qualis
717 4560 839 4601 esse
884 4545 1140 4614 deberet,
1185 4548 1372 4616 novit,
1415 4548 1510 4606 sed
1556 4564 1586 4603 a
1615 4552 1816 4621 papulo
1857 4552 2089 4625 reproba

497 4634 819 4705 postulanti,
848 4634 1100 4692 duritiam
1127 4637 1305 4694 cordis
1328 4654 1439 4695 non
1461 4640 1700 4696 abstulit.
1728 4640 1836 4698 Sed
1865 4643 1969 4699 hoc
1991 4643 2092 4699 ob-

504 4727 681 4785 tinere
705 4728 795 4784 ille
822 4730 1017 4800 potuit,
1047 4732 1137 4801 qui
1166 4732 1222 4786 in
1250 4733 1467 4790 auribus
1490 4733 1702 4790 Domini
1728 4734 1942 4794 locutus
1966 4746 2085 4794 est:

495 4822 627 4891 quia
654 4822 827 4879 sancti
848 4822 950 4878 viri
970 4839 1036 4880 eo
1066 4826 1208 4897 ipso,
1229 4842 1336 4896 quo
1364 4827 1560 4884 devote
1589 4844 1687 4899 pro
1716 4830 2090 4900 peccatoribus

495 4913 781 4976 Dominum
828 4921 1140 4994 obsecrant,
1195 4925 1390 4982 divinae
1441 4929 1835 5000 propitiationis
1888 4932 2089 4989 auxilio

428 5028 433 5031 ν
497 5009 830 5079 muniuntur,
852 5020 914 5068 ut
933 5028 1122 5070 eorum
1149 5017 1462 5075 criminibus
1484 5036 1822 5092 nequaquam
1846 5024 2089 5093 polluan-

500 5107 609 5167 tur,
647 5116 875 5171 quorum
904 5106 1093 5163 sordes
1135 5106 1317 5163 delere
1342 5111 1595 5179 precibus
1623 5121 1919 5184 nequeunt.
1952 5112 2091 5181 Quid

432 5199 435 5203 ’
498 5206 627 5248 vero
658 5203 760 5261 est,
789 5196 933 5264 quod
962 5197 1227 5255 Dominus
1251 5199 1327 5253 ait
1356 5218 1368 5254 :
1402 5202 1536 5256 Audi
1566 5219 1709 5259 voces
1738 5221 1946 5272 eorum,
1971 5221 2096 5262 cum

2188 3372 2433 3429 durabile
2460 3386 2569 3426 non
2598 3368 2906 3425 sentiatur?
2936 3364 3069 3419 Nam
3098 3364 3167 3420 de
3214 3377 3403 3433 regno,
3449 3359 3597 3430 quod
3642 3356 3780 3412 futu-

2186 3478 2307 3520 rum
2352 3460 2674 3532 praeviderat
2700 3457 2913 3529 Moyses
2932 3496 2951 3524 ,
2982 3455 3096 3510 ait:
3130 3450 3256 3509 Non
3286 3452 3490 3522 deﬁciet
3528 3458 3779 3518 sceptrum

2189 3556 2254 3610 de
2280 3553 2444 3623 Iuda,
2467 3563 2525 3623 et
2552 3554 2659 3607 dua:
2686 3551 2749 3605 de
2780 3552 2973 3620 femore
2996 3548 3126 3619 ejus,
3158 3547 3321 3602 donec
3347 3545 3536 3609 veniat,
3558 3543 3647 3615 qui
3665 3541 3779 3595 mit-

2194 3649 2372 3702 tendus
2401 3655 2477 3701 est
2499 3662 2517 3701 :
2537 3654 2587 3700 et
2610 3645 2720 3714 ipse
2744 3651 2841 3699 erit
2865 3643 3179 3713 exspectatio
3209 3641 3434 3711 gentium
3458 3636 3615 3710 (Gen.
3642 3652 3780 3701 ms,

2192 3737 2314 3810 l0).
2357 3738 2493 3805 Quia
2522 3750 2652 3805 ergo
2683 3735 2855 3790 tribus
2895 3731 3030 3789 Juda
3074 3732 3142 3789 ad
3182 3732 3332 3801 regni
3378 3729 3785 3785 diuturnitatem

2192 3832 2421 3903 prmvisa
2448 3828 2753 3895 exstiterat,
2779 3827 2872 3882 Cis
2902 3827 3180 3895 generatio
3208 3831 3577 3888 memoratur;
3611 3829 3671 3875 ut
3697 3834 3783 3874 re-

2192 3922 2278 3992 gia
2307 3920 2559 3991 dignitas,
2584 3934 2705 3988 qua:
2733 3918 3067 3975 condebatur
3096 3916 3150 3972 in
3177 3915 3311 3983 lilio,
3339 3923 3529 3985 aperte
3555 3913 3786 3967 sciretur

2191 4026 2311 4069 esse
2338 4011 2754 4083 dispensatoris,
2782 4026 2893 4066 non
2938 4024 3212 4065 mansura.
3248 4006 3355 4063 Sed
3380 4006 3474 4077 qui
3512 4003 3787 4061 carnalem

2191 4119 2373 4175 regem
2403 4111 2648 4174 generat,
2678 4101 2788 4170 Cis,
2823 4102 2962 4158 idest
2990 4102 3155 4157 durus
3184 4108 3372 4157 nostro
3412 4096 3625 4166 eloquio
3654 4094 3789 4149 dici.

2193 4206 2301 4266 tur,
2332 4203 2389 4252 et
2415 4195 2461 4251 is
2488 4194 2641 4251 fortis
2664 4194 2865 4249 robore
2887 4193 3230 4263 praedicatur.
3262 4190 3414 4245 Nunc
3437 4200 3650 4257 quoque
3672 4183 3790 4254 ple-

2192 4287 2347 4356 rique
2391 4285 2638 4342 carnales
2683 4284 2823 4338 intra
2863 4292 3106 4338 sanctam
3156 4280 3453 4337 Ecclesiam
3497 4285 3655 4345 sunt,
3700 4275 3789 4345 qui

2192 4393 2387 4450 magna
2437 4392 2600 4449 agere
2646 4376 2943 4432 videntur:
2978 4375 3225 4431 carnales
3272 4388 3403 4428 vero
3458 4380 3618 4437 sunt,
3666 4368 3787 4439 quia

2196 4474 2369 4530 sancti
2396 4472 2631 4543 Spiritus
2655 4472 2882 4540 gratiam
2912 4486 3018 4525 non
3039 4469 3261 4523 habent.
3290 4464 3481 4520 Fortes
3510 4476 3643 4531 ergo
3668 4468 3787 4516 sunt

2194 4567 2412 4631 robore,
2442 4566 2566 4636 quia
2606 4580 2788 4631 omne,
2820 4563 2965 4634 quod
3010 4576 3265 4631 magnum
3311 4558 3565 4614 videntur
3596 4568 3787 4625 agere,

2114 4690 2171 4755 Β
2194 4653 2477 4725 corporale
2504 4664 2607 4710 est.
2639 4653 2775 4709 Nam
2804 4661 2861 4709 et
2901 4651 2993 4708 Cis
3021 4659 3177 4722 pater
3201 4648 3331 4705 Saﬁl
3358 4646 3483 4755 ideo
3513 4645 3675 4751 tortis
3704 4658 3789 4699 ro-

2194 4748 2329 4803 bore
2354 4746 2575 4813 dicitur,
2598 4756 2656 4802 ut
2684 4747 2829 4802 vires
2848 4745 3097 4815 corporis
3124 4756 3345 4812 magnas
3378 4739 3636 4795 habuisse
3665 4750 3789 4792 sen-

2195 4838 2379 4895 tiatur.
2406 4836 2584 4894 Fortis
2604 4851 2736 4909 ergo
2754 4837 2975 4903 robore,
3002 4835 3166 4891 durus
3187 4842 3269 4890 est
3296 4851 3308 4887 :
3333 4831 3458 4904 quia
3484 4831 3577 4900 qui
3599 4840 3788 4897 magna

2197 4931 2489 4987 carnaliter
2514 4931 2751 4997 exhibet,
2782 4945 2879 4986 cor
2914 4928 3079 4984 molle
3105 4943 3204 5000 per
3236 4924 3706 4996 compassionem,
3737 4921 3785 4975 in

2194 5023 2433 5080 fraterna
2455 5023 2723 5079 charitate
2734 5038 2844 5078 non
2864 5022 3047 5077 habet.
3071 5019 3327 5075 Valenter
3345 5018 3447 5087 agit
3472 5018 3653 5089 189,
3675 5027 3790 5083 qm:

2200 5133 2310 5174 non
2342 5116 2546 5173 imitari
2572 5116 2818 5172 homines
2851 5114 2982 5170 toris
3004 5112 3234 5185 possint,
3254 5111 3351 5168 sed
3369 5111 3513 5166 intus
3538 5103 3789 5176 conjungi

2201 5206 2453 5265 fraternis
2498 5206 2768 5265 mentibus
2811 5206 2984 5263 nescit
3034 5220 3134 5276 per
3169 5203 3419 5259 allectum
3463 5196 3787 5255 dilectionis.

500 5286 748 5355 superius
777 5286 982 5342 dictum
1008 5289 1078 5343 sit
1108 5308 1121 5343 :
1157 5290 1365 5345 Audiuit
1395 5290 1607 5347 Samuel
1630 5297 1805 5351 omnia
1832 5296 1986 5351 verba
2010 5313 2101 5367 po-
2204 5298 2387 5356 Fortia
2416 5300 2547 5369 agit,
2577 5314 2697 5370 qua:
2717 5299 2858 5355 Deus
2885 5298 3175 5370 reprobat;
3204 5305 3258 5352 et
3284 5293 3533 5350 allectum
3560 5289 3789 5345 charita-

503 5375 635 5443 puli.
674 5375 782 5431 Sed
820 5376 983 5432 verba
1013 5380 1198 5448 populi
1224 5381 1491 5449 audierat,
1518 5393 1580 5439 ut
1612 5386 1775 5442 sciret
1803 5402 1921 5457 qua:
1950 5387 2098 5443 dice-

501 5463 717 5531 bantur,
772 5480 881 5521 non
923 5475 985 5522 ut
1033 5483 1151 5538 qum
1190 5473 1537 5544 petebantur,
1584 5478 1924 5534 concederet.
1957 5478 2096 5534 Dum

505 5568 634 5623 ergo
660 5557 710 5612 ei
737 5573 767 5611 a
789 5558 1015 5616 Domino
1043 5562 1240 5619 dicitur
1270 5584 1282 5619 :
1312 5564 1451 5620 Audi
1475 5583 1645 5622 vocem
1670 5570 1865 5640 populi,
1894 5578 1945 5625 et
1965 5586 2093 5627 con-

505 5646 660 5700 stitue
696 5665 851 5718 super
888 5669 1000 5707 eum
1026 5670 1219 5726 regem,
1245 5657 1428 5715 favere
1461 5659 1728 5715 voluntati
1756 5662 1939 5733 populi
1969 5678 2094 5733 pro-

505 5738 724 5809 phetam
748 5742 926 5813 jussit.
958 5745 1025 5801 Et
1060 5764 1207 5818 ecee,
1240 5760 1301 5806 ut
1325 5752 1505 5821 palam
1533 5754 1792 5826 cernitur,
1831 5755 2095 5826 propheta

507 5844 670 5891 orans
698 5850 805 5892 non
834 5837 1085 5897 auditur:
1117 5843 1350 5916 populus
1378 5844 1550 5903 Deum
1578 5845 1859 5921 abjiciens,
1884 5860 2096 5920 regem-

2204 5390 2294 5457 tis,
2325 5406 2485 5463 quem
2512 5391 2797 5462 approbat,
2822 5390 3080 5448 exhibere
3112 5404 3221 5445 non
3250 5376 3424 5469 curat.
3462 5383 3639 5438 Durus
3665 5392 3788 5447 ergo

2204 5490 2306 5547 est,
2339 5483 2466 5552 quia
2510 5482 2636 5538 dum
2680 5483 2914 5554 superbo
2955 5480 3120 5538 corde
3150 5475 3452 5550 corporalia
3500 5473 3632 5543 agit,
3679 5470 3789 5539 ejus

2203 5582 2437 5628 mentem
2467 5573 2639 5643 gratia
2666 5572 2835 5630 sancti
2864 5572 3096 5644 Spiritus
3122 5586 3230 5627 non
3258 5566 3483 5626 emollit.
3513 5564 3633 5631 Quo
3662 5576 3785 5616 con-

2201 5670 2284 5720 tra
2303 5673 2522 5721 sanctus
2559 5652 2641 5721 vir
2678 5664 2957 5734 gloriatur,
3008 5663 3195 5720 dicens
3226 5680 3240 5717 :
3285 5658 3427 5715 Deus
3456 5655 3675 5713 mollivit
3701 5666 3785 5706 cor

2199 5773 2390 5827 meum,
2418 5766 2468 5814 et
2486 5759 2806 5828 omnipotens
2832 5756 3051 5812 turbavit
3092 5773 3175 5811 me
3204 5752 3345 5825 (Job.
3367 5767 3500 5808 nm
3520 5792 3536 5819 ,
3570 5746 3681 5817 16).
3722 5739 3784 5798 ΕΚ

2200 5862 2368 5925 saepe,
2389 5848 2484 5927 qui
2512 5848 2700 5910 talium
2722 5863 2905 5911 mores
2938 5848 3240 5919 imitantur,
3265 5846 3362 5905 Dei
3380 5842 3585 5918 judicio
3612 5844 3780 5899 recto~
