4020 6344
187 331 289 389 :235

1011 325 1079 384 IN
1117 324 1379 384 PRIMUM
1416 321 1660 383 REGUM
1700 318 2220 380 EXPOSITIONES.
2260 351 2333 362 —
2369 321 2502 379 LIB.
2543 321 2630 379 IV.

3363 331 3468 391 ΞΜ

186 461 275 509 res
308 451 460 505 liunt.
491 444 648 504 Unde
673 452 729 504 et
771 449 899 518 apte
925 443 1056 502 Saul
1085 445 1223 502 ﬁlius
1251 443 1342 502 Cis
1376 444 1540 502 fuisse
1567 456 1774 499 memo-
1801 445 1852 505 A
1878 449 2162 510 quaereret,
2194 455 2300 513 quo
2348 439 2622 498 elﬁcacius
2649 455 2881 513 superna
2904 444 3198 515 praedicare
3228 457 3466 522 poterat,

191 553 362 600 ratur.

256 637 311 692 2.
342 635 450 691 Sed
494 635 840 707 quaerendum
871 643 993 703 est,
1021 650 1119 692 cur
1154 634 1296 691 idem
1325 632 1454 689 Saul
1483 632 1686 689 electus
1727 637 1782 686 et

189 731 362 786 bonus
411 745 530 786 esse
577 730 792 796 dicitur,
820 729 912 798 qui
940 729 1058 784 duri
1088 728 1225 784 ﬁlius
1263 742 1381 785 esse
1419 727 1730 799 perhibetur
1759 725 1782 776 ?

187 825 291 881 Sed
334 827 538 882 electus
583 825 776 880 dicitur
807 842 914 880 non
960 824 1253 880 secundum
1301 824 1547 893 gratiam,
1574 821 1668 876 sed
1698 835 1785 875 se-

188 918 419 973 cundum
467 917 745 986 judicium.
795 917 976 972 Bonus
1020 918 1183 972 etiam
1232 916 1450 985 dicitur,
1481 924 1540 971 ut
1591 914 1783 969 divinae

189 1010 456 1078 aequitatis
481 1009 763 1077 dispositio
789 1008 1216 1064 commendetur.
1241 1008 1374 1062 Nam
1399 1016 1454 1063 et
1482 1007 1642 1074 mala,
1667 1021 1784 1077 quae

189 1111 286 1172 pro
310 1101 543 1170 peccatis
573 1102 772 1156 nostris
796 1116 940 1171 stepe
966 1101 1235 1171 patimur,
1267 1100 1394 1172 quia
1425 1115 1522 1170 per
1546 1100 1784 1154 divinam

187 1191 447 1263 justitiam
475 1193 634 1248 nobis
677 1194 1006 1264 irrogantur,
1050 1194 1192 1250 bona
1217 1202 1359 1248 sunt.
1409 1192 1616 1249 Bonum
1655 1209 1783 1264 pro-

189 1286 332 1342 lecto
373 1295 456 1342 est
484 1286 743 1357 quidquid
779 1295 862 1343 est
897 1287 1121 1356 justum.
1157 1286 1258 1342 Per
1281 1287 1546 1358 justitiam
1589 1287 1784 1357 quippe

189 1377 284 1436 Dei
322 1387 566 1449 pastores
606 1379 824 1449 reprobi
876 1379 942 1433 ad
991 1379 1232 1449 regimen
1288 1387 1486 1435 sanctae
1531 1377 1784 1433 Ecclesia:

189 1469 487 1526 ascendere
514 1471 926 1541 permittuntur;
952 1471 1047 1526 sed
1074 1470 1164 1539 qui
1179 1469 1304 1524 mali
1330 1476 1454 1524 sunt
1477 1469 1784 1540 periniqui-

190 1570 382 1632 tatem,
400 1565 525 1619 boni
555 1572 680 1618 sunt
699 1564 878 1618 divina
904 1562 1289 1633 dispositione;
1321 1570 1377 1616 et
1404 1561 1616 1617 occulta
1644 1575 1788 1616 nunc

189 1657 531 1712 ordinatione
559 1657 654 1712 Dei
681 1657 839 1712 electi
863 1662 1008 1719 sunt,
1055 1655 1146 1725 qui
1166 1655 1356 1710 ultimo
1386 1662 1543 1709 erunt
1571 1653 1788 1708 univer-

189 1748 290 1804 sali
330 1747 533 1818 judicio
562 1748 910 1819 reprobandi.
941 1746 1136 1803 Pastor
1162 1761 1292 1818 ergo
1330 1748 1627 1817 reprobus,
1659 1747 1784 1817 quia

1881 547 1948 589 eo
1975 535 2044 589 ad
2064 549 2129 590 ea
2151 534 2497 592 nihilominus
2543 537 2740 600 verbis,
2781 545 2837 592 et
2856 539 3117 609 exemplis
3136 541 3469 600 subditorum

1882 631 2089 687 animos
2131 631 2478 687 accendebat.
2529 632 2751 688 Valebat
2799 635 2942 688 enim
2973 635 3189 701 robore,
3223 647 3278 693 et
3317 622 3472 709 juve-

1883 725 1976 780 nili
2028 725 2418 795 pulchritudine
2440 726 2704 794 radiabat,
2733 727 2863 782 dum
2893 729 3001 782 vim
3044 732 3279 786 caelestis
3320 736 3470 788 verbi

1884 819 1939 873 in
1970 819 2255 889 splendore
2283 822 2589 877 ostenderet
2617 831 2818 878 sancta:
2848 826 3279 882 conversationis
3305 845 3316 880 :
3350 829 3475 897 quia

1885 911 2143 981 quidquid
2167 912 2400 967 validum
2441 913 2711 982 loquendo
2758 923 2969 984 poterat
2997 917 3312 985 praedicare,
3340 921 3480 972 nite-

1885 1004 2042 1059 batur
2070 1005 2232 1060 etiam
2282 1006 2582 1061 sublimiter
2624 1007 2854 1062 vivendo
2903 1009 3210 1065 ostendere.
3243 1010 3374 1065 Nam
3425 1021 3480 1066 et

1889 1103 2127 1150 mortuas
2156 1096 2362 1152 animas
2393 1097 2696 1153 viviﬁcabat
2723 1099 2918 1164 verbo;
2951 1101 3047 1155 sed
3077 1101 3214 1156 miro
3235 1101 3369 1157 ﬂore
3394 1104 3482 1172 ju—

1886 1189 2122 1243 ventutis
2151 1189 2407 1255 emicans,
2458 1198 2671 1244 mortua
2700 1204 2927 1260 corpora
2976 1193 3334 1248 resuscitabat
3378 1195 3483 1248 im-

1885 1279 2062 1349 perio.
2094 1279 2227 1335 Cum
2257 1288 2312 1335 et
2337 1281 2492 1336 caecis
2517 1281 2714 1348 visum,
2739 1281 2944 1337 claudis
2973 1298 3237 1352 gressum,
3284 1292 3339 1340 et
3366 1300 3484 1340 om-

1889 1371 2045 1425 nibus
2071 1371 2474 1441 {egritudinibus
2496 1372 2760 1428 medelam
2793 1375 3073 1445 tribueret,
3103 1385 3156 1432 et
3187 1377 3324 1433 adeo
3353 1393 3481 1432 san-

1889 1464 2143 1520 ctissima:
2194 1466 2622 1521 conversationis
2659 1466 3061 1537 pulchritudine
3106 1470 3381 1538 radiabat;
3423 1478 3490 1527 ut

1889 1556 2112 1626 majoris
2139 1558 2352 1613 virtutis
2378 1568 2541 1625 esset,
2573 1559 2680 1614 hoc
2706 1558 2868 1615 modo
2899 1575 3060 1639 posse
3089 1561 3290 1629 vivere,
3321 1578 3485 1631 quam

1889 1651 1983 1705 illo
2013 1651 2134 1705 aliis
2159 1651 2466 1706 subvenire.
2497 1651 2659 1706 Velut
2687 1665 2816 1720 ergo
2859 1653 2914 1706 in
2949 1653 3233 1722 juventute
3276 1655 3489 1723 vigebat

1891 1742 2129 1810 Samuel,
2162 1741 2381 1812 quando
2410 1743 2463 1797 in
2516 1742 2705 1798 ordine
2746 1745 3088 1800 sacerdotum
3145 1746 3346 1815 pariter
3405 1761 3492 1800 re-

191 1848 251 1894 ut
277 1842 368 1906 sit,
402 1841 497 1895 Dei
537 1842 905 1912 indignatione
933 1839 1260 1907 decernitur,
1294 1840 1503 1895 dicatur
1531 1840 1736 1895 electus
1768 1856 1782 1892 :
1819 1833 1862 1892 B
1889 1836 2130 1905 fulgebat
2158 1845 2213 1891 et
2241 1836 2379 1891 mira
2402 1835 2572 1891 virtus
2601 1836 2800 1906 operis,
2835 1844 2891 1891 et
2928 1845 3038 1890 tam
3071 1838 3331 1892 immensa
3369 1837 3493 1908 pul-

189 1942 246 1989 et
274 1935 401 2004 quia
425 1935 570 2004 juste
599 1935 947 2006 permittitur,
977 1934 1186 1989 dicatur
1234 1935 1426 1988 bonus.
1476 1932 1610 1989 Item
1659 1931 1786 2003 quia

189 2027 261 2082 ad
314 2030 657 2097 exsequenda
705 2014 885 2084 divina
911 2028 1111 2099 judicia
1141 2029 1353 2084 ca'teris
1392 2027 1574 2083 utilior
1603 2028 1785 2097 provi-

184 2123 373 2186 detur,
421 2121 612 2176 melior
652 2120 745 2176 illo
773 2136 891 2176 esse
929 2121 994 2176 de
1040 2119 1160 2175 ﬁliis
1186 2119 1350 2174 Israel
1380 2133 1541 2174 nemo
1570 2117 1785 2172 dicitur.

185 2212 299 2279 Qui
346 2212 511 2267 etiam
541 2211 609 2265 ab
651 2212 912 2278 humero,
965 2222 1018 2267 et
1071 2228 1285 2269 sursum
1341 2211 1581 2267 eminere
1629 2225 1791 2280 super

187 2321 412 2362 omnem
463 2305 720 2375 populum
771 2313 1140 2360 memoratur:
1195 2304 1320 2374 quia
1349 2303 1442 2374 qui
1491 2303 1789 2359 carnalium

186 2413 373 2456 mores
425 2399 657 2454 vivendo
709 2399 971 2469 sequitur,
1001 2399 1155 2456 valde
1202 2401 1412 2469 nititur,
1443 2407 1601 2454 utea
1647 2404 1790 2467 agat,

187 2509 312 2564 quae
340 2507 501 2562 agere
529 2493 666 2549 alter
693 2509 800 2550 non
833 2494 1028 2549 valeat.
1072 2493 1316 2549 Carnalis
1361 2493 1562 2550 etenim
1609 2501 1794 2548 rector

189 2585 260 2640 ab
281 2586 528 2653 humero,
560 2594 617 2641 et
641 2601 867 2641 sursum
892 2586 1145 2642 universo
1173 2585 1370 2656 populo
1409 2585 1640 2653 eminet;
1669 2601 1793 2641 cum

191 2675 251 2733 in
278 2677 640 2733 exterioribus
667 2677 820 2733 fortis
848 2686 931 2734 est
958 2679 1074 2734 sine
1103 2678 1526 2749 comparatione.

267 2767 320 2822 ’5.
353 2766 586 2824 Possunt
630 2777 685 2824 et
731 2769 847 2825 haec
877 2770 1059 2825 omnia
1109 2771 1275 2826 verba
1330 2770 1502 2825 laudis
1546 2769 1795 2839 intelligi,

193 2861 395 2930 quibus
417 2863 543 2916 dum
569 2863 854 2919 ordinandi
884 2863 1027 2933 regis
1056 2878 1289 2933 persona
1336 2863 1678 2934 praedicatur,
1709 2877 1797 2916 re-

193 2965 324 3020 gem
373 2954 666 3023 petentium
698 2955 929 3010 intentio
958 2954 1337 3010 confundatur.
1385 2953 1520 3008 Nam
1564 2955 1792 3010 dicunt:

195 3041 316 3098 Rea:
340 3046 434 3098 erit
453 3062 603 3113 super
621 3063 734 3112 nos,
764 3055 813 3100 et
834 3047 1093 3118 judicabit
1120 3063 1213 3101 nos
1239 3087 1254 3112 ,
1286 3055 1336 3100 et
1366 3056 1616 3117 pugnauit
1663 3046 1797 3100 bella

193 3147 383 3192 nostra
404 3156 496 3208 pro
527 3139 673 3194 nobis
701 3139 754 3211 (Ι
783 3139 915 3211 Reg.
949 3142 1094 3208 vnt).
1147 3140 1352 3196 Dicitur
1381 3142 1585 3196 electus
1614 3149 1671 3197 et
1697 3142 1797 3197 bo-

1893 1930 2143 1985 chritudo
2171 1937 2370 1986 sanctae
2387 1929 2830 1986 conversationis.
2858 1929 2963 1985 Sed
2972 1929 3084 1998 jam
3107 1931 3198 1985 diu
3224 1939 3325 1997 est,
3347 1933 3492 2001 quod

1893 2023 2110 2079 Samuel
2140 2024 2338 2078 senuit.
2379 2023 2546 2078 Multa
2575 2024 2717 2078 enim
2747 2032 2996 2094 tempora
3023 2025 3206 2095 elapsa
3235 2033 3380 2090 sunt,
3423 2042 3492 2080 ex

1894 2118 2091 2187 quibus
2119 2118 2270 2174 multi
2301 2133 2490 2173 eorum
2519 2133 2762 2173 amorem
2783 2119 2968 2174 saeculi
2998 2127 3321 2187 sequuntur,
3355 2135 3494 2188 quo-

1894 2228 2016 2267 rum
2061 2212 2260 2268 virtute
2306 2211 2501 2282 depelli
2550 2212 2744 2281 gaudia
2794 2210 2980 2268 mundi
3011 2213 3079 2266 ab
3109 2212 3336 2268 aliorum
3369 2228 3495 2267 cor-

1895 2309 2052 2364 dibus
2086 2309 2407 2364 debuerunt.
2438 2306 2596 2375 Quod
2622 2315 2804 2362 tamen
2852 2323 2960 2362 non
2999 2307 3198 2362 idcirco
3244 2307 3494 2372 dicimus,

1896 2411 1956 2459 ut
1980 2412 2170 2459 sancta
2214 2401 2452 2458 Ecclesia
2491 2402 2669 2457 nullos
2715 2401 2862 2457 viros
2918 2401 3201 2470 religiosos
3247 2400 3444 2454 habeat
3479 2418 3493 2453 :

1896 2495 1995 2552 sed
2025 2495 2169 2566 quod
2199 2496 2356 2566 pauci
2402 2503 2547 2561 sunt,
2578 2495 2670 2562 qui
2709 2495 2762 2549 in
2808 2494 3206 2565 praedicationis
3256 2493 3493 2548 culmine

1897 2591 2137 2661 perfecte
2166 2589 2415 2644 noverint
2453 2587 2710 2643 mundum
2758 2595 3131 2655 contemnere,
3173 2593 3227 2641 et
3271 2585 3498 2641 summis

1900 2683 2178 2738 desideriis
2206 2682 2488 2737 inhaerere.
2522 2682 2701 2748 Quare
2730 2690 2857 2751 apte
2881 2679 3102 2736 Samuel
3129 2688 3184 2736 et
3220 2694 3387 2735 senex
3415 2678 3498 2733 di-

1900 2776 2073 2840 citur,
2121 2784 2175 2831 et
2205 2776 2554 2846 prophetare.
2587 2774 2767 2830 Senex
2793 2775 3006 2844 quidem
3039 2781 3159 2841 est,
3194 2775 3319 2844 quia
3351 2774 3498 2842 rigo-

1900 2882 2015 2923 rem
2047 2882 2249 2937 asperze
2277 2865 2709 2922 conversationis
2733 2866 2788 2920 in
2818 2865 3062 2935 pluribus
3090 2865 3350 2935 perdidit:
3375 2881 3496 2936 pro-

1901 2966 2129 3036 phelare
2161 2972 2340 3019 tamen
2372 2979 2482 3019 non
2511 2963 2729 3028 desinit,
2762 2961 2889 3032 quia
2917 2961 3042 3016 dum
3072 2961 3373 3030 aliquantas
3416 2961 3500 3015 vi-

1901 3073 1990 3114 res
2018 3057 2286 3128 spiritales
2315 3056 2500 3125 habet,
2529 3055 2786 3110 virtutem
2817 3052 3027 3122 providi
3057 3053 3276 3122 spiritus
3317 3043 3500 3106 valen-

1903 3160 1986 3205 ter
2009 3150 2248 3204 exhibet.
2279 3146 2435 3214 Quod
2462 3147 2516 3201 in
2569 3161 2676 3201 uno
2704 3144 3004 3214 eodemque
3034 3143 3387 3213 praedicatore
3423 3143 3502 3197 in-

197 3245 323 3295 nus,
376 3240 432 3287 ct
476 3232 600 3302 quia
649 3249 758 3289 non
804 3234 874 3289 sit
925 3233 990 3289 de
1021 3232 1144 3289 ﬁliis
1171 3234 1337 3290 Israel
1363 3235 1554 3291 melior
1580 3236 1706 3301 illo,
1739 3244 1800 3290 ut
1827 3229 1874 3292 C
1907 3241 2072 3310 telligi
2110 3239 2496 3296 convenienter
2537 3244 2738 3307 potest.
2787 3235 2957 3290 Senes
3006 3235 3222 3303 quidem
3258 3240 3404 3300 sunt,
3450 3241 3504 3290 et

197 3323 344 3380 bona
392 3327 572 3382 omnia
603 3328 656 3382 in
696 3327 849 3397 petiti
882 3328 1021 3398 regis
1067 3345 1297 3400 persona
1347 3331 1658 3386 excellant:
1703 3330 1800 3385 sed

204 3416 334 3473 dum
364 3419 432 3474 ad
461 3436 526 3475 ea
554 3437 663 3476 non
715 3421 931 3490 sufﬁcit,
974 3437 1095 3494 qua:
1136 3424 1367 3495 populus
1418 3433 1796 3496 proposuerat,

203 3515 552 3585 prmsumptio
582 3515 816 3570 humana
843 3517 1220 3585 contundatur,
1262 3527 1320 3573 ut
1363 3528 1506 3573 victa
1535 3519 1797 3576 tabescat.

201 3602 272 3660 Et
299 3607 538 3675 quidem,
588 3615 647 3661 ut
677 3624 837 3680 supra
864 3608 994 3678 dixi,
1040 3625 1157 3677 rex,
1211 3611 1304 3679 qui
1351 3611 1607 3681 populum
1660 3627 1800 3682 prce-

200 3695 377 3754 iturus
398 3700 613 3770 eligitur
641 3717 828 3757 eorum
859 3703 1000 3759 bella
1023 3711 1380 3774 pugnaturus,
1410 3721 1532 3760 cum
1558 3721 1590 3760 a
1619 3706 1802 3763 divino

200 3791 406 3848 auxilio
457 3792 742 3860 deseritur,
784 3796 926 3851 bello
958 3798 1249 3868 depressus
1290 3798 1443 3865 obiit,
1493 3808 1549 3854 et
1576 3802 1797 3872 populo,

199 3893 366 3951 quem
395 3884 463 3939 ad
490 3887 674 3942 eadem
695 3887 834 3944 bella
857 3889 1084 3959 przeivit,
1112 3903 1240 3946 tunc
1265 3907 1373 3948 non
1402 3893 1589 3950 salutis
1612 3910 1797 3960 causa,

197 3973 300 4029 sed
329 3975 522 4030 mortis
565 3975 678 4032 fuit.
726 3978 881 4044 Quod
926 3980 1158 4050 denique
1202 3981 1316 4037 Deo
1345 3983 1578 4053 populus
1629 3984 1800 4039 ascri-

197 4064 384 4131 beret,
415 4066 461 4121 si
496 4066 542 4122 is
569 4069 656 4138 qui
709 4069 806 4125 Dei
853 4069 1055 4140 judicio
1105 4073 1308 4131 electus
1363 4090 1458 4130 rex
1488 4076 1681 4142 luerat,
1733 4077 1802 4132 ad

200 4161 411 4232 agenda
461 4176 580 4231 quae
606 4164 823 4219 volebat
869 4165 1120 4236 populus,
1154 4181 1264 4221 non
1296 4179 1403 4222 tam
1433 4168 1660 4224 idoneus
1703 4183 1801 4223 ex-

198 4256 445 4314 stitisset.
479 4254 669 4312 Potest
696 4259 860 4313 etiam
883 4259 1088 4315 electus
1116 4270 1172 4316 et
1198 4262 1373 4318 bonus
1395 4262 1644 4332 intelligi,
1672 4261 1802 4317 dum

200 4349 486 4416 asseritur,
510 4365 622 4406 non
641 4351 813 4421 qualis
843 4351 897 4407 in
925 4339 1106 4409 futuro
1135 4354 1552 4422 przevidebatur.
1597 4353 1803 4409 Dicitur

201 4454 334 4510 ergo
360 4440 570 4496 electus
596 4449 652 4497 et
698 4442 893 4512 bonus,
925 4452 985 4498 ut
1017 4444 1137 4500 talis
1182 4460 1213 4500 a
1261 4444 1490 4501 Domino
1538 4445 1803 4500 sentiatur

201 4533 432 4601 electus,
473 4535 568 4604 qui
612 4551 710 4606 per
738 4537 1158 4592 inobedientiam
1195 4545 1384 4608 postea
1414 4537 1513 4592 fuit
1543 4538 1802 4608 reproba-

1904 3335 2257 3405 prophetant,
2287 3333 2380 3402 qui
2405 3333 2482 3386 sic
2510 3347 2607 3402 per
2637 3330 3020 3399 negligentiam
3047 3328 3412 3392 resolvuntur,
3445 3333 3504 3380 ttt

1903 3427 2042 3481 bene
2073 3424 2325 3491 doceant,
2381 3423 2476 3477 sed
2507 3423 2647 3477 male
2674 3421 2881 3477 vivant.
2925 3418 3026 3485 Qui
3061 3419 3198 3474 filios
3249 3433 3376 3472 suos
3418 3417 3505 3486 ju-

1905 3518 2052 3574 diccs
2103 3523 2327 3586 ponunt,
2371 3513 2587 3584 quando
2630 3512 2752 3568 illos
2805 3512 2859 3567 in
2905 3509 3194 3566 sacerdotii
3243 3509 3506 3578 dignitate

1905 3610 2276 3676 constituunt,
2332 3609 2424 3678 qui
2472 3605 2795 3663 remissioris
2845 3605 2969 3660 vitae
3015 3618 3205 3659 eorum
3257 3610 3504 3672 tempora

1905 3703 2359 3774 contemplantur.
2385 3701 2431 3755 A
2456 3700 2674 3756 senibus
2697 3707 2875 3754 tamen
2896 3699 3125 3768 juvenes
3154 3695 3504 3752 ordinantur:

1905 3797 2069 3867 quia,
2121 3795 2214 3866 qui
2255 3792 2604 3864 promovendi
2662 3792 2903 3858 veniunt,
2954 3789 3114 3845 fortia
3160 3790 3501 3860 promittunt.

1904 3887 2265 3945 Sacerdotalis
2314 3888 2513 3959 quippe
2557 3886 2682 3942 vita:
2718 3885 3063 3942 fortissimam
3112 3883 3505 3954 professionem

1904 3981 2191 4051 spondent,
2249 3980 2400 4050 cujus
2451 3980 2706 4035 virtutem
2755 3979 2811 4032 in
2858 3977 3037 4032 futura
3084 3977 3504 4031 conversatione

1906 4093 2015 4132 non
2059 4077 2280 4132 habent.
2323 4074 2557 4131 Juvenes
2587 4075 2749 4143 igitur
2774 4077 3161 4144 promoventur
3189 4089 3202 4123 :
3236 4072 3383 4140 quia,
3413 4071 3509 4140 qui

1906 4183 2002 4223 eos
2027 4168 2297 4234 ordinant,
2333 4168 2480 4237 prius
2529 4181 2688 4235 quam
2722 4165 2789 4219 ab
2829 4165 2907 4219 eis
2956 4162 3349 4234 professionem
3397 4163 3508 4216 vir~

1906 4262 2037 4316 tutis
2067 4262 2352 4332 accipiant,
2378 4275 2474 4315 eos
2504 4259 2573 4313 ad
2601 4257 2736 4312 tanti
2760 4257 2963 4312 ordinis
2993 4256 3364 4312 celsitudinem
3395 4271 3509 4312 non

1908 4361 2205 4409 assumunt.
2237 4351 2395 4406 Prius
2426 4364 2661 4419 namque
2689 4349 2767 4405 eis
2795 4349 3086 4415 insinuant,
3118 4357 3173 4404 et
3223 4364 3385 4419 quam
3411 4365 3507 4406 su-

1906 4448 2142 4503 blimiter
2185 4447 2388 4508 vivant,
2422 4452 2478 4500 et
2517 4459 2681 4514 quam
2727 4443 2994 4500 subtiliter
3049 4443 3322 4498 doceant:
3363 4442 3509 4513 quod

1909 4541 2108 4596 idcirco
2152 4538 2351 4593 debent
2377 4536 2679 4592 sublimiter
2721 4536 2924 4601 vivere,
2964 4543 3022 4590 ut
3051 4535 3254 4591 utiliter
3290 4536 3508 4591 valeant

203 4627 500 4694 tus.Quare
521 4635 578 4683 et
601 4627 876 4698 ipsaratio
901 4629 1158 4698 exigit,ut
1185 4645 1304 4700 quze
1317 4629 1383 4684 de
1396 4628 1571 4685 electo
1589 4636 1642 4684 et
1660 4628 1805 4684 bono
1833 4622 1888 4682 D
1913 4633 2206 4706 prmdicare
2225 4672 2240 4698 ,
2293 4638 2355 4686 ut
2398 4630 2521 4686 vitae
2549 4630 2884 4700 propositum
2915 4644 3129 4699 semper
3156 4628 3224 4683 ad
3276 4643 3510 4699 superna

203 4732 376 4792 usque
404 4721 475 4777 ad
505 4722 904 4794 reprobationis
930 4732 1172 4795 tempora
1202 4724 1475 4793 dicuntur,
1501 4733 1557 4781 et
1583 4724 1637 4780 in
1663 4724 1806 4782 bona

203 4823 360 4890 parte
387 4815 707 4873 sentiamus.

836 4908 1065 4965 CAPUT
1093 4908 1182 4964 IV.

273 5000 329 5054 1.
364 4999 691 5056 Summatim
719 5013 851 5070 ergo
891 5008 1084 5056 cuncta
1115 5006 1444 5070 repetentes,
1475 4999 1602 5071 quid
1643 4999 1811 5055 aedili-

195 5091 442 5146 cationis
471 5091 525 5147 in
557 5107 616 5147 se
644 5092 978 5160 contineant,
1005 5091 1300 5147 secundum
1326 5089 1488 5146 aliam
1531 5089 1807 5160 signiﬁca-

193 5181 418 5237 tionem
444 5182 739 5240 videamus.
771 5183 907 5251 Quia
937 5183 989 5239 in
1011 5184 1264 5241 Samuele
1307 5200 1508 5240 novum
1549 5185 1809 5241 sacerdo-

196 5275 349 5331 tium
396 5276 631 5335 diximus
659 5278 947 5348 designari,
971 5278 1101 5349 quid
1142 5287 1226 5334 est
1264 5279 1410 5350 quod
1437 5279 1635 5348 senuit,
1686 5279 1810 5349 nisi,

196 5369 336 5437 quia
368 5367 494 5424 dum
520 5385 620 5441 per
641 5370 1038 5427 decurrentium
1069 5372 1243 5443 spatia
1275 5381 1578 5442 temporum
1623 5382 1812 5428 sancta

195 5457 462 5518 Ecclesia
492 5461 724 5530 ducitur,
783 5465 836 5519 in
868 5465 1138 5520 nonnullis
1177 5465 1550 5521 sacerdotibus
1579 5481 1810 5522 conver-

194 5557 443 5612 sationis
489 5557 834 5628 pulchritudo
886 5559 1209 5614 veteratur?
1257 5557 1448 5614 Senuit
1491 5567 1672 5614 autem
1713 5560 1812 5615 Sa-

190 5649 383 5717 muel,
414 5651 542 5721 quia
568 5651 723 5720 vigor
762 5651 1097 5707 auctoritatis
1128 5653 1409 5707 emarcuit.
1449 5654 1604 5724 190
1646 5651 1811 5719 Quasi

193 5743 361 5798 enim
384 5745 598 5814 juvenis
627 5756 745 5802 erat
770 5747 1020 5815 Samuel,
1050 5746 1264 5815 quando
1306 5747 1648 5801 sacerdotum
1678 5746 1812 5802 ordo
1853 5797 1858 5802 .

185 5835 350 5899 Solis
377 5838 692 5897 caelestibus
718 5839 997 5898 desideriis
1024 5839 1257 5908 inhians,
1283 5839 1409 5897 dum
1429 5839 1574 5896 nulla
1597 5846 1812 5895 terrena

502 5958 778 6030 Pitanen.
825 5958 1120 6019 LXXIX.

1915 4725 2168 4794 dirigant,
2190 4729 2250 4777 ut
2276 4721 2344 4777 de
2384 4722 2572 4777 labore
2600 4720 2996 4792 praedicationis
3023 4719 3338 4790 temporalia
3366 4734 3508 4788 prae-

1915 4819 2024 4874 mia
2055 4833 2162 4873 non
2193 4815 2494 4885 requirant,
2527 4823 2585 4868 ut
2609 4828 2871 4883 personas
2901 4813 2955 4868 in
2979 4811 3181 4882 judicio
3211 4827 3318 4865 non
3361 4809 3509 4863 acci-

1916 4910 2084 4981 piant,
2132 4906 2227 4964 sed
2251 4907 2396 4977 justa
2443 4906 2711 4976 aequitatis
2756 4905 2910 4960 lance
2956 4914 3151 4960 cuncta
3181 4903 3506 4971 disponant:

1918 5010 2182 5072 quatenus
2207 5000 2414 5054 viarum
2443 4997 2539 5054 Dei
2569 4996 2908 5072 difficultates
2939 4994 3181 5060 audiant,
3209 5000 3266 5049 et
3305 5008 3374 5048 an
3417 5008 3509 5049 ve-

1918 5071 2018 5148 lint
2041 5092 2222 5149 subire
2243 5106 2430 5147 earum
2455 5071 2690 5159 labores,
2721 5089 2920 5146 dicant.

1986 5185 2041 5240 2.
2073 5184 2181 5238 llas
2205 5184 2450 5254 proiecto
2477 5181 2720 5237 difﬁciles
2746 5181 2861 5236 vias
2888 5178 3133 5250 plerique
3159 5176 3285 5233 dum
3324 5190 3509 5233 sacros

1919 5278 2138 5335 ordines
2168 5279 2429 5345 ambiunt,
2459 5293 2518 5334 se
2547 5276 2826 5332 ambulare
2851 5273 3175 5346 proﬁtentur
3213 5291 3224 5326 :
3254 5271 3349 5327 sed
3381 5270 3507 5332 dum

1920 5369 1986 5424 ad
2014 5368 2068 5425 id
2104 5369 2248 5438 quod
2291 5368 2558 5437 ambiunt,
2588 5365 2925 5438 perveniunt,
2957 5363 3262 5434 sponsionis
3289 5378 3399 5418 sua:
3425 5370 3507 5438 te-

1917 5479 2051 5520 nere
2077 5464 2447 5520 fortitudinem
2492 5460 2928 5533 praetermittunt.
2960 5456 3114 5513 Unde
3143 5465 3199 5513 et
3239 5455 3508 5512 Samuelis

1918 5560 2010 5615 ﬁlii
2040 5575 2150 5615 non
2197 5556 2503 5612 ambulasse
2534 5555 2588 5608 in
2618 5553 2717 5609 viis
2743 5551 2880 5621 ejus,
2923 5549 3016 5605 sed
3067 5550 3340 5621 accepisse
3387 5563 3507 5603 mu-

1910 5670 2061 5718 uera,
2115 5662 2171 5708 et
2211 5649 2534 5722 pervertisse
2573 5646 2834 5716 judicium
2885 5651 3011 5714 apte
3037 5643 3193 5698 relati
3230 5649 3374 5698 sunt.
3407 5641 3506 5695 Sa-

1910 5745 2104 5804 muelis
2130 5744 2275 5799 enim
2304 5740 2404 5796 viae
2431 5745 2590 5807 sunt,
2623 5739 2748 5808 quia
2788 5736 3156 5808 praedicatoris
3204 5733 3380 5790 oﬂicio
3412 5748 3504 5785 ex-

1910 5847 2202 5914 ponuntur.
2235 5836 2355 5894 Filii
2384 5850 2510 5903 ergo
2549 5836 2600 5892 in
2630 5835 2728 5893 viis
2752 5832 2919 5906 patris
2938 5831 3020 5889 sui
3047 5847 3154 5887 non
3204 5824 3499 5888 ambulant,

3028 5946 3068 6007 8
