4020 6344
1733 350 1981 416 SANGTI
2015 353 2342 416 GREGORH
2380 348 2600 418 MAGNI

3689 350 3799 410 238

531 482 745 557 quando
767 480 911 554 iiqui
927 477 997 537 ad
1013 492 1201 536 sacros
1220 476 1440 533 ordines
1461 472 1745 531 ambitiose
1765 475 2105 545 perveniunt,
2136 477 2190 537 Δ
2214 476 2437 547 studuit,
2476 484 2537 533 ut
2556 490 2616 533 se
2658 485 2889 544 sequens
2916 468 3145 542 populus
3183 462 3433 539 periret?
3468 464 3574 523 Sed
3620 476 3795 526 tamen

531 579 696 636 ardua
725 574 996 645 religionis
1023 575 1215 629 itinera
1246 587 1276 626 a
1307 568 1601 640 majoribus
1619 567 1721 623 sibi
1751 574 1967 624 ostensa
2012 567 2114 625 de-

531 681 735 737 serunt,
763 679 819 727 et
838 682 1091 741 perversa
1114 664 1415 721 intentione
1435 663 1490 717 in
1513 661 1755 732 appetitu
1776 666 2115 715 terrenarum

528 782 707 823 rerum
736 764 898 820 altius
937 762 1345 828 immerguntur.
1379 754 1530 811 Unde
1572 760 1627 809 et
1668 760 1791 823 post
1828 752 2113 807 avaritiam

527 860 817 924 declinare,
850 868 1070 911 munera
1096 851 1362 922 accipere,
1420 849 1572 918 191
1603 851 1658 900 et
1684 842 1945 914 judicium
1996 859 2115 915 per-

2216 586 2335 626 cum
2377 568 2685 627 sacerdotes
2720 566 2861 622 male
2888 564 3089 629 vivunt,
3134 578 3163 617 a
3195 561 3345 616 laicis
3377 558 3649 630 judicandi
3691 576 3793 615 non

2213 673 2356 721 sunt.
2374 662 2539 733 Digne
2568 673 2697 729 ergo
2728 658 3083 727 indigniorem
3100 655 3388 725 recipiunt,
3406 654 3497 724 Qui
3524 651 3793 721 indignum

2214 742 2670 826 indigne'ejicere
2718 756 3191 824 przesumpserunt.
3240 748 3373 801 Nam
3418 744 3487 802 de
3538 746 3661 799 ﬁliis
3708 746 3799 800 Sa-

2214 851 2408 907 muelis
2442 849 2673 904 dicitur:
2718 848 3037 917 Acceperunt
3074 859 3321 909 munera,
3368 851 3417 894 et
3454 850 3797 909 perverterunt

526 960 759 1016 vertere,
785 956 972 1020 aperte
1000 955 1027 984 ἰ
1054 943 1421 1015 perhibentur-
1444 939 1549 1006 Οιιὶ
1576 939 1720 993 enim
1740 936 1988 992 laborare
2015 950 2113 1007 pro
2205 943 2429 1015 judicia.
2468 941 2542 996 De
2579 956 2645 997 eo
2675 947 2858 994 autem
2888 950 3035 1005 rege,
3067 949 3227 1007 quem
3260 933 3351 987 ﬁlii
3395 932 3559 986 lsrael
3591 940 3795 1001 petunt,

528 1041 837 1099 caelestibus
860 1038 1155 1107 negligunt,
1180 1047 1401 1090 necesse
1430 1040 1532 1099 est,
1572 1030 1703 1085 utin
1732 1028 1978 1098 appetitu
2004 1036 2116 1083 ter-

526 1149 783 1191 renarum
824 1131 1023 1188 arctius
1060 1130 1382 1187 inserantur.
1416 1122 1701 1179 Declinare
1733 1120 1951 1190 quidem
1992 1126 2117 1190 post

528 1228 829 1292 avaritiam,
877 1233 960 1280 est
985 1221 1278 1281 ambitione
1306 1232 1486 1273 rerum
1515 1224 1850 1272 terrenarum
1878 1221 1992 1267 tota
2019 1213 2107 1281 iiu-

529 1318 768 1373 tentione
789 1315 1045 1373 deﬂuere.
1071 1312 1206 1367 Nam
1234 1309 1476 1366 nonnulli
1505 1314 1649 1373 sunt,
1681 1307 1773 1376 qui
1794 1314 2011 1361 terrena
2033 1305 2114 1359 lu-

529 1425 618 1467 cra
640 1423 737 1476 per
755 1407 1033 1462 avaritiam
1052 1410 1331 1473 expetunt,
1364 1399 1456 1456 sed
1480 1406 1661 1453 tamen
1680 1405 1803 1468 post
1824 1396 2111 1452 avaritiam

530 1516 638 1556 non
666 1499 934 1555 declinant
962 1515 975 1551 :
1007 1496 1133 1566 quia
1163 1503 1219 1551 et
1246 1492 1561 1564 temporalia
1599 1498 1891 1561 appetunt,
1932 1488 2029 1546 sed
2056 1490 2113 1545 in

529 1591 767 1661 appetitu
818 1605 1005 1645 eorum
1047 1590 1319 1644 incurrere
1355 1587 1556 1641 crimen
1592 1585 1781 1639 vitant.
1830 1583 2116 1639 Deelinant

528 1696 655 1750 ergo
678 1689 801 1751 post
826 1680 1124 1745 avaritiam,
1172 1680 1265 1748 qui
1293 1693 1393 1747 pro
1423 1676 1673 1744 terrenis,
1716 1690 1834 1747 quae
1860 1675 2116 1731 ardenter

527 1771 785 1839 ambiunt,
816 1769 1092 1827 incurrere
1108 1769 1314 1824 crimen
1338 1782 1678 1836 nequaquam
1705 1766 2110 1836 pertimescunt.

2217 1032 2479 1088 terribiles
2491 1032 2645 1086 valde
2674 1031 2832 1084 mina:
2852 1025 3219 1101 proferuntur,
3242 1023 3367 1093 quia
3381 1022 3607 1078 dicitur:
3638 1024 3798 1092 Agros

2214 1135 2404 1181 vestros
2429 1125 2569 1179 tollet
2595 1133 2644 1178 et
2673 1123 2876 1187 oliveta,
2908 1128 2958 1176 et
2979 1119 3123 1174 dabit
3143 1118 3302 1173 servis
3322 1116 3429 1170 suis
3454 1112 3505 1186 (Ι
3537 1112 3668 1184 Reg.
3692 1128 3797 1181 ΗΠ,

2216 1219 2328 1290 lt).
2356 1218 2421 1274 Et
2448 1220 2567 1289 quis
2595 1217 2809 1288 sapiens
2846 1226 2955 1271 non
3001 1213 3273 1279 attendat,
3319 1209 3443 1278 quia
3480 1208 3709 1277 nequius
3739 1208 3802 1263 sit

2215 1312 2428 1383 publica
2464 1312 2715 1367 violentia
2742 1323 2899 1380 agros
2919 1317 2973 1365 et
2990 1309 3177 1364 vineas
3197 1305 3408 1369 tollere,
3438 1318 3599 1373 quam
3630 1311 3687 1357 ut
3717 1316 3802 1357 ac-

2215 1405 2456 1474 ciperent
2492 1418 2740 1468 munera,
2782 1408 3050 1472 przetextu
3086 1397 3332 1454 veritatis
3371 1395 3635 1465 judicium
3681 1411 3801 1465 per-

2215 1504 2425 1552 mutare
2453 1498 2476 1551 ?
2505 1494 2633 1551 Hcce
2661 1493 2819 1565 culpa
2846 1494 3077 1562 quadam
3099 1488 3425 1547 verecundia
3454 1489 3674 1557 tegitur,
3703 1503 3802 1557 pn-

2215 1592 2346 1647 dore
2391 1591 2765 1646 obumbratur.
2822 1586 2993 1657 Culpa
3047 1594 3178 1639 vero
3229 1584 3318 1637 illa
3379 1589 3531 1636 tanto
3577 1582 3805 1650 nequior

2222 1686 2377 1757 192
2407 1683 2675 1751 cernitur,
2715 1686 2919 1750 quanto
2970 1675 3306 1731 manifestius
3327 1713 3342 1740 ,
3375 1682 3537 1743 atque
3569 1674 3805 1727 atrocius

2215 1782 2574 1848 perpetratur.
2604 1772 2710 1828 Sed
2743 1787 2841 1827 nos
2878 1769 3114 1825 nondum
3155 1766 3223 1821 ad
3252 1766 3343 1819 illa
3369 1764 3518 1835 regni
3558 1770 3807 1831 tempora

527 1863 773 1919 Animam
800 1864 1000 1934 quippe
1025 1877 1179 1918 snam
1206 1862 1473 1917 aestimant
1520 1860 1831 1916 inferiorem
1860 1860 2005 1916 omni
2051 1873 2113 1916 re
2141 1858 2547 1924 Bdiscntienda
2587 1864 2950 1935 pervenimus,
3002 1860 3055 1914 in
3104 1857 3300 1929 quibus
3347 1856 3448 1913 ista
3497 1852 3609 1908 ﬁeri
3666 1853 3805 1906 mala

526 1970 686 2025 quam
714 1964 939 2026 possunt
951 1955 1350 2026 concupiscere.
1384 1954 1519 2009 Hinc
1550 1969 1786 2025 namque
1813 1961 1897 2009 est
1926 1953 2116 2022 rapina
2164 1964 2171 1971 '

528 2048 783 2113 violenta,
815 2046 942 2103 hinc
969 2046 1104 2101 ﬁunt
1130 2046 1270 2102 furta
1320 2045 1545 2101 latentia
1572 2062 1589 2097 :
1629 2044 1757 2114 quia
1783 2059 1879 2099 eos
1923 2043 2117 2112 quibus

528 2138 677 2193 avari
703 2138 1012 2207 praevalent,
1042 2138 1309 2195 violenter
1336 2138 1668 2208 opprimunt,
1698 2143 1755 2193 et
1780 2152 2012 2207 quorum
2036 2149 2119 2191 re-

525 2229 628 2283 bus
658 2228 857 2285 inferre
884 2228 1196 2284 violentiam
1248 2237 1547 2298 nequeunt,
1578 2225 1719 2281 furta
1766 2226 1964 2283 inferre
2009 2240 2119 2282 mo-

528 2318 749 2376 liuntur.
772 2319 927 2391 Saepe
953 2321 1334 2390 etquibusnon
1367 2320 1655 2390 praevalent
1675 2318 1815 2374 furto
1837 2333 2117 2389 manuum,

530 2410 850 2468 insidiantur
875 2412 943 2465 l'al
978 2412 1108 2468 itate
1128 2412 1431 2468 verborum.
1452 2410 1607 2466 Unde
1627 2418 1684 2466 et
1710 2408 1804 2465 ﬁlii
1830 2409 2114 2475 Samuelis,

531 2501 780 2559 ordinato
810 2517 1089 2572 processu,
1112 2502 1165 2557 in
1194 2502 1499 2558 inordinata
1529 2502 1769 2559 avaritiae
1802 2502 2118 2559 confusione

531 2595 878 2664 denotamur,
891 2610 1035 2651 -cum
1062 2593 1293 2650 dicitur:

604 2707 647 2779 (Ι
678 2707 815 2777 Reg.
846 2722 962 2776 vin,
993 2707 1074 2778 5.)
1105 2705 1506 2761 Declinaverunt
1538 2714 1653 2777 post
1694 2706 1985 2773 avaritiam,
2031 2721 2121 2760 ac-

532 2808 967 2873 cepere'munera,
997 2807 1347 2871 perverterunt
1367 2799 1643 2871 judicium.

603 2894 658 2949 ὅ.
686 2894 789 2962 Qui
814 2894 958 2950 enim
980 2902 1040 2949 ut
1084 2908 1308 2949 munera
1337 2893 1659 2964 acciperent,
1687 2892 1947 2962 judicium
1992 2906 2119 2963 per-

531 2992 830 3050 verterunt,
861 2984 930 3039 ad
951 2983 1285 3039 inferendum
1311 2983 1512 3037 furtum
1536 2966 1837 3052 concupiue
1874 2984 1976 3052 rei,
2009 2998 2119 3039 non

536 3074 865 3145 quaesierunt
908 3073 1294 3129 obscuritatem
1341 3074 1532 3140 noctis,
1590 3072 1685 3127 sed
1740 3073 1990 3128 tenebras
2034 3088 2122 3129 ra-

538 3167 721 3224 tionis.
746 3165 814 3221 Et
834 3164 1148 3232 notandum,
1179 3165 1304 3236 quia
1352 3165 1513 3221 ardor
1560 3166 1796 3221 avaritiae
1832 3181 1996 3222 causa
2034 3176 2116 3223 est

538 3261 972 3331 accipiendorum
997 3273 1302 3326 munerum,
1327 3266 1385 3315 et
1411 3259 1660 3329 acceptio
1686 3274 1969 3315 munerum
1993 3276 2122 3317 cau-

537 3367 599 3409 sa
628 3352 1071 3422 estpervertendi
1104 3350 1293 3420 judicii
1324 3369 1337 3405 :
1390 3358 1451 3407 ut
1497 3352 1775 3422 prophetae
1815 3354 2128 3412 narratione

540 3441 699 3513 hujus
723 3442 838 3499 vitii
858 3443 1094 3514 pravitas
1121 3442 1461 3512 ostendatur,
1487 3457 1597 3499 non
1612 3443 1789 3499 solum
1816 3445 2050 3515 qualiter
2072 3448 2127 3504 in

540 3536 896 3604 reproborum
918 3534 1168 3591 cordibus
1184 3532 1420 3605 proﬁcit,
1450 3534 1544 3590 sed
1573 3550 1604 3589 a
1624 3544 1932 3592 sanctorum
1976 3554 2129 3595 men-

543 3624 683 3681 tibus
709 3624 939 3694 qualiter
961 3624 1247 3694 exstirpari
1274 3623 1512 3679 funditus
1537 3626 1728 3695 possit.
1764 3625 1898 3681 Nam
1924 3628 1972 3685 si
2004 3644 2129 3699 per-

540 3715 770 3771 versitas
785 3714 887 3770 ista
909 3714 1099 3784 judicii
1119 3729 1185 3769 ex
1214 3716 1527 3785 acceptione
1556 3731 1841 3774 munerum
1867 3720 2125 3789 nascitur,

2220 1960 2382 2015 etiam
2408 1958 2475 2013 ad
2505 1958 2739 2012 litteram
2768 1953 3144 2009 describuntur
3168 1969 3180 2005 :
3213 1949 3336 2003 dum
3359 1961 3485 2016 ergo
3510 1946 3661 2015 juxta
3684 1960 3807 2014 pro-

2220 2054 2454 2125 positum
2475 2058 2719 2105 nostrum
2761 2048 2831 2103 de
2859 2046 3122 2123 electoet
3160 2044 3307 2098 bono
3346 2039 3635 2109 loquimur,
3682 2036 3807 2091 utile

2220 2144 2450 2209 videtur,
2475 2149 2534 2196 ut
2554 2142 2719 2195 etiam
2746 2139 2834 2209 jus
2862 2137 3022 2206 regis,
3059 2135 3205 2205 quod
3234 2130 3557 2203 praedicitur,
3581 2128 3807 2199 qualiter

2220 2240 2274 2294 in
2306 2239 2447 2293 bona
2474 2244 2627 2307 parte
2650 2234 2821 2304 possit
2836 2231 3029 2301 accipi,
3059 2228 3331 2284 subtiliter
3350 2225 3646 2281 videamus.
3680 2223 3807 2278 Nam

2219 2334 2264 2389 si
2288 2330 2484 2401 aliquid
2519 2330 2645 2385 boni
2694 2327 3045 2398 spiritualiter
3087 2340 3195 2379 non
3238 2321 3572 2389 ostenderet,
3604 2334 3808 2391 nequa-

2221 2439 2382 2496 quam
2414 2425 2465 2477 in
2494 2423 2597 2477 hac
2623 2435 2772 2476 sacra
2803 2418 3026 2474 historia
3055 2417 3330 2473 diceretur
3359 2431 3374 2467 :

2296 2535 2337 2606 (l
2367 2535 2495 2604 Reg.
2548 2551 2600 2601 Χ,
2637 2532 2741 2604 l5.)
2775 2531 2993 2585 Locutus
3022 2536 3096 2584 est
3126 2528 3340 2583 Samuel
3364 2526 3432 2579 ad
3462 2524 3721 2596 ’populum
3743 2522 3811 2576 le-

2222 2646 2333 2703 gem
2362 2630 2527 2701 regni,
2574 2633 2625 2683 et
2671 2626 2876 2696 scripsit
2899 2626 2952 2678 in
2983 2622 3111 2678 libro
3160 2629 3209 2675 et
3238 2620 3465 2692 reposuit
3501 2634 3680 2672 coram
3714 2614 3811 2671 Do-

2222 2737 2383 2776 mmo.

2296 2813 2350 2867 4.
2383 2808 2520 2877 Quid
2556 2815 2659 2873 est,
2682 2804 2828 2876 quod
2853 2802 3216 2860 lsraelitarum
3245 2798 3336 2855 ﬁlii
3380 2797 3617 2870 ponendi
3664 2814 3715 2852 in
3736 2813 3813 2852 re-

2223 2906 2304 2976 gis
2331 2901 2576 2959 curribus
2590 2898 2882 2954 dicuntur?
2910 2894 3017 2950 Sed
3046 2893 3388 2964 pnelatorum
3416 2898 3621 2946 sancta
3644 2889 3812 2945 Eccle-

2223 2996 2316 3053 sia:
2342 3008 2531 3050 currus
2573 3003 2760 3046 eorum
2802 2986 2999 3042 devota
3039 2992 3163 3040 sunt
3192 2980 3476 3037 desideria.
3516 2979 3657 3033 Nam
3696 2980 3814 3033 dum

2222 3101 2455 3157 superna
2483 3082 2673 3153 gaudia
2700 3079 2969 3135 ferventer
2995 3082 3272 3146 appetunt,
3297 3072 3445 3127 velut
3484 3072 3540 3125 in
3572 3070 3815 3124 curribus

2223 3194 2322 3250 per
2336 3178 2443 3233 alta
2475 3176 2735 3230 feruntur.
2768 3169 2905 3224 Hinc
2927 3175 3009 3223 est
3035 3165 3182 3236 quod
3208 3162 3351 3219 Elias
3380 3164 3434 3218 in
3464 3178 3633 3218 curru
3664 3163 3817 3230 igneo

2227 3270 2281 3326 in
2327 3268 2519 3324 cielum
2560 3264 2868 3319 sublevatus
2896 3260 3150 3315 asseritur
3182 3256 3286 3327 (ιν
3311 3255 3440 3326 Reg.
3471 3270 3528 3320 ιι,
3583 3254 3646 3325 1)
3665 3272 3679 3306 :
3701 3251 3817 3322 quia

2226 3358 2470 3432 profecto
2500 3356 2569 3413 ad
2595 3368 2827 3425 superna
2864 3350 3056 3423 gaudia
3092 3347 3301 3404 sustolli
3326 3362 3436 3402 non
3470 3347 3700 3417 poterit,
3731 3342 3816 3413 qm"

2229 3466 2291 3507 ea
2319 3464 2416 3520 per
2443 3448 2553 3502 alta
2581 3454 2637 3501 et
2662 3442 2924 3499 lerventia
2964 3439 3230 3496 desideria
3269 3453 3377 3493 non
3405 3437 3653 3507 inquirit.
3692 3434 3817 3489 Cum

2228 3557 2358 3613 ergo
2388 3542 2514 3597 boni
2553 3539 2829 3595 auditores
2857 3552 2955 3609 per
2983 3534 3229 3605 exempla
3268 3531 3691 3604 praedicatorum
3718 3538 3822 3583 ter-

2228 3651 2360 3694 rena
2388 3642 2756 3699 contemnere,
2787 3640 2845 3687 et
2867 3645 3051 3687 amare
3072 3636 3272 3685 aeterna
3302 3625 3592 3695 incipiunt,
3623 3622 3800 3679 lsraeli

2229 3738 2408 3786 tarum
2436 3728 2679 3800 profecto
2720 3725 2815 3782 lilii
2841 3726 2895 3780 in
2924 3738 3113 3795 regum
3155 3721 3403 3777 curribus
3431 3726 3735 3789 ponuntur.
3765 3712 3827 3771 Et

664 3820 889 3861 munera
917 3820 1024 3905 “0?
1054 3803 1282 3905 δξθίρίίν
1315 3803 1584 3905 -ίυιξξθίυηξ
1622 3809 2042 3905 "00_P_e|‘V€"ili
2074 3817 2134 3883 ει
2232 3819 2549 3891 notandum,
2598 3818 2726 3888 quia
2770 3825 2827 3873 et
2883 3816 3001 3872 tolli
3048 3813 3317 3879 dicuntur,
3368 3817 3425 3866 et
3470 3810 3527 3863 in
3585 3806 3832 3863 curribus

544 3897 723 3955 oblata
748 3910 973 3952 munera
1000 3895 1190 3951 leviter
1227 3895 1455 3964 respuit,
1494 3896 1586 3965 qui
1616 3898 1854 3955 avaritiae
1890 3900 2119 3957 radicem

2232 3913 2396 3986 poni:
2422 3912 2548 3982 quia
2576 3911 2727 3981 prius
2756 3909 2956 3965 debent
2981 3922 3013 3962 a
3034 3906 3341 3962 carnalibus
3381 3902 3679 3957 desideriis
3724 3899 3834 3953 abs-

542 4004 576 4045 a
603 3988 767 4046 corde
792 4003 889 4044 suo
918 3986 1132 4059 penitus
1160 3985 1473 4056 extirpavit.
1502 3985 1612 4043 Sed
1640 3988 1799 4044 istam
1826 3990 2038 4061 culpam
2064 3992 2119 4044 li-

2238 4004 2395 4069 trabi,
2422 4010 2482 4057 ut
2500 4002 2640 4057 bene
2668 4000 2883 4055 valeant
2909 3996 3129 4068 superni
3150 3993 3352 4050 amoris
3380 3992 3595 4063 ignibus
3620 3990 3834 4045 inﬂam-

541 4081 736 4139 Ῑίοΐυῐη
772 4080 1056 4148 Samuelis,
1088 4078 1295 4149 Plenius
1340 4077 1597 4148 νίάεηάοο
1628 4095 1790 4150 quam
1835 4082 2131 4155 loquendo.
2236 4096 2389 4151 mari.
2423 4094 2555 4162 Quae
2571 4093 2820 4148 nimirum
2836 4098 3055 4147 terrena
3076 4088 3362 4155 desideria,
3385 4086 3507 4156 quia
3531 4100 3649 4138 non
3680 4082 3840 4137 facile

542 4174 861 4246 colligimus.
893 4173 1025 4231 Nam
1046 4173 1092 4230 si
1118 4171 1188 4228 ad
1216 4170 1473 4229 destituta
1501 4170 1863 4231 Ecclesiarum
1888 4176 2008 4232 loca
2038 4193 2130 4234 re—
2236 4188 2576 4253 deseruntur,
2600 4186 2714 4240 ιοιιί
2744 4183 2839 4239 ﬁlii
2866 4182 3236 4253 pel-habemur,
3270 4179 3407 4234 Nam
3436 4190 3532 4247 per
3574 4187 3839 4243 magnam

543 4267 817 4337 spicimns,
849 4265 941 4322 ubi
968 4274 1118 4337 pater
1139 4268 1393 4328 senescit.
1421 4280 1604 4326 notam
1622 4267 1880 4335 avaritiae.
1899 4268 2134 4338 suscepti
2236 4280 2545 4338 violentiam
2584 4277 2701 4334 ﬁeri
2747 4283 2984 4347 oportet,
3013 4282 3073 4330 ut
3092 4282 3304 4329 terrena
3333 4268 3600 4326 desideria
3634 4266 3842 4323 electus

546 4358 805 4425 muneris,
833 4365 890 4412 et
933 4360 1174 4427 perversi
1197 4360 1386 4429 judicii
1405 4361 1498 4419 ﬁlii
1524 4363 1842 4420 incurrunt:
1874 4360 1999 4431 quia
2043 4362 2119 4418 ubi

2239 4375 2449 4430 auditor
2476 4372 2690 4444 penitus
2727 4371 2974 4435 deserat,
3006 4374 3062 4423 et
3099 4367 3154 4421 in
3191 4362 3504 4421 caelestibus
3531 4357 3841 4414 sublimiter

547 4448 844 4548 perulucra.
874 4448 1050 4548 turpia
1089 4454 1319 4519 rectoris
1367 4469 1605 4525 persona
1648 4453 1976 4517 dissolvitur,
2008 4452 2119 4509 sub-

2239 4483 2300 4523 se
2339 4466 2604 4523 sustollat.
2648 4462 2725 4518 De
2763 4463 2864 4517 hac
2891 4461 3091 4531 quippe
3122 4456 3378 4513 violentia
3424 4452 3695 4507 Dominus
3732 4450 3838 4502 ait:

546 4537 673 4640 Ξεξοῑὶ
701 4538 879 4640 gregis
906 4539 1070 4640 corda
1086 4540 1612 4640 facile-dissipantur,
1647 4544 1857 4640 utiltse
1882 4542 2133 4640 nequifer
2170 4628 2219 4640 _
2248 4558 2482 4630 Regnum
2517 4554 2871 4611 cwlorumuim
2899 4551 3114 4622 patitur,
3139 4558 3189 4604 et
3218 4545 3424 4603 violenti
3435 4544 3698 4614 diripiunt
3718 4537 3843 4594 illud

546 4629 750 4731 vivant,
799 4630 1012 4731 aliis
1046 4634 1295 4705 exempla
1334 4636 1615 4705 pravitatis
1667 4635 1963 4705 praebeant.
2032 4633 2119 4689 Set

2224 4654 2225 4661 ‘
2254 4628 2464 4722 (Mutila.
2490 4666 2565 4716 ιι,
2597 4648 2708 4716 η).
2732 4646 2807 4700 De
2835 4645 2936 4699 hac
2961 4643 3154 4697 Paulus
3177 4640 3279 4694 ait:
3297 4636 3463 4692 Nemo
3483 4636 3843 4698 coronabitur,

546 4718 682 4823 Eb“
719 4718 882 4823 Ξξ¹ηίίξ
899 4720 1063 4823 “id?
1075 4815 1083 4823 _
1100 4723 1356 4823 admirari
1379 4726 1581 4796 iudicia
1604 4726 1991 4823 οφξιὶυοιςηιξξ
2026 4724 2144 4781 Dei.
2253 4718 2352 4797 nisi
2380 4741 2465 4811 qui
2488 4739 2711 4810 legitime
2731 4734 2998 4791 certaverit
3028 4731 3117 4804 (II
3148 4730 3280 4785 Tim.
3311 4745 3368 4792 ιι,
3394 4727 3470 4797 5).
3496 4724 3664 4791 Quod
3684 4725 3848 4779 etiam

546 4808 681 4867 Nam
713 4808 810 4868 ﬁlii
850 4812 1135 4883 Samuelis!
1177 4815 1303 4871 dum
1340 4826 1468 4889 Ροδῑ
1519 4818 1799 4874 avaritiam
1850 4816 2146 4885 άεοιίηίωῑν
2253 4832 2337 4887 bis
2363 4808 2545 4885 verbis
2564 4828 2792 4882 latenter
2806 4824 3128 4891 ostenditur,
3155 4822 3278 4890 quia
3308 4818 3401 4873 lilii
3424 4817 3519 4885 qui
3552 4816 3849 4882 tolluntur,

549 4905 677 4960 dum
701 4920 885 5008 ‘causa
931 4909 1275 4979 pervertendi
1317 4910 1507 4979 judicii
1559 4926 1782 4967 munera
1826 4910 2119 4981 suscipiunt

2256 4938 2364 4978 non
2404 4921 2458 4975 in
2505 4918 2740 4983 sedibus,
2781 4915 2875 4971 sed
2924 4914 2977 4969 in
3012 4912 3259 4971 curribus
3295 4909 3422 4981 poni
3461 4908 3843 4979 perhibentur.

551 4996 773 5066 populo,
805 4996 892 5055 cui
921 5008 1181 5070 prmsunt,
1217 5001 1467 5073 exempla
1496 5001 1777 5072 pravitatis
1807 4999 2119 5071 impendunt

2256 5014 2427 5071 Curru
2451 5011 2666 5081 quidem
2691 5007 2891 5077 antiqui
2920 5019 3161 5075 pugnare
3189 5009 3609 5059 consueverunt.
3647 4999 3763 5056 Sed
3797 5004 3851 5053 et

548 5086 670 5158 Ipse
691 5099 869 5147 autem
895 5094 1145 5164 populus,
1187 5096 1315 5152 dum
1362 5110 1544 5166 regem
1592 5098 1746 5168 petit,
1791 5096 1858 5151 de
1905 5096 2142 5165 culmine
2242 5106 2335 5177 qui
2361 5116 2522 5160 curru
2542 5100 2770 5165 ducitur,
2795 5096 3036 5156 sublimis
3053 5110 3119 5152 ac
3141 5092 3391 5150 terribilis
3410 5099 3609 5146 contra
3635 5089 3851 5145 hostem

550 5184 841 5250 potestatis
891 5186 1168 5257 propheta:
1215 5187 1354 5244 ﬁlios
1404 5188 1607 5259 abiicit.
1641 5189 1784 5247 Deus
1804 5203 1936 5245 vero
1964 5188 2119 5245 omni.

2242 5198 2428 5254 fertur.
2472 5193 2644 5249 Elecu
2687 5190 2888 5249 etenim
2931 5188 3035 5244 viri
3078 5194 3232 5242 tanto
3274 5181 3629 5242 sublimiores
3690 5188 3858 5247 atque

550 5284 747 5342 potens
777 5285 832 5332 et
870 5289 1053 5348 regem
1095 5281 1396 5363 petentium
1424 5295 1615 5351 preces
1635 5282 1877 5351 suscipit,
1905 5289 1961 5337 et
2005 5281 2119 5337 iras

2246 5286 2597 5343 terribiliores
2621 5289 2749 5347 sunt
2794 5280 3017 5337 occultis
3065 5277 3331 5344 hostibus,
3385 5280 3594 5344 quanto
3650 5267 3859 5327 interni

551 5370 713 5431 citur,
742 5369 889 5438 quod
925 5380 1160 5441 petatur.
1201 5371 1403 5440 Quibus
1436 5371 1680 5444 profecto
1726 5375 1887 5430 rebus
1939 5373 2145 5430 turbari
2244 5377 2443 5432 amoris
2504 5372 2822 5435 celsitudine
2892 5371 3054 5427 altius
3124 5367 3495 5440 profecerunt.
3566 5363 3857 5420 Sublimcs

556 5468 870 5526 possumus,
925 5462 970 5517 si
1022 5479 1208 5519 eorum
1257 5467 1525 5522 rationem
1584 5481 1693 5522 non
1739 5466 2007 5524 subtiliter
2060 5465 2144 5522 vi-
2244 5469 2442 5540 quippe
2461 5475 2607 5533 sunt,
2636 5466 2762 5534 quia
2792 5477 2962 5533 usque
2986 5461 3055 5517 ad
3093 5475 3281 5517 eorum
3324 5457 3701 5514 intentionem
3742 5469 3860 5507 ma-

556 5550 798 5648 dcamus.
829 5549 967 5618 Quid
996 5555 1139 5648 enim
1166 5556 1363 5625 justius
1407 5568 1509 5624 est,
1542 5568 1805 5627 quam,ut
1832 5559 2014 5629 populi
2049 5558 2137 5629 ju-
2246 5560 2511 5629 lignorqu
2551 5557 2834 5629 spirituum
2880 5552 3152 5624 suggestio
3193 5568 3303 5621 non
3346 5548 3636 5622 pertingit.
3677 5544 3861 5603 Terri-

558 5637 698 5695 dicio
751 5652 988 5718 corruat,
1032 5646 1123 5716 qui
1161 5648 1393 5716 reprobo
1442 5651 1638 5706 mentis
1677 5666 1786 5707 suae
1809 5651 2011 5722 judicio
2058 5652 2136 5709 sic
2242 5652 2378 5709 biles
2422 5653 2584 5715 etiam
2636 5660 2800 5717 sunt,
2851 5648 2979 5720 quia
3027 5647 3323 5718 reprobate
3363 5658 3557 5719 eorum;
3617 5642 3863 5711 cerialia

637 5851 658 5877 “
686 5839 865 5899 Vatic.
889 5852 943 5898 et
968 5842 1155 5914 Gilot.,
1184 5847 1535 5915 pro/libentur.
