4020 6344
275 349 383 406 237

1101 354 1169 413 lN
1204 356 1471 419 PRIMUM
1509 359 1750 422 REGUM
1791 365 2307 438 EXPOSITIONES.
2348 411 2418 425 -
2454 385 2583 444 LIB.
2625 389 2716 448 Π.

3432 409 3542 474 238

271 475 424 525 tanto
451 465 659 526 facilius
684 475 930 540 possunt,
961 481 1164 546 quanto
1191 491 1289 558 per
1317 479 1489 536 intimi
1521 482 1741 542 affectus
1769 487 1849 542 vi-
1875 491 1930 552 Α
1954 496 2196 565 exempla
2226 499 2545 575 electorum,
2579 525 2699 581 quae
2727 523 2946 586 norunt,
2975 521 3045 577 ad
3071 537 3310 588 amorem
3337 529 3538 595 Condi-

271 574 458 595 mn-nm
499 558 551 595 in
581 559 797 595 manas-ni
828 561 1002 595 unum:
1033 568 1486 595 ηηησηη...ι...εη,-
1537 591 1587 595 __
1812 587 1823 595 .
1962 594 1969 595 ,
2045 587 2056 595 .

266 574 458 628 gorem
498 558 554 614 in
581 559 798 631 superni
827 561 1005 631 gaudii
1033 556 1488 639 contemplatione
1530 579 1850 635 consistunt.

265 649 386 708 lioc
419 651 633 724 quidem
659 656 870 724 quoties
903 655 986 712 his
1028 655 1241 728 dieitur,
1275 663 1365 731 qui
1393 665 1569 722 adhuc
1608 671 1851 728 carnales

261 753 410 810 sunt,
442 743 650 817 piarum
677 747 940 803 minarum
971 749 1075 805 illis
1109 751 1321 809 bonitas
1359 759 1658 816 exhibetur.
1696 764 1850 830 Quod

265 839 374 894 tale
399 847 502 905 est,
533 853 597 895 ac
623 839 668 894 si
708 840 888 897 dicat:
921 841 1056 909 Quia
1086 846 1296 903 virtutis
1324 865 1611 920 personam
1641 859 1845 927 petitis,

258 929 363 983 sub
401 928 517 998 ejus
546 929 825 1000 disciplina
871 947 1067 990 vacare
1113 936 1234 991 vita:
1286 940 1396 995 otio
1452 959 1557 1000 non
1599 951 1842 1015 potestis.

256 1021 438 1087 Quare
465 1030 520 1078 et
547 1025 756 1097 equites
775 1027 916 1096 regis
943 1033 998 1082 et
1019 1039 1396 1099 persecutores
1424 1038 1682 1106 regalium
1713 1057 1844 1112 qua-

253 1111 548 1184 drigarum,
590 1116 789 1171 tribuni
829 1127 882 1172 et
923 1123 1268 1179 centuriones
1309 1124 1423 1180 ﬂeri
1471 1111 1838 1198 perhibentur.

252 1205 443 1262 Omnia
470 1207 684 1278 quidem
724 1210 836 1266 haec
863 1212 1068 1268 militiae
1097 1223 1322 1272 terrenae
1366 1228 1511 1277 sunt.
1557 1223 1690 1278 Dum
1714 1241 1841 1296 ergo

251 1297 484 1368 equites,
507 1310 558 1355 et
584 1311 959 1370 persecutores
981 1304 1381 1376 quadrigarum,
1409 1309 1626 1382 tribuni,
1650 1323 1704 1369 et
1723 1332 1843 1372 cen-

249 1389 494 1444 turiones
524 1390 640 1444 ﬁeri
670 1392 1053 1461 praedicuntur,
1086 1395 1152 1450 ad
1174 1411 1335 1452 omne
1368 1397 1494 1455 belli
1525 1405 1839 1463 exercitium

248 1490 673 1538 summoventur.
717 1481 941 1552 Equites
965 1486 1166 1557 quippe
1207 1499 1350 1556 sunt,
1382 1493 1596 1562 quando
1641 1495 1691 1549 in
1722 1498 1834 1552 vir-

246 1576 364 1626 tute
415 1572 630 1641 spiritus
688 1575 866 1630 carnis
913 1590 1022 1630 sua:
1073 1577 1358 1650 voluptatis
1419 1580 1559 1638 ﬂuxa
1615 1589 1836 1644 restrin-

245 1669 460 1731 gantur,
507 1669 567 1718 et
600 1665 808 1720 cunctis
855 1664 1183 1723 illecebrosis
1233 1672 1466 1728 motibus
1506 1690 1696 1746 magna
1737 1695 1836 1748 po-

244 1760 442 1809 testate
468 1753 833 1812 dominantur.
877 1757 1038 1813 Velut
1065 1759 1207 1815 enim
1237 1777 1376 1832 equo
1415 1767 1655 1824 sublimis
1685 1769 1832 1825 inve-

243 1837 406 1909 hitur,
429 1844 520 1914 qui
543 1860 639 1915 per
666 1847 866 1903 bonum
895 1851 1158 1907 castitatis
1175 1855 1323 1910 carni
1351 1873 1460 1912 suze
1484 1863 1822 1930 prcepositus,

242 1929 394 2002 liber,
427 1943 484 1990 et
501 1937 680 2003 velox,
708 1949 761 1995 et
791 1939 1027 2011 effugere
1062 1943 1292 2014 hestem,
1325 1965 1445 2004 cum
1485 1929 1822 2024 dedignatur,

239 2027 461 2096 poterit,
502 2037 557 2085 et
594 2030 862 2100 invadere,
890 2051 1010 2090 cum
1034 2033 1301 2106 dignatur.
1335 2042 1438 2097 Per
1463 2044 1566 2101 hoc
1606 2047 1827 2117 quidem

237 2119 390 2188 quod
429 2119 570 2177 bene
612 2126 897 2192 praesidere
941 2129 1156 2198 didicit,
1215 2141 1358 2189 tanta
1405 2137 1616 2194 virtutis
1652 2142 1825 2199 incre-

237 2218 428 2265 menta
457 2213 685 2284 accepit,
733 2226 792 2272 ut
832 2220 974 2275 velut
1018 2223 1274 2282 irruentis
1321 2231 1516 2299 equitis
1564 2233 1822 2305 impetum

234 2304 507 2360 ltrStinere
536 2308 702 2365 hostis
723 2323 828 2365 non
858 2315 1044 2394 possit.
1085 2313 1148 2371 Et
1186 2321 1310 2388 quia
1358 2323 1411 2378 in
1460 2325 1672 2384 virtutis
1713 2347 1822 2387 suae

235 2384 434 2449 robore
465 2399 714 2468 exempla
753 2384 1046 2461 electorum
1081 2384 1300 2466 Patr—um
1351 2427 1666 2488 sequuntur,
1701 2437 1822 2491 per-

233 2492 513 2541 secutores
555 2493 682 2544 sunt
723 2493 984 2564 regalium
1029 2499 1428 2572 quadrigarum.
1483 2509 1632 2580 193
1677 2510 1817 2578 Qua«

234 2573 395 2645 driga:
443 2581 641 2636 etenim
680 2585 820 2654 regis
857 2597 1006 2659 sunt,
1049 2591 1193 2649 bona
1217 2600 1460 2669 exempla
1483 2573 1648 2658 cicc'ti
1679 2573 1816 2675 pra:-

232 2665 506 2724 dicatoris.
555 2670 615 2726 in
663 2674 742 2730 eis
782 2678 982 2750 quippe
1033 2689 1088 2737 et
1127 2665 1818 2765 pugnans-ettriumphans

231 2759 584 2816 ostenditur:
639 2768 764 2836 quia
810 2769 936 2826 dum
983 2785 1170 2832 sancta
1227 2793 1391 2850 Opera
1449 2759 1817 2854 prmdicatoris

230 2852 538 2921 aspicimus,
569 2857 713 2915 hunc
759 2863 1003 2932 profecto
1045 2871 1326 2929 sublimem
1361 2877 1605 2936 videmus
1652 2891 1707 2937 et
1761 2885 1816 2941 in

226 2956 411 3011 agone
437 2952 755 3022 certaminis,
788 2963 844 3011 et
869 2959 923 3013 in
955 2962 1154 3020 virtute
1183 2966 1459 3038 triumphi.
1493 2971 1598 3027 Sed
1622 2990 1814 3032 carna-

228 3033 376 3093 libus
393 3039 664 3100 desideriis
685 3051 929 3119 oppressi
960 3051 1140 3110 videre
1163 3057 1307 3115 hunc
1330 3060 1383 3116 in
1408 3063 1681 3136 quadrigis
1703 3071 1815 3127 suis

225 3141 472 3199 possunt,
497 3141 742 3208 persequi
785 3142 902 3211 ejus
929 3148 1212 3219 quadrigas
1243 3168 1350 3208 non
1379 3167 1621 3226 possunt.
1649 3160 1808 3219 Velut

224 3224 442 3294 pedites
479 3229 677 3300 quippe
721 3233 775 3290 in
817 3237 978 3306 plano
1007 3250 1131 3297 sunt
1157 3245 1290 3313 pigri
1311 3224 1394 3303 ad
1423 3266 1653 3321 cursum,
1714 3257 1810 3312 de-
1834 3228 1882 3293 ο

224 3313 362 3371 biles
409 3317 476 3372 ad
504 3321 834 3381 conﬂictum.
867 3324 938 3383 Ut
979 3345 1108 3401 ergo
1136 3337 1342 3404 regales
1372 3313 1658 3412 quadrigas
1689 3363 1811 3416 per-

225 3411 380 3480 sequi
424 3413 659 3482 valeant,
691 3419 836 3488 prius
856 3424 1065 3493 equites
1091 3424 1238 3496 ﬂant,
1285 3439 1498 3490 terrena
1545 3411 1809 3498 desideria

228 3510 532 3572 conterant,
561 3510 711 3563 carni
734 3527 842 3567 sua:
868 3518 1211 3588 praesideant,
1242 3525 1511 3593 pudicitiae
1539 3541 1808 3588 armatura

225 3591 569 3650 candescant.
593 3595 742 3654 Tunc
762 3603 975 3670 quidem
1007 3616 1129 3677 post
1155 3591 1356 3667 electos
1383 3613 1568 3672 Patres
1597 3618 1652 3673 in
1699 3623 1810 3692 spi-

222 3682 404 3738 rituali
447 3685 702 3745 conﬂictu
731 3708 949 3750 currere
983 3706 1135 3754 tanto
1176 3701 1454 3761 decentius
1503 3723 1807 3778 possumus,

223 3783 426 3843 quanto
475 3793 573 3848 per
619 3781 676 3836 id
714 3784 858 3852 quod
902 3788 1056 3846 nobis
1105 3791 1443 3850 laudabiliter
1486 3813 1804 3868 praesumus,

219 3868 554 3926 occultorum
585 3872 818 3929 hostium
849 3880 1060 3946 agmina
1085 3893 1336 3952 potenter
1376 3887 1616 3947 ferimus.
1649 3893 1805 3960 Quod

217 3956 290 4024 si,
317 3959 465 4013 velut
498 3961 678 4031 plures
725 3967 925 4024 habent
969 3973 1209 4044 codices,
1258 3993 1362 4033 non
1409 3992 1804 4056 persecutores,

219 4048 322 4103 sed
363 4065 712 4119 precursores
739 4059 982 4131 legimus,
1026 4081 1055 4120 a
1092 4068 1236 4124 bono
1263 4073 1536 4131 intellectu
1566 4094 1673 4134 non
1704 4096 1801 4136 va-

217 4148 328 4198 cat.
369 4141 646 4214 Regalium
693 4152 908 4220 quidem
952 4159 1328 4230 quadrigarum
1375 4183 1672 4236 praecursor
1701 4182 1802 4244 est,

216 4234 311 4302 qui
355 4235 540 4293 laudat
587 4242 753 4298 verbo
800 4250 1044 4318 exempla
1087 4234 1387 4320 iustorum.
1408 4259 1510 4327 Qui
1550 4265 1802 4323 nimirum

217 4340 383 4395 eques
410 4343 531 4387 esse
579 4333 774 4390 debet:
825 4339 948 4408 quia
977 4347 1237 4413 reprobus
1283 4351 1532 4410 laudator
1578 4367 1678 4428 est,
1710 4361 1803 4430 qui

216 4415 380 4472 altam
420 4420 587 4476 vitam
629 4433 789 4495 atque
833 4429 1131 4487 doctrinam
1169 4449 1476 4497 sanctorum
1523 4415 1800 4518 praedicat,

216 4523 376 4577 quam
428 4515 643 4572 sublimi
690 4524 967 4591 proposito
1012 4527 1208 4584 imitari
1253 4515 1591 4606 nequaquam
1625 4515 1798 4595 curat.

211 4601 319 4658 Sed
343 4608 435 4675 qui
473 4609 700 4665 aliorum
738 4615 920 4684 vitam,
945 4627 1107 4688 atque
1148 4601 1466 4683 doctrinam-
1494 4647 1796 4704 proponere
1822 4617 1876 4680 D

210 4695 327 4750 aliis
355 4698 423 4752 ad
451 4699 803 4760 imitationem
835 4711 1001 4776 novit,
1028 4711 1140 4781 jam
1162 4716 1376 4785 quidem
1407 4695 1662 4790 spiritalis
1696 4728 1796 4782 mi-

206 4783 336 4841 litia
375 4805 497 4847 esse
543 4797 797 4865 magister
833 4799 1037 4873 incipit.
1097 4783 1243 4864 Bene
1286 4824 1416 4882 ergo
1435 4783 1794 4886 subjunctum

208 4886 292 4932 est
324 4898 338 4932 :

277 4967 320 5039 (1
345 4969 481 5042 Reg.
509 4989 622 5044 vm,
652 4977 767 5053 12.)
808 4981 881 5038 Et
906 4990 1180 5044 constituet
1205 4992 1306 5048 sibi
1334 4993 1586 5069 tribunos,
1608 5008 1660 5055 et
1679 5017 1794 5057 cen-

206 5059 462 5118 turiones.

380 5153 599 5215 Tribuni
618 5172 764 5231 sunt,
791 5181 914 5224 cum
937 5171 1238 5242 incipiunt:
1271 5179 1637 5252 centuriones,
1666 5199 1790 5240 cum

199 5239 254 5294 in
285 5243 512 5312 spiritali
544 5255 856 5323 magisterio
876 5239 1246 5330 perficiuntur.
1279 5267 1510 5341 Etenim,
1538 5283 1596 5330 ut
1620 5239 1785 5348 supe-

199 5334 320 5390 rius
345 5337 599 5411 diximus,
636 5362 666 5402 a
696 5357 1008 5413 centenario
1043 5375 1267 5419 numero
1297 5363 1491 5422 dicitur
1519 5373 1784 5430 centurio.

97 5444 100 5446 ν
199 5421 425 5486 Tribuni
445 5435 607 5492 etiam
626 5440 847 5516 intelligi
861 5459 1086 5527 possunt
1101 5456 1407 5524 spirituales
1422 5461 1542 5527 viri,
1561 5464 1787 5520 scientia

197 5515 494 5623 piarplices,
525 5531 619 5586 sed
640 5515 827 5592 amore
856 5515 950 5594 Dei
970 5548 1024 5594 et
1055 5515 1285 5613 proximi
1315 5546 1649 5608 inﬂammati.
1683 5555 1786 5623 Qui

195 5600 329 5665 licet
354 5613 463 5672 aita
508 5628 568 5677 et
610 5623 910 5696 spiritualia
944 5600 1093 5707 loqui
1139 5600 1649 5710 nescia—litamen-

266 5823 298 5856 ι
325 5816 517 5894 δῦθι,
566 5842 741 5889 eorum
765 5835 1027 5911 adjutores
1049 5849 1198 5915 atque
1216 5851 1541 5915 cooptatores
1566 5846 1716 5919 ﬁunt.

1955 587 2108 656 toris,
2135 606 2270 661 quos
2315 599 2627 673 praevalent,
2682 609 2979 668 accendere
3003 629 3289 687 conantur.
3342 621 3537 687 Tribus

1950 681 2164 750 quidem
2192 692 2458 761 cognatio,
2488 695 2602 752 sive
2629 701 2777 756 curia
2807 704 3022 764 dicitur.
3068 709 3128 767 Si
3155 683 3286 785 ergo
3333 720 3536 778 tribuni

1948 772 2195 833 dicuntur
2223 796 2253 836 a
2284 784 2445 852 tribu,
2467 789 2560 857 qui
2589 791 2654 846 ad
2683 795 2986 863 profectum
3010 805 3382 873 proximorum
3407 828 3535 870 san-

1947 872 2154 920 ctorum
2196 874 2443 944 exempla
2473 879 2772 950 proferunt,
2810 872 3022 946 tribuni
3042 897 3410 956 nominantur.
3452 903 3534 958 Ad

1946 957 2300 1018 rusticitatem
2342 967 2558 1036 quidem
2603 983 2844 1033 nostram
2903 981 3328 1058 destruendam,
3385 993 3534 1049 velut

1944 1050 2090 1104 curia
2121 1056 2362 1126 veniunt,
2411 1064 2626 1131 quando
2682 1071 2839 1127 nobis
2893 1074 2984 1131 illa
3033 1093 3380 1151 proponunt,
3431 1100 3532 1154 per

1943 1157 2061 1214 qua:
2089 1149 2259 1203 sancti
2289 1153 2388 1206 viri
2433 1160 2787 1228 omnipotenti
2824 1166 2935 1224 Deo
2963 1171 3236 1240 placuere.
3281 1149 3372 1230 Et
3403 1192 3526 1233 cum

1940 1421 2207 1487 aperiunt.
2249 1423 2604 1488 Centuriones
2625 1450 2753 1506 ergo
2789 1439 3017 1512 intelligi
3037 1447 3138 1502 viri
3162 1449 3521 1517 perfectiores

1937 1520 2179 1580 possunt,
2213 1516 2300 1584 qui
2330 1520 2738 1588 prtedicatorum
2764 1532 3072 1600 magisterio
3092 1516 3218 1593 dum
3235 1541 3373 1597 bene
3395 1557 3522 1610 pro-

1940 1600 2143 1677 ficiunt,
2180 1615 2206 1643 ει
2238 1623 2426 1666 eorum
2453 1616 2730 1675 auditores
2756 1630 2920 1692 atque
2946 1639 3331 1698 cooperatores
3361 1633 3516 1689 ﬁunt.

1937 1692 2012 1748 De
2034 1696 2226 1766 quibus
2255 1703 2498 1771 profecto
2525 1709 2578 1762 in
2609 1707 2898 1782 Evanger
2944 1692 3204 1778 Dominus
3231 1725 3307 1779 ait
3337 1743 3350 1778 :
3385 1725 3517 1782 0m-

1935 1785 2016 1837 uis
2043 1787 2211 1840 scriba
2241 1791 2420 1848 doctus
2440 1797 2494 1850 in
2523 1814 2680 1868 regno
2706 1804 2967 1873 oculorum,
3000 1812 3184 1866 similis
3214 1823 3292 1868 est
3319 1816 3518 1871 homini

1859 1854 1902 1936 Β
1931 1879 2322 1949 patrifamilias,
2377 1889 2463 1954 qui
2491 1891 2690 1959 profert
2714 1894 2777 1948 de
2802 1897 3043 1956 thesauro
3073 1919 3166 1958 suo
3196 1921 3330 1959 nova
3356 1918 3405 1962 et
3427 1925 3513 1962 ue-

1931 1979 2041 2021 tera
2066 1969 2277 2039 (Matth.
2308 1991 2421 2042 xm,
2453 1976 2560 2049 5:2).
2588 1981 2744 2041 Tales
2767 1987 2967 2058 quippe
2994 2005 3104 2046 non
3123 1995 3296 2050 solum
3320 2013 3514 2067 opera-

1928 2062 2075 2120 tione
2094 2069 2346 2138 praecipui
2371 2081 2512 2139 sunt,
2543 2076 2638 2148 sed
2657 2078 2818 2136 etiam
2840 2082 2989 2138 verbi
3016 2083 3112 2140 Dei
3133 2086 3357 2144 scientia
3385 2105 3514 2147 eru-

1929 2151 2045 2208 diti.
2109 2154 2262 2214 Unde
2284 2169 2339 2216 et
2358 2162 2426 2216 ad
2454 2165 2712 2234 spiritalis
2735 2170 2944 2228 militite
2971 2175 3282 2232 conﬂictum
3308 2180 3510 2238 cohor-

1927 2246 2031 2314 tari
2059 2249 2338 2317 proximos
2367 2260 2521 2311 tanto
2553 2258 2739 2316 utilius
2769 2273 3015 2332 possunt,
3067 2276 3272 2335 quanto
3294 2278 3348 2326 et
3377 2281 3509 2341 arta,

1925 2352 2044 2407 quze
2087 2340 2381 2408 praedicare
2409 2346 2610 2417 sciunt,
2668 2351 2723 2405 in
2746 2367 2912 2422 opere
2940 2356 3154 2414 virtutis
3193 2340 3507 2424 ostendunt.

1923 2427 2137 2486 Habent
2187 2434 2242 2489 in
2289 2438 2592 2502 eruditione
2644 2445 2828 2512 verba,
2881 2448 3086 2506 habent
3134 2453 3204 2506 ad
3261 2455 3509 2526 exempla

1921 2522 2242 2591 simplicium
2288 2543 2496 2598 opera:
2539 2539 2600 2586 ut
2645 2534 2755 2590 alta
2801 2552 2922 2606 qua:
2950 2538 3244 2609 loquuntur
3295 2522 3510 2614 sapien-

1920 2619 2041 2679 tes,
2094 2614 2431 2686 intelligant;
2486 2629 2542 2676 et
2579 2624 2673 2692 qui
2701 2626 2988 2704 verborum
3032 2642 3238 2689 secreta
3278 2650 3386 2690 non
3426 2637 3509 2691 vi-

1921 2703 2050 2760 dent
2097 2708 2151 2761 in
2209 2709 2447 2781 intimis,
2514 2715 2792 2774 imitentur
2855 2736 3059 2791 opera,
3129 2739 3250 2796 qua:
3316 2728 3503 2784 vident

1918 2793 2072 2851 foris.
2115 2798 2472 2860 Centuriones
2500 2821 2628 2876 ergo
2658 2810 3076 2884 constituuntur,
3120 2818 3340 2887 quando
3375 2835 3501 2891 per-

1918 2887 2151 2947 fectione
2199 2896 2447 2964 virtutis,
2503 2901 2720 2958 culmen
2775 2905 3020 2962 obtinent
3055 2887 3394 2980 dignitatis:
3443 2923 3506 2972 ut

1917 2980 2219 3039 sublimiter
2258 2987 2462 3058 vivant,
2511 2999 2567 3047 et
2611 3009 2719 3065 quo
2748 2996 2911 3055 altius
2938 2999 3145 3071 vivunt,
3193 3005 3379 3063 utilius
3401 3007 3503 3066 do-

1916 3085 2093 3132 ceant.

1987 3167 2040 3224 6.
2090 3170 2200 3227 Sed
2221 3173 2312 3242 qui
2341 3178 2690 3246 centuriones
2735 3190 2883 3251 sunt,
2924 3199 3048 3242 cum
3077 3187 3205 3244 belli
3252 3197 3499 3263 tempora

1916 3264 2188 3332 ordinent,
2217 3269 2484 3339 proﬁcere
2511 3271 2750 3330 debent:
2802 3284 2864 3332 ut
2913 3279 3064 3348 pacis
3091 3281 3255 3336 etiam
3292 3281 3498 3342 fructus

1914 3356 2059 3412 ferre
2085 3369 2504 3427 cognoscantur.
2535 3357 2665 3419 Post
2685 3366 2940 3424 tribunos
2966 3383 3117 3437 ergo,
3143 3378 3200 3425 et
3221 3374 3498 3429 centurio-

1912 3463 2028 3513 nes,
2071 3463 2324 3518 agrorum
2345 3451 2490 3524 fiunt
2517 3465 2781 3523 aratores,
2822 3465 2877 3518 et.
2904 3473 3174 3518 messores
3208 3472 3494 3532 segetum;

1913 3548 1973 3602 ut
2021 3540 2282 3596 victorum
2328 3541 2442 3610 jam
2493 3544 2656 3606 corda
2684 3562 2904 3614 vomere
2930 3549 3326 3612 adhortationis
3362 3571 3495 3626 ape-

1911 3628 2072 3708 riant,
2131 3645 2198 3685 ex
2227 3631 2416 3701 quibus
2440 3633 2657 3691 uberius
2679 3637 2948 3708 bonorum
2975 3659 3204 3712 operum
3254 3647 3496 3703 triticum

1918 3701 2076 3792 194
2103 3730 2327 3778 metant.
2368 3723 2527 3780 Velut
2548 3727 2603 3781 in
2633 3743 2767 3798 pace
2934 3701 3150 3805 quidem
3172 3745 3347 3805 arant,

1911 3831 1975 3872 ea
2004 3817 2190 3886 corda,
2213 3834 2332 3887 quae
2359 3820 2622 3891 spiritalia
2670 3824 3110 3895 impugnamenta
3154 3831 3491 3900 devicerunt,

1909 3906 1980 3962 ad
2027 3911 2332 3967 exercenda
2373 3928 2541 3983 opera
2587 3915 2805 3985 pietatis
2850 3920 3108 3976 excitant.
3157 3921 3224 3977 Et
3278 3932 3491 3993 segetes

1908 4009 2140 4070 metunt,
2170 4004 2384 4074 quando
2414 4005 2481 4062 de
2509 4006 2675 4063 divini
2701 4009 2849 4066 verbi
2874 4013 3099 4078 semine,
3129 4017 3352 4082 quodin
3391 4033 3491 4072 au-

1906 4091 2143 4148 ditorum
2197 4096 2446 4154 cordibus
2483 4110 2811 4170 sparserant,
2861 4105 3034 4159 electa
3082 4120 3250 4173 opera
3292 4122 3486 4175 proru-

1904 4185 2050 4254 pisse
2089 4188 2448 4255 gratulantur.
2473 4188 2634 4262 Velut
2661 4193 2806 4247 enim
2842 4192 2910 4251 de
2956 4208 3085 4263 agro
3122 4195 3364 4252 triticum
3382 4197 3456 4252 fal

1905 4276 2057 4338 cibus
2078 4286 2307 4345 metunt,
2362 4280 2577 4349 quando
2607 4282 2860 4351 amplexu
2886 4283 3186 4352 charitatis,
3214 4285 3272 4340 id
3301 4287 3371 4344 de
3392 4301 3487 4344 su-

1903 4383 2068 4437 perna
2116 4374 2529 4428 conversatione
2567 4373 2859 4445 accipiunt,
2915 4391 3024 4447 quo
3069 4377 3284 4438 interna
3317 4380 3488 4438 devo-

1904 4463 2052 4518 tione
2079 4467 2362 4521 satientur.

1973 4554 2022 4609 7.
2066 4557 2173 4611 Sed
2201 4559 2437 4632 quandiu
2476 4560 2530 4616 in
2559 4562 2661 4618 hac
2679 4563 2792 4619 vita
2818 4563 3069 4634 vivimus,
3094 4567 3149 4624 in
3171 4583 3308 4638 pace
3336 4570 3486 4632 nulla

1899 4646 2256 4715 possidemus.
2298 4651 2563 4722 Antiquus
2615 4655 2813 4711 etenim
2843 4657 3036 4725 hostis,
3094 4660 3219 4728 quia
3265 4676 3480 4732 semper

1897 4738 2037 4793 bene
2065 4739 2347 4806 agentibus
2376 4741 2712 4814 adversatur,
2743 4762 2967 4808 necesse
3013 4758 3098 4806 est
3138 4767 3352 4822 semper
3382 4768 3483 4807 nos

1897 4842 1959 4882 ea
1986 4843 2104 4897 quae
2122 4829 2259 4886 bene
2282 4832 2508 4901 agimus,
2535 4835 2903 4894 defendamus.
2920 4839 3098 4906 Quare
3119 4850 3176 4897 et
3195 4843 3334 4897 bene
3359 4851 3483 4911 post

1895 4927 2136 4976 aratores
2183 4936 2456 4993 agrorum,
2508 4934 2564 4981 et
2612 4937 2854 4997 segetum
2883 4946 3170 4999 messores,
3203 4947 3480 4996 armorum

1892 5007 2046 5078 fabri,
2079 5020 2134 5066 et
2179 5027 2431 5068 curruum
2476 5016 2614 5085 regis
2659 5018 2774 5073 tit-ri
2817 5020 3190 5088 perhibentur.
3232 5018 3395 5075 Arma
3421 5029 3479 5077 et

1895 5117 2083 5159 currus
2124 5102 2405 5172 fabricant,
2465 5116 2524 5162 ut
2572 5107 2715 5178 ipsos
2763 5123 2920 5179 agros
2987 5125 3122 5181 quos
3171 5112 3427 5174 excolunt
3457 5151 3476 5174 .

1894 5206 2093 5262 easque
2141 5201 2349 5262 segetes
2396 5211 2530 5265 quas
2582 5207 2821 5266 metunt,
2872 5198 3184 5266 defendant.
3236 5202 3471 5258 Currum

1892 5285 2091 5356 quippe
2138 5285 2427 5355 fabricant,
2487 5298 2546 5344 ut
2592 5291 2659 5345 ad
2708 5306 2991 5346 occursum
3039 5293 3476 5354 adversariorum

1891 5377 2106 5432 veloces
2134 5386 2240 5432 smt
2266 5395 2279 5432 :
2329 5395 2478 5435 arma
2503 5397 2655 5449 vero,
2687 5389 2745 5436 ut
2783 5383 2890 5438 sint
2918 5392 3184 5454 potentes.
3244 5384 3473 5444 Currum

1891 5467 2108 5537 quidem
2136 5471 2520 5541 conscendunt,
2547 5481 2604 5529 ut
2632 5489 2825 5542 magno
2842 5475 3044 5547 impetu
3068 5484 3242 5534 castra
3263 5477 3472 5534 damo-

1891 5573 2017 5612 num
2069 5568 2330 5628 atterant;
2381 5572 2468 5630 et,
2511 5555 2573 5618 ut
2615 5566 2956 5636 exstinguant
2997 5583 3132 5637 quos
3180 5569 3470 5639 impetum,

1891 5665 2040 5707 arma
2063 5661 2300 5724 portant.
2330 5652 2389 5711 In
2409 5655 2511 5712 hac
2532 5654 2730 5729 quippe
2750 5673 2940 5717 currus
2979 5661 3312 5720 sublimitate
3355 5669 3467 5718 sta-
