4020 6344
248 445 349 504 ΞΗ

1072 434 1141 491 ΙΝ
1178 432 1440 490 PRIMUM
1481 430 1723 489 ΗΒΕ-ΟΜ
1765 430 2286 495 EXPOSITIONES.
2325 468 2396 482 —
2434 439 2563 495 LIB.
2609 440 2692 498 IV.

3427 455 3534 512 242

242 554 624 621 delectationis
645 552 951 624 refrigerat,
981 551 1170 607 aeterni
1212 550 1315 606 sibi
1344 548 1576 605 incendii
1606 548 1838 603 retribu-
1860 546 1924 609 Δ
1949 556 2032 605 ter
2060 551 2253 609 infudit
2280 554 2501 626 (Coloss.
2526 573 2563 622 ι,
2600 556 2711 628 l9).
2761 558 2870 616 Nos
2907 569 3111 634 autem,
3141 566 3266 636 quia
3298 567 3368 624 de
3413 571 3531 639 ple-

242 657 451 711 tionem
492 656 666 722 parat.
694 646 850 703 Unde
876 654 1003 715 apte
1027 644 1187 699 nimis
1215 643 1453 712 ejusdem
1500 642 1673 697 vinea:
1720 639 1837 695 fru-

240 757 364 803 ctus
395 756 699 814 exponens,
728 753 890 795 uvam
917 737 1075 803 fellis,
1135 744 1191 793 et
1224 736 1440 791 botrum
1463 732 1836 790 amaritudinis

238 839 398 894 dixit.
433 834 549 890 Uva
570 834 771 904 quippe
811 832 867 886 in
905 831 1024 887 visu
1051 837 1155 899 est,
1202 829 1273 885 fel
1302 830 1354 883 in
1385 844 1617 899 sapore:
1659 827 1836 882 visum

238 930 545 992 obiectans,
567 932 784 995 gustum
804 922 1133 989 amaricans;
1164 922 1289 993 quia
1313 922 1565 977 nimirum
1590 920 1836 991 reprobat

240 1020 413 1077 menti
444 1016 601 1073 valde
632 1017 833 1088 placet,
856 1015 1001 1085 quod
1030 1013 1382 1084 concupiscit,
1424 1013 1519 1069 sed
1549 1012 1603 1068 in
1630 1022 1834 1069 aaterna

240 1129 428 1186 pmna,
477 1112 621 1181 quod
670 1110 773 1167 sibi
819 1109 982 1164 modo
1034 1117 1118 1164 est
1144 1108 1322 1174 dulce,
1379 1107 1683 1163 amarescit.
1716 1106 1834 1163 Rex

242 1219 374 1274 ergo
404 1204 558 1259 nobis
585 1216 745 1272 agros
774 1200 936 1268 tollit,
960 1216 1084 1257 cum
1105 1201 1312 1257 electus
1336 1198 1659 1271 praedicator
1680 1199 1833 1254 laetos

239 1298 294 1354 in
321 1295 683 1352 delectatione
730 1302 911 1349 motus
964 1293 1144 1348 carnis
1169 1299 1368 1348 nostra:
1397 1291 1667 1361 loquendo
1703 1291 1833 1345 sub-

241 1391 425 1447 trahit.
484 1389 677 1444 Vineas
706 1387 870 1455 tollit,
927 1402 1050 1441 cum
1090 1386 1398 1442 debriantes
1446 1384 1836 1455 concupiscen-

236 1484 342 1538 tias
371 1498 402 1537 a
426 1480 591 1538 corde
619 1489 808 1537 nostro
836 1479 1054 1551 penitus
1082 1479 1368 1535 abscindit.
1419 1476 1628 1533 Oliveta
1663 1478 1828 1533 etiam

237 1573 399 1637 tollit,
432 1588 553 1628 cum
608 1571 757 1627 falsa:
801 1569 1187 1627 misericordia:
1240 1584 1407 1640 opera
1454 1569 1824 1640 reprehendit,

235 1684 364 1723 cum
408 1674 559 1722 recte
597 1663 939 1721 exhortando
980 1663 1243 1733 suggerit,
1285 1662 1491 1717 nullum
1517 1678 1637 1719 esse
1666 1664 1827 1718 meri-

234 1769 350 1815 tum
379 1758 578 1829 operis,
634 1756 737 1813 nisi
784 1754 1015 1828 prodeat
1042 1756 1110 1810 de
1154 1754 1435 1825 proposito
1459 1754 1615 1810 bona:
1642 1754 1822 1810 inten-

233 1852 415 1908 tionis.

1940 642 2185 699 nitudine
2229 646 2349 716 ejus
2398 664 2588 705 omnes
2639 654 2987 723 accepimus,
3038 658 3181 713 dona
3230 662 3530 728 gratiarum

1939 750 2039 805 per
2066 745 2246 805 partes
2273 738 2468 795 divisas
2504 743 2862 812 possidemus.
2891 746 3027 804 llinc
3055 750 3249 808 Paulus
3278 755 3354 807 ait
3380 771 3393 805 :
3428 755 3533 809 Alii

1939 828 2141 899 quidem
2171 847 2263 899 per
2282 833 2520 899 spiritum
2547 834 2702 889 datur
2731 854 2899 894 sermo
2928 843 3221 912 sapientite,
3243 846 3333 899 alii
3361 864 3531 902 sermo

1940 918 2188 983 scientiis,
2226 922 2316 975 alii
2340 940 2530 993 genera
2560 927 2872 998 linguarum,
2906 932 2998 985 alii
3033 934 3389 1005 interpretatio
3421 956 3532 991 ser-

1937 1024 2167 1076 monum,
2201 1013 2351 1068 alteri
2380 1016 2511 1085 ﬁdes
2531 1019 2585 1072 in
2609 1020 2787 1073 eodem
2813 1022 3018 1092 spiritu,
3045 1025 3136 1079 alii
3167 1030 3397 1097 operatio
3426 1033 3532 1085 vir-

1941 1110 2124 1171 tutum,
2155 1104 2246 1158 alii
2274 1108 2562 1177 prophetia,
2595 1111 2688 1165 alii
2723 1112 2965 1169 discretio
2993 1118 3266 1187 spirituum
3322 1120 3376 1190 (1
3403 1120 3526 1178 Cor.

1936 1207 2030 1259 ιιι,
2060 1194 2138 1264 8).
2164 1195 2393 1254 Denario
2420 1215 2550 1256 vero
2584 1204 2737 1273 197
2771 1220 3017 1275 numero,
3077 1211 3202 1281 quia
3252 1213 3527 1281 perfectus

1936 1291 2037 1348 est,
2086 1286 2316 1344 virtutes
2364 1291 2794 1366 addecimamus,
2840 1313 2964 1354 cum
3012 1301 3339 1371 singulorum
3384 1306 3528 1363 dona

1935 1376 2232 1434 electorum
2264 1382 2587 1452 colligimus,
2615 1403 2735 1458 qua:
2764 1390 3002 1447 minores
3044 1395 3342 1452 imitentur.
3391 1398 3526 1454 Nam

1934 1470 2001 1525 de
2024 1469 2210 1543 Moyse
2229 1475 2490 1543 scriptum
2522 1486 2603 1533 est
2629 1497 2642 1533 :
2701 1479 2834 1545 Quia
2881 1494 2994 1538 erat
3026 1488 3325 1543 mitissimus
3369 1507 3527 1561 super
3595 1554 3606 1563 .

1932 1578 2109 1620 omnes
2139 1567 2368 1624 homines
2388 1579 2539 1626 terra?
2559 1571 2746 1642 (Num.
2773 1592 2867 1643 xu,
2884 1578 2962 1648 5).
2989 1580 3066 1635 De
3088 1581 3358 1637 Abraham
3388 1599 3528 1654 quo-

1932 1672 2039 1727 que
2058 1657 2254 1714 dicitur
2279 1678 2291 1713 :
2322 1659 2555 1717 Credidit
2579 1664 2846 1721 Abraham
2877 1667 3008 1736 Deo,
3056 1680 3105 1725 et
3131 1683 3422 1741 reputatum
3449 1683 3528 1730 est

1930 1750 1979 1804 ei
2008 1750 2076 1803 ad
2089 1751 2348 1821 justitiam
2381 1753 2535 1825 (Gen.
2562 1772 2651 1822 xv,
2685 1756 2762 1827 6).
2814 1758 2947 1813 Cum
2988 1775 3117 1831 ergo
3158 1765 3523 1820 mansuetudi-

1936 1858 2058 1899 nem
2096 1860 2218 1900 cum
2266 1846 2368 1901 lide
2416 1847 2614 1903 imitari
2664 1850 2937 1917 volumus,
2988 1869 3214 1911 necesse
3264 1865 3348 1911 est
3375 1865 3436 1911 ut
3459 1856 3528 1912 de

307 1941 394 1997 10.
445 1940 552 1997 Sed
575 1939 733 1997 valde
762 1938 1114 2009 quaarendum
1139 1946 1244 2007 est,
1267 1954 1363 1995 cur
1391 1938 1506 1994 dari
1538 1941 1711 1996 servis
1734 1956 1824 1998 re-
1856 1934 1907 1994 B
1932 1942 2181 2011 exemplo
2206 1942 2377 2013 Moysi
2408 1953 2463 1998 et
2485 1943 2717 1999 Abrahae
2739 1943 2803 1999 ad
2824 1944 3173 2001 refectionem
3204 1950 3400 2004 mentis
3426 1966 3526 2004 no-

229 2035 315 2105 gis
344 2042 677 2091 asseruntur.
726 2033 861 2088 Nam
908 2034 953 2089 si
1008 2033 1123 2089 haec
1152 2033 1308 2088 nobis
1332 2032 1458 2102 jure
1488 2034 1825 2100 auferuntur,

228 2128 656 2197 quinaurerunt,
680 2125 872 2194 quibus
894 2140 999 2179 non
1024 2126 1242 2194 indigne
1286 2127 1627 2181 tribuantur?
1670 2124 1827 2193 Quod

229 2226 418 2272 tamen
456 2216 503 2272 si
552 2216 825 2273 subtiliter
876 2217 1186 2286 quaerimus,
1234 2231 1459 2286 magnos
1503 2218 1555 2271 in
1587 2218 1827 2287 imperiis

227 2312 342 2367 suis
364 2318 584 2366 sanctos
634 2310 1012 2380 praedicatores
1069 2319 1287 2365 nostros
1342 2310 1661 2365 invenimus.
1722 2311 1825 2376 Qui

228 2412 353 2461 sunt
374 2416 506 2472 ergo
530 2402 566 2466 ii
596 2402 762 2465 servi,
792 2404 891 2463 nisi
915 2403 1013 2471 illi,
1039 2403 1107 2459 de
1134 2418 1363 2473 quorum
1387 2403 1567 2472 capite
1598 2402 1668 2457 ad
1693 2402 1825 2458 bea-

229 2503 343 2549 tum
367 2493 467 2548 Job
495 2493 757 2548 Dominus
780 2488 909 2548 dicit
939 2512 952 2547 :
1007 2493 1261 2566 Nunquid
1302 2494 1526 2565 accipies
1573 2510 1688 2548 eum
1712 2510 1824 2548 ser-

227 2604 342 2641 .mm
371 2585 738 2655 sempiternum
762 2584 882 2658 (Iob
911 2603 1003 2653 ιι,
1024 2586 1157 2657 25)?
1199 2586 1414 2657 Maligni
1436 2602 1670 2657 namque
1707 2588 1821 2657 spi-

227 2678 361 2732 ritus
397 2676 539 2732 servi
567 2685 694 2733 sunt
715 2686 1028 2734 sanctorum
1052 2678 1360 2745 hominum;
1390 2678 1485 2734 sed
1516 2679 1570 2732 in
1594 2679 1693 2734 hac
1715 2680 1823 2735 vita

226 2768 367 2824 servi
392 2767 665 2838 perpetui,
714 2768 770 2823 in
798 2769 893 2824 illa
915 2785 1045 2825 vero
1071 2771 1213 2826 servi
1243 2771 1580 2839 sempiterni.
1624 2771 1820 2837 Quoti-

226 2861 318 2916 die
347 2876 576 2930 namque
605 2863 711 2918 hoc
736 2862 1009 2932 ingerunt,
1056 2863 1199 2919 unde
1221 2865 1394 2918 sancti
1422 2865 1521 2919 viri
1548 2881 1819 2921 coronen-

227 2961 342 3007 tur.
364 2952 499 3008 Nam
527 2969 645 3010 cum
670 2970 739 3011 ex
768 2956 957 3025 praclio
991 2955 1153 3026 hujus
1198 2958 1345 3027 vitae,
1398 2965 1616 3013 aeternae
1636 2960 1821 3029 gloria:

229 3043 458 3099 victoria
488 3045 643 3102 nobis
690 3047 1017 3117 praebeatur,
1068 3049 1160 3119 qui
1210 3056 1401 3104 contra
1443 3066 1543 3105 nos
1570 3065 1635 3105 ea
1678 3050 1818 3107 bella

225 3145 506 3203 tnnovant,
529 3137 722 3207 quibus
743 3140 810 3194 ad
840 3148 1101 3197 aeternam
1129 3143 1372 3211 requiem
1402 3143 1668 3210 ducimur,
1692 3160 1820 3215 pro-

224 3226 369 3285 fecto
398 3230 554 3287 nobis
581 3246 773 3302 magna
799 3236 1017 3290 servitia
1048 3236 1387 3306 impendunt.
1420 3235 1574 3293 Servi
1600 3253 1817 3308 quoque

1930 2046 2076 2104 stne,
2101 2036 2248 2091 velut
2277 2037 2571 2095 electarum
2603 2049 2867 2107 segetum,
2902 2038 3007 2094 cibi
3049 2039 3402 2097 decimentur.
3436 2038 3525 2098 Sic

1929 2126 2008 2181 sic
2038 2126 2287 2181 nimirum
2314 2127 2617 2183 castitatem
2648 2127 2851 2197 Joseph
2911 2126 3065 2202 (Gen.
3097 2146 3282 2197 χχχιιι,
3316 2130 3396 2198 8),
3447 2132 3525 2187 sic

1928 2213 2029 2270 Job
2052 2218 2366 2286 patientiam
2398 2216 2539 2287 (Job.
2564 2234 2602 2285 ι,
2622 2217 2737 2289 21),
2762 2220 2843 2275 sic
2872 2220 3047 2275 zelum
3075 2218 3309 2276 Phinees
3332 2219 3522 2292 (Num.

1929 2324 2058 2374 xxv,
2092 2308 2147 2378 7)
2196 2310 2265 2365 ad
2296 2312 2603 2381 exemplum
2651 2321 2897 2368 nostrum
2926 2315 3312 2385 praedicatores
3340 2316 3522 2385 profe-

1926 2409 2099 2455 runt:
2151 2401 2278 2470 quia
2332 2402 2460 2457 dum
2510 2402 2876 2473 perfectorum
2924 2406 3154 2461 virtutes
3190 2406 3519 2470 ostendunt,

1927 2493 2076 2547 velut
2123 2493 2418 2548 electarum
2450 2496 2704 2550 messium
2730 2496 2968 2553 decimas
2999 2507 3354 2568 congregant,
3384 2514 3520 2568 quas

1925 2586 2066 2641 bene
2121 2585 2525 2655 prolicientibus
2555 2597 2854 2659 apponant.
2904 2588 3058 2644 Unde
3096 2598 3152 2645 et
3178 2591 3318 2645 bene
3345 2606 3520 2645 eunu-

1927 2676 2040 2732 chis
2070 2684 2124 2732 et
2146 2676 2359 2733 famulis
2401 2678 2605 2733 emdem
2650 2677 2866 2748 frugum
2921 2680 3141 2736 decima:
3181 2681 3299 2736 dari
3329 2680 3523 2751 prmdi-

1926 2778 2142 2825 cuntur.
2172 2770 2418 2826 Eunuchi
2446 2773 2644 2842 quippe
2662 2783 2808 2838 sunt,
2833 2773 2925 2841 qui
2953 2774 3118 2828 animi
3148 2775 3369 2842 virtute,
3401 2789 3522 2827 om-

1924 2861 2012 2915 nia
2071 2860 2123 2914 in
2154 2877 2213 2916 se
2244 2862 2477 2917 libidinis
2525 2862 2763 2918 fomenta
2787 2866 3178 2919 contriverunt.
3222 2865 3299 2919 De
3325 2866 3520 2934 quibus

1925 2951 2179 3005 nimirum
2209 2952 2263 3006 in
2291 2950 2588 3021 Evangelio
2625 2954 2886 3009 Dominus
2914 2954 3042 3009 dicit
3075 2972 3087 3008 :
3122 2954 3257 3010 Sunt
3277 2955 3520 3022 eunuchi,

1923 3043 2009 3112 qui
2037 3051 2390 3096 castraverunt
2419 3059 2476 3096 se
2505 3051 2713 3113 propter
2759 3060 2973 3115 regnum
3011 3045 3255 3099 calorum
3299 3042 3517 3115 (Matth.

1921 3149 2037 3201 xix,
2071 3134 2180 3201 1‘2).
2215 3133 2425 3188 Famuli
2451 3144 2596 3200 sunt,
2646 3135 2740 3205 qui
2767 3137 2943 3190 adhuc
2966 3135 3158 3193 studiis
3179 3137 3303 3190 vitae
3327 3138 3520 3190 activa:

1922 3226 2022 3281 sub
2046 3227 2221 3282 aliena
2273 3243 2403 3282 cura
2428 3228 2751 3292 inserviunt,
2794 3237 2850 3282 et
2880 3229 2946 3283 ad
2978 3229 3320 3284 altitudinem
3342 3227 3520 3283 chari-

224 3321 490 3376 victorum
511 3332 657 3388 sunt,
686 3333 918 3381 testante
937 3327 1168 3382 veritate
1200 3345 1213 3381 :
1241 3328 1285 3381 Α
1309 3346 1407 3401 quo
1430 3331 1542 3402 quis
1572 3331 1810 3397 vincitur,

1925 3321 2049 3374 tatis
2076 3320 2230 3376 liberi
2264 3320 2440 3376 adhuc
2469 3321 2620 3377 exire
2670 3337 2779 3376 non
2834 3331 3078 3390 possunt.
3138 3324 3240 3388 Qui
3288 3331 3345 3377 et
3373 3323 3517 3392 apud

224 3412 334 3481 ejus
361 3429 537 3468 servus
558 3416 788 3487 efﬁcitur
812 3416 900 3486 (Il
930 3416 1078 3472 Petr.
1102 3434 1158 3484 ιι,
1195 3419 1308 3490 19).
1360 3419 1494 3474 Nam
1523 3420 1650 3476 dum
1681 3438 1820 3491 pra:-

225 3504 295 3559 lia
318 3515 509 3561 contra
530 3521 645 3575 eos,
690 3508 783 3578 qui
814 3509 1009 3565 victuri
1054 3519 1200 3577 sunt,
1262 3512 1521 3579 excitant,
1575 3515 1819 3570 serviunt

222 3597 326 3662 eis,
379 3599 471 3668 qui
520 3599 645 3654 inde
685 3611 1033 3669 coronantur,
1084 3605 1229 3659 unde
1257 3605 1325 3659 ad
1374 3613 1588 3675 tempus
1627 3622 1816 3662 eorum

221 3690 407 3760 prazlia
432 3698 685 3760 potenter
706 3693 999 3764 excipiunt.
1032 3693 1140 3749 Sed
1170 3697 1293 3764 quia
1320 3697 1463 3765 quod
1496 3698 1563 3752 ad
1594 3708 1816 3758 sancto-

221 3798 344 3837 rum
382 3784 609 3853 gloriam
640 3786 867 3855 proﬁcit,
924 3789 1171 3858 malignis
1201 3790 1478 3860 spiritibus
1519 3793 1716 3847 crescit
1758 3794 1815 3850 in

220 3876 587 3931 damnationis
633 3888 1001 3946 augmentum,
1059 3881 1222 3935 ablati
1247 3881 1384 3951 agri,
1429 3891 1484 3937 et
1516 3883 1705 3951 vinem,
1759 3893 1816 3939 et

222 3968 427 4025 oliveta
468 3970 635 4024 servis
664 3971 994 4024 tribuuntur.
1049 3970 1127 4025 De
1157 3970 1305 4025 omni
1355 3971 1574 4041 quidem
1606 3973 1811 4028 malitia

222 4076 325 4117 sua
354 4061 618 4118 dzemones
641 4064 693 4118 in
719 4073 919 4119 mterna
948 4080 1109 4133 pmna
1141 4064 1447 4134 punientur.
1480 4066 1537 4120 ln
1560 4083 1814 4137 congres-

221 4157 378 4213 sione
407 4156 623 4226 quidem
648 4159 843 4213 occulti
871 4160 1199 4225 certaminis,
1234 4161 1452 4228 quando
1482 4161 1642 4217 electi
1692 4163 1811 4217 vin-

222 4257 372 4315 cunt,
407 4248 547 4302 mala
590 4263 708 4318 qua:
762 4250 1050 4321 repellunt,
1099 4251 1211 4307 suis
1258 4251 1501 4307 hostibus
1528 4254 1809 4310 tribuunt:

221 4343 346 4412 quia
377 4343 488 4409 isti,
537 4352 796 4413 tanquam
830 4359 1022 4399 aurum
1073 4344 1122 4399 in
1153 4344 1375 4400 fornace
1424 4346 1580 4418 (Sap.
1610 4365 1687 4411 ιιι,
1723 4348 1807 4416 6),

222 4435 541 4505 probantur,
588 4436 663 4489 illi
694 4451 790 4505 pro
819 4436 1051 4506 reproha
1106 4438 1452 4505 suggestione
1494 4438 1806 4507 puniuntur.

221 4524 396 4594 Agros
423 4539 574 4594 ergo,
606 4525 810 4589 vineas,
837 4533 893 4579 et
915 4525 1113 4579 oliveta
1137 4525 1280 4579 servi
1306 4527 1604 4597 suscipiunt
1628 4546 1641 4581 :
1685 4529 1809 4599 quia

222 4632 345 4673 cum
367 4624 685 4686 peccatores
706 4616 773 4670 ad
799 4615 985 4681 vitam,
1031 4617 1441 4686 prmdicantibus
1469 4619 1806 4687 doctoribus,

1921 3412 2143 3482 Moysen
2170 3427 2266 3467 sex
2318 3413 2473 3467 annis
2500 3413 2706 3468 servire
2731 3413 2967 3469 dominis
2995 3414 3108 3468 suis
3142 3414 3344 3469 debere
3373 3416 3520 3470 inve-

1920 3505 2143 3558 niuntur
2177 3503 2373 3570 (Exod.
2398 3520 2508 3569 xxx,
2540 3503 2621 3575 2),
2679 3512 2737 3559 ut
2758 3505 2993 3574 septimo
3046 3505 3199 3561 liberi
3229 3508 3515 3577 egredian-

1920 3602 2008 3649 tur
2040 3614 2052 3648 :
2080 3596 2204 3667 quia
2236 3597 2487 3650 nimirum
2512 3597 2659 3666 prius
2689 3596 2889 3652 debent
2909 3598 3133 3668 perfecti
3158 3616 3278 3656 esse
3305 3601 3359 3655 in
3385 3615 3517 3672 ope-

1918 3702 1999 3754 re,
2032 3695 2091 3742 ut
2118 3687 2364 3741 ordinate
2394 3688 2449 3742 in
2478 3703 2689 3742 summa
2736 3689 3200 3760 contemplatione
3243 3693 3393 3747 exire
3414 3708 3514 3746 va-

1919 3780 2085 3837 leant.
2120 3780 2394 3837 Eunuchis
2416 3796 2543 3852 ergo
2570 3782 2787 3839 famulis
2839 3782 3034 3840 doctor
3063 3786 3321 3841 messium
3369 3785 3515 3840 deci-

1916 3890 2033 3929 mas
2087 3874 2295 3941 tribuit,
2347 3875 2566 3945 quando
2608 3876 2671 3943 ii,
2716 3877 2809 3947 qui
2858 3877 2911 3933 in
2954 3878 3192 3935 candore
3248 3879 3514 3934 castitatis

1917 3968 2176 4024 obediunt
2196 3968 2318 4035 sibi,
2369 3986 2535 4039 opera
2575 3971 2841 4040 majorum
2869 3972 3041 4028 electa
3072 3982 3392 4044 sequuntur.
3426 3974 3515 4029 Vi-

1917 4075 2139 4114 nearum
2170 4063 2332 4115 etiam
2360 4060 2599 4117 decimas
2628 4063 2836 4131 tribuit,
2861 4078 2984 4118 cum
3014 4064 3113 4130 eis,
3161 4079 3325 4131 quam
3370 4066 3509 4120 mira

1916 4154 2177 4209 charitate
2206 4153 2396 4211 Patres
2431 4158 2601 4212 nostri
2646 4157 2815 4211 Deum
2862 4165 2919 4210 et
2962 4158 3273 4226 proximum
3299 4158 3511 4214 dilexe-

1917 4256 2064 4315 runt,
2095 4249 2362 4313 ostendit;
2412 4257 2549 4303 utet
2592 4249 2692 4317 ipsi
2738 4249 2902 4303 etiam
2936 4248 3176 4317 ejusdem
3234 4252 3513 4310 charitatis

1915 4339 2241 4394 abundantia
2266 4339 2462 4408 repleri
2492 4339 2765 4406 studeant,
2793 4356 2860 4397 ac
2884 4341 3033 4397 velut
3086 4342 3244 4413 ebrii,
3285 4354 3511 4415 praeter-

1915 4430 2219 4501 itorumque
2250 4430 2424 4498 obliti,
2468 4432 2584 4487 sola
2616 4430 2790 4487 futura
2820 4432 3062 4503 diligant.
3112 4444 3275 4502 atque
3323 4437 3391 4493 ad
3417 4437 3510 4494 illa

1914 4519 2185 4577 ferventer
2207 4537 2427 4575 currere
2451 4538 2558 4579 non
2586 4524 2859 4580 omittant.

1986 4621 2073 4675 12.
2117 4623 2245 4677 Post
2294 4622 2397 4676 ista
2440 4638 2571 4679 vero
2600 4626 2784 4680 omnia
2832 4615 3404 4694 servi'lsraelitarum,
3456 4639 3511 4686 et

221 4708 471 4775 redeunt,
534 4707 640 4763 hoc
683 4708 845 4763 etiam
875 4708 943 4763 ad
987 4709 1348 4765 damnationis
1385 4713 1656 4766 cumulum
1704 4714 1810 4769 dae-
1836 4712 2156 4783 nancillm,
2195 4712 2423 4781 juvenes
2465 4713 2653 4783 optimi
2698 4715 2919 4770 tollendi
2977 4718 3370 4787 prmdicuntur,
3429 4728 3511 4772 at-

221 4801 478 4856 monibus
507 4800 741 4870 proﬁcit,
784 4801 929 4870 quod
952 4802 1277 4871 pmnitentes
1327 4803 1381 4857 in
1406 4804 1562 4873 culpa
1593 4814 1815 4874 practer-

223 4893 300 4948 ita
351 4891 541 4947 tandiu
592 4906 780 4946 eorum
807 4892 993 4947 fraude
1019 4893 1217 4947 retenti
1247 4903 1392 4947 sunt.
1418 4894 1623 4949 Dantur
1651 4897 1812 4950 etiam

221 4986 341 5042 hmo
393 4986 598 5052 servis,
656 4985 874 5056 quando
914 4985 1095 5041 ofﬁcio
1147 4986 1520 5056 praedicatoris
1567 4989 1816 5045 conversi

221 5085 543 5149 peccatores
568 5076 637 5132 ad
666 5077 970 5145 Dominum,
1003 5084 1307 5146 agnoscunt
1348 5078 1495 5147 quod
1526 5078 1579 5132 in
1627 5094 1815 5135 amore

220 5167 624 5241 praeteritorum
662 5169 949 5225 criminum
990 5167 1177 5224 fraude
1204 5167 1509 5223 daemonum
1553 5169 1815 5225 teneban-

222 5267 337 5315 tur.

297 5352 387 5405 ll.
421 5351 560 5419 Quid
585 5367 717 5409 vero
745 5359 853 5420 est,
880 5352 1026 5422 quod
1051 5360 1283 5424 segetes,
1324 5361 1380 5408 et
1415 5353 1694 5409 vinearum
1722 5369 1811 5409 re-

221 5445 367 5503 ditus
393 5445 740 5515 addecimari,
786 5455 841 5501 et
883 5446 1143 5502 eunuchis
1172 5445 1385 5502 famulis
1429 5448 1571 5516 regis
1600 5447 1717 5501 dari
1747 5462 1812 5502 ea

222 5538 616 5610 perhibentur?
664 5537 773 5594 Sed
798 5547 1010 5609 segetes
1043 5541 1338 5596 electorum
1379 5541 1808 5607 addecimantur,

222 5629 445 5701 quando
477 5630 858 5686 excellentiora
879 5644 1067 5686 eorum
1095 5646 1260 5701 Opera
1290 5632 1611 5702 colligimus,
1636 5642 1697 5688 ut
1724 5650 1810 5703 ea,

224 5721 299 5777 ad
324 5721 631 5791 exemplum
679 5720 916 5779 ﬁdelium
958 5722 1339 5793 producamus.
1394 5724 1539 5781 Unus
1580 5726 1814 5799 denique

224 5813 378 5868 solus
405 5812 527 5881 fuit,
548 5814 644 5883 qui
675 5831 729 5869 ιιι
755 5830 816 5871 se
844 5814 1083 5870 omnium
1120 5815 1375 5871 virtutum
1419 5817 1811 5886 plenitudinem

225 5902 440 5968 habuit,
470 5903 557 5961 cui
575 5919 638 5964 se
669 5903 847 5963 omnis
868 5905 1148 5977 plenitudo
1190 5906 1484 5965 divinitatis
1514 5911 1811 5983 corporali-

1917 4818 2022 4873 que
2046 4803 2099 4856 in
2128 4802 2266 4871 regis
2282 4817 2447 4873 opere
2473 4803 2725 4873 ponendi.
2753 4805 2854 4872 Qui
2880 4817 3005 4860 sunt
3024 4809 3167 4863 servi
3191 4808 3507 4878 carnalium,

1917 4897 2019 4951 nisi
2046 4897 2171 4966 qui,
2204 4895 2467 4951 malorum
2515 4895 2797 4966 exemplo,
2827 4898 3080 4954 diuturna
3120 4900 3509 4955 consuetudine

1917 4992 1997 5045 sic
2025 4990 2300 5061 depravati
2326 4997 2467 5056 sunt,
2500 4997 2560 5044 ut
2578 4989 2717 5044 colla
2744 4992 2937 5046 mentis
2978 4994 3076 5045 sub
3113 4992 3244 5062 jugo
3285 4994 3508 5062 nequis-

1917 5082 2067 5139 simae
2123 5080 2461 5135 imitationis’
2506 5087 2770 5150 perpetuo
2837 5079 3136 5134 subdidisse
3189 5081 3510 5136 videantur?

1919 5170 2073 5227 Servi
2098 5185 2226 5239 ergo
2254 5169 2466 5224 illorum
2500 5169 2778 5237 tolluntur,
2806 5169 3023 5238 quando
3050 5168 3341 5224 electorum
3368 5185 3507 5240 prm-

1919 5265 2219 5321 dicatorum
2241 5263 2419 5319 studio
2448 5264 2522 5317 illi
2553 5264 2715 5319 etiam
2742 5270 2965 5334 peccata
2996 5262 3269 5330 deserunt,
3301 5264 3393 5333 qui
3423 5279 3509 5318 re-

1919 5358 2101 5430 probae
2130 5356 2414 5411 imitationi
2444 5357 2739 5411 carnalium
2765 5356 3116 5412 vehementer
3160 5356 3314 5411 subdi
3354 5356 3508 5411 vidc-

1917 5448 2131 5503 hantur.
2164 5448 2265 5514 Qui
2289 5449 2449 5502 etiam
2471 5447 2696 5517 juvenes
2726 5448 2913 5519 optimi
2953 5448 3226 5504 dicuntur.
3270 5446 3507 5505 Juvencs

1918 5538 2136 5609 quidem
2176 5548 2337 5607 sunt,
2368 5539 2493 5610 quia
2524 5540 2575 5592 in
2606 5539 2748 5594 tnalo
2779 5538 2978 5605 fortes;
3020 5538 3208 5608 optimi
3235 5539 3397 5595 etiam
3428 5540 3507 5594 di-

1918 5643 2143 5698 Cuntur,
2175 5632 2299 5701 quia
2351 5631 2554 5686 caeteris
2604 5631 2979 5701 peccatoribus
3028 5633 3313 5703 nequiores
3357 5643 3502 5689 sunt.

1919 5725 2121 5792 Quibus
2148 5725 2399 5780 nimirum
2422 5740 2522 5795 per
2551 5726 2870 5795 pr0phetam
2911 5726 3106 5782 dicitur
3138 5744 3149 5778 :
3190 5725 3283 5781 γω
3308 5728 3391 5795 qui
3419 5743 3496 5794 po

1920 5828 2082 5874 tentes
2127 5820 2247 5874 estis
2298 5818 2367 5870 ad
2414 5815 2684 5871 bibendum
2732 5820 2932 5883 vinum,
2975 5829 3025 5873 et
3070 5819 3165 5871 viri
3220 5819 3376 5883 fortes
3432 5814 3501 5871 ad

1918 5909 2234 5968 miscendam
2269 5906 2565 5969 ebrietatem
2607 5906 2763 5985 (Isai.
2795 5924 2859 5977 v,
2890 5907 3003 5983 22).
3042 5907 3238 5963 Vinum
3267 5903 3496 5974 denique
