4020 6344
499 425 606 483 'ﬂl’i

1687 415 1932 474 SANC'I'I
1972 409 2299 470 GREGORII
2337 413 2548 468 MAGNI

3647 415 3750 476 ‘2“

503 539 729 604 bibunt,
758 537 847 608 qui
873 536 1261 593 deliberatione
1299 537 1526 598 mentis,
1571 535 1837 591 fervorem
1877 547 2078 588 concu-
2107 532 2162 592 Δ
2185 537 2276 585 ctu
2296 528 2616 582 tolerabant.
2643 525 2844 596 Grcges
2861 526 3024 583 etiam
3047 542 3148 585 rex
3167 527 3503 585 addecimare
3525 527 3747 589 dicitur:

495 631 773 703 piscentiaa
821 628 1220 700 praecipitanter
1281 627 1590 696 excipiunt,
1643 632 1698 680 et
1760 623 2076 681 ebrietatem

495 722 757 786 miscent;
829 719 955 788 quia
1012 719 1139 773 dum
1194 716 1750 786 concupiscentiarum
1797 713 2078 769 ardoribus

493 809 911 872 inﬂammantur,
939 807 1009 863 ad
1029 809 1144 863 vias
1189 806 1520 862 rectitudinis
1541 845 1558 870 ,
1599 805 1807 876 perdita
1846 803 2077 869 ratione,

493 903 674 958 redire
703 900 968 956 nesciunt.
1015 897 1272 955 Potentes
1298 913 1428 952 vero
1453 905 1510 952 et
1549 895 1716 950 fortes
1747 903 1856 948 tam
1893 893 1964 948 ad
1991 893 2078 948 bi-

493 993 947 1062 bendum,quam
987 990 1055 1045 ad
1095 989 1420 1045 miscendam
1463 988 1778 1042 ebrietatem
1821 993 1979 1052 sunt,
2020 991 2082 1039 ut

495 1098 597 1154 pro
625 1081 851 1138 ferventi
876 1078 1158 1151 proposito
1209 1078 1336 1133 mali
1358 1077 1507 1132 velut
1553 1077 1741 1147 optimi
1783 1075 1924 1130 servi
1961 1089 2080 1130 esse

496 1175 814 1232 doceantur.
849 1173 960 1230 ﬂos
988 1170 1456 1243 optimosjuvenes
1485 1170 1611 1224 item
1627 1169 1877 1224 divinitus
1899 1183 2078 1224 sermo

497 1263 853 1329 demonstrat,
881 1277 1006 1318 cum
1027 1260 1226 1316 diaboli
1253 1259 1566 1314 aviditatem
1595 1259 1833 1328 exponit,
1857 1258 2075 1313 dicens:

496 1351 640 1409 Esca
677 1354 790 1424 ejus
825 1353 986 1408 electa
1015 1351 1239 1420 (Habac.
1265 1367 1304 1417 ι,
1335 1349 1442 1420 16).
1473 1349 1606 1404 Nam
1634 1350 1884 1419 antiquus
1908 1349 2080 1404 hostis

496 1442 554 1498 in
584 1457 774 1498 eorum
814 1440 1053 1511 nequitia
1079 1437 1235 1493 valde
1277 1438 1552 1507 reﬁcitur,
1597 1439 1691 1508 qui
1736 1437 2081 1509 nequissimis

496 1531 787 1600 nequiores
813 1537 959 1586 sunt.
1139 1519 1144 1522 ’

573 1622 661 1677 15.
701 1621 1025 1678 Ancillarum
1049 1636 1182 1677 vero
1211 1621 1430 1677 nomine
1463 1620 1554 1678 illa
1601 1621 1924 1690 nequissima
1951 1636 2083 1692 pec-

497 1725 742 1773 catorum
789 1715 1032 1772 conditio
1071 1716 1420 1785 designatur,
1467 1716 1558 1786 qui
1607 1731 1702 1787 per
1747 1717 2082 1786 iniquitatem

495 1804 652 1860 valde
679 1814 803 1860 sunt
825 1806 1084 1875 pessimi,
1115 1814 1169 1861 et
1197 1806 1316 1860 aliis
1347 1807 1586 1876 praebent
1624 1807 1870 1876 exempla
1905 1807 2084 1876 pravi-

2181 620 2303 691 quia
2324 619 2561 689 quisquis
2583 619 2934 689 omnipotenti
2963 620 3072 677 Deo
3103 621 3316 691 placere
3342 621 3567 692 appetit,
3592 637 3751 692 opor-

2181 719 2280 780 tet,
2307 720 2366 766 ut
2388 711 2619 768 mundus
2656 712 2726 768 it
2747 727 2845 783 per
2874 713 3230 769 innocentiam
3251 751 3270 778 ,
3305 721 3364 780 et
3409 712 3589 769 studio
3627 714 3752 770 boni

2181 803 2360 874 operis
2405 804 2660 859 intentus.
2704 803 2807 858 Per
2850 803 2979 862 illud
3022 804 3237 874 quidem
3267 805 3431 860 anbor
3474 811 3557 860 est
3591 804 3751 869 bona,

2179 910 2278 966 per
2325 894 2465 948 istud
2511 895 2672 950 etiam
2713 893 2916 950 (ructus
2943 894 3090 950 iacit.
3122 893 3257 962 Quia
3283 911 3414 951 vero
3441 895 3626 952 multis
3655 898 3756 950 uti-

2180 1003 2320 1053 mur,
2353 995 2412 1041 ut
2459 1000 2679 1042 scrvare
2715 986 3075 1042 innocentiam
3099 1025 3116 1052 ,
3155 993 3210 1042 et
3237 987 3380 1041 bona
3417 1000 3584 1056 opera
3611 987 3759 1040 exhi-

2181 1079 2310 1136 bere
2337 1078 2632 1145 valeamus,
2677 1081 2804 1148 ipsa:
2829 1078 3220 1146 cogitationum
3245 1077 3615 1132 innocentium
3647 1084 3760 1130 tur-

2180 1171 2263 1227 bae
2290 1183 2479 1240 greges
2507 1170 2675 1226 nostri
2700 1178 2843 1225 sunt.
2882 1169 3019 1236 Quid
3061 1183 3192 1238 ergo
3220 1177 3305 1224 est
3328 1207 3345 1233 ,
3374 1166 3518 1238 quod
3543 1165 3761 1220 addcci—

2180 1270 2424 1324 mantur,
2468 1261 2569 1316 nisi
2596 1259 2719 1329 quia
2749 1259 3135 1328 cogitationum
3162 1257 3430 1313 subtilitas
3465 1256 3625 1310 facile
3657 1271 3763 1310 non

2179 1351 2426 1406 videtur?
2450 1350 2583 1404 Nam
2606 1364 2750 1420 saepe
2776 1351 2916 1405 bona
2944 1363 3042 1405 nos
3068 1349 3308 1418 cogitare
3341 1355 3620 1417 putamus,
3647 1360 3763 1415 qua:

2183 1442 2450 1498 subtiliter
2473 1441 2712 1500 discussa
2732 1480 2750 1509 ,
2773 1442 2914 1496 bona
2948 1457 3057 1498 non
3083 1448 3226 1497 sunt.
3268 1437 3608 1506 Addecimari
3638 1451 3764 1505 ergo

2183 1547 2373 1603 greges
2400 1533 2636 1599 debent,
2669 1541 2727 1587 ut
2773 1533 2902 1588 illud
2939 1532 3113 1588 solum
3154 1531 3289 1602 regii
3317 1530 3452 1602 juris
3484 1531 3590 1596 sit,
3622 1527 3764 1600 quod

2183 1626 2406 1681 denario
2434 1640 2658 1682 numero
2679 1626 3007 1681 continetur.
3034 1624 3189 1691 Quod
3212 1625 3266 1679 in
3292 1623 3448 1682 nobis
3473 1630 3601 1678 tunc
3629 1622 3768 1676 bene

2185 1718 2382 1788 agitur,
2409 1733 2530 1773 cum
2560 1717 3304 1788 prmdicatorum'nostrorum
3351 1713 3659 1782 magisterio
3687 1711 3767 1765 di-

2186 1811 2424 1874 scimus,
2457 1808 2679 1878 perfecti
2706 1822 2825 1863 esse
2863 1823 2970 1862 non
2992 1807 3166 1861 solum
3191 1806 3520 1860 exhibitione
3557 1805 3763 1876 Operis,

496 1897 642 1951 tatis.
675 1896 833 1951 Velut
861 1897 1003 1952 enim
1031 1897 1238 1952 aucillm
1260 1913 1444 1954 servos
1466 1898 1699 1968 pariunt,
1726 1897 1850 1951 dum
1877 1911 2081 1966 magna:
2116 1907 2160 1966 Β
2189 1900 2282 1955 sed
2305 1901 2468 1954 etiam
2501 1899 2554 1953 in
2580 1896 2937 1968 exquisitione
2961 1895 3324 1968 cogitationis.
3351 1895 3433 1951 Ad
3461 1905 3761 1951 extremum

494 1990 800 2058 iniquitatis
826 2006 935 2045 non
959 1998 1089 2047 sunt
1117 1991 1289 2047 solum
1320 1991 1614 2061 operarim,
1641 1991 1735 2046 sed
1772 1991 1932 2046 etiam
1960 2006 2078 2046 ma-

494 2089 628 2136 tres.
658 2080 794 2147 Quia
821 2096 951 2138 vero
990 2090 1298 2138 sanctorum
1341 2083 1727 2152 praedicatione
1762 2085 1920 2154 198
1945 2083 2083 2139 tales

495 2173 662 2228 etiam
690 2181 1095 2242 convertuntur,
1129 2175 1222 2244 qui
1251 2189 1443 2244 magna
1466 2175 1808 2245 postmodum
1836 2175 2081 2245 omnipo-

494 2262 634 2318 tenti
659 2262 771 2318 Deo
799 2265 1010 2318 servitia
1063 2264 1412 2336 impendunt,
1454 2273 1580 2336 apte
1620 2266 1758 2321 servi
1793 2273 1846 2319 et
1874 2265 2083 2320 ancilla:

493 2357 747 2413 dicuntur
776 2359 996 2427 auferri,
1027 2367 1082 2413 et
1112 2360 1164 2413 in
1187 2375 1353 2430 opere
1385 2360 1527 2427 regis
1561 2359 1709 2429 poni.
1738 2358 1930 2413 Annon
1955 2366 2084 2414 tunc

494 2447 744 2503 ancillam
771 2462 867 2503 rex
897 2463 1081 2517 regum
1112 2449 1253 2516 tulit,
1281 2449 1495 2519 quando
1517 2449 1585 2503 de
1619 2449 1709 2502 illa
1741 2461 1931 2516 magna
1961 2463 2087 2518 pec-

493 2535 694 2592 catrice
720 2536 857 2590 dixit
888 2553 902 2590 :
938 2535 1287 2591 Rcmittuntur
1313 2539 1362 2592 ei
1393 2547 1606 2607 peccata
1629 2537 1812 2606 multa,
1843 2539 2086 2609 quoniam

496 2624 677 2679 dilexit
704 2623 922 2679 multum
954 2624 1104 2697 (Luc.
1134 2641 1226 2694 vn,
1249 2626 1379 2698 47)?
1417 2626 1484 2680 Et
1510 2627 1650 2682 hanc
1688 2628 1743 2683 in
1792 2643 1956 2697 opere
1989 2644 2086 2684 suo

494 2716 713 2786 posuit,
739 2715 956 2786 quando
985 2716 1038 2770 in
1067 2718 1346 2772 castellum
1387 2719 1641 2785 intravit,
1671 2729 1724 2774 et
1753 2735 1875 2775 eum
1913 2721 2002 2774 illa
2032 2721 2085 2775 iu

499 2806 663 2863 domo
685 2824 782 2864 sua
821 2809 1029 2880 recepit
1058 2807 1212 2880 (Luc.
1239 2826 1294 2877 χ,
1324 2810 1438 2881 '58).
1470 2808 1623 2865 Hanc
1652 2812 1813 2865 etiam
1842 2816 1894 2866 in
1922 2827 2088 2881 opere

494 2914 596 2954 suo
621 2901 829 2970 posuit;
854 2901 979 2970 quia
1001 2913 1290 2969 resurgens
1312 2915 1342 2955 a
1368 2901 1598 2956 mortuis
1617 2941 1632 2967 ,
1665 2902 1715 2956 ei
1751 2901 2088 2972 praedicatio-

498 3003 625 3042 nem
653 3003 764 3043 suae
792 2991 1204 3046 resurrectionis
1233 2991 1465 3060 iniunxit
1495 2989 1688 3065 (Marc.
1721 3008 1828 3057 xvr,
1853 2992 1930 3061 7).
1963 2991 2090 3047 Ser-

498 3091 626 3130 vum
656 3092 873 3147 quoque
902 3079 1044 3148 tulit,
1075 3079 1292 3148 quando
1321 3094 1351 3133 a
1382 3081 1579 3135 telouei
1601 3080 1751 3134 lucro
1781 3080 2089 3134 Mattlunum

498 3166 568 3220 ad
614 3181 673 3221 se
723 3168 1054 3236 sequendum
1083 3169 1313 3225 vocavit.
1341 3168 1399 3224 In
1443 3185 1608 3241 opere
1629 3186 1727 3226 suo
1756 3171 1898 3225 hunc
1927 3171 2090 3225 etiam

499 3258 700 3327 posuit,
731 3259 856 3328 quia
897 3261 946 3315 ei
989 3262 1043 3316 in
1081 3261 1242 3318 domo
1281 3279 1376 3320 sua
1421 3264 1726 3319 convivium
1758 3264 2002 3334 pnebuit,
2037 3273 2092 3318 et

499 3343 790 3421 EtbiOpia:
825 3352 1271 3420 praedicatorem,
1313 3353 1558 3408 conversi
1611 3353 1757 3408 orbis
1811 3351 2091 3422 Evangeli-

500 3449 643 3496 stam
686 3442 813 3498 iecit
861 3442 1076 3514 (Matth.
1104 3460 1178 3510 rx,
1208 3443 1271 3518 9;
1314 3445 1484 3499 Marc.
1517 3460 1554 3511 ι,
1586 3443 1684 3510 14;
1737 3443 1864 3498 Luc.
1894 3459 1945 3510 v,
1974 3442 2089 3514 27).

501 3533 634 3600 Quia
661 3548 790 3604 ergo
825 3535 1238 3606 prtedicatorum
1278 3535 1574 3592 ministerio
1602 3528 1658 3589 lii
1697 3536 1859 3590 etiam
1888 3535 1954 3589 ad
1984 3535 2093 3591 Do-

500 3625 706 3678 minum
741 3625 996 3691 redeunt,
1019 3627 1087 3682 de
1115 3642 1343 3695 quorum
1370 3628 1545 3682 salute
1575 3627 1808 3681 humana
1832 3626 2089 3694 cogitatio

502 3712 792 3784 desperare
819 3723 1066 3784 poterat,
1112 3717 1248 3770 bene
1285 3717 1426 3769 servi
1465 3725 1520 3769 et
1560 3715 1768 3769 ancilla:
1810 3724 1866 3768 et
1904 3714 2092 3785 Optimi

503 3806 729 3876 juvenes
758 3806 815 3861 in
855 3803 995 3875 regis
1025 3819 1189 3875 opere
1222 3804 1456 3874 ponendi
1485 3805 1879 3858 describuntur.

579 3914 668 3970 14.
708 3914 938 3972 Possunt
966 3931 1244 3972 servorum
1278 3924 1332 3970 ct
1359 3915 1673 3970 ancillarum
1704 3915 1948 3977 nomine,
1977 3928 2095 3968 mo-

505 4017 594 4066 tus
622 4008 802 4065 cordis
826 4015 880 4063 et
917 4007 1229 4062 all‘ectiones
1258 4005 1500 4074 intelligi.
1539 4003 1671 4058 Nam
1700 4003 1914 4074 quando
1940 4004 2094 4060 nobis

503 4103 736 4174 reprobo
774 4107 1105 4170 suggerunt,
1143 4097 1286 4152 servi
1329 4103 1452 4152 sunt
1483 4113 1494 4148 :
1528 4094 1743 4164 quando
1783 4093 2094 4148 all‘ectiones

506 4192 704 4249 mentis
732 4205 1020 4262 pravorum
1052 4195 1297 4244 motuum
1347 4184 1782 4256 suggestiouibus
1825 4183 2095 4238 substerni

509 4291 792 4354 appetunt,
824 4282 1052 4336 ancillae.
1090 4279 1241 4334 Tunc
1265 4277 1482 4349 quidem
1525 4290 1744 4330 necesse
1773 4282 1874 4341 est,
1907 4282 1964 4328 ut
1999 4289 2097 4343 per

509 4375 742 4442 rigorem
783 4372 1046 4442 propositi
1089 4371 1328 4440 utrisque
1369 4369 1728 4425 dominemur.
1763 4369 1960 4422 Servos
1989 4382 2092 4422 uo-

508 4472 652 4520 stros
675 4471 730 4519 et
750 4462 968 4518 ancillas
988 4461 1368 4532 praedicatores
1396 4461 1609 4526 tollunt,
1633 4476 1751 4516 cum
1782 4468 1961 4515 motus
1981 4475 2094 4514 cor-

510 4552 659 4607 dium
689 4558 993 4607 nostrorum
1017 4589 1033 4616 ,
1077 4557 1132 4604 et
1180 4548 1488 4606 allectiones
1530 4550 1832 4616 instruunt,
1863 4549 2095 4618 qualiter

2185 2009 2319 2049 vero
2341 1992 2533 2048 dicitur
2567 2009 2580 2045 :

2249 2082 2422 2153 (.Vers.
2461 2082 2571 2152 l7.)
2619 2080 2821 2153 Vosque
2844 2082 2990 2136 eritis
3017 2080 3065 2136 ei
3095 2082 3246 2136 serui.

2258 2171 2345 2227 15.
2389 2171 2458 2226 Ut
2487 2172 2736 2226 videlicet
2761 2172 2838 2227 sic
2867 2171 2982 2241 ejus
3003 2171 3112 2242 juri
3139 2186 3200 2227 se
3225 2170 3471 2228 subditos
3496 2169 3694 2236 sciant,
3715 2178 3767 2225 ut

2187 2263 2303 2334 ejus
2332 2264 2579 2318 mandata
2601 2263 2876 2332 praeterire
2897 2278 3004 2318 non
3035 2262 3290 2319 audeant.
3345 2261 3496 2318 Hanc
3530 2261 3766 2332 profecto

2188 2354 2390 2425 regiam
2433 2353 2857 2409 dominationem
2903 2353 3120 2410 volebat
3183 2352 3442 2407 Dominus
3492 2360 3768 2420 statuere,

2189 2459 2311 2500 cum
2360 2444 2572 2498 dicebat
2617 2460 2631 2497 :
2668 2442 3016 2516 Quodcunque
3065 2443 3302 2513 ligaveris
3349 2457 3503 2510 super
3549 2450 3766 2509 terram,

2188 2539 2287 2592 erit
2334 2536 2550 2608 ligatum
2596 2536 2652 2589 in
2699 2536 2873 2600 caelis;
2916 2545 2966 2589 et
2997 2536 3332 2610 quodcunque
3367 2534 3582 2590 solveris
3626 2552 3768 2604 super

2191 2636 2404 2695 terram,
2435 2630 2534 2680 erit
2583 2627 2805 2681 solutum
2835 2629 2889 2681 in
2917 2628 3053 2682 caelis
3085 2625 3303 2698 (Matth.
3335 2643 3444 2692 xvr,
3481 2626 3594 2696 19).
3626 2625 3770 2694 lianc

2191 2719 2353 2772 etiam
2397 2725 2720 2787 potestatem
2752 2718 3000 2787 exigebat
3027 2733 3056 2773 a
3083 2717 3342 2782 subditis,
3381 2717 3474 2792 qui
3517 2717 3766 2772 dicebat:

2192 2811 2254 2865 Si
2284 2810 2394 2882 quis
2418 2809 2842 2881 euangelizaverit
2871 2809 3008 2864 vobis
3030 2809 3191 2876 aliud,
3217 2825 3370 2880 quam
3391 2825 3486 2880 ego
3516 2809 3768 2879 evangeli-

2193 2904 2305 2957 zavi
2333 2901 2491 2966 vobis,
2515 2903 2792 2956 anathema
2819 2903 2884 2957 sit
2915 2901 3058 2971 (Gal.
3086 2919 3126 2969 ι,
3158 2901 3234 2973 8).
3267 2901 3404 2957 1ὶὶηο
3430 2901 3559 2957 item
3594 2901 3771 2958 Domi-

2192 3011 2294 3048 nus
2317 2993 2608 3064 discipulos
2631 2995 2849 3048 mittens
2881 2993 3034 3066 199
3054 2993 3106 3046 in
3131 2992 3589 3064 prtedicationem,
3615 2991 3770 3046 dicit:

2197 3083 2295 3150 Qui
2325 3103 2410 3140 vos
2441 3087 2606 3152 audit,
2641 3103 2719 3140 me
2748 3086 2921 3152 audit;
2952 3095 3002 3141 et
3029 3087 3114 3159 qui
3149 3104 3235 3142 vos
3269 3089 3500 3156 spernit,
3528 3103 3604 3142 me
3627 3102 3771 3156 sper-

2197 3179 2273 3231 nit
2305 3177 2454 3247 (Luc.
2487 3195 2540 3245 x,
2565 3177 2677 3250 16).
2726 3178 2859 3232 llinc
2882 3178 2948 3233 de
2985 3175 3179 3234 Judaeaa
3208 3175 3650 3249 pmdicatoribus
3677 3176 3779 3233 eis-

2117 3286 2163 3351 ρ
2197 3270 2318 3325 dem
2367 3265 2638 3341 discipulis
2683 3268 2940 3326 Dominus
2979 3270 3150 3325 dicit:
3184 3269 3511 3340 Quwcunque
3553 3270 3779 3324 dixerint

2196 3363 2356 3428 vobis,
2390 3365 2545 3435 facile
2576 3363 2790 3435 (Matth.
2823 3379 2976 3432 χχιιι,
3015 3364 3094 3434 5).
3124 3363 3273 3420 Servi
3306 3378 3435 3433 ergo
3461 3377 3650 3432 regum
3690 3377 3779 3417 no-

2197 3466 2428 3514 strorum
2472 3472 2658 3511 sumus
2680 3496 2694 3522 ,
2725 3456 2939 3526 quando
2969 3457 3045 3510 sic
3073 3456 3417 3526 prmlatorum
3471 3463 3779 3510 nostrorum

2197 3550 2425 3620 imperio
2457 3548 2768 3614 subdimur,
2810 3556 2868 3602 ut
2919 3556 3115 3618 praeter
3166 3562 3354 3603 eorum
3407 3547 3780 3601 auctoritatem

2197 3655 2357 3710 agere
2394 3638 2540 3694 nulla
2585 3653 2987 3708 prmsumamus.
3037 3636 3170 3704 Quia
3221 3651 3349 3706 ergo
3391 3636 3470 3691 eis
3521 3644 3779 3705 praesunt,

2196 3733 2287 3800 qui
2319 3732 2373 3784 in
2400 3731 2599 3785 virtute
2646 3729 2965 3785 obedientize
3010 3744 3136 3784 suas
3164 3727 3389 3783 virtutes
3418 3724 3698 3791 roborant,
3733 3725 3780 3778 in

2197 3827 2304 3880 line
2326 3825 2458 3895 regii
2497 3824 2634 3895 juris
2673 3824 2904 3879 dicitur:
2946 3821 3146 3894 Vosque
3185 3823 3328 3876 eritis
3355 3822 3402 3874 ei
3431 3821 3566 3874 servi
3597 3837 3616 3874 :
3638 3829 3694 3873 ut
3724 3819 3782 3870 ti-

2197 3917 2346 3974 deles
2371 3917 2604 3981 subditi,
2646 3926 2773 3970 tunc
2803 3916 2962 3970 etiam
2993 3930 3052 3970 se
3101 3913 3342 3969 subditos
3370 3911 3780 3982 praedicatorum

2198 4015 2468 4080 praecepto
2496 4006 2693 4062 debere
2719 4022 2837 4062 esse
2860 4012 3216 4076 cognoscant,
3250 4003 3467 4074 quando
3496 4018 3592 4072 per
3613 4000 3780 4054 virtu-

2199 4107 2309 4154 tum
2342 4098 2677 4168 profectum,
2721 4098 2789 4152 ad
2836 4097 3180 4168 perfectionis
3208 4095 3438 4150 culmina
3479 4093 3782 4166 perducun-

2199 4200 2304 4245 tur.
2332 4188 2484 4256 Quod
2514 4189 2675 4244 etiam
2713 4188 2916 4243 eisdem
2944 4187 3124 4242 verbis
3163 4187 3277 4257 ipsa
3311 4185 3515 4240 Veritas
3544 4183 3782 4255 discipu-

2198 4279 2280 4336 los
2303 4281 2555 4342 edocens,
2587 4279 2662 4332 ait
2691 4297 2703 4332 :
2734 4278 2859 4332 Cum
2907 4280 3132 4348 feceritis
3184 4281 3292 4331 Ilwc
3338 4278 3541 4339 omnia,
3579 4277 3734 4330 dicite
3762 4291 3777 4327 :

2198 4371 2348 4429 Servi
2394 4373 2600 4427 inutiles
2649 4388 2824 4426 sumus
2873 4369 3022 4442 (Luc.
3050 4387 3185 4436 xvii,
3218 4367 3326 4439 10).
3379 4368 3777 4431 Verumtamen,

2199 4465 2320 4534 quia
2351 4464 2654 4519 carnalibus
2684 4462 2782 4517 ista
2814 4461 3150 4530 loquebatur,
3180 4459 3451 4529 adjunxit,
3481 4458 3667 4514 dicens

2273 4554 2446 4626 (Vers.
2473 4551 2588 4622 18.)
2630 4551 2701 4605 Et
2733 4551 3018 4604 clamabitis
3047 4553 3101 4604 in
3139 4552 3221 4605 die
3266 4550 3359 4604 illa
3399 4567 3431 4603 a
3465 4550 3601 4621 facie
3629 4549 3776 4620 regis,

510 4645 579 4702 ad
607 4645 705 4702 Dei
731 4644 1006 4701 servitium
1029 4643 1340 4712 dirigantur.
1373 4642 1433 4698 ln
1477 4659 1644 4714 opere
1671 4644 1813 4712 regis
1864 4653 2090 4714 ponunt,
2123 4669 2174 4730 υ
2200 4657 2368 4701 etnon
2391 4644 2631 4698 exaudiet
2654 4659 2740 4697 vos
2781 4641 3031 4698 Dominus
3061 4642 3115 4696 in
3152 4643 3234 4696 die
3273 4642 3395 4709 illa,
3433 4641 3557 4711 quia
3587 4641 3777 4712 petistis

511 4739 728 4810 quando
749 4737 862 4808 jam‘
911 4736 1049 4794 idem
1090 4737 1187 4792 Dei
1214 4736 1596 4807 omnipotentis
1622 4736 1920 4803 servitium,
1949 4737 2096 4806 quod

511 4845 699 4887 eorum
729 4828 1038 4898 magisterio
1068 4826 1368 4892 didicimus,
1395 4841 1728 4882 exercemus.
1759 4826 1940 4893 Quare
1969 4829 2098 4882 etin

512 4927 676 4980 asinis
707 4925 836 4995 quid
874 4925 1084 4997 aptius,
1125 4938 1284 4994 quam
1329 4922 1508 4977 lascivi
1538 4931 1713 4979 motus
1743 4925 1934 4978 anima:
1964 4924 2097 4994 ligu-

511 5013 735 5068 rantur?
777 5011 834 5067 In
868 5026 1031 5082 opere
1069 5017 1249 5063 autem
1279 5008 1419 5078 regis
1445 5017 1735 5080 ponuntur,
1763 5011 1978 5078 quando
2006 5012 2095 5066 illa

513 5117 686 5166 mens,
711 5115 829 5169 quae
858 5099 1037 5171 pravis
1060 5097 1474 5168 cogitationibus
1496 5100 1697 5154 moveri
1727 5100 1793 5154 ad
1823 5100 2095 5156 lasciviam

514 5192 754 5256 solebat,
794 5191 1174 5260 praedicatione
1201 5189 1440 5245 doctoris
1484 5190 1726 5261 prolicit,
1770 5200 1825 5246 et
1876 5191 2099 5249 affectus

514 5298 643 5337 suos
671 5282 724 5336 in
755 5281 994 5350 appetitu
1044 5280 1314 5335 imitanda:
1344 5281 1605 5338 castitatis
1650 5282 1821 5351 ponit.
1867 5281 2101 5338 Possunt

517 5389 794 5428 servorum
824 5381 878 5427 et
907 5374 1218 5428 ancillarum
1263 5380 1319 5428 et
1365 5375 1637 5429 asinorum
1691 5375 1908 5430 nomine
1959 5376 2096 5431 desi-

518 5461 690 5528 gnari,
708 5460 798 5527 qui
822 5461 1164 5516 saecularibus
1191 5461 1497 5518 hominibus
1526 5464 1825 5534 corporalia
1841 5465 2097 5534 obsequia

521 5547 732 5602 fortiter
772 5549 1104 5618 impendunt.
1155 5551 1260 5606 Sed
1307 5553 1359 5605 in
1401 5568 1566 5622 opere
1613 5554 1753 5622 regis
1789 5563 2095 5623 ponuntur;

521 5639 647 5709 quia
675 5642 920 5693 conversi
941 5641 1009 5694 ad
1046 5641 1141 5697 Dei
1180 5643 1563 5715 omnipotentis
1610 5645 1905 5710 servitium,
1939 5645 2099 5718 Spiri-

521 5731 686 5788 tualia
717 5739 867 5786 tanto
891 5733 1135 5789 devotius
1181 5750 1279 5805 pro
1323 5745 1523 5792 aeterna
1572 5736 1926 5792 retributione
1965 5739 2102 5794 tole-

521 5835 662 5891 rant,
694 5835 895 5892 quatito
922 5829 1116 5885 clarius
1144 5840 1460 5900 agnoscunt,
1483 5833 1606 5902 quia
1630 5846 1822 5903 magna
1847 5831 1960 5890 sine
1988 5832 2101 5890 fru-

2203 4734 2341 4790 vobis
2371 4752 2560 4806 regem.

2277 4826 2362 4880 16.
2404 4826 2504 4892 Qui
2553 4841 2733 4895 regem
2764 4825 3050 4895 petierant,
3088 4837 3119 4877 a
3166 4823 3304 4878 facie
3346 4822 3489 4892 regis
3528 4821 3775 4883 clamant,

2204 4917 2418 4990 quando
2448 4917 2514 4983 ii,
2540 4918 2632 4987 qui
2660 4931 2819 4986 agere
2844 4915 3173 4987 spiritualem
3203 4915 3366 4970 vitam
3394 4914 3494 4969 sub
3523 4912 3672 4968 bono
3699 4925 3779 4966 re—

2203 5019 2354 5067 ctore
2377 5019 2652 5076 voverant,
2684 5009 2923 5080 ejusdem
2945 5009 3066 5063 vitm
3095 5005 3398 5075 relinquere
3427 5000 3644 5060 labores
3669 5013 3777 5059 ten-

2203 5111 2341 5157 tant.
2364 5101 2524 5156 Facie
2545 5101 2760 5170 quidem
2795 5114 2982 5155 omnes
3010 5106 3393 5168 agnoscuntur.
3433 5083 3626 5150 Facies
3657 5109 3777 5160 ergo

2146 5261 2160 5279 ο
2201 5195 2343 5263 regis
2370 5202 2452 5248 est
2478 5193 2691 5261 cognita
2716 5191 3076 5256 conversatio,
3100 5201 3155 5244 et
3174 5188 3405 5244 eruditio
3432 5186 3561 5242 boui
3590 5185 3779 5256 przedi-

2200 5287 2420 5343 catoris.
2443 5286 2542 5353 Qui
2573 5284 2844 5351 nimirum,
2875 5283 2996 5353 quia
3019 5282 3151 5337 dura
3175 5291 3228 5337 et
3251 5296 3440 5350 aspera
3461 5295 3562 5351 pro
3582 5287 3779 5333 aeterna

2201 5378 2310 5432 vita
2341 5385 2524 5446 agunt,
2559 5384 2611 5430 ct
2639 5375 2771 5429 dura
2821 5372 3164 5444 praecipiunt,
3207 5387 3393 5427 eorum
3425 5371 3590 5424 vitam
3621 5380 3779 5438 atque

2203 5467 2499 5522 doctrinam
2530 5466 2772 5520 carnales
2816 5464 3012 5519 subditi
3065 5479 3169 5516 non
3205 5461 3421 5527 imitari,
3461 5459 3553 5514 sed
3601 5459 3778 5528 fugere

2203 5565 2487 5614 conantur.
2515 5555 2727 5610 Faciem
2752 5555 2948 5624 quippe
2968 5554 3107 5622 regis
3131 5563 3255 5607 tunc
3277 5550 3462 5605 vident
3488 5552 3579 5619 qui
3602 5563 3779 5619 regem

2201 5650 2487 5720 petierant,
2521 5651 2670 5716 cujus
2696 5654 2973 5716 aspectum
3003 5644 3348 5713 ignorabant;
3380 5642 3504 5710 quia
3547 5644 3600 5696 in
3643 5657 3777 5712 pm:-

2201 5740 2312 5793 lato
2357 5754 2458 5793 suo
2487 5737 2717 5793 cmlestis
2759 5736 2965 5792 itineris
2995 5734 3257 5790 districtio
3278 5775 3292 5800 ,
3343 5748 3502 5805 quam
3533 5733 3601 5786 sit
3634 5729 3778 5787 labo—

2202 5833 2344 5890 riosa
2369 5873 2384 5900 ,
2417 5830 2796 5897 considerant,
2828 5845 2991 5907 quam
3019 5829 3164 5885 velut
3199 5841 3313 5885 rem
3353 5826 3595 5894 facilem,
3628 5833 3754 5881 ante
