4020 6344
270 404 381 461 245

1090 399 1158 455 ΙΝ
1196 398 1461 456 PRIMUM
1500 396 1743 455 REGUM
1786 399 2299 458 EXPOSITIONES.
2342 430 2413 445 —-
2450 402 2580 457 LIB.
2620 401 2709 458 ιν.

3446 407 3552 463 ‘MG

269 534 433 591 quam
461 523 886 587 cognoscerent,
916 514 1261 586 appetebant.
1311 514 1465 570 Tunc
1492 530 1522 569 a
1550 514 1687 571 facie
1712 516 1857 585 regis
1882 512 1936 581 Α
2035 517 2212 589 (Vers.
2234 518 2348 589 21.)
2380 517 2451 573 Et
2485 520 2681 576 audivit
2722 518 2936 577 Samuel
2975 522 3153 577 omnia
3177 521 3331 578 verba
3350 527 3552 596 populi,

269 610 651 680 clamant,qui
696 623 879 682 regem
928 609 1233 681 petierunt;
1284 609 1409 680 quia
1452 608 1578 664 dum
1630 610 1860 666 carnalis

268 708 393 761 vitae
417 704 669 759 deserere
693 711 717 740 ι
747 716 955 757 morem
995 702 1183 758 nolunt
1204 743 1219 769 ,
1249 699 1367 771 ejus
1408 716 1568 783 quem
1596 702 1695 757 sibi
1718 717 1860 773 pra:-

268 814 389 855 esse
419 797 728 861 voluerunt,
762 794 953 865 optimi
992 795 1225 866 pastoris
1261 794 1345 849 sui
1387 794 1706 850 laudabilem
1737 795 1861 850 imi-

271 891 535 945 tationem
587 886 823 957 effugere
870 885 1133 941 nituntur.
1178 884 1245 940 Et
1272 885 1397 956 quia
1423 899 1567 941 careo
1591 885 1755 941 corde
1781 885 1863 940 lu-

267 996 389 1038 cem
418 979 606 1034 videre
634 993 743 1033 non
785 985 1049 1048 possunt,
1093 975 1161 1031 ad
1209 970 1497 1031 Dominum
1527 976 1785 1045 clamant,
1810 973 1863 1031 id

268 1082 371 1136 est,
396 1079 457 1127 ut
482 1069 717 1127 evadere
747 1070 1028 1139 spirituale
1054 1067 1240 1138 jugum
1270 1069 1366 1123 Dei
1396 1069 1645 1139 possint,
1675 1068 1861 1123 Domi-

266 1179 397 1220 num
426 1163 733 1219 obsecrant.
757 1160 866 1216 Sed
893 1176 1003 1217 non
1024 1159 1245 1216 exaudit
1284 1174 1379 1216 eos
1409 1159 1673 1216 Dominus
1694 1161 1747 1215 in
1775 1159 1863 1216 die

268 1262 382 1317 illa.
413 1262 543 1327 Quae
566 1267 648 1316 est
668 1260 784 1316 dies
804 1260 915 1329 illa,
941 1272 1046 1330 qua
1074 1258 1291 1330 reprobi
1319 1258 1545 1329 subjecti
1575 1258 1861 1313 Dominum

271 1358 603 1427 obsecrant,
652 1355 755 1411 nisi
808 1355 1037 1411 intentio
1088 1370 1243 1411 vana:
1292 1355 1699 1428 pr05peritatis?
1743 1353 1863 1409 Non

266 1448 659 1515 exaudiuntur;
706 1448 833 1518 quia
883 1446 1127 1517 profecto
1192 1461 1292 1518 per
1344 1446 1579 1502 divinam
1634 1447 1862 1517 gratiam

268 1554 546 1610 nunquam
589 1538 687 1609 fit,
718 1546 779 1594 ut
815 1536 973 1595 bonis
1027 1539 1329 1595 rectoribus
1375 1537 1545 1594 semel
1596 1539 1864 1609 promissa

266 1632 557 1701 subjectio,
585 1630 755 1686 libera
775 1629 957 1699 egredi
981 1628 1049 1684 ad
1085 1629 1271 1684 mundi
1301 1628 1689 1685 delectationes
1732 1643 1861 1701 pos-

267 1724 359 1780 sit.
392 1722 573 1789 Quare
603 1731 656 1776 et
683 1735 900 1777 causam
928 1719 1225 1790 subiunxit,
1249 1720 1435 1776 dicens
1462 1737 1476 1773 :

338 1839 521 1910 (νει-ε.
560 1835 674 1908 18.)
717 1834 853 1901 Quia
876 1837 1079 1908 petistis
1109 1836 1249 1891 vobis
1279 1852 1468 1907 regem.

1964 621 2015 665 et
2039 610 2240 666 locutus
2268 622 2342 667 est
2370 629 2430 666 ea
2453 614 2508 666 in
2541 612 2751 667 auribus
2777 612 3011 669 Domini.

2037 702 2126 757 18.
2159 703 2358 760 Audire
2380 720 2565 761 vocem
2594 705 2799 777 populi,
2833 714 2916 763 est
2938 723 3059 779 quae
3091 718 3293 765 sancta:
3319 722 3553 765 conver-

1964 796 2187 851 sationis
2210 797 2449 853 habitum
2481 805 2746 869 petentes,
2775 800 3013 855 exterius
3035 799 3219 856 dicant
3239 814 3551 871 agnoscere.

1962 887 2101 944 Nam
2128 889 2273 945 velut
2309 890 2477 948 solam
2507 892 2876 947 accedentium
2906 908 3097 949 vocem
3126 894 3401 963 audimus,
3430 910 3554 950 cum

1964 979 2166 1035 scimus
2212 968 2341 1052 ﬁum
2390 981 2625 1037 exterius
2681 991 2932 1039 asserunt
2969 1000 2983 1036 :
3036 983 3131 1039 sed
3176 985 3367 1053 quales
3411 984 3555 1039 inter

1966 1072 2275 1143 sponsionis
2304 1074 2627 1129 assertiones
2657 1073 2820 1130 futuri
2846 1076 2981 1143 sint,
3012 1091 3119 1132 non
3146 1076 3409 1133 videmus.
3449 1076 3555 1132 Lo-

1968 1165 2061 1234 qui
2110 1178 2238 1234 ergo
2287 1181 2351 1221 ea
2399 1167 2450 1220 in
2498 1168 2715 1223 auribus
2742 1168 2954 1224 Domini
2995 1169 3279 1237 debemus,
3328 1178 3389 1225 ut
3439 1171 3559 1241 ipse

1967 1261 2273 1331 sponsionis
2323 1261 2485 1316 verba
2530 1262 2787 1332 suscipiat
2824 1280 2837 1315 :
2870 1264 2963 1333 qui
3006 1264 3132 1319 dum
3174 1265 3340 1321 verba
3386 1265 3557 1335 audit,

1967 1352 2132 1408 corda
2176 1352 2391 1407 discutit
2411 1395 2425 1421 ,
2457 1361 2511 1408 et
2538 1368 2603 1408 ex
2636 1360 2786 1408 textu
2820 1354 3173 1425 profectionis
3198 1399 3212 1425 ,
3245 1371 3436 1412 usuras
3464 1372 3559 1411 ex-

1967 1445 2135 1515 quirit
2163 1445 2370 1500 robusti
2403 1445 2600 1516 operis.
2649 1443 2764 1502 Hoc
2810 1462 3045 1519 namque
3094 1449 3423 1505 novitiorum
3452 1464 3557 1506 no-

1966 1545 2201 1593 strorum
2230 1546 2442 1594 mentes
2471 1538 2709 1605 audiant,
2740 1545 2795 1594 et
2821 1549 3184 1611 expavescant
3208 1559 3220 1594 :
3249 1541 3374 1611 quia
3403 1540 3557 1597 vide-

1966 1628 2094 1685 licet
2118 1629 2266 1699 quod
2292 1630 2445 1686 nobis
2474 1630 2679 1697 dicunt,
2707 1632 2759 1686 in
2782 1633 2999 1687 auribus
3024 1632 3237 1688 Domini
3262 1635 3557 1702 loquimur.

1966 1723 2101 1779 Nam
2130 1724 2274 1792 quod
2304 1738 2486 1779 coram
2531 1725 2683 1781 nobis
2722 1727 3078 1796 promittunt,
3110 1727 3222 1782 Deo
3251 1727 3557 1797 ollerimus,

1966 1824 2026 1870 ut
2048 1816 2162 1885 ipse
2185 1815 2296 1885 jam
2330 1814 2399 1870 de
2427 1815 2674 1871 manibus
2712 1817 2909 1872 nostris
2941 1824 3153 1884 teneat,
3195 1819 3339 1889 quod
3367 1819 3559 1889 exqui-

342 1906 429 1983 17.
472 1927 638 1996 Quasi
656 1906 815 1983 dicat
847 1906 1210 1984 :‘Pastoribus
1240 1906 1571 1998 spiritalibus
1597 1925 1862 1999 promissa

1976 1916 2070 1962 rat.
2097 1907 2229 1976 Qua:
2254 1907 2495 1978 profecto
2524 1906 2746 1963 libertas
2766 1910 3020 1977 rectoris,
3038 1918 3121 1965 est
3148 1910 3405 1980 obligatio
3434 1911 3563 1966 sub-

265 2025 537 2096 subjectio
560 2019 940 2079 indissolubilis
973 2025 1073 2074 est.
1122 2017 1304 2073 Facile
1332 2017 1551 2089 quidem
1580 2017 1734 2073 vobis
1770 2033 1861 2073 re-

266 2132 396 2190 gem
428 2117 613 2190 petitis
648 2135 662 2170 :
698 2115 789 2172 sed
836 2115 957 2190 quia
983 2112 1216 2182 dignitas
1261 2111 1410 2181 regia
1439 2110 1618 2181 gravis
1647 2118 1749 2179 est,
1776 2125 1864 2165 eo-

268 2224 398 2265 rum
448 2214 770 2273 potestatem
825 2203 1055 2273 effugere
1101 2202 1259 2257 facile
1289 2217 1397 2256 non
1450 2201 1697 2272 potestis.
1745 2200 1863 2255 Iloc

264 2299 396 2369 quia
427 2297 495 2351 ad
516 2296 794 2351 historiam
821 2293 1065 2362 dicimus,
1098 2291 1392 2348 notandum
1418 2307 1536 2348 esse
1559 2306 1859 2358 censemus,

266 2390 396 2460 quia
427 2388 771 2459 omnipotens
799 2385 943 2442 Deus
962 2428 978 2455 ,
1008 2385 1134 2441 dum
1153 2384 1240 2456 jus
1268 2385 1411 2453 regis
1440 2384 1701 2455 praedicit,
1733 2384 1861 2439 reli-

269 2480 434 2551 giosis
498 2478 800 2551 prtepositis
862 2479 1094 2533 formam
1159 2476 1512 2531 institutionis
1580 2475 1860 2546 impendit.

270 2572 483 2640 Quare?
512 2570 583 2627 Ut
610 2571 705 2641 qui
735 2570 1094 2627 arctissimam
1134 2567 1565 2624 conversationis
1592 2566 1731 2621 viam
1764 2567 1866 2620 im-

270 2670 485 2735 perant,
511 2661 537 2701 b
562 2662 774 2719 noviter
802 2659 1186 2717 accedentibus
1214 2657 1371 2714 facile
1399 2658 1603 2713 aditum
1626 2673 1734 2713 non
1758 2657 1863 2711 im-

269 2755 529 2826 pendant.
558 2754 737 2821 Quare
760 2762 815 2808 et
841 2751 1083 2824 ejusdem
1112 2750 1424 2806 arctissimze
1456 2750 1577 2803 vitae
1608 2749 1865 2817 magister

272 2846 529 2918 Optimus,
554 2859 775 2902 summat
796 2844 1039 2901 veritatis
1080 2842 1374 2913 discipulus
1408 2841 1648 2896 eruditus
1678 2841 1868 2910 [mnci-

275 2940 380 3011 pit,
413 2938 589 2993 dicens
621 2956 634 2990 :
663 2936 893 2991 Probate
918 2936 1161 3006 spiritus‘,
1196 2935 1241 2987 si
1277 2949 1341 2986 ex
1366 2931 1476 2986 Deo
1502 2934 1606 2986 sint
1633 2930 1685 3003 (Ι
1705 2930 1865 2985 Ιοαη.

271 3047 349 3097 1v,
381 3030 451 3097 1).
478 3029 541 3085 Et
568 3030 695 3085 item
720 3049 731 3084 :
764 3026 1087 3083 Nuntientur
1114 3028 1159 3081 ei
1181 3026 1312 3080 dura
1332 3034 1381 3080 et
1408 3041 1613 3096 aspera,
1635 3041 1728 3096 per
1755 3039 1869 3095 qua:

270 3129 381 3183 itur
409 3126 478 3180 ad
513 3126 695 3195 Deum,
722 3136 777 3180 ut
807 3127 937 3180 sciat
965 3126 1034 3179 ad
1063 3124 1197 3198 quod
1225 3124 1407 3178 intrat.
1453 3120 1715 3176 Precdicat
1740 3136 1868 3190 ergo

270 3219 638 3289 Dominusjus
667 3219 829 3288 regis,
864 3218 1036 3284 dicat,
1065 3218 1202 3273 sciat
1231 3215 1432 3280 omnia,
1460 3214 1647 3284 quales
1672 3228 1867 3268 carna-

1972 1997 2071 2054 diti
2094 2016 2105 2051 :
2130 1999 2255 2068 quia
2277 2005 2427 2054 tanto
2447 1998 2759 2054 districtiori
2780 2000 3059 2054 sententia:
3075 1999 3341 2067 subditur,
3360 2009 3562 2071 quanto

1969 2090 2208 2159 apertius
2236 2090 2375 2145 scire
2416 2098 2597 2160 potest
2634 2107 2647 2145 :
2676 2090 2801 2160 quia
2839 2089 2910 2145 de
2955 2106 3041 2157 eo,
3074 2090 3220 2161 quod
3245 2095 3561 2162 respondet,

1969 2181 2330 2251 omnipotenti
2357 2180 2469 2237 Deo
2496 2181 2725 2237 reddere
2764 2183 3031 2237 rationem
3062 2183 3242 2238 debet.
3274 2183 3406 2238 Cum
3432 2198 3562 2255 ergo

1970 2287 2034 2328 ea
2055 2287 2174 2342 quae
2209 2273 2394 2327 novitii
2424 2274 2768 2343 promittunt,
2800 2273 2911 2329 Deo
2942 2273 3231 2342 oderimus,
3264 2276 3416 2346 quasi
3444 2276 3560 2331 chi-

1968 2366 2313 2435 rographum,
2346 2365 2491 2434 quod
2522 2365 2677 2420 nobis
2708 2366 2940 2431 faciunt,
2973 2366 3049 2420 illi
3084 2366 3294 2421 damus.
3339 2366 3407 2421 Et
3435 2368 3557 2437 quia

1969 2458 2203 2513 latenter
2240 2458 2345 2512 hoc
2389 2457 2594 2527 agitur,
2627 2458 2682 2512 in
2724 2457 2941 2512 auribus
2970 2457 3185 2512 Domini
3230 2456 3447 2512 Samuel
3476 2470 3560 2523 ea,

1970 2564 2090 2619 quae
2119 2550 2349 2620 populus
2391 2550 2631 2613 dixerat,
2680 2550 2891 2605 locutus
2919 2549 3083 2605 fuisse
3127 2550 3461 2620 perhibetur.
3504 2548 3561 2603 lu

1970 2645 2192 2698 auribus
2220 2645 2421 2713 quippe
2448 2645 2745 2699 amicorum
2776 2644 3067 2715 loquimur,
3104 2642 3323 2714 quando
3352 2646 3415 2697 e’a
3444 2655 3565 2712 quas

1970 2736 2215 2801 dicimus,
2244 2737 2514 2791 extraneis
2541 2736 2797 2791 celamus.
2830 2734 3083 2804 Sequitur
3113 2752 3127 2788 :
3386 2728 3395 2733 ’

2044 2830 2223 2900 (Vers.
2256 2830 2368 2900 2L)
2430 2830 2578 2884 Dixit
2621 2836 2792 2883 autem
2836 2827 3093 2883 Dominus
3124 2828 3194 2882 ad
3224 2822 3517 2883 Sa'nTuetem
3544 2843 3562 2882 :

1971 2922 2108 2976 Audi
2136 2940 2305 2978 vocem
2335 2939 2509 2978 eorum
2528 2964 2541 2989 ,
2571 2930 2621 2975 et
2649 2921 2901 2977 constitue
2928 2937 3081 2992 super
3108 2938 3195 2976 eos
3224 2937 3412 2992 regem.

2047 3014 2137 3071 19.
2180 3016 2439 3085 Superius
2486 3015 2749 3085 propheta
2797 3012 2977 3067 futura
3028 3012 3399 3083 prospiciens,
3442 3011 3561 3065 ait:

1974 3111 2278 3167 Clamabitis
2308 3110 2377 3163 ad
2404 3108 2703 3176 Dominum,
2728 3119 2776 3161 et
2801 3124 2906 3162 non
2933 3107 3199 3174 exaudiet,
3223 3106 3344 3179 quia
3367 3105 3567 3177 petistis

1974 3204 2116 3260 vobis
2154 3220 2341 3274 regem.
2388 3201 2540 3256 Nunc
2568 3216 2697 3255 vero
2738 3200 2998 3255 Dominus
3040 3198 3171 3253 dicit
3198 3217 3210 3252 :
3235 3198 3372 3251 Audi
3396 3214 3567 3253 vocem

270 3314 353 3368 les
384 3313 543 3367 futuri
574 3320 698 3367 sunt
738 3313 789 3367 in
821 3312 935 3381 ejus
974 3310 1353 3366 observatione
1394 3327 1406 3362 :
1433 3317 1489 3363 et
1525 3315 1583 3363 ut
1610 3307 1676 3362 ad
1701 3308 1867 3362 vitam

1976 3314 2171 3363 eorum,
2198 3306 2247 3351 et
2273 3298 2522 3350 constitue
2544 3310 2699 3365 super
2727 3310 2813 3347 eos
2844 3310 3014 3365 regem
3045 3291 3099 3363 (Ι
3127 3291 3253 3361 Reg.
3298 3305 3421 3355 vur,
3456 3289 3566 3359 18).

272 3402 490 3458 virtutis
545 3404 705 3474 200
760 3400 965 3457 debiles
1014 3398 1168 3454 facile
1213 3414 1321 3453 non
1371 3396 1669 3465 accedant,
1700 3396 1868 3451 fortes

273 3494 551 3567 praepositi
599 3493 757 3547 facile
786 3490 989 3547 debiles
1031 3504 1371 3560 nequaquam
1403 3489 1693 3558 accipiant.
1722 3486 1871 3541 Cele-

272 3586 407 3641 ritas
435 3584 656 3655 quidem
685 3582 1056 3638 conversionis
1092 3582 1408 3652 plerumque
1436 3580 1609 3634 oritur
1637 3593 1704 3633 ex
1729 3593 1869 3649 pra:-

274 3677 594 3747 cipitatione
636 3673 867 3743 consilii,
908 3689 1015 3728 non
1065 3687 1134 3727 ex
1177 3672 1512 3727 incremento
1543 3669 1866 3725 devotionis.

275 3766 410 3823 Nam
442 3781 565 3822 cum
587 3762 778 3820 infirmi
803 3764 963 3819 fortia
987 3765 1329 3834 promittunt,
1351 3776 1458 3817 non
1487 3773 1567 3817 est
1588 3771 1870 3833 expertum

276 3859 447 3913 robur
477 3857 664 3926 animi,
692 3857 783 3913 sed
810 3857 1056 3912 confusio
1087 3856 1448 3913 discretionis.
1496 3856 1643 3924 Quos
1685 3874 1871 3915 omnes

279 3951 384 4005 sub
418 3950 574 4005 unius
614 3949 964 4005 denotatione
992 3948 1206 4019 sapiens
1236 3948 1520 4016 admonet,
1565 3950 1657 4019 qui
1697 3949 1825 4005 dicit
1854 3968 1867 4005 :

290 4049 313 4078 ε
350 4039 519 4109 Super
546 4049 590 4093 te
624 4056 753 4094 onus
790 4056 854 4093 ne
888 4039 1153 4095 (evaseris.
1199 4038 1300 4107 Qui
1341 4054 1470 4109 ergo
1513 4040 1566 4094 in
1608 4040 1871 4109 regularis

280 4132 408 4186 vita:
447 4130 570 4187 forti
618 4132 896 4202 proposito
942 4131 1062 4186 aliis
1108 4139 1363 4202 prmsunt,
1395 4139 1546 4187 tanto
1588 4130 1872 4187 discretius

276 4220 479 4277 debent
508 4221 574 4276 ad
602 4220 845 4276 eamdem
866 4221 1030 4275 vitam
1060 4236 1353 4276 conversos
1376 4222 1640 4291 recipere,
1665 4229 1871 4290 quanto

278 4322 334 4368 et
362 4312 545 4368 utilius
578 4310 1019 4383 praenoscendum
1050 4321 1152 4380 est,
1179 4313 1550 4368 accedentium
1581 4314 1772 4383 petitio
1804 4329 1872 4368 ex

276 4402 479 4457 virtute
521 4402 595 4456 sit
639 4402 833 4471 animi,
872 4417 941 4457 an
986 4417 1053 4457 ex
1100 4403 1528 4473 przecipitatione
1555 4404 1868 4459 voluntatis.

280 4495 416 4552 Nam
439 4497 531 4567 qui
558 4497 611 4551 in
645 4497 755 4552 suis
776 4497 987 4551 actibus
1018 4495 1200 4575 faciles
1226 4504 1377 4563 sunt,
1410 4499 1587 4553 solent
1614 4499 1873 4552 instanter

279 4588 407 4643 vita:
462 4588 719 4657 spiritalis
773 4590 1119 4659 asperitatem
1174 4597 1471 4659 appetere,
1502 4598 1561 4644 ut
1589 4590 1873 4645 videantur

278 4694 477 4749 magna
508 4680 672 4735 animi
696 4681 915 4749 virtute,
943 4680 1090 4751 quod
1121 4689 1396 4753 expetunt,
1421 4681 1747 4736 desiderare.

357 4773 535 4845 (Vers.
562 4774 651 4839 i9,
685 4773 800 4845 20.)
842 4773 1029 4830 Noluit
1053 4783 1223 4829 autem
1250 4775 1471 4845 papulas
1497 4774 1676 4828 audire
1700 4790 1871 4829 vocem

278 4867 576 4935 Samuelis,
605 4875 653 4920 et
692 4868 935 4921 dixerunt
964 4882 981 4921 :
1011 4864 1386 4937 Nequaquam,
1423 4866 1514 4919 sed
1540 4882 1631 4919 rea:
1661 4867 1759 4919 erit
1788 4882 1875 4919 su-

280 4979 373 5032 per
410 4978 526 5029 nos,
552 4970 601 5015 et
625 4963 813 5016 erimus
852 4977 946 5015 nos
984 4970 1181 5032 quoque
1225 4961 1357 5014 sicut
1401 4976 1576 5014 omnes
1606 4970 1796 5031 gentes,
1826 4969 1875 5013 et

274 5053 538 5127 judicabit
566 5070 660 5108 nos
687 5069 781 5107 rex
811 5061 1005 5119 noster,
1030 5062 1079 5106 et
1099 5050 1387 5123 egredietur
1407 5058 1528 5103 ante
1556 5066 1672 5120 nos,
1701 5058 1752 5105 et
1780 5065 1874 5119 pu-

284 5146 467 5218 gnabit
498 5144 629 5201 bella
659 5153 839 5200 nostra
868 5162 960 5212 pro
990 5144 1151 5200 nobis.

359 5237 473 5296 Hoc
514 5241 640 5311 quia
676 5240 923 5310 superius
950 5239 1058 5295 late
1086 5238 1388 5309 expositum
1430 5244 1549 5307 est,
1597 5237 1655 5293 in
1686 5250 1874 5293 eorum

281 5333 651 5404 exquisitione
678 5333 851 5389 otiose
876 5326 1196 5388 retinemur.
1226 5329 1480 5400 Sequitur
1513 5348 1526 5383 :

358 5499 407 5574 ο.
426 5490 483 5544 In
512 5490 685 5551 Vatic.
717 5504 773 5553 et
792 5496 982 5574 Gu_ss..
1002 5496 1197 5563 uolunt,
1223 5493 1369 5565 quod
1394 5494 1661 5549 intentum
1684 5507 1716 5547 a
1745 5491 1881 5548 Gre-

284 5569 447 5634 gorio
471 5578 688 5621 sensum
710 5569 927 5625 evertit.

364 5637 389 5672 b
432 5635 557 5690 Hec
600 5652 673 5707 ex
722 5640 905 5707 regula
955 5635 1011 5695 S.
1059 5636 1117 5690 P.
1152 5636 1463 5703 Benedicti,
1508 5652 1628 5707 cap.
1676 5634 1743 5688 58
1787 5634 1879 5688 de-

285 5716 539 5779 prompta
571 5714 697 5779 sunt
724 5726 831 5763 non
864 5708 1035 5762 solum
1066 5708 1244 5775 quoad
1284 5724 1497 5762 sensum
1524 5748 1537 5772 ,
1584 5707 1677 5761 sed
1714 5707 1877 5759 etiam

287 5778 473 5847 quoad
495 5778 656 5831 verba
683 5798 695 5832 :
732 5779 946 5834 Noviter
973 5780 1090 5849 quis
1119 5779 1324 5831 veniens
1363 5780 1431 5831 ac!
1461 5779 1875 5842 conuersionem,

291 5866 400 5903 non
427 5849 475 5901 ei
498 5850 665 5918 facilis
699 5852 953 5904 tribuatur
981 5852 1240 5918 ingressus
1260 5865 1276 5902 :
1298 5849 1385 5903 sed
1406 5850 1535 5902 sicut
1556 5851 1629 5901 ait
1657 5850 1877 5919 Aposto-

289 5922 397 5986 lus,
423 5920 647 5988 probate
686 5923 905 5989 spiritus
947 5922 993 5978 si
1021 5938 1089 5977 ex
1117 5920 1229 5975 Deo
1256 5928 1412 5989 sunt,
1443 5930 1549 5978 etc.
1582 5920 1745 5975 Multa
1775 5920 1878 5976 alia

1975 3388 2112 3456 Quid
2143 3403 2240 3458 per
2271 3389 2373 3441 hoc
2400 3386 2553 3441 nobis
2583 3385 2904 3448 ostenditur,
2938 3384 3039 3437 nisi
3069 3383 3216 3452 quod
3242 3397 3383 3451 saepe
3415 3381 3570 3435 bonis

1973 3478 2278 3532 rectoribus
2315 3483 2514 3529 sanctcc
2558 3474 2812 3529 Ecclesiae
2852 3472 3107 3527 divinitus
3162 3473 3486 3542 inspiratur,
3511 3478 3571 3525 ut

1977 3568 2213 3624 cmlestis
2242 3568 2365 3622 vitae
2396 3566 2586 3620 studiis
2615 3581 2709 3620 eos
2746 3564 3011 3632 subdant,
3038 3566 3129 3634 qui
3159 3564 3259 3620 sub
3290 3562 3568 3633 disciplina

1977 3660 2221 3731 ejusdem
2271 3658 2622 3729 professionis
2667 3664 2858 3728 postea
2886 3656 3068 3712 devoti
3116 3672 3224 3711 non
3272 3656 3431 3711 sunt?
3469 3653 3570 3721 Qui

1976 3754 2219 3829 profecto
2243 3761 2432 3825 postea
2456 3768 2487 3806 a
2512 3751 2652 3807 facie
2674 3752 2815 3822 regis
2843 3751 3124 3806 clamaturi
3145 3758 3288 3813 sunt,
3309 3757 3365 3804 et
3390 3757 3570 3803 tamen

1974 3847 2157 3902 divino
2179 3856 2452 3919 prmcepto
2484 3859 2664 3915 regem
2699 3845 3008 3915 recipiunt:
3043 3844 3169 3913 quia
3204 3843 3461 3897 divinitus
3491 3842 3565 3895 in-‘

1975 3940 2250 4010 spirantur
2274 3937 2339 3991 ad
2368 3938 2680 3992 servitutem
2706 3937 2797 3992 Dei
2822 3938 3017 3992 devote
3047 3936 3327 4002 accedere,
3351 3950 3489 4004 quos
3518 3935 3569 3989 in

1978 4042 2266 4103 augmento
2322 4032 2586 4088 mercedis
2639 4042 2857 4088 aeternae.
2923 4039 3201 4100 pastorum
3267 4028 3572 4083 sollicitudo

1978 4126 2157 4197 magni
2182 4125 2405 4193 laboris,
2436 4124 2534 4178 sub
2562 4123 2804 4191 ejusdem
2841 4120 3115 4175 servitutis
3151 4119 3367 4173 vinculo
3410 4120 3568 4188 201

1980 4221 2178 4275 debeat
2212 4219 2484 4274 cohibere.
2515 4217 2594 4271 Ad
2641 4217 2925 4271 Dominum
2970 4230 3165 4287 nempe
3210 4215 3445 4269 clamare
3489 4214 3571 4268 di-

1976 4322 2192 4377 cuntur,
2222 4325 2252 4365 a
2279 4310 2414 4366 facie
2441 4311 2580 4378 regis
2605 4310 2687 4365 sui
2723 4328 2734 4361 :
2770 4308 2865 4363 sed
2890 4308 3017 4379 quid
3058 4324 3089 4361 a
3120 4308 3347 4363 Domino
3377 4308 3573 4364 missus

1976 4407 2241 4476 propheta
2274 4403 2631 4474 respondeat,
2682 4404 2782 4477 ipsi
2837 4419 2991 4474 rcges
3038 4404 3295 4470 audiant,
3345 4412 3403 4458 ut
3445 4401 3572 4473 quid

1978 4511 2137 4566 agere
2165 4496 2423 4561 debeant,
2457 4496 2596 4550 inter
2630 4495 2776 4566 ipsos
2805 4496 3070 4552 clamores
3098 4497 3288 4552 sciant.
3324 4493 3570 4565 Non,in-

1976 4591 2111 4658 quit,
2150 4590 2391 4643 exaudiet
2437 4606 2543 4643 ros.
2575 4586 2717 4659 Ergo
2764 4606 2863 4645 nec
2908 4592 3007 4662 ipsi
3058 4592 3313 4647 exaudire
3349 4592 3573 4647 debent.

1909 4688 1955 4748 Ι)
1981 4678 2084 4746 Qui
2106 4679 2250 4733 enim
2282 4679 2333 4732 in
2364 4680 2564 4734 sanctis
2586 4683 2931 4737 monasteriis
2957 4690 3082 4737 sunt
3113 4683 3300 4754 tepidi,
3322 4680 3573 4740 medendi

1980 4780 2128 4837 sunt,
2153 4773 2305 4841 quasi
2326 4772 2482 4842 aegri;
2516 4789 2625 4828 non
2649 4784 2771 4827 sunt
2804 4775 3073 4844 ejiciendi,
3102 4786 3162 4831 ut
3191 4775 3411 4830 mortui.
3438 4773 3573 4831 Nam

1981 4863 2027 4919 si
2057 4878 2086 4917 a
2108 4862 2338 4918 Domino
2370 4863 2517 4917 missi
2543 4874 2686 4930 sunt,
2712 4866 2849 4919 inter
2877 4866 3233 4936 spiritualium
3266 4871 3572 4932 unguento-

1979 4971 2100 5011 rum
2131 4954 2365 5011 fomenta
2393 4956 2732 5026 resipiscent.
2764 4957 2914 5013 Dicat
2945 4974 3073 5028 ergo
3103 4957 3361 5013 Dominus
3393 4975 3406 5011 ι
3437 4956 3573 5012 Con-

1980 5052 2134 5105 stitue
2177 5065 2332 5119 super
2378 5064 2465 5103 eos
2518 5066 2689 5120 regem
2719 5049 2883 5119 :quia
2928 5050 3173 5121 profecto
3216 5048 3457 5104 nannulli
3507 5050 3571 5105 ad

1980 5143 2295 5198 servitutem
2343 5143 2437 5197 Dei
2467 5143 2692 5197 veniunt
2728 5144 2947 5211 devoti,
2993 5145 3082 5213 qui
3124 5151 3181 5199 et
3219 5143 3574 5211 refrigescere

1981 5236 2395 5307 permittuntur,
2426 5235 2520 5291 sed
2551 5243 2827 5307 pastorum
2855 5222 3071 5302 studio,
3091 5253 3318 5308 quorum
3358 5252 3417 5291 se
3441 5252 3572 5306 prae-

1982 5338 2142 5404 cepto
2180 5333 2533 5390 subdiderant
2578 5334 2757 5389 divina
2799 5333 3182 5404 inspiratione,
3230 5332 3294 5385 ad
3337 5344 3574 5386 amorem

1983 5507 2052 5575 ex
2084 5493 2272 5549 eadem
2312 5495 2499 5566 regula
2546 5495 2830 5564 desumpta
2858 5492 3263 5550 observavimus
3292 5491 3343 5544 in
3378 5486 3573 5547 Prmfa-

1986 5572 2374 5691 "oileb‘ortasse
2416 5636 2606 5691 Ecclis.
2647 5651 2766 5705 cap.
2794 5650 2870 5701 Ill,
2902 5635 2989 5699 22,
3026 5634 3112 5689 ubi
3151 5635 3346 5701 legitur
3382 5636 3573 5688 altiora

1984 5714 2050 5771 te,
2082 5708 2164 5761 vel
2189 5709 2488 5777 difﬁciliora
2518 5715 2565 5758 te
2586 5724 2649 5760 ne
2677 5705 3039 5777 quwsierisd‘lt
3063 5706 3113 5759 in
3143 5705 3295 5760 Vers.
3323 5705 3571 5777 Arabica,

1984 5794 2045 5831 ne
2075 5774 2274 5901 (pigras
2314 5779 2608 5903 ηιιοὶΙἹυίνεδ
2651 5774 2766 5832 tuas
2807 5786 3028 5851 superet.
3059 5777 3193 5834 Vide
3215 5791 3380 5846 supra
3410 5774 3503 5828 lib.
3530 5787 3569 5839 l,

1985 5865 2102 5903 can.
2177 5890 2191 5903 .
2222 5864 2367 5903 nunt.
2478 5888 2490 5902 .

2004 5866 2102 5919 :ap.
2138 5866 2191 5916 2,
2222 5866 2367 5903 nunt.
2410 5866 2428 5903 1
2450 5866 2490 5902 ι.
