4020 6344
496 387 591 443 247

1684 381 1929 441 SANCTI
1966 379 2291 437 CREGORII
2329 381 2549 441 MAGNI

3652 393 3765 454 948

491 504 722 564 :oelestis
749 502 937 576 patriae
957 503 1315 560 recalescunt.
1342 501 1450 558 Sed
1465 500 1578 572 jam
1606 500 1778 575 qualis
1796 508 1983 569 pastor
2009 496 2077 555 ad
2101 495 2156 559 Α
2178 497 2523 567 gradiebatur
2547 499 2638 556 ille
2675 503 2743 556 de
2769 514 2877 571 quo
2916 501 3173 573 scriptum
3198 510 3280 559 est
3305 520 3318 559 :
3367 504 3655 579 Regressus
3683 521 3765 567 est

489 615 597 656 tunc
623 599 693 655 sit
728 597 974 666 idoneus,
1005 596 1245 667 exponit,
1278 595 1501 651 dicens:

556 699 597 769 (Ι
628 698 759 767 Reg.
807 714 881 761 ix,
932 696 985 765 l,
1031 695 1111 767 2.)
1151 694 1285 749 Erat
1312 696 1388 749 vir
1426 694 1490 748 de
1536 693 1832 764 Benjamin,
1862 694 2071 748 nomine

491 790 597 852 Cis,
650 790 791 861 ﬁlius
830 788 994 847 Abiel.
1029 788 1177 857 “ﬁlii
1225 785 1404 852 Seror,
1449 785 1546 855 ﬁlii
1597 785 1918 851 Becltorath,
1972 784 2069 855 ﬁlii

481 883 666 954 Aphiu,
701 882 800 952 lilii
828 881 925 935 viri
952 879 1145 933 Jemini
1172 880 1319 948 fortis
1346 878 1546 931 robore.
1588 876 1657 930 Et
1683 886 1795 931 erat
1823 878 1902 931 illi
1928 878 2069 947 ﬁlius

482 975 722 1032 vocabulo
771 974 926 1040 Saul,
975 971 1164 1025 electus
1193 978 1242 1023 et
1288 969 1470 1037 bonus,
1519 978 1570 1023 et
1612 986 1715 1024 non
1760 969 1872 1026 θαι
1901 970 1978 1024 vir
2006 971 2070 1025 de

481 1065 654 1130 Israel
674 1065 852 1119 melior
883 1063 995 1129 illo,
1026 1063 1089 1117 ab
1112 1062 1321 1116 humero
1343 1068 1391 1115 et
1411 1076 1616 1116 sursum
1638 1062 1889 1116 eminebat
1914 1077 2069 1132 super

480 1178 680 1217 omnem
700 1159 967 1231 populum.

551 1251 640 1305 20.
681 1248 819 1317 Quid
840 1257 939 1314 est,
971 1247 1115 1317 quod
1142 1261 1261 1302 cum
1300 1260 1397 1301 rex
1430 1246 1838 1302 constituendus
1877 1254 2066 1301 osten-

479 1342 642 1403 ditur,
672 1348 884 1410 patrum
907 1338 1120 1394 nomina
1143 1338 1507 1411 praedicantur
1532 1358 1544 1392 :
1575 1338 1677 1393 nisi
1704 1338 1830 1409 quia
1851 1338 2068 1408 indigne

478 1433 771 1490 assumitur
798 1432 866 1486 ad
896 1431 1255 1501 principatum
1284 1440 1485 1487 sanctae
1513 1430 1786 1499 Ecclesia),
1820 1430 1910 1502 qui
1937 1446 2066 1485 san-

477 1534 694 1580 ctorum
741 1521 958 1577 Patrum
990 1522 1043 1576 in
1074 1522 1314 1578 moribus
1357 1522 1692 1578 nobilitatem
1720 1538 1831 1579 non
1879 1522 2068 1576 tenet?

477 1614 587 1670 Sex
638 1622 817 1669 autem
848 1621 1059 1684 patrum
1106 1613 1324 1669 nomina
1377 1615 1737 1683 assignantur,
1788 1622 1847 1668 ut
1869 1620 2069 1668 sanctae

476 1708 901 1764 conversationis
932 1722 1120 1763 eorum
1153 1708 1205 1761 in
1234 1707 1377 1763 bona
1399 1709 1610 1763 actione
1639 1707 1900 1778 perfectio
1927 1706 2068 1762 desi-

476 1810 690 1869 gnetur.
741 1800 849 1855 Sex
892 1800 1036 1855 enim
1066 1798 1254 1854 diebus
1298 1798 1530 1854 mundus
1558 1799 1806 1854 conditus
1836 1804 1937 1863 est,
1968 1813 2063 1854 sex

2172 591 2326 647 Jesus
2354 595 2409 647 in
2438 596 2622 649 virtute
2662 596 2873 666 spiritus
2921 597 2975 652 in
3009 595 3280 654 Galilwam
3323 598 3477 669 (Luc.
3523 616 3596 668 tv,
3644 601 3760 671 14).

2172 687 2274 755 Qui
2295 701 2423 757 ergo
2444 687 2607 744 durus
2625 687 2840 757 dicitur,
2862 688 3015 745 fortis
3035 689 3232 745 robore
3254 689 3570 760 perhibetur
3594 710 3609 746 :
3632 694 3761 761 quia

2172 778 2330 835 electi
2359 780 2479 846 viri,
2511 779 2641 836 dum
2672 796 2881 836 summa
2911 782 3226 852 prasdicant,
3257 782 3495 848 ingentia
3524 782 3755 839 demou—

2168 880 2381 929 strant:
2429 881 2486 928 et
2511 888 2671 930 omne
2698 873 2843 945 quod
2872 874 3039 930 altum
3087 874 3427 945 praecipiunt,
3477 890 3758 946 omneque

2169 966 2315 1037 quod
2342 981 2593 1036 magnum
2620 975 2805 1037 agunt,
2836 968 2893 1024 in
2920 970 3121 1025 virtute
3150 971 3323 1027 sancti
3361 970 3595 1041 Spiritus
3624 988 3761 1040 ope-

2168 1066 2374 1113 rantur.
2422 1057 2499 1113 De
2527 1073 2635 1129 quo
2673 1059 2831 1129 digne
2856 1060 3235 1131 subjungitur:
3284 1061 3355 1116 Et
3383 1071 3497 1117 erat
3537 1065 3584 1117 ei
3613 1065 3757 1134 ﬁlius

2169 1150 2303 1207 Saul
2342 1154 2569 1221 nomine,
2600 1153 2787 1207 electus
2813 1163 2861 1209 et
2904 1154 3087 1209 bonus.
3133 1154 3271 1215 Nam
3298 1157 3389 1227 qui
3417 1156 3605 1211 talium
3637 1158 3760 1212 imi-

2169 1253 2312 1301 tator
2339 1254 2438 1310 est,
2471 1245 2617 1301 utilis
2641 1261 2749 1301 non
2778 1246 2952 1302 solum
2982 1254 3065 1303 est
3092 1245 3162 1301 ad
3183 1246 3423 1303 laborem
3445 1247 3757 1312 ministerii,

2170 1336 2268 1391 sed
2310 1347 2466 1406 aptus
2512 1336 2578 1390 ad
2607 1335 2837 1393 fructum
2894 1336 3245 1393 lnereditatis.
3286 1336 3505 1394 Electus
3557 1339 3761 1410 quippe

2170 1426 2333 1482 etiam
2359 1427 2523 1483 ludas
2551 1427 2619 1483 ad
2640 1428 2995 1484 ministerium
3015 1426 3114 1484 fuit
3143 1447 3157 1483 :
3188 1429 3283 1485 sed
3306 1430 3432 1500 quia
3453 1430 3632 1486 bonus
3652 1448 3763 1487 non

2170 1518 2287 1583 fuit,
2311 1518 2399 1588 jus
2430 1520 2608 1574 amisit
2636 1520 3015 1577 successionis.
3049 1519 3151 1588 Qui
3182 1534 3312 1589 ergo
3343 1520 3398 1574 in
3418 1519 3549 1576 Saul
3580 1521 3759 1578 adhuc

2171 1610 2346 1666 electo
2376 1618 2431 1666 et
2458 1611 2601 1667 bono
2631 1594 3019 1682 signiﬁcantur,
3063 1611 3166 1667 nisi
3195 1618 3505 1666 sanctorum
3536 1610 3759 1668 Patrum

2172 1700 2332 1756 electi
2362 1700 2683 1769 imitatores,
2706 1701 2797 1770 qui
2827 1716 2926 1771 per
2951 1700 3249 1756 doctrinam
3279 1700 3397 1755 aliis
3425 1700 3581 1755 utiles
3606 1710 3757 1766 sunt,

2173 1800 2229 1847 et
2257 1807 2355 1862 per
2381 1794 2849 1849 conversationem
2872 1794 2975 1849 sibi
3001 1810 3016 1846 :
3044 1793 3135 1863 qui
3164 1793 3241 1848 sic
3267 1792 3401 1847 alios
3431 1801 3657 1863 possunt
3679 1808 3762 1849 re~

472 1893 722 1947 aetatibus
748 1898 1175 1947 consummatur.
1210 1889 1317 1946 Sex
1348 1904 1475 1960 ergo
1502 1898 1627 1945 sunt
1656 1898 1859 1961 patres,
1889 1889 1982 1959 qui
2010 1891 2064 1945 in
2096 1876 2142 1935 Β
2170 1900 2318 1955 gere,
2350 1897 2409 1942 ut
2431 1888 2777 1960 sibimetipsis
2798 1904 3140 1960 nequaquam
3168 1888 3417 1945 desinant
3438 1890 3761 1960 providere?

473 1983 805 2052 genealogite
832 1983 1019 2038 ordine
1040 1982 1333 2038 electorum
1359 1989 1637 2053 pastorum
1660 1990 1859 2037 sancta:
1882 1981 2065 2037 Eccle-

474 2074 567 2129 sia:
599 2076 984 2131 nominantur:
1016 2075 1141 2144 quia
1167 2074 1415 2129 nimirum
1437 2074 1648 2131 illorum
1678 2082 1805 2129 sunt
1832 2090 1927 2146 per
1947 2075 2069 2130 inii-

474 2168 736 2223 tationem
768 2168 881 2234 lilii,
913 2167 1005 2238 qui
1036 2168 1089 2222 in
1120 2166 1290 2223 forma
1318 2167 1660 2239 sequentium
1700 2168 1913 2223 culmen
1961 2167 2062 2222 oh-

476 2261 651 2316 tinent
680 2260 1043 2331 perfectionis.
1069 2259 1230 2316 Pater
1258 2275 1389 2317 vero
1419 2260 1582 2330 regis,
1603 2260 1712 2328 Cis,
1738 2260 1791 2315 id
1807 2261 2067 2316 estdurus

473 2353 671 2409 dicitur
696 2372 709 2406 :
734 2352 858 2422 quia
882 2354 1129 2424 profecto
1152 2354 1207 2419 ii,
1232 2368 1464 2424 quorum
1486 2352 1659 2409 sancti
1681 2352 2062 2424 praedicatores

475 2447 777 2502 imitatores
802 2454 950 2515 sunt,
980 2447 1089 2500 vita
1120 2453 1173 2499 et
1203 2446 1322 2501 zelo
1354 2445 1563 2501 remissi
1604 2460 1711 2499 non
1742 2452 1887 2500 sunt.
1937 2444 2067 2500 Duri

472 2554 705 2609 namque
719 2549 865 2609 sunt,
886 2539 1008 2610 quia
1023 2539 1397 2610 peccatoribus
1413 2538 1596 2594 mollia
1610 2553 1717 2593 non
1733 2538 2027 2609 loquuntur
2048 2556 2060 2590 :

472 2634 592 2689 duri
609 2634 769 2689 etiam
786 2644 931 2698 sunt,
945 2636 1069 2705 quia
1083 2642 1141 2689 ut
1166 2634 1300 2689 alios
1313 2634 1451 2689 bene
1473 2634 1771 2703 corrigant,
1794 2632 1926 2688 dura
1944 2647 2065 2702 qua:

471 2725 577 2781 illis
606 2725 945 2796 praecipiunt,
998 2726 1051 2779 in
1083 2741 1177 2781 sua
1228 2725 1640 2781 conversatione
1669 2725 2061 2780 demonstrant.

472 2814 649 2873 Durus
666 2832 896 2888 namque
937 2817 1240 2885 videbatur,
1292 2817 1383 2887 qui
1410 2815 1625 2872 Iudaeos
1657 2817 1939 2885 arguebat,
1991 2814 2066 2869 di-

472 2926 603 2966 cens
627 2930 639 2964 :
670 2910 943 2966 Cenimina
964 2914 1271 2983 viperarum,
1296 2911 1410 2984 quis
1433 2911 1658 2967 ostendit
1676 2908 1815 2966 vobis
1838 2911 2063 2981 e/Tugere

473 3020 502 3054 α
525 3013 737 3056 ventura
764 3005 875 3058 ira?
898 3003 1082 3058 Facite
1096 3004 1279 3074 dignos
1302 3005 1499 3074 fructus
1521 3000 2061 3074 pmnitentiw(Matth.

472 3107 551 3153 in,
588 3092 664 3163 7).
712 3091 819 3147 Sed
862 3094 955 3162 qui
984 3094 1102 3148 aliis
1130 3094 1297 3148 durus
1346 3102 1498 3163 erat,
1527 3093 1630 3149 sibi
1654 3094 1910 3148 remissus
1954 3110 2062 3149 non

472 3194 611 3237 erat.
644 3182 777 3237 Nam
799 3191 858 3238 ut
878 3184 1207 3255 paenitentiae
1234 3184 1507 3253 duritiam,
1532 3201 1691 3256 quam
1714 3185 2059 3256 praedicabat,

2170 1976 2343 2033 Electi
2387 1994 2617 2048 namque
2648 1987 2703 2033 et
2731 1978 2857 2033 boni
2903 1988 3049 2047 sunt,
3080 1980 3205 2048 quia
3232 1979 3310 2035 sic
3351 1979 3498 2034 lucra
3526 1980 3759 2037 aliorum

2171 2076 2448 2139 expetunt,
2476 2078 2533 2123 ut
2562 2068 2642 2123 sui
2671 2068 2816 2123 nulla
2845 2068 3037 2123 damna
3065 2069 3357 2139 patiantur.
3383 2066 3533 2124 Pleni
3557 2070 3759 2139 quippe

2171 2159 2225 2214 in
2254 2159 2445 2228 seipsis
2472 2168 2616 2226 sunt,
2649 2158 2928 2214 efﬂuentes
2956 2160 3096 2227 aliis,
3129 2167 3185 2214 et
3209 2160 3277 2215 de
3317 2160 3646 2234 abundantia
3676 2162 3758 2217 sui

2168 2252 2248 2307 sic
2299 2251 2418 2307 aliis
2465 2251 2726 2318 tribuunt,
2772 2260 2832 2305 ut
2860 2266 2968 2307 sua:
3012 2251 3363 2321 plenitudinis
3402 2252 3607 2321 aliquid
3649 2271 3756 2309 non

2172 2346 2445 2412 amittant.
2494 2344 2706 2401 Habent
2735 2361 2855 2416 quae
2887 2344 3005 2401 aliis
3034 2347 3330 2416 pratbeant,
3370 2346 3465 2401 sed
3495 2345 3757 2411 habentes

2169 2454 2289 2509 qua:
2317 2434 2418 2492 sibi
2457 2435 2665 2507 possint
2693 2437 2975 2500 suflicere,
3024 2431 3157 2492 nulli
3186 2437 3447 2507 praebent.
3499 2436 3592 2492 Sic
3640 2438 3759 2493 aliis

2169 2536 2410 2608 prinbere
2440 2535 2617 2590 oleum
2646 2536 2908 2603 nituntur,
2933 2545 2992 2591 ut
3016 2552 3043 2591 a
3066 2551 3127 2603 se
3146 2535 3383 2591 fomenta
3408 2536 3628 2591 luminis
3649 2553 3757 2595 non

2172 2612 2427 2685 tollantur
2447 2646 2459 2682 :
2481 2635 2540 2683 ut
2556 2627 2684 2683 dum
2704 2628 3008 2684 illuminant
3027 2630 3185 2697 alios,
3205 2644 3264 2685 se
3284 2645 3395 2685 non
3415 2630 3753 2700 extinguant.

2169 2720 2316 2776 Bene
2356 2737 2485 2791 ergo
2510 2721 2714 2777 electus
2756 2730 2811 2777 et
2838 2722 3014 2777 bonus
3041 2722 3237 2777 dicitur
3266 2740 3280 2775 :
3311 2722 3438 2790 quia
3470 2731 3639 2788 certe,
3668 2723 3758 2792 qui

2170 2824 2371 2870 sancta:
2397 2813 2654 2871 Ecclesiae
2682 2815 2923 2884 regimen
2962 2816 3215 2885 suscipit,
3246 2814 3398 2871 dives
3427 2828 3548 2869 esse
3579 2813 3755 2880 debet,

2169 2922 2226 2970 et
2246 2922 2469 2970 ornatus
2500 2912 2765 2967 donorum
2796 2908 3117 2977 spiritalium
3147 2915 3203 2961 et
3227 2905 3563 2978 plenitudine
3590 2905 3753 2959 meri-

2169 3014 2367 3061 torum.
2414 3004 2480 3059 Et
2520 3005 2647 3074 quia
2672 3002 2739 3059 de
2767 2999 3042 3058 communi
3071 2999 3279 3067 ordine,
3306 2998 3398 3068 qui
3422 2997 3752 3067 praecellant,

2168 3097 2396 3168 eligendi
2427 3104 2571 3159 sunt,
2606 3095 2890 3167 sequitur:
2936 3093 3008 3147 Et
3046 3109 3151 3147 non
3188 3100 3301 3146 erat
3330 3089 3394 3143 de
3432 3089 3556 3159 ﬁliis
3584 3086 3753 3142 Israel

2168 3191 2352 3246 melior
2378 3189 2490 3244 illo.
2520 3188 2683 3260 Cujus
2711 3187 2957 3259 profecto
2979 3184 3298 3243 excellentia
3322 3181 3755 3250 commendatur,

474 3278 821 3350 Evangelista
864 3296 987 3337 eum
1046 3290 1229 3338 tenere
1274 3282 1602 3348 ostenderet,
1651 3281 1761 3335 ait:
1820 3260 2062 3337 Habebat
2092 3266 2136 3329 Ο
2167 3302 2288 3341 cum
2315 3284 2597 3340 subditur:
2645 3283 2719 3337 Ab
2747 3284 2980 3349 humero,
3013 3290 3287 3336 etsursum
3315 3276 3577 3333 eminebat
3606 3293 3757 3346 super

472 3374 829 3429 vestimentum
871 3375 935 3428 de
961 3375 1080 3446 pilis
1113 3376 1444 3441 camelorum,
1470 3384 1519 3429 et
1540 3392 1672 3429 zona
1698 3373 1913 3445 pellicea
1942 3377 2083 3452 εἰη-ι.

470 3476 579 3520 stus
608 3465 832 3521 lumbis:
873 3484 989 3521 esca
1017 3476 1187 3521 autem
1213 3466 1327 3537 ejus
1364 3467 1575 3522 locusta:
1603 3474 1653 3520 et
1682 3466 1781 3521 mel
1816 3468 2061 3537 sylvestre

467 3556 664 3624 (Marc.
698 3574 736 3625 ι,
764 3556 838 3627 6).
872 3558 953 3612 Ad
983 3557 1235 3613 Ezechiel
1255 3574 1472 3629 quoque
1499 3558 1697 3614 dicitur
1723 3576 1735 3612 :
1776 3557 1915 3612 Ecce
1941 3558 2061 3613 dedi

469 3650 689 3718 (mntem
718 3656 859 3702 tuam
881 3650 1142 3703 duriorem
1159 3648 1413 3720 frontibus
1443 3665 1636 3713 eorum,
1656 3659 1710 3702 ut
1726 3648 2061 3703 adamantem

470 3750 516 3793 et
541 3740 738 3794 silicem
761 3739 878 3794 dedi
908 3742 1093 3810 [aciem
1126 3751 1263 3793 tuam
1294 3739 1468 3811 (Exeo.
1494 3757 1572 3807 ιιι,
1594 3739 1673 3811 8).
1702 3740 1810 3794 Sed
1831 3741 1920 3808 qui
1950 3748 2061 3794 tam

472 3831 635 3885 durus
670 3838 859 3885 contra
902 3830 1066 3884 duros
1100 3831 1154 3884 in
1182 3830 1325 3883 malo
1352 3830 1624 3895 veniebat,
1653 3836 1713 3883 ut
1747 3830 1902 3893 dura,
1940 3844 2062 3900 qua:

471 3931 696 3977 ventura
718 3931 892 3990 erant,
916 3923 1193 3980 locuturus
1214 3922 1543 3987 ostenderet,
1569 3923 1755 3980 diebus
1777 3932 1984 3994 septem
2007 3924 2062 3981 in

470 4016 645 4072 medio
674 4031 887 4087 eorum,
914 4026 1201 4085 antequam
1229 4016 1566 4087 loqueretur,
1594 4016 1777 4072 ﬂebat.
1808 4016 1897 4072 Sic
1918 4018 2061 4073 enim

469 4107 633 4164 dicit:
666 4106 736 4162 Et
763 4110 873 4164 sedi
902 4109 987 4164 ubi
1013 4108 1093 4164 illi
1125 4109 1394 4173 sedebant,
1432 4117 1482 4164 et
1508 4109 1677 4164 mansi
1716 4118 1907 4181 septem
1951 4110 2059 4166 dies

469 4214 687 4253 maerens
730 4201 788 4253 in
831 4200 999 4255 medio
1041 4216 1237 4256 eorum.
1280 4200 1418 4267 Quia
1448 4216 1578 4272 ergo
1607 4202 1779 4259 sancti
1806 4203 2063 4273 praedica-

469 4299 635 4357 tores,
669 4290 951 4347 obstinatis
980 4293 1376 4362 peccatoribus,
1411 4293 1563 4350 lenes
1586 4302 1641 4349 et
1661 4295 1931 4351 mansueti
1950 4311 2062 4352 non

468 4385 611 4445 sunt,
661 4389 717 4433 et
760 4382 906 4448 quod
953 4396 1204 4451 asperum
1253 4383 1546 4453 praedicant
1596 4396 1910 4457 operantur,
1942 4386 2063 4443 duri

468 4469 611 4526 illius
640 4469 768 4525 Saul
792 4480 942 4529 recte
964 4475 1298 4545 perhibetur.
1321 4475 1447 4533 lllos
1470 4478 1614 4534 enim
1636 4480 1836 4535 imitari
1859 4480 2063 4536 electus

469 4559 795 4632 praedicator
816 4562 997 4630 debet,
1029 4567 1120 4635 qui
1149 4574 1205 4622 et
1228 4575 1387 4623 acuta
1410 4569 1726 4641 praedicant,
1756 4579 1811 4627 et
1834 4586 1954 4642 qua:
1980 4572 2061 4628 lo-

2164 3392 2367 3431 omnem
2396 3374 2661 3446 populum.
2686 3372 2802 3429 Hac
2831 3371 3029 3443 quippe
3055 3370 3236 3441 specie
3264 3368 3512 3439 corporis
3548 3368 3605 3422 in
3635 3382 3758 3437 per-

2164 3483 2296 3525 sona
2327 3467 2608 3523 ordinandi
2629 3465 2904 3533 antistitis,
2936 3462 3333 3535 praesignantur
3360 3467 3480 3516 acta
3517 3459 3753 3514 virtutis.

2164 3560 2301 3628 Quid
2330 3560 2470 3615 enim
2500 3558 2555 3614 in
2582 3560 2808 3613 humero
2837 3556 2936 3612 nisi
2964 3554 3224 3612 fortitudo
3268 3552 3621 3621 designatur?
3653 3549 3759 3606 Sed

2163 3655 2256 3725 qui
2305 3653 2373 3709 ab
2414 3654 2666 3720 humero,
2698 3658 2753 3706 et
2776 3664 2989 3707 sursum
3036 3662 3199 3718 super
3238 3660 3453 3702 omnem
3499 3643 3757 3716 populum

2164 3744 2458 3810 eminebat,
2508 3741 2892 3799 tam-sublimis
2933 3745 3154 3796 statura:
3182 3744 3318 3803 erat,
3350 3744 3410 3791 ut
3454 3736 3549 3806 qui
3601 3736 3759 3791 altior

2164 3848 2309 3895 esset
2336 3839 2389 3893 in
2412 3836 2637 3909 populo,
2666 3834 2845 3906 capite
2871 3848 3039 3904 usque
3067 3832 3134 3888 ad
3155 3832 3439 3887 humerum
3467 3830 3612 3897 regis
3637 3844 3757 3900 per-

2165 3930 2397 3999 tingeret
2422 3947 2435 3983 :
2470 3927 2681 3982 futurus
2703 3941 2834 3981 vero
2856 3941 2953 3981 rex
2975 3923 3115 3980 collo
3136 3932 3192 3979 et
3213 3922 3392 3992 capite
3419 3920 3756 3976 altitudinem

2165 4023 2404 4079 omnium
2445 4026 2748 4090 superaret.
2779 4017 2970 4087 Capita
3012 4031 3143 4072 vero
3169 4029 3288 4085 qua:
3317 4023 3464 4081 sunt,
3497 4013 3598 4068 nisi
3627 4012 3756 4067 sub~

2159 4114 2318 4185 jecta:
2345 4112 2520 4184 plebis
2546 4111 2792 4166 mentes?
2828 4109 2957 4176 Quae
2988 4123 3111 4163 cum
3137 4106 3293 4162 valde
3322 4105 3634 4167 tenduntur,
3664 4118 3758 4157 us-

2163 4222 2271 4278 que
2299 4206 2365 4261 ad
2395 4206 2683 4260 humerum
2711 4200 2998 4258 ordinandi
3028 4200 3169 4269 regis
3189 4197 3534 4269 pertingunt?
3562 4196 3689 4266 quia
3710 4196 3756 4252 is

2164 4299 2258 4371 qui
2283 4288 2350 4353 ad
2375 4296 2673 4366 regendum
2701 4294 2916 4350 culmen
2947 4300 3148 4349 sancta:
3182 4290 3435 4347 Ecclesiae
3479 4288 3756 4359 quatitur,

2166 4398 2332 4446 tantae
2360 4389 2522 4445 debet
2568 4402 2689 4443 esse
2716 4384 3086 4457 perfectionis,
3119 4391 3179 4438 ut
3221 4380 3480 4454 quidquid
3526 4380 3755 4451 populus

2167 4483 2237 4540 de
2263 4482 2408 4538 bono
2439 4494 2606 4551 opere
2632 4479 2735 4535 sibi
2757 4477 2875 4533 vult
2901 4489 3225 4547 proponere,
3251 4474 3306 4529 in
3333 4480 3430 4527 Sua
3461 4480 3754 4526 conversa-

2167 4577 2318 4633 tione
2351 4575 2551 4632 debeat
2578 4573 2973 4628 demonstrare.
3005 4567 3170 4636 Quasi
3209 4565 3352 4621 enim
3382 4564 3526 4633 regis
3563 4563 3754 4619 hume-

470 4662 731 4724 qunntur,
761 4655 1069 4713 observant.
1125 4656 1278 4715 Unde
1308 4660 1457 4717 etde
1500 4663 1694 4719 eodem
1734 4664 1878 4735 regis
1907 4672 2062 4735 patre
2090 4651 2284 4725 I)rum
2331 4667 2510 4737 capita
2557 4664 2731 4736 plebis
2778 4670 3023 4731 tangunt,
3071 4657 3289 4728 quando
3337 4670 3527 4710 eorum
3571 4652 3755 4719 corda,

467 4747 810 4818 subiungitur
835 4768 848 4805 :
878 4748 1059 4807 Fortis
1087 4750 1291 4809 robore.
1323 4751 1462 4810 Sunt
1483 4757 1728 4813 nonnulli
1763 4758 1906 4813 intra
1932 4773 2060 4813 san-

466 4849 612 4897 ctam
658 4840 979 4910 Ecclesiam,
1031 4846 1125 4915 qui
1172 4846 1409 4903 elatione
1456 4859 1604 4917 sunt,
1657 4858 1711 4905 et
1754 4852 2063 4920 arrogantia

466 4937 653 4994 fortes.
688 4937 823 4995 Nam
845 4955 1038 5012 magna
1066 4952 1265 5013 agunt;
1296 4944 1394 5000 sed
1415 4959 1538 5002 cum
1568 4946 1790 5003 laudare
1817 4948 2063 5004 homines

465 5042 530 5083 ea
578 5042 699 5096 qua:
728 5040 914 5110 agunt,
962 5033 1237 5103 desinunt,
1287 5036 1475 5093 eadem
1524 5053 1717 5109 magna
1767 5040 1871 5110 ipsi
1902 5054 2063 5109 agere

465 5107 902 5191 pnetermittiint.
932 5125 1112 5184 Fortis
1139 5142 1270 5198 ergo
1297 5128 1495 5187 robore
1524 5107 1640 5201 est,
1673 5131 1765 5202 qui
1785 5107 2058 5202 virtutem,

464 5225 628 5280 quam
654 5222 924 5271 monstrat
962 5217 1016 5271 in
1043 5232 1212 5288 opere
1239 5219 1405 5286 bono,
1450 5220 1615 5276 habet
1643 5236 1673 5276 a
1701 5219 1904 5291 Spiritu
1932 5236 2059 5277 san-

464 5311 576 5357 cto.
629 5302 707 5359 De
753 5318 863 5375 quo
913 5306 1167 5363 nimirum
1196 5309 1397 5366 robore
1432 5311 1680 5382 superius
1729 5312 1851 5385 (Ad.
1887 5328 1962 5381 νι,
2002 5311 2057 5384 2)

463 5393 623 5449 Anna
651 5396 707 5451 in
728 5397 941 5453 cantico
962 5400 1256 5458 vaticinata
1285 5411 1386 5470 est,
1409 5403 1594 5459 dicens
1619 5421 1633 5457 :
1662 5402 1870 5476 Inﬁrmi
1892 5407 2061 5460 accin-

464 5485 536 5538 cti
563 5497 683 5539 sunt
709 5487 912 5546 robore.
940 5493 1100 5565 202
1129 5494 1206 5549 De
1236 5496 1341 5552 hoc
1368 5495 1629 5552 Dominus
1658 5496 1933 5568 discipulis
1970 5512 2057 5554 re-

464 5576 753 5645 promittit,
786 5580 1009 5640 dicens:
1043 5584 1231 5642 Sedete
1251 5588 1307 5641 in
1333 5588 1561 5656 civitate,
1580 5589 1741 5643 donec
1766 5588 2055 5643 induamini

463 5671 650 5730 virtute
673 5690 739 5730 ea:
764 5678 871 5735 alta
899 5680 1048 5752 (Luc.
1075 5700 1223 5749 xxiv,
1248 5671 1362 5755 49).
1403 5683 1462 5740 ln
1498 5685 1604 5743 hoc
1630 5686 1830 5757 robore
1850 5684 2061 5772 lortil-gt'

536 5864 563 5894 ⁸
587 5855 714 5918 Hac
738 5858 791 5922 in
821 5857 982 5921 Gilot.
1014 5869 1071 5920 et
1096 5860 1271 5918 Vatic.
1298 5861 1636 5952 omittuntur.

2170 4760 2429 4832 quidquid
2453 4757 2666 4813 virtutis
2692 4756 2748 4810 in
2776 4770 2877 4810 suo
2902 4761 3121 4824 pastore
3162 4758 3428 4821 quaerunt,
3456 4746 3753 4802 inveniunt.

2168 4852 2277 4909 Sed
2323 4867 2419 4907 rex
2465 4848 2719 4921 praecellit
2768 4846 2931 4912 collo,
2980 4842 3240 4916 praecellit
3286 4850 3341 4897 et
3387 4840 3588 4911 capite.
3619 4835 3755 4906 Quid

2170 4947 2313 5003 enim
2342 4946 2397 5000 in
2422 4944 2585 5009 collo,
2616 4942 2720 4998 nisi
2743 4940 2947 4997 locutio
2974 4958 2987 4993 :
3014 4937 3144 5011 quid
3172 4938 3224 4991 in
3251 4935 3448 5007 capite,
3481 4933 3738 4999 nisi_meu

2172 5039 2240 5095 tis
2283 5034 2669 5106 contemplatio
2713 5031 3066 5102 designatur?
3104 5028 3293 5100 Capite
3337 5040 3467 5095 ergo
3516 5033 3574 5079 et
3618 5023 3758 5078 collo

2167 5130 2505 5187 subditorum
2551 5125 2791 5182 omnium
2836 5122 3016 5194 capita
3064 5119 3301 5184 excellit,
3337 5118 3383 5173 si
3413 5113 3755 5184 contempla-

2166 5221 2329 5278 tionis
2354 5218 2639 5275 altitudine
2651 5214 2914 5271 mirabilis
2931 5223 3035 5279 est,
3054 5221 3109 5269 et
3125 5210 3454 5268 sublimitate
3476 5206 3756 5263 doctrinae.

2162 5313 2328 5382 Quasi
2359 5312 2503 5367 enim
2530 5308 2707 5379 capite
2735 5305 2978 5363 sublimis
3005 5311 3107 5371 est,
3146 5318 3269 5359 cum
3297 5301 3387 5356 illa
3427 5300 3494 5355 de
3532 5296 3759 5353 secretis

2163 5404 2470 5464 caelestibus
2505 5399 2909 5471 contemplatur
2932 5441 2947 5467 ,
2991 5411 3110 5468 qua:
3137 5396 3229 5450 alii
3255 5389 3613 5461 contemplari
3652 5402 3757 5441 non

2162 5504 2408 5571 possunt.
2429 5495 2640 5551 Collum
2659 5505 2877 5563 quoque
2899 5504 3062 5559 super
3082 5486 3218 5542 alios
3236 5482 3419 5546 habet,
3450 5480 3543 5552 qui
3574 5478 3759 5533 altitu~

2161 5592 2288 5649 dine
2314 5589 2602 5647 locutionis
2630 5601 2741 5644 sua:
2765 5582 3056 5650 mirabilis,
3078 5577 3369 5651 aequandus
3394 5574 3463 5629 ab
3488 5572 3610 5628 aliis
3634 5582 3746 5625 non
3801 5574 3811 5584 ‘

2163 5693 2264 5742 est.
2299 5681 2463 5749 Quasi
2491 5680 2635 5737 enim
2661 5685 2823 5750 caput.
2842 5676 2900 5735 in
2926 5674 3160 5735 sublime
3180 5669 3471 5737 extulerat,
3498 5666 3595 5737 qui
3617 5662 3755 5722 dico-
