  <div class='ocr_page' id='page_1' title='image "/cluster/home/n/w/nwhite01/storage/ocr_20150623/79/hvd.32044015469414/130.png"; bbox 0 0 4020 6344; ppageno 0'>
   <div class='ocr_carea' id='block_1_1' title="bbox 242 383 343 439">
    <p class='ocr_par' dir='ltr' id='par_1_1' title="bbox 242 383 343 439">
     <span class='ocr_line' id='line_1_1' title="bbox 242 383 343 439; baseline 0.04 -4"><span class='ocrx_word' id='word_1_1' title='bbox 242 383 343 439; x_wconf 61' lang='grc'><strong><em>249</em></strong></span> 
     </span>
    </p>
   </div>
   <div class='ocr_carea' id='block_1_2' title="bbox 1066 364 2675 426">
    <p class='ocr_par' dir='ltr' id='par_1_2' title="bbox 1066 364 2675 426">
     <span class='ocr_line' id='line_1_2' title="bbox 1066 364 2675 426; baseline -0.002 -1"><span class='ocrx_word' id='word_1_2' title='bbox 1066 368 1132 425; x_wconf 85' lang='grc' dir='ltr'><strong><em>ΙΝ</em></strong></span> <span class='ocrx_word' id='word_1_3' title='bbox 1172 366 1432 425; x_wconf 82' lang='lat' dir='ltr'><strong><em>PRIMUM</em></strong></span> <span class='ocrx_word' id='word_1_4' title='bbox 1468 366 1708 426; x_wconf 73' lang='grc' dir='ltr'><strong><em>ΒεϐοΜ</em></strong></span> <span class='ocrx_word' id='word_1_5' title='bbox 1750 364 2265 423; x_wconf 81' lang='lat' dir='ltr'><strong><em>EXPOSITIONES.</em></strong></span> <span class='ocrx_word' id='word_1_6' title='bbox 2305 395 2375 406; x_wconf 96' lang='lat'><strong>—</strong></span> <span class='ocrx_word' id='word_1_7' title='bbox 2413 366 2542 423; x_wconf 78' lang='lat' dir='ltr'><strong><em>LIB.</em></strong></span> <span class='ocrx_word' id='word_1_8' title='bbox 2586 366 2675 422; x_wconf 79' lang='lat' dir='ltr'><strong><em>IV.</em></strong></span> 
     </span>
    </p>
   </div>
   <div class='ocr_carea' id='block_1_3' title="bbox 1978 282 2273 298">
    <p class='ocr_par' dir='ltr' id='par_1_3' title="bbox 1978 282 2273 298">
     <span class='ocr_line' id='line_1_3' title="bbox 1978 282 2273 298; baseline 0 -5"><span class='ocrx_word' id='word_1_9' title='bbox 1978 282 2273 298; x_wconf 48' lang='lat' dir='ltr'><strong><em>mm</em></strong></span> 
     </span>
    </p>
   </div>
   <div class='ocr_carea' id='block_1_4' title="bbox 3401 374 3508 433">
    <p class='ocr_par' dir='ltr' id='par_1_4' title="bbox 3401 374 3508 433">
     <span class='ocr_line' id='line_1_4' title="bbox 3401 374 3508 433; baseline 0.019 -2"><span class='ocrx_word' id='word_1_10' title='bbox 3401 374 3508 433; x_wconf 79' lang='lat'><strong><em>250</em></strong></span> 
     </span>
    </p>
   </div>
   <div class='ocr_carea' id='block_1_5' title="bbox 238 474 3512 556">
    <p class='ocr_par' dir='ltr' id='par_1_5' title="bbox 238 474 3512 556">
     <span class='ocr_line' id='line_1_5' title="bbox 238 474 3512 556; baseline -0.004 -2"><span class='ocrx_word' id='word_1_11' title='bbox 238 497 371 556; x_wconf 68' lang='lat' dir='ltr'><strong><em>.‘iat:</em></strong></span> <span class='ocrx_word' id='word_1_12' title='bbox 426 493 648 550; x_wconf 77' lang='lat' dir='ltr'><strong><em>Veniam</em></strong></span> <span class='ocrx_word' id='word_1_13' title='bbox 687 488 756 543; x_wconf 88' lang='lat' dir='ltr'><strong><em>ad</em></strong></span> <span class='ocrx_word' id='word_1_14' title='bbox 788 494 814 525; x_wconf 74' lang='grc' dir='ltr'>ι</span> <span class='ocrx_word' id='word_1_15' title='bbox 843 474 1064 542; x_wconf 69' lang='grc' dir='ltr'><strong><em>υἱδὶὅῑῖεε</em></strong></span> <span class='ocrx_word' id='word_1_16' title='bbox 1112 490 1164 538; x_wconf 86' lang='lat' dir='ltr'><strong><em>et</em></strong></span> <span class='ocrx_word' id='word_1_17' title='bbox 1209 483 1542 539; x_wconf 73' lang='lat' dir='ltr'><strong><em>revelationes</em></strong></span> <span class='ocrx_word' id='word_1_18' title='bbox 1586 481 1820 539; x_wconf 89' lang='lat' dir='ltr'><strong><em>Domini.</em></strong></span> <span class='ocrx_word' id='word_1_19' title='bbox 1851 486 2091 546; x_wconf 74' lang='lat' dir='ltr'><strong><em>Aomne</em></strong></span> <span class='ocrx_word' id='word_1_20' title='bbox 2134 478 2282 549; x_wconf 92' lang='lat' dir='ltr'><strong><em>quod</em></strong></span> <span class='ocrx_word' id='word_1_21' title='bbox 2316 479 2427 550; x_wconf 88' lang='lat' dir='ltr'><strong><em>agit</em></strong></span> <span class='ocrx_word' id='word_1_22' title='bbox 2453 479 2747 551; x_wconf 89' lang='lat' dir='ltr'><strong><em>spiritualis</em></strong></span> <span class='ocrx_word' id='word_1_23' title='bbox 2789 487 2890 536; x_wconf 90' lang='lat' dir='ltr'><strong><em>est.</em></strong></span> <span class='ocrx_word' id='word_1_24' title='bbox 2939 478 3119 537; x_wconf 86' lang='lat' dir='ltr'><strong><em>Unum</em></strong></span> <span class='ocrx_word' id='word_1_25' title='bbox 3168 497 3399 555; x_wconf 86' lang='lat' dir='ltr'><strong>namque</strong></span> <span class='ocrx_word' id='word_1_26' title='bbox 3442 488 3512 545; x_wconf 85' lang='lat' dir='ltr'><strong><em>de</em></strong></span> 
     </span>
    </p>
   </div>
   <div class='ocr_carea' id='block_1_6' title="bbox 244 577 1823 658">
    <p class='ocr_par' dir='ltr' id='par_1_6' title="bbox 244 577 1823 658">
     <span class='ocr_line' id='line_1_6' title="bbox 244 577 1823 658; baseline -0.009 -13"><span class='ocrx_word' id='word_1_27' title='bbox 244 591 363 648; x_wconf 80' lang='lat' dir='ltr'><strong><em>Scio</em></strong></span> <span class='ocrx_word' id='word_1_28' title='bbox 404 582 696 658; x_wconf 83' lang='lat' dir='ltr'><strong><em>hujusmodi</em></strong></span> <span class='ocrx_word' id='word_1_29' title='bbox 726 580 982 636; x_wconf 75' lang='lat' dir='ltr'><strong><em>hominem</em></strong></span> <span class='ocrx_word' id='word_1_30' title='bbox 1008 577 1209 631; x_wconf 75' lang='lat' dir='ltr'><strong><em>sivc~in</em></strong></span> <span class='ocrx_word' id='word_1_31' title='bbox 1247 593 1480 647; x_wconf 85' lang='lat' dir='ltr'><strong><em>corpore,</em></strong></span> <span class='ocrx_word' id='word_1_32' title='bbox 1527 577 1632 632; x_wconf 88' lang='lat' dir='ltr'><strong><em>sive</em></strong></span> <span class='ocrx_word' id='word_1_33' title='bbox 1672 584 1823 632; x_wconf 66' lang='lat' dir='ltr'><strong><em>eastra</em></strong></span> 
     </span>
    </p>
   </div>
   <div class='ocr_carea' id='block_1_7' title="bbox 239 667 1825 753">
    <p class='ocr_par' dir='ltr' id='par_1_7' title="bbox 239 667 1825 753">
     <span class='ocr_line' id='line_1_7' title="bbox 239 667 1825 753; baseline -0.009 -14"><span class='ocrx_word' id='word_1_34' title='bbox 239 697 451 753; x_wconf 76' lang='lat' dir='ltr'><strong><em>corpus,</em></strong></span> <span class='ocrx_word' id='word_1_35' title='bbox 480 678 676 740; x_wconf 82' lang='lat' dir='ltr'><strong><em>nescio,</em></strong></span> <span class='ocrx_word' id='word_1_36' title='bbox 706 673 846 728; x_wconf 84' lang='lat' dir='ltr'><strong><em>Deus</em></strong></span> <span class='ocrx_word' id='word_1_37' title='bbox 874 671 972 726; x_wconf 84' lang='lat' dir='ltr'><strong><em>scit</em></strong></span> <span class='ocrx_word' id='word_1_38' title='bbox 994 667 1082 739; x_wconf 89' lang='grc' dir='ltr'><strong><em>(ΙΙ</em></strong></span> <span class='ocrx_word' id='word_1_39' title='bbox 1105 667 1225 725; x_wconf 88' lang='lat' dir='ltr'><strong><em>Cor.</em></strong></span> <span class='ocrx_word' id='word_1_40' title='bbox 1250 684 1347 738; x_wconf 83' lang='lat' dir='ltr'><strong><em>xu,</em></strong></span> <span class='ocrx_word' id='word_1_41' title='bbox 1370 669 1423 733; x_wconf 82' lang='grc'><strong><em>1,</em></strong></span> <span class='ocrx_word' id='word_1_42' title='bbox 1445 669 1523 739; x_wconf 71' lang='grc'><strong><em>2).</em></strong></span> <span class='ocrx_word' id='word_1_43' title='bbox 1548 668 1658 725; x_wconf 85' lang='lat' dir='ltr'><strong><em>Sed</em></strong></span> <span class='ocrx_word' id='word_1_44' title='bbox 1674 670 1825 725; x_wconf 86' lang='lat' dir='ltr'><strong><em>velut</em></strong></span> 
     </span>
    </p>
   </div>
   <div class='ocr_carea' id='block_1_8' title="bbox 238 761 1824 833">
    <p class='ocr_par' dir='ltr' id='par_1_8' title="bbox 238 761 1824 833">
     <span class='ocr_line' id='line_1_8' title="bbox 238 761 1824 833; baseline -0.008 -3"><span class='ocrx_word' id='word_1_45' title='bbox 238 776 446 832; x_wconf 86' lang='lat' dir='ltr'><strong><em>electus</em></strong></span> <span class='ocrx_word' id='word_1_46' title='bbox 474 777 531 826; x_wconf 88' lang='lat' dir='ltr'><strong><em>et</em></strong></span> <span class='ocrx_word' id='word_1_47' title='bbox 570 769 744 823; x_wconf 90' lang='lat' dir='ltr'><strong><em>bonus</em></strong></span> <span class='ocrx_word' id='word_1_48' title='bbox 773 779 867 820; x_wconf 83' lang='lat' dir='ltr'><strong><em>rex</em></strong></span> <span class='ocrx_word' id='word_1_49' title='bbox 889 804 904 832; x_wconf 92' lang='lat'><strong><em>,</em></strong></span> <span class='ocrx_word' id='word_1_50' title='bbox 928 770 989 817; x_wconf 87' lang='lat' dir='ltr'><strong><em>ut</em></strong></span> <span class='ocrx_word' id='word_1_51' title='bbox 1017 761 1218 818; x_wconf 88' lang='lat' dir='ltr'><strong><em>collum</em></strong></span> <span class='ocrx_word' id='word_1_52' title='bbox 1250 762 1417 816; x_wconf 88' lang='lat' dir='ltr'><strong><em>etiam</em></strong></span> <span class='ocrx_word' id='word_1_53' title='bbox 1445 776 1610 832; x_wconf 87' lang='lat' dir='ltr'><strong><em>super</em></strong></span> <span class='ocrx_word' id='word_1_54' title='bbox 1646 762 1824 833; x_wconf 88' lang='lat' dir='ltr'><strong><em>capita</em></strong></span> 
     </span>
    </p>
   </div>
   <div class='ocr_carea' id='block_1_9' title="bbox 239 854 1822 924">
    <p class='ocr_par' dir='ltr' id='par_1_9' title="bbox 239 854 1822 924">
     <span class='ocr_line' id='line_1_9' title="bbox 239 854 1822 924; baseline -0.01 0"><span class='ocrx_word' id='word_1_55' title='bbox 239 867 420 924; x_wconf 85' lang='lat' dir='ltr'>omnia</span> <span class='ocrx_word' id='word_1_56' title='bbox 441 880 499 921; x_wconf 93' lang='lat' dir='ltr'><strong><em>se</em></strong></span> <span class='ocrx_word' id='word_1_57' title='bbox 521 872 707 919; x_wconf 90' lang='lat' dir='ltr'><strong><em>tenere</em></strong></span> <span class='ocrx_word' id='word_1_58' title='bbox 726 857 1056 923; x_wconf 74' lang='lat' dir='ltr'><strong><em>ostenderet,</em></strong></span> <span class='ocrx_word' id='word_1_59' title='bbox 1079 857 1186 911; x_wconf 88' lang='lat' dir='ltr'><strong><em>ait:</em></strong></span> <span class='ocrx_word' id='word_1_60' title='bbox 1210 854 1417 909; x_wconf 77' lang='lat' dir='ltr'><strong><em>Audiuit</em></strong></span> <span class='ocrx_word' id='word_1_61' title='bbox 1436 872 1628 910; x_wconf 87' lang='lat' dir='ltr'><strong><em>arcana</em></strong></span> <span class='ocrx_word' id='word_1_62' title='bbox 1647 854 1822 923; x_wconf 82' lang='lat' dir='ltr'><strong><em>verba,</em></strong></span> 
     </span>
    </p>
   </div>
   <div class='ocr_carea' id='block_1_10' title="bbox 239 946 1824 1033">
    <p class='ocr_par' dir='ltr' id='par_1_10' title="bbox 239 946 1824 1033">
     <span class='ocr_line' id='line_1_10' title="bbox 239 946 1824 1033; baseline -0.008 -18"><span class='ocrx_word' id='word_1_63' title='bbox 239 976 356 1033; x_wconf 76' lang='lat' dir='ltr'><strong><em>qua:</em></strong></span> <span class='ocrx_word' id='word_1_64' title='bbox 383 974 487 1012; x_wconf 89' lang='lat' dir='ltr'><strong><em>non</em></strong></span> <span class='ocrx_word' id='word_1_65' title='bbox 508 955 628 1010; x_wconf 84' lang='lat' dir='ltr'><strong><em>licet</em></strong></span> <span class='ocrx_word' id='word_1_66' title='bbox 653 952 849 1008; x_wconf 88' lang='lat' dir='ltr'><strong><em>homini</em></strong></span> <span class='ocrx_word' id='word_1_67' title='bbox 870 952 1007 1023; x_wconf 87' lang='lat' dir='ltr'><strong><em>loqui</em></strong></span> <span class='ocrx_word' id='word_1_68' title='bbox 1039 947 1225 1020; x_wconf 87' lang='lat' dir='ltr'><strong><em>(Ibid.,</em></strong></span> <span class='ocrx_word' id='word_1_69' title='bbox 1248 947 1325 1017; x_wconf 74' lang='grc'><strong><em>4).</em></strong></span> <span class='ocrx_word' id='word_1_70' title='bbox 1353 946 1492 1015; x_wconf 84' lang='lat' dir='ltr'><strong><em>Quid</em></strong></span> <span class='ocrx_word' id='word_1_71' title='bbox 1515 962 1647 1004; x_wconf 90' lang='lat' dir='ltr'><strong><em>vero</em></strong></span> <span class='ocrx_word' id='word_1_72' title='bbox 1668 947 1824 1018; x_wconf 89' lang='lat' dir='ltr'><strong><em>quasi</em></strong></span> 
     </span>
    </p>
   </div>
   <div class='ocr_carea' id='block_1_11' title="bbox 239 1038 1827 1112">
    <p class='ocr_par' dir='ltr' id='par_1_11' title="bbox 239 1038 1827 1112">
     <span class='ocr_line' id='line_1_11' title="bbox 239 1038 1827 1112; baseline -0.01 -6"><span class='ocrx_word' id='word_1_73' title='bbox 239 1050 485 1107; x_wconf 85' lang='lat' dir='ltr'><strong><em>eminens</em></strong></span> <span class='ocrx_word' id='word_1_74' title='bbox 514 1044 711 1101; x_wconf 89' lang='lat' dir='ltr'><strong><em>collum</em></strong></span> <span class='ocrx_word' id='word_1_75' title='bbox 741 1041 857 1112; x_wconf 90' lang='lat' dir='ltr'><strong><em>ejus</em></strong></span> <span class='ocrx_word' id='word_1_76' title='bbox 884 1040 1143 1095; x_wconf 84' lang='lat' dir='ltr'><strong>miramur</strong></span> <span class='ocrx_word' id='word_1_77' title='bbox 1189 1038 1243 1093; x_wconf 90' lang='lat' dir='ltr'><strong><em>in</em></strong></span> <span class='ocrx_word' id='word_1_78' title='bbox 1274 1038 1357 1105; x_wconf 91' lang='lat' dir='ltr'><strong><em>iis,</em></strong></span> <span class='ocrx_word' id='word_1_79' title='bbox 1388 1038 1548 1110; x_wconf 76' lang='lat'><strong><em>203</em></strong></span> <span class='ocrx_word' id='word_1_80' title='bbox 1590 1053 1710 1108; x_wconf 84' lang='lat' dir='ltr'><strong><em>quae</em></strong></span> <span class='ocrx_word' id='word_1_81' title='bbox 1741 1045 1827 1092; x_wconf 86' lang='lat' dir='ltr'><strong><em>ta-</em></strong></span> 
     </span>
    </p>
   </div>
   <div class='ocr_carea' id='block_1_12' title="bbox 240 1128 1823 1205">
    <p class='ocr_par' dir='ltr' id='par_1_12' title="bbox 240 1128 1823 1205">
     <span class='ocr_line' id='line_1_12' title="bbox 240 1128 1823 1205; baseline -0.006 -12"><span class='ocrx_word' id='word_1_82' title='bbox 240 1138 391 1193; x_wconf 85' lang='lat' dir='ltr'><strong><em>cuit?</em></strong></span> <span class='ocrx_word' id='word_1_83' title='bbox 418 1135 773 1205; x_wconf 78' lang='lat' dir='ltr'><strong><em>Adaequemus</em></strong></span> <span class='ocrx_word' id='word_1_84' title='bbox 794 1146 938 1194; x_wconf 92' lang='lat' dir='ltr'><strong><em>eum,</em></strong></span> <span class='ocrx_word' id='word_1_85' title='bbox 962 1130 1007 1187; x_wconf 88' lang='lat' dir='ltr'><strong>si</strong></span> <span class='ocrx_word' id='word_1_86' title='bbox 1032 1144 1333 1203; x_wconf 87' lang='lat' dir='ltr'><strong><em>possumus,</em></strong></span> <span class='ocrx_word' id='word_1_87' title='bbox 1360 1128 1414 1183; x_wconf 91' lang='lat' dir='ltr'><strong><em>in</em></strong></span> <span class='ocrx_word' id='word_1_88' title='bbox 1439 1128 1505 1183; x_wconf 92' lang='lat' dir='ltr'><strong><em>iis</em></strong></span> <span class='ocrx_word' id='word_1_89' title='bbox 1528 1143 1647 1199; x_wconf 83' lang='lat' dir='ltr'><strong><em>quae</em></strong></span> <span class='ocrx_word' id='word_1_90' title='bbox 1672 1128 1823 1183; x_wconf 81' lang='lat' dir='ltr'><strong>dixit.</strong></span> 
     </span>
    </p>
   </div>
   <div class='ocr_carea' id='block_1_13' title="bbox 240 1222 1829 1300">
    <p class='ocr_par' dir='ltr' id='par_1_13' title="bbox 240 1222 1829 1300">
     <span class='ocr_line' id='line_1_13' title="bbox 240 1222 1829 1300; baseline -0.007 -12"><span class='ocrx_word' id='word_1_91' title='bbox 240 1232 319 1287; x_wconf 88' lang='lat' dir='ltr'><strong><em>De</em></strong></span> <span class='ocrx_word' id='word_1_92' title='bbox 347 1230 490 1287; x_wconf 93' lang='lat' dir='ltr'><strong><em>collo</em></strong></span> <span class='ocrx_word' id='word_1_93' title='bbox 517 1227 748 1300; x_wconf 80' lang='lat' dir='ltr'><strong><em>apostoli</em></strong></span> <span class='ocrx_word' id='word_1_94' title='bbox 778 1224 931 1281; x_wconf 87' lang='lat' dir='ltr'><strong>Pauli</strong></span> <span class='ocrx_word' id='word_1_95' title='bbox 956 1234 1333 1296; x_wconf 91' lang='lat' dir='ltr'><strong><em>processerunt</em></strong></span> <span class='ocrx_word' id='word_1_96' title='bbox 1353 1223 1595 1295; x_wconf 74' lang='lat' dir='ltr'><strong><em>epistolae</em></strong></span> <span class='ocrx_word' id='word_1_97' title='bbox 1614 1222 1750 1292; x_wconf 87' lang='lat' dir='ltr'><strong><em>ejus,</em></strong></span> <span class='ocrx_word' id='word_1_98' title='bbox 1773 1230 1829 1278; x_wconf 90' lang='lat' dir='ltr'><strong><em>et</em></strong></span> 
     </span>
    </p>
   </div>
   <div class='ocr_carea' id='block_1_14' title="bbox 238 1313 1828 1390">
    <p class='ocr_par' dir='ltr' id='par_1_14' title="bbox 238 1313 1828 1390">
     <span class='ocr_line' id='line_1_14' title="bbox 238 1313 1828 1390; baseline -0.008 -11"><span class='ocrx_word' id='word_1_99' title='bbox 238 1338 362 1380; x_wconf 87' lang='lat' dir='ltr'><strong><em>cum</em></strong></span> <span class='ocrx_word' id='word_1_100' title='bbox 390 1321 458 1377; x_wconf 84' lang='lat' dir='ltr'><strong><em>ab</em></strong></span> <span class='ocrx_word' id='word_1_101' title='bbox 492 1320 582 1376; x_wconf 89' lang='lat' dir='ltr'><strong><em>illo</em></strong></span> <span class='ocrx_word' id='word_1_102' title='bbox 612 1328 858 1390; x_wconf 90' lang='lat' dir='ltr'><strong><em>tempore</em></strong></span> <span class='ocrx_word' id='word_1_103' title='bbox 885 1316 1151 1388; x_wconf 78' lang='lat' dir='ltr'><strong><em>cmperint</em></strong></span> <span class='ocrx_word' id='word_1_104' title='bbox 1178 1330 1271 1371; x_wconf 93' lang='lat' dir='ltr'><strong><em>eas</em></strong></span> <span class='ocrx_word' id='word_1_105' title='bbox 1302 1313 1400 1369; x_wconf 88' lang='lat' dir='ltr'><strong><em>viri</em></strong></span> <span class='ocrx_word' id='word_1_106' title='bbox 1435 1313 1706 1385; x_wconf 83' lang='lat' dir='ltr'><strong><em>sapientes</em></strong></span> <span class='ocrx_word' id='word_1_107' title='bbox 1732 1328 1828 1368; x_wconf 78' lang='lat' dir='ltr'><strong><em>ex-</em></strong></span> 
     </span>
    </p>
   </div>
   <div class='ocr_carea' id='block_1_15' title="bbox 239 1402 1822 1485">
    <p class='ocr_par' dir='ltr' id='par_1_15' title="bbox 239 1402 1822 1485">
     <span class='ocr_line' id='line_1_15' title="bbox 239 1402 1822 1485; baseline -0.008 -16"><span class='ocrx_word' id='word_1_108' title='bbox 239 1428 464 1485; x_wconf 85' lang='lat' dir='ltr'><strong><em>ponere,</em></strong></span> <span class='ocrx_word' id='word_1_109' title='bbox 509 1410 686 1466; x_wconf 84' lang='lat' dir='ltr'><strong><em>adhuc</em></strong></span> <span class='ocrx_word' id='word_1_110' title='bbox 713 1417 983 1464; x_wconf 84' lang='lat' dir='ltr'><strong><em>conantur</em></strong></span> <span class='ocrx_word' id='word_1_111' title='bbox 1021 1421 1087 1462; x_wconf 92' lang='lat' dir='ltr'><strong><em>ea</em></strong></span> <span class='ocrx_word' id='word_1_112' title='bbox 1130 1420 1249 1476; x_wconf 85' lang='lat' dir='ltr'><strong><em>quae</em></strong></span> <span class='ocrx_word' id='word_1_113' title='bbox 1276 1404 1413 1460; x_wconf 82' lang='lat' dir='ltr'><strong>dixit</strong></span> <span class='ocrx_word' id='word_1_114' title='bbox 1439 1403 1631 1458; x_wconf 89' lang='lat' dir='ltr'><strong><em>melius</em></strong></span> <span class='ocrx_word' id='word_1_115' title='bbox 1664 1402 1822 1458; x_wconf 90' lang='lat' dir='ltr'><strong><em>scire.</em></strong></span> 
     </span>
    </p>
   </div>
   <div class='ocr_carea' id='block_1_16' title="bbox 238 1492 1827 1573">
    <p class='ocr_par' dir='ltr' id='par_1_16' title="bbox 238 1492 1827 1573">
     <span class='ocr_line' id='line_1_16' title="bbox 238 1492 1827 1573; baseline -0.008 -14"><span class='ocrx_word' id='word_1_116' title='bbox 238 1502 482 1573; x_wconf 86' lang='lat' dir='ltr'><strong>Cumque</strong></span> <span class='ocrx_word' id='word_1_117' title='bbox 505 1499 747 1571; x_wconf 88' lang='lat' dir='ltr'><strong><em>quotidie</em></strong></span> <span class='ocrx_word' id='word_1_118' title='bbox 770 1499 824 1553; x_wconf 93' lang='lat' dir='ltr'><strong><em>in</em></strong></span> <span class='ocrx_word' id='word_1_119' title='bbox 849 1497 968 1568; x_wconf 87' lang='lat' dir='ltr'><strong><em>ejus</em></strong></span> <span class='ocrx_word' id='word_1_120' title='bbox 997 1496 1300 1553; x_wconf 88' lang='lat' dir='ltr'><strong><em>eruditione</em></strong></span> <span class='ocrx_word' id='word_1_121' title='bbox 1325 1492 1638 1565; x_wconf 88' lang='lat' dir='ltr'><strong><em>proticiunt,</em></strong></span> <span class='ocrx_word' id='word_1_122' title='bbox 1670 1492 1827 1563; x_wconf 89' lang='lat' dir='ltr'><strong><em>quasi</em></strong></span> 
     </span>
    </p>
   </div>
   <div class='ocr_carea' id='block_1_17' title="bbox 240 1586 1827 1656">
    <p class='ocr_par' dir='ltr' id='par_1_17' title="bbox 240 1586 1827 1656">
     <span class='ocr_line' id='line_1_17' title="bbox 240 1586 1827 1656; baseline -0.008 -5"><span class='ocrx_word' id='word_1_123' title='bbox 240 1595 311 1651; x_wconf 89' lang='lat' dir='ltr'><strong><em>ad</em></strong></span> <span class='ocrx_word' id='word_1_124' title='bbox 357 1594 725 1650; x_wconf 83' lang='lat' dir='ltr'><strong><em>summitatem</em></strong></span> <span class='ocrx_word' id='word_1_125' title='bbox 761 1590 889 1647; x_wconf 92' lang='lat' dir='ltr'><strong><em>colli</em></strong></span> <span class='ocrx_word' id='word_1_126' title='bbox 929 1589 1247 1653; x_wconf 90' lang='lat' dir='ltr'><strong><em>innitentes,</em></strong></span> <span class='ocrx_word' id='word_1_127' title='bbox 1290 1586 1595 1656; x_wconf 80' lang='lat' dir='ltr'><strong><em>pertingere</em></strong></span> <span class='ocrx_word' id='word_1_128' title='bbox 1620 1598 1827 1654; x_wconf 86' lang='lat' dir='ltr'><strong><em>nequa-</em></strong></span> 
     </span>
    </p>
   </div>
   <div class='ocr_carea' id='block_1_18' title="bbox 243 1676 1829 1755">
    <p class='ocr_par' dir='ltr' id='par_1_18' title="bbox 243 1676 1829 1755">
     <span class='ocr_line' id='line_1_18' title="bbox 243 1676 1829 1755; baseline -0.006 -17"><span class='ocrx_word' id='word_1_129' title='bbox 243 1700 406 1755; x_wconf 83' lang='lat' dir='ltr'><strong><em>quam</em></strong></span> <span class='ocrx_word' id='word_1_130' title='bbox 435 1690 684 1755; x_wconf 88' lang='lat' dir='ltr'><strong><em>possunt.</em></strong></span> <span class='ocrx_word' id='word_1_131' title='bbox 727 1680 974 1735; x_wconf 87' lang='lat' dir='ltr'><strong><em>Emineat</em></strong></span> <span class='ocrx_word' id='word_1_132' title='bbox 998 1692 1127 1748; x_wconf 90' lang='lat' dir='ltr'><strong><em>ergo</em></strong></span> <span class='ocrx_word' id='word_1_133' title='bbox 1157 1692 1253 1733; x_wconf 81' lang='lat' dir='ltr'><strong><em>rex</em></strong></span> <span class='ocrx_word' id='word_1_134' title='bbox 1282 1676 1443 1742; x_wconf 94' lang='lat' dir='ltr'><strong><em>collo,</em></strong></span> <span class='ocrx_word' id='word_1_135' title='bbox 1474 1676 1711 1731; x_wconf 83' lang='lat' dir='ltr'><strong><em>emineat</em></strong></span> <span class='ocrx_word' id='word_1_136' title='bbox 1738 1689 1829 1730; x_wconf 89' lang='lat' dir='ltr'><strong><em>ca-</em></strong></span> 
     </span>
    </p>
   </div>
   <div class='ocr_carea' id='block_1_19' title="bbox 243 1770 1828 1850">
    <p class='ocr_par' dir='ltr' id='par_1_19' title="bbox 243 1770 1828 1850">
     <span class='ocr_line' id='line_1_19' title="bbox 243 1770 1828 1850; baseline -0.004 -17"><span class='ocrx_word' id='word_1_137' title='bbox 243 1780 373 1850; x_wconf 89' lang='lat' dir='ltr'><strong><em>pite,</em></strong></span> <span class='ocrx_word' id='word_1_138' title='bbox 396 1778 465 1833; x_wconf 88' lang='lat' dir='ltr'><strong><em>sit</em></strong></span> <span class='ocrx_word' id='word_1_139' title='bbox 493 1778 719 1832; x_wconf 88' lang='lat' dir='ltr'><strong><em>humero</em></strong></span> <span class='ocrx_word' id='word_1_140' title='bbox 747 1773 1021 1841; x_wconf 88' lang='lat' dir='ltr'><strong><em>sublimis;</em></strong></span> <span class='ocrx_word' id='word_1_141' title='bbox 1044 1780 1103 1828; x_wconf 90' lang='lat' dir='ltr'><strong><em>ut</em></strong></span> <span class='ocrx_word' id='word_1_142' title='bbox 1121 1771 1535 1828; x_wconf 80' lang='lat' dir='ltr'><strong><em>conversatione</em></strong></span> <span class='ocrx_word' id='word_1_143' title='bbox 1558 1770 1828 1841; x_wconf 83' lang='lat' dir='ltr'><strong><em>perfectus</em></strong></span> 
     </span>
    </p>
   </div>
   <div class='ocr_carea' id='block_1_20' title="bbox 1920 571 3512 646">
    <p class='ocr_par' dir='ltr' id='par_1_20' title="bbox 1920 571 3512 646">
     <span class='ocr_line' id='line_1_20' title="bbox 1920 571 3512 646; baseline 0.004 -19"><span class='ocrx_word' id='word_1_144' title='bbox 1920 571 2102 645; x_wconf 89' lang='lat' dir='ltr'><strong><em>pueris</em></strong></span> <span class='ocrx_word' id='word_1_145' title='bbox 2152 571 2292 637; x_wconf 83' lang='lat' dir='ltr'><strong><em>tulit,</em></strong></span> <span class='ocrx_word' id='word_1_146' title='bbox 2339 571 2407 627; x_wconf 91' lang='lat' dir='ltr'><strong><em>de</em></strong></span> <span class='ocrx_word' id='word_1_147' title='bbox 2436 587 2543 643; x_wconf 92' lang='lat' dir='ltr'><strong><em>quo</em></strong></span> <span class='ocrx_word' id='word_1_148' title='bbox 2573 572 2887 642; x_wconf 76' lang='lat' dir='ltr'><strong><em>praedictum</em></strong></span> <span class='ocrx_word' id='word_1_149' title='bbox 2916 581 3039 629; x_wconf 91' lang='lat' dir='ltr'><strong><em>est:</em></strong></span> <span class='ocrx_word' id='word_1_150' title='bbox 3089 572 3213 646; x_wconf 84' lang='lat' dir='ltr'><strong><em>Ipse</em></strong></span> <span class='ocrx_word' id='word_1_151' title='bbox 3255 578 3512 646; x_wconf 69' lang='lat' dir='ltr'><strong><em>praecedet</em></strong></span> 
     </span>
    </p>
   </div>
   <div class='ocr_carea' id='block_1_21' title="bbox 1922 661 3510 737">
    <p class='ocr_par' dir='ltr' id='par_1_21' title="bbox 1922 661 3510 737">
     <span class='ocr_line' id='line_1_21' title="bbox 1922 661 3510 737; baseline 0.006 -20"><span class='ocrx_word' id='word_1_152' title='bbox 1922 670 2044 718; x_wconf 89' lang='lat' dir='ltr'><strong><em>ante</em></strong></span> <span class='ocrx_word' id='word_1_153' title='bbox 2062 662 2209 717; x_wconf 88' lang='lat' dir='ltr'><strong><em>illum</em></strong></span> <span class='ocrx_word' id='word_1_154' title='bbox 2226 664 2283 719; x_wconf 90' lang='lat' dir='ltr'><strong><em>in</em></strong></span> <span class='ocrx_word' id='word_1_155' title='bbox 2307 663 2487 734; x_wconf 76' lang='lat' dir='ltr'><strong><em>spiritu</em></strong></span> <span class='ocrx_word' id='word_1_156' title='bbox 2510 671 2559 717; x_wconf 88' lang='lat' dir='ltr'><strong><em>et</em></strong></span> <span class='ocrx_word' id='word_1_157' title='bbox 2580 663 2765 718; x_wconf 82' lang='lat' dir='ltr'><strong><em>virtute</em></strong></span> <span class='ocrx_word' id='word_1_158' title='bbox 2786 661 2922 719; x_wconf 75' lang='lat' dir='ltr'><strong><em>Elia:</em></strong></span> <span class='ocrx_word' id='word_1_159' title='bbox 2943 662 3095 735; x_wconf 86' lang='lat' dir='ltr'><strong><em>(Luc.</em></strong></span> <span class='ocrx_word' id='word_1_160' title='bbox 3124 680 3163 733; x_wconf 85' lang='grc' dir='ltr'><strong><em>ι,</em></strong></span> <span class='ocrx_word' id='word_1_161' title='bbox 3190 665 3304 737; x_wconf 82' lang='grc'><strong>17).</strong></span> <span class='ocrx_word' id='word_1_162' title='bbox 3331 666 3510 727; x_wconf 88' lang='lat' dir='ltr'><strong><em>Unum</em></strong></span> 
     </span>
    </p>
   </div>
   <div class='ocr_carea' id='block_1_22' title="bbox 1921 755 3511 833">
    <p class='ocr_par' dir='ltr' id='par_1_22' title="bbox 1921 755 3511 833">
     <span class='ocr_line' id='line_1_22' title="bbox 1921 755 3511 833; baseline 0.003 -20"><span class='ocrx_word' id='word_1_163' title='bbox 1921 772 2151 828; x_wconf 90' lang='lat' dir='ltr'><strong><em>puerum</em></strong></span> <span class='ocrx_word' id='word_1_164' title='bbox 2189 770 2372 811; x_wconf 89' lang='lat' dir='ltr'><strong><em>secum</em></strong></span> <span class='ocrx_word' id='word_1_165' title='bbox 2413 756 2633 822; x_wconf 87' lang='lat' dir='ltr'><strong><em>tulerat,</em></strong></span> <span class='ocrx_word' id='word_1_166' title='bbox 2655 756 2748 826; x_wconf 91' lang='lat' dir='ltr'><strong><em>qui</em></strong></span> <span class='ocrx_word' id='word_1_167' title='bbox 2776 757 2887 811; x_wconf 85' lang='lat' dir='ltr'><strong>ait:</strong></span> <span class='ocrx_word' id='word_1_168' title='bbox 2922 755 3047 814; x_wconf 88' lang='lat' dir='ltr'><strong><em>Non</em></strong></span> <span class='ocrx_word' id='word_1_169' title='bbox 3076 758 3322 815; x_wconf 79' lang='lat' dir='ltr'><strong><em>habemus</em></strong></span> <span class='ocrx_word' id='word_1_170' title='bbox 3352 764 3511 833; x_wconf 82' lang='lat' dir='ltr'><strong><em>spiri-</em></strong></span> 
     </span>
    </p>
   </div>
   <div class='ocr_carea' id='block_1_23' title="bbox 1924 851 3508 926">
    <p class='ocr_par' dir='ltr' id='par_1_23' title="bbox 1924 851 3508 926">
     <span class='ocr_line' id='line_1_23' title="bbox 1924 851 3508 926; baseline 0.005 -23"><span class='ocrx_word' id='word_1_171' title='bbox 1924 858 2032 904; x_wconf 87' lang='lat' dir='ltr'><strong><em>tum</em></strong></span> <span class='ocrx_word' id='word_1_172' title='bbox 2060 852 2213 923; x_wconf 86' lang='lat' dir='ltr'><strong><em>hujus</em></strong></span> <span class='ocrx_word' id='word_1_173' title='bbox 2239 851 2439 916; x_wconf 86' lang='lat' dir='ltr'><strong><em>mundi,</em></strong></span> <span class='ocrx_word' id='word_1_174' title='bbox 2467 851 2555 906; x_wconf 88' lang='lat' dir='ltr'><strong><em>sed</em></strong></span> <span class='ocrx_word' id='word_1_175' title='bbox 2580 852 2817 922; x_wconf 83' lang='lat' dir='ltr'><strong><em>spiritum</em></strong></span> <span class='ocrx_word' id='word_1_176' title='bbox 2867 852 2953 924; x_wconf 89' lang='lat' dir='ltr'><strong><em>qui</em></strong></span> <span class='ocrx_word' id='word_1_177' title='bbox 2987 869 3053 907; x_wconf 78' lang='lat' dir='ltr'><strong><em>ea:</em></strong></span> <span class='ocrx_word' id='word_1_178' title='bbox 3076 852 3183 911; x_wconf 89' lang='lat' dir='ltr'><strong><em>Deo</em></strong></span> <span class='ocrx_word' id='word_1_179' title='bbox 3211 862 3288 910; x_wconf 86' lang='lat' dir='ltr'><strong><em>est</em></strong></span> <span class='ocrx_word' id='word_1_180' title='bbox 3310 854 3359 926; x_wconf 90' lang='grc' dir='ltr'><strong><em>(ι</em></strong></span> <span class='ocrx_word' id='word_1_181' title='bbox 3386 855 3508 911; x_wconf 83' lang='lat' dir='ltr'><strong><em>Cor.</em></strong></span> 
     </span>
    </p>
   </div>
   <div class='ocr_carea' id='block_1_24' title="bbox 1922 942 3514 1014">
    <p class='ocr_par' dir='ltr' id='par_1_24' title="bbox 1922 942 3514 1014">
     <span class='ocr_line' id='line_1_24' title="bbox 1922 942 3514 1014; baseline 0.003 -17"><span class='ocrx_word' id='word_1_182' title='bbox 1922 958 1983 1011; x_wconf 84' lang='lat' dir='ltr'><strong><em>ll,</em></strong></span> <span class='ocrx_word' id='word_1_183' title='bbox 2012 942 2121 1014; x_wconf 74' lang='grc'><strong><em>12).</em></strong></span> <span class='ocrx_word' id='word_1_184' title='bbox 2152 942 2289 1001; x_wconf 82' lang='lat' dir='ltr'><strong><em>Hinc</em></strong></span> <span class='ocrx_word' id='word_1_185' title='bbox 2314 945 2507 1000; x_wconf 88' lang='lat' dir='ltr'><strong><em>iterum</em></strong></span> <span class='ocrx_word' id='word_1_186' title='bbox 2533 943 2700 1000; x_wconf 88' lang='lat' dir='ltr'><strong><em>dicit:</em></strong></span> <span class='ocrx_word' id='word_1_187' title='bbox 2737 943 2851 999; x_wconf 86' lang='lat' dir='ltr'><strong><em>Nos</em></strong></span> <span class='ocrx_word' id='word_1_188' title='bbox 2878 961 3087 999; x_wconf 81' lang='lat' dir='ltr'><strong><em>sensum</em></strong></span> <span class='ocrx_word' id='word_1_189' title='bbox 3118 944 3310 1002; x_wconf 84' lang='lat' dir='ltr'><strong><em>Christi</em></strong></span> <span class='ocrx_word' id='word_1_190' title='bbox 3353 947 3514 1002; x_wconf 83' lang='lat' dir='ltr'><strong><em>habe-</em></strong></span> 
     </span>
    </p>
   </div>
   <div class='ocr_carea' id='block_1_25' title="bbox 1924 1035 3507 1109">
    <p class='ocr_par' dir='ltr' id='par_1_25' title="bbox 1924 1035 3507 1109">
     <span class='ocr_line' id='line_1_25' title="bbox 1924 1035 3507 1109; baseline 0.004 -19"><span class='ocrx_word' id='word_1_191' title='bbox 1924 1053 2038 1091; x_wconf 89' lang='lat' dir='ltr'><strong><em>mus</em></strong></span> <span class='ocrx_word' id='word_1_192' title='bbox 2068 1036 2254 1109; x_wconf 83' lang='lat' dir='ltr'><strong><em>(lbid.,</em></strong></span> <span class='ocrx_word' id='word_1_193' title='bbox 2286 1036 2396 1108; x_wconf 79' lang='grc'><strong>16).</strong></span> <span class='ocrx_word' id='word_1_194' title='bbox 2428 1035 2567 1092; x_wconf 85' lang='lat' dir='ltr'><strong><em>Hinc</em></strong></span> <span class='ocrx_word' id='word_1_195' title='bbox 2594 1051 2692 1107; x_wconf 88' lang='lat' dir='ltr'><strong><em>per</em></strong></span> <span class='ocrx_word' id='word_1_196' title='bbox 2718 1037 3059 1094; x_wconf 83' lang='lat' dir='ltr'><strong><em>Ezechielem</em></strong></span> <span class='ocrx_word' id='word_1_197' title='bbox 3080 1038 3147 1094; x_wconf 90' lang='lat' dir='ltr'><strong><em>de</em></strong></span> <span class='ocrx_word' id='word_1_198' title='bbox 3167 1040 3369 1096; x_wconf 88' lang='lat' dir='ltr'><strong><em>sanctis</em></strong></span> <span class='ocrx_word' id='word_1_199' title='bbox 3390 1042 3507 1097; x_wconf 86' lang='lat' dir='ltr'><strong><em>ani-</em></strong></span> 
     </span>
    </p>
   </div>
   <div class='ocr_carea' id='block_1_26' title="bbox 1926 1129 3504 1205">
    <p class='ocr_par' dir='ltr' id='par_1_26' title="bbox 1926 1129 3504 1205">
     <span class='ocr_line' id='line_1_26' title="bbox 1926 1129 3504 1205; baseline 0.002 -20"><span class='ocrx_word' id='word_1_200' title='bbox 1926 1129 2158 1186; x_wconf 89' lang='lat' dir='ltr'><strong><em>malibus</em></strong></span> <span class='ocrx_word' id='word_1_201' title='bbox 2176 1129 2408 1184; x_wconf 90' lang='lat' dir='ltr'><strong><em>dicitur:</em></strong></span> <span class='ocrx_word' id='word_1_202' title='bbox 2445 1129 2543 1185; x_wconf 84' lang='lat' dir='ltr'><strong><em>Ubi</em></strong></span> <span class='ocrx_word' id='word_1_203' title='bbox 2571 1140 2682 1184; x_wconf 82' lang='lat' dir='ltr'><strong><em>erat</em></strong></span> <span class='ocrx_word' id='word_1_204' title='bbox 2706 1130 2923 1201; x_wconf 78' lang='lat' dir='ltr'><strong><em>impetus</em></strong></span> <span class='ocrx_word' id='word_1_205' title='bbox 2962 1132 3199 1200; x_wconf 85' lang='lat' dir='ltr'><strong><em>spiritus,</em></strong></span> <span class='ocrx_word' id='word_1_206' title='bbox 3228 1133 3353 1187; x_wconf 85' lang='lat' dir='ltr'><strong><em>illuc</em></strong></span> <span class='ocrx_word' id='word_1_207' title='bbox 3380 1150 3504 1205; x_wconf 84' lang='lat' dir='ltr'><strong><em>gra-</em></strong></span> 
     </span>
    </p>
   </div>
   <div class='ocr_carea' id='block_1_27' title="bbox 1926 1221 3514 1296">
    <p class='ocr_par' dir='ltr' id='par_1_27' title="bbox 1926 1221 3514 1296">
     <span class='ocr_line' id='line_1_27' title="bbox 1926 1221 3514 1296; baseline 0.003 -17"><span class='ocrx_word' id='word_1_208' title='bbox 1926 1223 2196 1279; x_wconf 87' lang='lat' dir='ltr'><strong><em>diebantur</em></strong></span> <span class='ocrx_word' id='word_1_209' title='bbox 2226 1222 2407 1293; x_wconf 80' lang='lat' dir='ltr'><strong><em>(Ezec.</em></strong></span> <span class='ocrx_word' id='word_1_210' title='bbox 2436 1239 2475 1291; x_wconf 85' lang='grc' dir='ltr'><strong><em>ι,</em></strong></span> <span class='ocrx_word' id='word_1_211' title='bbox 2506 1222 2617 1294; x_wconf 72' lang='grc'><strong><em>12).</em></strong></span> <span class='ocrx_word' id='word_1_212' title='bbox 2671 1221 2932 1291; x_wconf 84' lang='lat' dir='ltr'><strong><em>Quaerens</em></strong></span> <span class='ocrx_word' id='word_1_213' title='bbox 2956 1238 3086 1295; x_wconf 88' lang='lat' dir='ltr'><strong><em>ergo</em></strong></span> <span class='ocrx_word' id='word_1_214' title='bbox 3114 1225 3312 1296; x_wconf 87' lang='lat' dir='ltr'><strong><em>asinas,</em></strong></span> <span class='ocrx_word' id='word_1_215' title='bbox 3344 1243 3514 1285; x_wconf 89' lang='lat' dir='ltr'><strong><em>unum</em></strong></span> 
     </span>
    </p>
   </div>
   <div class='ocr_carea' id='block_1_28' title="bbox 1926 1313 3515 1385">
    <p class='ocr_par' dir='ltr' id='par_1_28' title="bbox 1926 1313 3515 1385">
     <span class='ocr_line' id='line_1_28' title="bbox 1926 1313 3515 1385; baseline 0.004 -16"><span class='ocrx_word' id='word_1_216' title='bbox 1926 1313 1994 1369; x_wconf 91' lang='lat' dir='ltr'><strong><em>de</em></strong></span> <span class='ocrx_word' id='word_1_217' title='bbox 2025 1313 2206 1384; x_wconf 89' lang='lat' dir='ltr'><strong><em>pueris</em></strong></span> <span class='ocrx_word' id='word_1_218' title='bbox 2233 1314 2409 1369; x_wconf 91' lang='lat' dir='ltr'><strong><em>tollit:</em></strong></span> <span class='ocrx_word' id='word_1_219' title='bbox 2443 1313 2660 1385; x_wconf 87' lang='lat' dir='ltr'><strong><em>quando</em></strong></span> <span class='ocrx_word' id='word_1_220' title='bbox 2707 1316 2774 1383; x_wconf 90' lang='lat' dir='ltr'><strong><em>is,</em></strong></span> <span class='ocrx_word' id='word_1_221' title='bbox 2825 1316 2918 1385; x_wconf 92' lang='lat' dir='ltr'><strong><em>qui</em></strong></span> <span class='ocrx_word' id='word_1_222' title='bbox 2961 1316 3174 1373; x_wconf 91' lang='lat' dir='ltr'><strong><em>noviter</em></strong></span> <span class='ocrx_word' id='word_1_223' title='bbox 3213 1320 3515 1377; x_wconf 87' lang='lat' dir='ltr'><strong><em>animarum</em></strong></span> 
     </span>
    </p>
   </div>
   <div class='ocr_carea' id='block_1_29' title="bbox 1926 1407 3517 1483">
    <p class='ocr_par' dir='ltr' id='par_1_29' title="bbox 1926 1407 3517 1483">
     <span class='ocr_line' id='line_1_29' title="bbox 1926 1407 3517 1483; baseline 0.002 -19"><span class='ocrx_word' id='word_1_224' title='bbox 1926 1407 2077 1465; x_wconf 88' lang='lat' dir='ltr'><strong><em>lucra</em></strong></span> <span class='ocrx_word' id='word_1_225' title='bbox 2116 1424 2359 1479; x_wconf 81' lang='lat' dir='ltr'><strong><em>quaerere</em></strong></span> <span class='ocrx_word' id='word_1_226' title='bbox 2380 1410 2588 1481; x_wconf 90' lang='lat' dir='ltr'><strong><em>incipit,</em></strong></span> <span class='ocrx_word' id='word_1_227' title='bbox 2619 1424 2741 1480; x_wconf 61' lang='lat' dir='ltr'><strong><em>quas</em></strong></span> <span class='ocrx_word' id='word_1_228' title='bbox 2771 1424 2931 1480; x_wconf 86' lang='lat' dir='ltr'><strong><em>agere</em></strong></span> <span class='ocrx_word' id='word_1_229' title='bbox 2953 1417 3126 1481; x_wconf 88' lang='lat' dir='ltr'><strong><em>putat,</em></strong></span> <span class='ocrx_word' id='word_1_230' title='bbox 3150 1411 3329 1466; x_wconf 89' lang='lat' dir='ltr'><strong><em>omnia</em></strong></span> <span class='ocrx_word' id='word_1_231' title='bbox 3361 1410 3517 1483; x_wconf 91' lang='lat' dir='ltr'><strong><em>spiri-</em></strong></span> 
     </span>
    </p>
   </div>
   <div class='ocr_carea' id='block_1_30' title="bbox 1928 1500 3519 1575">
    <p class='ocr_par' dir='ltr' id='par_1_30' title="bbox 1928 1500 3519 1575">
     <span class='ocr_line' id='line_1_30' title="bbox 1928 1500 3519 1575; baseline 0.004 -20"><span class='ocrx_word' id='word_1_232' title='bbox 1928 1500 2107 1555; x_wconf 89' lang='lat' dir='ltr'><strong><em>taliter</em></strong></span> <span class='ocrx_word' id='word_1_233' title='bbox 2125 1515 2284 1571; x_wconf 88' lang='lat' dir='ltr'><strong><em>agere</em></strong></span> <span class='ocrx_word' id='word_1_234' title='bbox 2305 1502 2559 1574; x_wconf 87' lang='lat' dir='ltr'><strong><em>disponit.</em></strong></span> <span class='ocrx_word' id='word_1_235' title='bbox 2588 1501 2837 1559; x_wconf 90' lang='lat' dir='ltr'><strong><em>Invenire</em></strong></span> <span class='ocrx_word' id='word_1_236' title='bbox 2862 1510 3044 1558; x_wconf 90' lang='lat' dir='ltr'><strong><em>autem</em></strong></span> <span class='ocrx_word' id='word_1_237' title='bbox 3067 1502 3265 1572; x_wconf 89' lang='lat' dir='ltr'><strong><em>asinas,</em></strong></span> <span class='ocrx_word' id='word_1_238' title='bbox 3290 1512 3374 1561; x_wconf 91' lang='lat' dir='ltr'><strong><em>est</em></strong></span> <span class='ocrx_word' id='word_1_239' title='bbox 3401 1520 3519 1575; x_wconf 84' lang='lat' dir='ltr'><strong><em>peo-</em></strong></span> 
     </span>
    </p>
   </div>
   <div class='ocr_carea' id='block_1_31' title="bbox 1929 1592 3516 1665">
    <p class='ocr_par' dir='ltr' id='par_1_31' title="bbox 1929 1592 3516 1665">
     <span class='ocr_line' id='line_1_31' title="bbox 1929 1592 3516 1665; baseline 0.003 -18"><span class='ocrx_word' id='word_1_240' title='bbox 1929 1600 2142 1648; x_wconf 88' lang='lat' dir='ltr'><strong><em>catores</em></strong></span> <span class='ocrx_word' id='word_1_241' title='bbox 2168 1593 2222 1647; x_wconf 89' lang='lat' dir='ltr'><strong><em>in</em></strong></span> <span class='ocrx_word' id='word_1_242' title='bbox 2252 1592 2373 1649; x_wconf 91' lang='lat' dir='ltr'><strong><em>luce</em></strong></span> <span class='ocrx_word' id='word_1_243' title='bbox 2402 1593 2703 1651; x_wconf 88' lang='lat' dir='ltr'><strong><em>sanctitatis</em></strong></span> <span class='ocrx_word' id='word_1_244' title='bbox 2749 1608 3043 1650; x_wconf 90' lang='lat' dir='ltr'><strong><em>conversos</em></strong></span> <span class='ocrx_word' id='word_1_245' title='bbox 3070 1594 3331 1665; x_wconf 86' lang='lat' dir='ltr'><strong><em>aspicere.</em></strong></span> <span class='ocrx_word' id='word_1_246' title='bbox 3378 1594 3516 1653; x_wconf 88' lang='lat' dir='ltr'><strong><em>Nam</em></strong></span> 
     </span>
    </p>
   </div>
   <div class='ocr_carea' id='block_1_32' title="bbox 1929 1686 3518 1762">
    <p class='ocr_par' dir='ltr' id='par_1_32' title="bbox 1929 1686 3518 1762">
     <span class='ocr_line' id='line_1_32' title="bbox 1929 1686 3518 1762; baseline 0.004 -20"><span class='ocrx_word' id='word_1_247' title='bbox 1929 1686 2077 1742; x_wconf 89' lang='lat' dir='ltr'><strong><em>velut</em></strong></span> <span class='ocrx_word' id='word_1_248' title='bbox 2097 1687 2324 1757; x_wconf 79' lang='lat' dir='ltr'><strong><em>perditae</em></strong></span> <span class='ocrx_word' id='word_1_249' title='bbox 2346 1689 2510 1745; x_wconf 82' lang='lat' dir='ltr'><strong><em>asinae</em></strong></span> <span class='ocrx_word' id='word_1_250' title='bbox 2539 1704 2648 1745; x_wconf 91' lang='lat' dir='ltr'><strong><em>non</em></strong></span> <span class='ocrx_word' id='word_1_251' title='bbox 2678 1689 3045 1757; x_wconf 85' lang='lat' dir='ltr'><strong><em>inveniuntur,</em></strong></span> <span class='ocrx_word' id='word_1_252' title='bbox 3067 1690 3283 1759; x_wconf 79' lang='lat' dir='ltr'><strong><em>quando</em></strong></span> <span class='ocrx_word' id='word_1_253' title='bbox 3310 1690 3366 1746; x_wconf 88' lang='lat' dir='ltr'><strong><em>in</em></strong></span> <span class='ocrx_word' id='word_1_254' title='bbox 3388 1705 3518 1762; x_wconf 89' lang='lat' dir='ltr'><strong><em>pec-</em></strong></span> 
     </span>
    </p>
   </div>
   <div class='ocr_carea' id='block_1_33' title="bbox 1929 1777 3287 1848">
    <p class='ocr_par' dir='ltr' id='par_1_33' title="bbox 1929 1777 3287 1848">
     <span class='ocr_line' id='line_1_33' title="bbox 1929 1777 3287 1848; baseline 0.004 -17"><span class='ocrx_word' id='word_1_255' title='bbox 1929 1784 2179 1831; x_wconf 87' lang='lat' dir='ltr'><strong><em>catorum</em></strong></span> <span class='ocrx_word' id='word_1_256' title='bbox 2208 1777 2465 1842; x_wconf 89' lang='lat' dir='ltr'><strong><em>tenebris,</em></strong></span> <span class='ocrx_word' id='word_1_257' title='bbox 2500 1778 2732 1848; x_wconf 88' lang='lat' dir='ltr'><strong><em>reproba</em></strong></span> <span class='ocrx_word' id='word_1_258' title='bbox 2752 1779 2917 1835; x_wconf 88' lang='lat' dir='ltr'><strong><em>corda</em></strong></span> <span class='ocrx_word' id='word_1_259' title='bbox 2941 1793 3002 1835; x_wconf 86' lang='lat' dir='ltr'><strong><em>se</em></strong></span> <span class='ocrx_word' id='word_1_260' title='bbox 3031 1780 3287 1836; x_wconf 90' lang='lat' dir='ltr'><strong><em>obruunt.</em></strong></span> 
     </span>
    </p>
   </div>
   <div class='ocr_carea' id='block_1_34' title="bbox 242 1863 3519 1946">
    <p class='ocr_par' dir='ltr' id='par_1_34' title="bbox 242 1863 3519 1946">
     <span class='ocr_line' id='line_1_34' title="bbox 242 1863 3519 1946; baseline 0.002 -22"><span class='ocrx_word' id='word_1_261' title='bbox 242 1870 335 1936; x_wconf 87' lang='lat' dir='ltr'><strong><em>sit,</em></strong></span> <span class='ocrx_word' id='word_1_262' title='bbox 383 1868 598 1939; x_wconf 90' lang='lat' dir='ltr'><strong><em>eloquio</em></strong></span> <span class='ocrx_word' id='word_1_263' title='bbox 640 1866 922 1934; x_wconf 88' lang='lat' dir='ltr'><strong><em>mirabilis,</em></strong></span> <span class='ocrx_word' id='word_1_264' title='bbox 971 1879 1081 1936; x_wconf 86' lang='lat' dir='ltr'><strong><em>prae</em></strong></span> <span class='ocrx_word' id='word_1_265' title='bbox 1125 1864 1334 1920; x_wconf 75' lang='lat' dir='ltr'><strong><em>caeteris</em></strong></span> <span class='ocrx_word' id='word_1_266' title='bbox 1382 1863 1583 1918; x_wconf 90' lang='lat' dir='ltr'><strong><em>arduus</em></strong></span> <span class='ocrx_word' id='word_1_267' title='bbox 1613 1864 1666 1918; x_wconf 91' lang='lat' dir='ltr'><strong><em>in</em></strong></span> <span class='ocrx_word' id='word_1_268' title='bbox 1697 1878 1824 1920; x_wconf 87' lang='lat' dir='ltr'><strong><em>arce</em></strong></span> <span class='ocrx_word' id='word_1_269' title='bbox 1857 1886 1902 1946; x_wconf 76' lang='grc' dir='ltr'><strong>Β</strong></span> <span class='ocrx_word' id='word_1_270' title='bbox 1946 1934 1957 1945; x_wconf 24' lang='grc' dir='ltr'>κ</span> <span class='ocrx_word' id='word_1_271' title='bbox 2000 1867 2089 1923; x_wconf 70' lang='lat'><strong><em>9.9..</em></strong></span> <span class='ocrx_word' id='word_1_272' title='bbox 2129 1866 2195 1923; x_wconf 85' lang='lat' dir='ltr'><strong><em>Et</em></strong></span> <span class='ocrx_word' id='word_1_273' title='bbox 2219 1869 2343 1939; x_wconf 88' lang='lat' dir='ltr'><strong><em>quia</em></strong></span> <span class='ocrx_word' id='word_1_274' title='bbox 2382 1884 2479 1940; x_wconf 91' lang='lat' dir='ltr'><strong><em>per</em></strong></span> <span class='ocrx_word' id='word_1_275' title='bbox 2506 1870 2744 1941; x_wconf 91' lang='lat' dir='ltr'><strong><em>quinque</em></strong></span> <span class='ocrx_word' id='word_1_276' title='bbox 2777 1885 2967 1927; x_wconf 90' lang='lat' dir='ltr'><strong><em>sensus</em></strong></span> <span class='ocrx_word' id='word_1_277' title='bbox 3006 1872 3250 1943; x_wconf 89' lang='lat' dir='ltr'><strong><em>corporis</em></strong></span> <span class='ocrx_word' id='word_1_278' title='bbox 3277 1872 3349 1927; x_wconf 84' lang='lat' dir='ltr'><strong><em>ad</em></strong></span> <span class='ocrx_word' id='word_1_279' title='bbox 3395 1888 3519 1931; x_wconf 86' lang='lat' dir='ltr'><strong><em>eas-</em></strong></span> 
     </span>
    </p>
   </div>
   <div class='ocr_carea' id='block_1_35' title="bbox 241 1955 1823 2031">
    <p class='ocr_par' dir='ltr' id='par_1_35' title="bbox 241 1955 1823 2031">
     <span class='ocr_line' id='line_1_35' title="bbox 241 1955 1823 2031; baseline -0.004 -16"><span class='ocrx_word' id='word_1_280' title='bbox 241 1959 732 2031; x_wconf 84' lang='lat' dir='ltr'><strong><em>contemplationis.</em></strong></span> <span class='ocrx_word' id='word_1_281' title='bbox 755 1957 884 2026; x_wconf 89' lang='lat' dir='ltr'><strong><em>Sed,</em></strong></span> <span class='ocrx_word' id='word_1_282' title='bbox 910 1956 1004 2026; x_wconf 89' lang='lat' dir='ltr'><strong><em>qui</em></strong></span> <span class='ocrx_word' id='word_1_283' title='bbox 1032 1955 1446 2012; x_wconf 86' lang='lat' dir='ltr'><strong><em>conversatione</em></strong></span> <span class='ocrx_word' id='word_1_284' title='bbox 1466 1969 1694 2025; x_wconf 88' lang='lat' dir='ltr'><strong><em>magnus</em></strong></span> <span class='ocrx_word' id='word_1_285' title='bbox 1723 1962 1823 2024; x_wconf 90' lang='lat' dir='ltr'><strong><em>est,</em></strong></span> 
     </span>
    </p>
   </div>
   <div class='ocr_carea' id='block_1_36' title="bbox 241 2046 1830 2120">
    <p class='ocr_par' dir='ltr' id='par_1_36' title="bbox 241 2046 1830 2120">
     <span class='ocr_line' id='line_1_36' title="bbox 241 2046 1830 2120; baseline -0.001 -15"><span class='ocrx_word' id='word_1_286' title='bbox 241 2049 463 2120; x_wconf 90' lang='lat' dir='ltr'><strong><em>eloquio</em></strong></span> <span class='ocrx_word' id='word_1_287' title='bbox 483 2048 805 2119; x_wconf 78' lang='lat' dir='ltr'><strong><em>praecipuus,</em></strong></span> <span class='ocrx_word' id='word_1_288' title='bbox 831 2062 941 2118; x_wconf 80' lang='lat' dir='ltr'><strong><em>prae</em></strong></span> <span class='ocrx_word' id='word_1_289' title='bbox 964 2047 1214 2103; x_wconf 91' lang='lat' dir='ltr'><strong><em>omnibus</em></strong></span> <span class='ocrx_word' id='word_1_290' title='bbox 1240 2046 1699 2117; x_wconf 85' lang='lat' dir='ltr'><strong><em>contemplatione</em></strong></span> <span class='ocrx_word' id='word_1_291' title='bbox 1718 2062 1830 2103; x_wconf 91' lang='lat' dir='ltr'><strong><em>sus-</em></strong></span> 
     </span>
    </p>
   </div>
   <div class='ocr_carea' id='block_1_37' title="bbox 242 2138 1826 2212">
    <p class='ocr_par' dir='ltr' id='par_1_37' title="bbox 242 2138 1826 2212">
     <span class='ocr_line' id='line_1_37' title="bbox 242 2138 1826 2212; baseline -0.001 -15"><span class='ocrx_word' id='word_1_292' title='bbox 242 2157 472 2212; x_wconf 87' lang='lat' dir='ltr'><strong><em>pensus,</em></strong></span> <span class='ocrx_word' id='word_1_293' title='bbox 505 2141 814 2210; x_wconf 87' lang='lat' dir='ltr'><strong><em>priusquam</em></strong></span> <span class='ocrx_word' id='word_1_294' title='bbox 858 2139 1138 2210; x_wconf 82' lang='lat' dir='ltr'><strong><em>perveniat</em></strong></span> <span class='ocrx_word' id='word_1_295' title='bbox 1167 2139 1235 2194; x_wconf 91' lang='lat' dir='ltr'><strong><em>ad</em></strong></span> <span class='ocrx_word' id='word_1_296' title='bbox 1275 2138 1489 2194; x_wconf 88' lang='lat' dir='ltr'><strong><em>culmen</em></strong></span> <span class='ocrx_word' id='word_1_297' title='bbox 1532 2139 1826 2210; x_wconf 85' lang='lat' dir='ltr'><strong><em>regiminis,</em></strong></span> 
     </span>
    </p>
   </div>
   <div class='ocr_carea' id='block_1_38' title="bbox 237 2232 1831 2304">
    <p class='ocr_par' dir='ltr' id='par_1_38' title="bbox 237 2232 1831 2304">
     <span class='ocr_line' id='line_1_38' title="bbox 237 2232 1831 2304; baseline -0.002 -13"><span class='ocrx_word' id='word_1_298' title='bbox 237 2235 397 2304; x_wconf 84' lang='lat' dir='ltr'><strong><em>signa</em></strong></span> <span class='ocrx_word' id='word_1_299' title='bbox 425 2234 660 2290; x_wconf 80' lang='lat' dir='ltr'><strong><em>exterius</em></strong></span> <span class='ocrx_word' id='word_1_300' title='bbox 706 2235 903 2289; x_wconf 89' lang='lat' dir='ltr'><strong><em>habere</em></strong></span> <span class='ocrx_word' id='word_1_301' title='bbox 927 2233 1086 2289; x_wconf 86' lang='lat' dir='ltr'><strong><em>debet</em></strong></span> <span class='ocrx_word' id='word_1_302' title='bbox 1128 2232 1383 2288; x_wconf 78' lang='lat' dir='ltr'><strong><em>fraternae</em></strong></span> <span class='ocrx_word' id='word_1_303' title='bbox 1412 2232 1732 2287; x_wconf 89' lang='lat' dir='ltr'><strong><em>charitatis:</em></strong></span> <span class='ocrx_word' id='word_1_304' title='bbox 1770 2241 1831 2288; x_wconf 92' lang='lat' dir='ltr'><strong><em>ut</em></strong></span> 
     </span>
    </p>
   </div>
   <div class='ocr_carea' id='block_1_39' title="bbox 240 2321 1830 2396">
    <p class='ocr_par' dir='ltr' id='par_1_39' title="bbox 240 2321 1830 2396">
     <span class='ocr_line' id='line_1_39' title="bbox 240 2321 1830 2396; baseline -0.001 -16"><span class='ocrx_word' id='word_1_305' title='bbox 240 2326 497 2381; x_wconf 79' lang='lat' dir='ltr'><strong><em>videlicet</em></strong></span> <span class='ocrx_word' id='word_1_306' title='bbox 524 2327 602 2380; x_wconf 91' lang='lat' dir='ltr'><strong><em>sic</em></strong></span> <span class='ocrx_word' id='word_1_307' title='bbox 644 2324 1013 2396; x_wconf 80' lang='lat' dir='ltr'><strong><em>proximorum</em></strong></span> <span class='ocrx_word' id='word_1_308' title='bbox 1054 2322 1470 2379; x_wconf 89' lang='lat' dir='ltr'><strong><em>sollicitudinem</em></strong></span> <span class='ocrx_word' id='word_1_309' title='bbox 1498 2321 1719 2390; x_wconf 88' lang='lat' dir='ltr'><strong><em>habeat,</em></strong></span> <span class='ocrx_word' id='word_1_310' title='bbox 1768 2329 1830 2379; x_wconf 87' lang='lat' dir='ltr'><strong>ut</strong></span> 
     </span>
    </p>
   </div>
   <div class='ocr_carea' id='block_1_40' title="bbox 241 2412 1827 2484">
    <p class='ocr_par' dir='ltr' id='par_1_40' title="bbox 241 2412 1827 2484">
     <span class='ocr_line' id='line_1_40' title="bbox 241 2412 1827 2484; baseline -0.002 -12"><span class='ocrx_word' id='word_1_311' title='bbox 241 2416 310 2472; x_wconf 87' lang='lat' dir='ltr'><strong><em>ad</em></strong></span> <span class='ocrx_word' id='word_1_312' title='bbox 328 2424 589 2471; x_wconf 88' lang='lat' dir='ltr'><strong><em>aeternam</em></strong></span> <span class='ocrx_word' id='word_1_313' title='bbox 610 2415 777 2470; x_wconf 82' lang='lat' dir='ltr'><strong><em>vitam</em></strong></span> <span class='ocrx_word' id='word_1_314' title='bbox 800 2414 949 2470; x_wconf 92' lang='lat' dir='ltr'><strong><em>lucra</em></strong></span> <span class='ocrx_word' id='word_1_315' title='bbox 971 2414 1271 2470; x_wconf 88' lang='lat' dir='ltr'><strong><em>animarum</em></strong></span> <span class='ocrx_word' id='word_1_316' title='bbox 1292 2420 1518 2484; x_wconf 86' lang='lat' dir='ltr'><strong><em>quaerat.</em></strong></span> <span class='ocrx_word' id='word_1_317' title='bbox 1540 2412 1685 2470; x_wconf 87' lang='lat' dir='ltr'><strong><em>Bene</em></strong></span> <span class='ocrx_word' id='word_1_318' title='bbox 1700 2427 1827 2483; x_wconf 88' lang='lat' dir='ltr'><strong><em>ergo</em></strong></span> 
     </span>
    </p>
   </div>
   <div class='ocr_carea' id='block_1_41' title="bbox 242 2505 1079 2577">
    <p class='ocr_par' dir='ltr' id='par_1_41' title="bbox 242 2505 1079 2577">
     <span class='ocr_line' id='line_1_41' title="bbox 242 2505 1079 2577; baseline -0.005 -13"><span class='ocrx_word' id='word_1_319' title='bbox 242 2507 299 2564; x_wconf 89' lang='lat' dir='ltr'><strong><em>in</em></strong></span> <span class='ocrx_word' id='word_1_320' title='bbox 324 2514 673 2577; x_wconf 83' lang='lat' dir='ltr'><strong><em>eoruurtypo</em></strong></span> <span class='ocrx_word' id='word_1_321' title='bbox 702 2505 1079 2575; x_wconf 90' lang='lat' dir='ltr'><strong><em>subjungitur:</em></strong></span> 
     </span>
    </p>
   </div>
   <div class='ocr_carea' id='block_1_42' title="bbox 313 2594 1826 2671">
    <p class='ocr_par' dir='ltr' id='par_1_42' title="bbox 313 2594 1826 2671">
     <span class='ocr_line' id='line_1_42' title="bbox 313 2594 1826 2671; baseline 0 -18"><span class='ocrx_word' id='word_1_322' title='bbox 313 2598 492 2671; x_wconf 74' lang='lat' dir='ltr'><strong><em>(Vers.</em></strong></span> <span class='ocrx_word' id='word_1_323' title='bbox 538 2597 593 2663; x_wconf 79' lang='lat'><strong><em>5,</em></strong></span> <span class='ocrx_word' id='word_1_324' title='bbox 642 2596 717 2668; x_wconf 78' lang='grc' dir='ltr'><strong><em>ι.)</em></strong></span> <span class='ocrx_word' id='word_1_325' title='bbox 756 2597 1030 2653; x_wconf 89' lang='lat' dir='ltr'><strong><em>Perierant</em></strong></span> <span class='ocrx_word' id='word_1_326' title='bbox 1068 2605 1240 2652; x_wconf 64' lang='lat' dir='ltr'><strong><em>auum</em></strong></span> <span class='ocrx_word' id='word_1_327' title='bbox 1278 2597 1443 2651; x_wconf 76' lang='lat' dir='ltr'><strong><em>asina:</em></strong></span> <span class='ocrx_word' id='word_1_328' title='bbox 1489 2594 1615 2665; x_wconf 85' lang='lat' dir='ltr'><strong><em>Cis,</em></strong></span> <span class='ocrx_word' id='word_1_329' title='bbox 1661 2598 1826 2668; x_wconf 86' lang='lat' dir='ltr'><strong><em>patris</em></strong></span> 
     </span>
    </p>
   </div>
   <div class='ocr_carea' id='block_1_43' title="bbox 244 2690 1827 2763">
    <p class='ocr_par' dir='ltr' id='par_1_43' title="bbox 244 2690 1827 2763">
     <span class='ocr_line' id='line_1_43' title="bbox 244 2690 1827 2763; baseline -0.002 -14"><span class='ocrx_word' id='word_1_330' title='bbox 244 2694 379 2750; x_wconf 82' lang='lat' dir='ltr'><strong><em>Saul</em></strong></span> <span class='ocrx_word' id='word_1_331' title='bbox 396 2711 414 2747; x_wconf 89' lang='lat'><strong><em>:</em></strong></span> <span class='ocrx_word' id='word_1_332' title='bbox 443 2702 492 2747; x_wconf 88' lang='lat' dir='ltr'><strong><em>et</em></strong></span> <span class='ocrx_word' id='word_1_333' title='bbox 519 2692 651 2747; x_wconf 74' lang='lat' dir='ltr'><strong><em>dixit</em></strong></span> <span class='ocrx_word' id='word_1_334' title='bbox 679 2690 767 2747; x_wconf 86' lang='lat' dir='ltr'><strong><em>Cis</em></strong></span> <span class='ocrx_word' id='word_1_335' title='bbox 788 2692 858 2746; x_wconf 88' lang='lat' dir='ltr'><strong><em>ad</em></strong></span> <span class='ocrx_word' id='word_1_336' title='bbox 896 2691 1029 2748; x_wconf 87' lang='lat' dir='ltr'><strong><em>Saul</em></strong></span> <span class='ocrx_word' id='word_1_337' title='bbox 1057 2693 1222 2763; x_wconf 76' lang='lat' dir='ltr'><strong><em>[ilium</em></strong></span> <span class='ocrx_word' id='word_1_338' title='bbox 1246 2708 1431 2747; x_wconf 89' lang='lat' dir='ltr'><strong><em>suum:</em></strong></span> <span class='ocrx_word' id='word_1_339' title='bbox 1480 2690 1625 2745; x_wconf 88' lang='lat' dir='ltr'><strong><em>Tolle</em></strong></span> <span class='ocrx_word' id='word_1_340' title='bbox 1661 2700 1827 2746; x_wconf 86' lang='lat' dir='ltr'><strong><em>tecum</em></strong></span> 
     </span>
    </p>
   </div>
   <div class='ocr_carea' id='block_1_44' title="bbox 240 2784 1825 2857">
    <p class='ocr_par' dir='ltr' id='par_1_44' title="bbox 240 2784 1825 2857">
     <span class='ocr_line' id='line_1_44' title="bbox 240 2784 1825 2857; baseline 0.001 -18"><span class='ocrx_word' id='word_1_341' title='bbox 240 2802 400 2840; x_wconf 80' lang='lat' dir='ltr'><strong><em>unum</em></strong></span> <span class='ocrx_word' id='word_1_342' title='bbox 426 2785 489 2838; x_wconf 89' lang='lat' dir='ltr'><strong><em>de</em></strong></span> <span class='ocrx_word' id='word_1_343' title='bbox 516 2786 708 2854; x_wconf 88' lang='lat' dir='ltr'><strong><em>pueris,</em></strong></span> <span class='ocrx_word' id='word_1_344' title='bbox 734 2793 782 2838; x_wconf 90' lang='lat' dir='ltr'><strong><em>et</em></strong></span> <span class='ocrx_word' id='word_1_345' title='bbox 809 2800 1025 2854; x_wconf 85' lang='lat' dir='ltr'><strong><em>surgens</em></strong></span> <span class='ocrx_word' id='word_1_346' title='bbox 1052 2785 1201 2851; x_wconf 77' lang='lat' dir='ltr'><strong><em>vade,</em></strong></span> <span class='ocrx_word' id='word_1_347' title='bbox 1232 2794 1281 2839; x_wconf 87' lang='lat' dir='ltr'><strong><em>et</em></strong></span> <span class='ocrx_word' id='word_1_348' title='bbox 1305 2802 1477 2857; x_wconf 65' lang='lat' dir='ltr'><strong><em>quaere</em></strong></span> <span class='ocrx_word' id='word_1_349' title='bbox 1502 2787 1697 2840; x_wconf 90' lang='lat' dir='ltr'><strong><em>asinas.</em></strong></span> <span class='ocrx_word' id='word_1_350' title='bbox 1726 2784 1825 2850; x_wconf 82' lang='lat' dir='ltr'><strong><em>Qui</em></strong></span> 
     </span>
    </p>
   </div>
   <div class='ocr_carea' id='block_1_45' title="bbox 240 2874 1826 2946">
    <p class='ocr_par' dir='ltr' id='par_1_45' title="bbox 240 2874 1826 2946">
     <span class='ocr_line' id='line_1_45' title="bbox 240 2874 1826 2946; baseline 0 -15"><span class='ocrx_word' id='word_1_351' title='bbox 240 2894 362 2932; x_wconf 88' lang='lat' dir='ltr'><strong><em>cum</em></strong></span> <span class='ocrx_word' id='word_1_352' title='bbox 392 2877 691 2931; x_wconf 82' lang='lat' dir='ltr'><strong><em>transissent</em></strong></span> <span class='ocrx_word' id='word_1_353' title='bbox 738 2892 829 2945; x_wconf 85' lang='lat' dir='ltr'><strong><em>per</em></strong></span> <span class='ocrx_word' id='word_1_354' title='bbox 868 2884 1092 2929; x_wconf 86' lang='lat' dir='ltr'><strong><em>montem</em></strong></span> <span class='ocrx_word' id='word_1_355' title='bbox 1129 2874 1405 2945; x_wconf 87' lang='lat' dir='ltr'><strong><em>Ephraim,</em></strong></span> <span class='ocrx_word' id='word_1_356' title='bbox 1435 2886 1484 2930; x_wconf 90' lang='lat' dir='ltr'><strong><em>et</em></strong></span> <span class='ocrx_word' id='word_1_357' title='bbox 1522 2893 1612 2946; x_wconf 87' lang='lat' dir='ltr'><strong><em>per</em></strong></span> <span class='ocrx_word' id='word_1_358' title='bbox 1636 2885 1826 2931; x_wconf 87' lang='lat' dir='ltr'><strong><em>terram</em></strong></span> 
     </span>
    </p>
   </div>
   <div class='ocr_carea' id='block_1_46' title="bbox 244 2969 1825 3039">
    <p class='ocr_par' dir='ltr' id='par_1_46' title="bbox 244 2969 1825 3039">
     <span class='ocr_line' id='line_1_46' title="bbox 244 2969 1825 3039; baseline -0.002 -12"><span class='ocrx_word' id='word_1_359' title='bbox 244 2970 448 3033; x_wconf 86' lang='lat' dir='ltr'><strong><em>Salisa,</em></strong></span> <span class='ocrx_word' id='word_1_360' title='bbox 472 2978 519 3023; x_wconf 84' lang='lat' dir='ltr'><strong><em>et</em></strong></span> <span class='ocrx_word' id='word_1_361' title='bbox 538 2986 640 3024; x_wconf 89' lang='lat' dir='ltr'><strong><em>non</em></strong></span> <span class='ocrx_word' id='word_1_362' title='bbox 662 2969 998 3036; x_wconf 84' lang='lat' dir='ltr'><strong><em>invenissent,</em></strong></span> <span class='ocrx_word' id='word_1_363' title='bbox 1024 2970 1340 3023; x_wconf 87' lang='lat' dir='ltr'><strong><em>transierunt</em></strong></span> <span class='ocrx_word' id='word_1_364' title='bbox 1360 2969 1517 3024; x_wconf 89' lang='lat' dir='ltr'><strong><em>etiam</em></strong></span> <span class='ocrx_word' id='word_1_365' title='bbox 1530 2987 1621 3039; x_wconf 88' lang='lat' dir='ltr'><strong><em>per</em></strong></span> <span class='ocrx_word' id='word_1_366' title='bbox 1638 2979 1825 3024; x_wconf 87' lang='lat' dir='ltr'><strong><em>terram</em></strong></span> 
     </span>
    </p>
   </div>
   <div class='ocr_carea' id='block_1_47' title="bbox 239 3059 1823 3129">
    <p class='ocr_par' dir='ltr' id='par_1_47' title="bbox 239 3059 1823 3129">
     <span class='ocr_line' id='line_1_47' title="bbox 239 3059 1823 3129; baseline -0.001 -12"><span class='ocrx_word' id='word_1_367' title='bbox 239 3061 433 3128; x_wconf 84' lang='lat' dir='ltr'><strong><em>Salim,</em></strong></span> <span class='ocrx_word' id='word_1_368' title='bbox 462 3068 513 3115; x_wconf 89' lang='lat' dir='ltr'><strong><em>et</em></strong></span> <span class='ocrx_word' id='word_1_369' title='bbox 537 3077 639 3117; x_wconf 87' lang='lat' dir='ltr'><strong><em>non</em></strong></span> <span class='ocrx_word' id='word_1_370' title='bbox 658 3068 827 3126; x_wconf 87' lang='lat' dir='ltr'><strong><em>erant,</em></strong></span> <span class='ocrx_word' id='word_1_371' title='bbox 856 3068 905 3115; x_wconf 88' lang='lat' dir='ltr'><strong><em>et</em></strong></span> <span class='ocrx_word' id='word_1_372' title='bbox 929 3077 1023 3128; x_wconf 87' lang='lat' dir='ltr'><strong><em>per</em></strong></span> <span class='ocrx_word' id='word_1_373' title='bbox 1061 3069 1253 3114; x_wconf 88' lang='lat' dir='ltr'><strong><em>terram</em></strong></span> <span class='ocrx_word' id='word_1_374' title='bbox 1280 3059 1504 3129; x_wconf 83' lang='lat' dir='ltr'><strong><em>Jemini,</em></strong></span> <span class='ocrx_word' id='word_1_375' title='bbox 1529 3070 1577 3116; x_wconf 90' lang='lat' dir='ltr'><strong><em>et</em></strong></span> <span class='ocrx_word' id='word_1_376' title='bbox 1614 3063 1823 3117; x_wconf 88' lang='lat' dir='ltr'><strong><em>minime</em></strong></span> 
     </span>
    </p>
   </div>
   <div class='ocr_carea' id='block_1_48' title="bbox 241 3170 495 3224">
    <p class='ocr_par' dir='ltr' id='par_1_48' title="bbox 241 3170 495 3224">
     <span class='ocr_line' id='line_1_48' title="bbox 241 3170 495 3224; baseline 0.008 -17"><span class='ocrx_word' id='word_1_377' title='bbox 241 3170 495 3224; x_wconf 86' lang='lat' dir='ltr'><strong><em>reperere.</em></strong></span> 
     </span>
    </p>
   </div>
   <div class='ocr_carea' id='block_1_49' title="bbox 314 3244 1822 3317">
    <p class='ocr_par' dir='ltr' id='par_1_49' title="bbox 314 3244 1822 3317">
     <span class='ocr_line' id='line_1_49' title="bbox 314 3244 1822 3317; baseline 0.003 -19"><span class='ocrx_word' id='word_1_378' title='bbox 314 3245 401 3302; x_wconf 77' lang='grc'><strong><em>21.</em></strong></span> <span class='ocrx_word' id='word_1_379' title='bbox 441 3244 550 3312; x_wconf 87' lang='lat' dir='ltr'><strong><em>Cis,</em></strong></span> <span class='ocrx_word' id='word_1_380' title='bbox 583 3245 675 3316; x_wconf 89' lang='lat' dir='ltr'><strong><em>qui</em></strong></span> <span class='ocrx_word' id='word_1_381' title='bbox 703 3244 867 3300; x_wconf 89' lang='lat' dir='ltr'><strong><em>durus</em></strong></span> <span class='ocrx_word' id='word_1_382' title='bbox 888 3244 1102 3310; x_wconf 90' lang='lat' dir='ltr'><strong><em>dicitur,</em></strong></span> <span class='ocrx_word' id='word_1_383' title='bbox 1135 3260 1241 3301; x_wconf 91' lang='lat' dir='ltr'><strong><em>non</em></strong></span> <span class='ocrx_word' id='word_1_384' title='bbox 1263 3247 1437 3301; x_wconf 90' lang='lat' dir='ltr'><strong><em>solum</em></strong></span> <span class='ocrx_word' id='word_1_385' title='bbox 1460 3249 1663 3302; x_wconf 68' lang='lat' dir='ltr'><strong><em>eiectos</em></strong></span> <span class='ocrx_word' id='word_1_386' title='bbox 1685 3246 1822 3317; x_wconf 89' lang='lat' dir='ltr'><strong><em>ejus,</em></strong></span> 
     </span>
    </p>
   </div>
   <div class='ocr_carea' id='block_1_50' title="bbox 239 3336 1827 3410">
    <p class='ocr_par' dir='ltr' id='par_1_50' title="bbox 239 3336 1827 3410">
     <span class='ocr_line' id='line_1_50' title="bbox 239 3336 1827 3410; baseline 0 -16"><span class='ocrx_word' id='word_1_387' title='bbox 239 3338 338 3394; x_wconf 78' lang='lat' dir='ltr'><strong><em>sed</em></strong></span> <span class='ocrx_word' id='word_1_388' title='bbox 360 3337 535 3409; x_wconf 90' lang='lat' dir='ltr'><strong><em>ipsum</em></strong></span> <span class='ocrx_word' id='word_1_389' title='bbox 564 3339 727 3393; x_wconf 88' lang='lat' dir='ltr'><strong><em>etiam</em></strong></span> <span class='ocrx_word' id='word_1_390' title='bbox 750 3336 1164 3407; x_wconf 83' lang='lat' dir='ltr'><strong><em>Redemptorem</em></strong></span> <span class='ocrx_word' id='word_1_391' title='bbox 1184 3337 1468 3410; x_wconf 84' lang='lat' dir='ltr'><strong><em>signiﬁcat.</em></strong></span> <span class='ocrx_word' id='word_1_392' title='bbox 1492 3340 1660 3394; x_wconf 85' lang='lat' dir='ltr'><strong><em>Nemo</em></strong></span> <span class='ocrx_word' id='word_1_393' title='bbox 1681 3339 1827 3394; x_wconf 90' lang='lat' dir='ltr'><strong><em>enim</em></strong></span> 
     </span>
    </p>
   </div>
   <div class='ocr_carea' id='block_1_51' title="bbox 241 3427 1830 3499">
    <p class='ocr_par' dir='ltr' id='par_1_51' title="bbox 241 3427 1830 3499">
     <span class='ocr_line' id='line_1_51' title="bbox 241 3427 1830 3499; baseline -0.002 -13"><span class='ocrx_word' id='word_1_394' title='bbox 241 3431 343 3486; x_wconf 87' lang='lat' dir='ltr'><strong><em>sibi</em></strong></span> <span class='ocrx_word' id='word_1_395' title='bbox 373 3446 439 3486; x_wconf 91' lang='lat' dir='ltr'><strong><em>eo</em></strong></span> <span class='ocrx_word' id='word_1_396' title='bbox 471 3429 659 3488; x_wconf 78' lang='lat' dir='ltr'><strong><em>durior</em></strong></span> <span class='ocrx_word' id='word_1_397' title='bbox 684 3429 909 3485; x_wconf 80' lang='lat' dir='ltr'><strong><em>exstitit.</em></strong></span> <span class='ocrx_word' id='word_1_398' title='bbox 938 3428 1107 3498; x_wconf 85' lang='lat' dir='ltr'><strong><em>Hujus</em></strong></span> <span class='ocrx_word' id='word_1_399' title='bbox 1134 3444 1365 3499; x_wconf 88' lang='lat' dir='ltr'><strong><em>namque</em></strong></span> <span class='ocrx_word' id='word_1_400' title='bbox 1393 3427 1602 3483; x_wconf 84' lang='lat' dir='ltr'><strong><em>duritiae</em></strong></span> <span class='ocrx_word' id='word_1_401' title='bbox 1629 3429 1830 3498; x_wconf 85' lang='lat' dir='ltr'><strong><em>asperi-</em></strong></span> 
     </span>
    </p>
   </div>
   <div class='ocr_carea' id='block_1_52' title="bbox 243 3518 1830 3591">
    <p class='ocr_par' dir='ltr' id='par_1_52' title="bbox 243 3518 1830 3591">
     <span class='ocr_line' id='line_1_52' title="bbox 243 3518 1830 3591; baseline -0.002 -15"><span class='ocrx_word' id='word_1_402' title='bbox 243 3528 411 3576; x_wconf 87' lang='lat' dir='ltr'><strong><em>tatem</em></strong></span> <span class='ocrx_word' id='word_1_403' title='bbox 440 3521 706 3591; x_wconf 89' lang='lat' dir='ltr'><strong><em>propheta</em></strong></span> <span class='ocrx_word' id='word_1_404' title='bbox 721 3520 1015 3583; x_wconf 89' lang='lat' dir='ltr'><strong><em>insinuans,</em></strong></span> <span class='ocrx_word' id='word_1_405' title='bbox 1041 3519 1114 3572; x_wconf 88' lang='lat' dir='ltr'><strong><em>ait</em></strong></span> <span class='ocrx_word' id='word_1_406' title='bbox 1138 3536 1151 3573; x_wconf 91' lang='lat'><strong><em>:</em></strong></span> <span class='ocrx_word' id='word_1_407' title='bbox 1185 3518 1316 3573; x_wconf 86' lang='lat' dir='ltr'><strong><em>Vere</em></strong></span> <span class='ocrx_word' id='word_1_408' title='bbox 1337 3521 1610 3589; x_wconf 87' lang='lat' dir='ltr'><strong><em>languores</em></strong></span> <span class='ocrx_word' id='word_1_409' title='bbox 1631 3528 1830 3573; x_wconf 85' lang='lat' dir='ltr'><strong><em>nostres</em></strong></span> 
     </span>
    </p>
   </div>
   <div class='ocr_carea' id='block_1_53' title="bbox 241 3608 1827 3686">
    <p class='ocr_par' dir='ltr' id='par_1_53' title="bbox 241 3608 1827 3686">
     <span class='ocr_line' id='line_1_53' title="bbox 241 3608 1827 3686; baseline -0.004 -16"><span class='ocrx_word' id='word_1_410' title='bbox 241 3617 353 3686; x_wconf 82' lang='lat' dir='ltr'><strong><em>ipse</em></strong></span> <span class='ocrx_word' id='word_1_411' title='bbox 383 3616 518 3682; x_wconf 86' lang='lat' dir='ltr'><strong><em>tulit,</em></strong></span> <span class='ocrx_word' id='word_1_412' title='bbox 548 3621 597 3668; x_wconf 89' lang='lat' dir='ltr'><strong><em>et</em></strong></span> <span class='ocrx_word' id='word_1_413' title='bbox 624 3613 826 3668; x_wconf 83' lang='lat' dir='ltr'><strong><em>dolores</em></strong></span> <span class='ocrx_word' id='word_1_414' title='bbox 848 3619 1051 3667; x_wconf 86' lang='lat' dir='ltr'><strong><em>nostros</em></strong></span> <span class='ocrx_word' id='word_1_415' title='bbox 1074 3612 1183 3683; x_wconf 88' lang='lat' dir='ltr'><strong><em>ipse</em></strong></span> <span class='ocrx_word' id='word_1_416' title='bbox 1203 3612 1424 3679; x_wconf 86' lang='lat' dir='ltr'><strong><em>portavit</em></strong></span> <span class='ocrx_word' id='word_1_417' title='bbox 1450 3608 1587 3680; x_wconf 86' lang='lat' dir='ltr'><strong><em>(Isa.</em></strong></span> <span class='ocrx_word' id='word_1_418' title='bbox 1616 3625 1729 3676; x_wconf 86' lang='lat' dir='ltr'><strong><em>Lm,</em></strong></span> <span class='ocrx_word' id='word_1_419' title='bbox 1750 3608 1827 3680; x_wconf 65' lang='grc'><strong><em>4).</em></strong></span> 
     </span>
    </p>
   </div>
   <div class='ocr_carea' id='block_1_54' title="bbox 240 3698 1831 3769">
    <p class='ocr_par' dir='ltr' id='par_1_54' title="bbox 240 3698 1831 3769">
     <span class='ocr_line' id='line_1_54' title="bbox 240 3698 1831 3769; baseline -0.003 -11"><span class='ocrx_word' id='word_1_420' title='bbox 240 3703 382 3760; x_wconf 76' lang='lat' dir='ltr'><strong><em>Mori</em></strong></span> <span class='ocrx_word' id='word_1_421' title='bbox 410 3705 552 3759; x_wconf 91' lang='lat' dir='ltr'><strong><em>enim</em></strong></span> <span class='ocrx_word' id='word_1_422' title='bbox 584 3702 900 3758; x_wconf 85' lang='lat' dir='ltr'><strong><em>mortalibus</em></strong></span> <span class='ocrx_word' id='word_1_423' title='bbox 936 3717 1045 3756; x_wconf 90' lang='lat' dir='ltr'><strong><em>non</em></strong></span> <span class='ocrx_word' id='word_1_424' title='bbox 1092 3707 1175 3755; x_wconf 89' lang='lat' dir='ltr'><strong><em>est</em></strong></span> <span class='ocrx_word' id='word_1_425' title='bbox 1204 3700 1339 3769; x_wconf 89' lang='lat' dir='ltr'><strong><em>pati,</em></strong></span> <span class='ocrx_word' id='word_1_426' title='bbox 1370 3699 1649 3769; x_wconf 89' lang='lat' dir='ltr'><strong><em>passibiles</em></strong></span> <span class='ocrx_word' id='word_1_427' title='bbox 1676 3698 1831 3754; x_wconf 89' lang='lat' dir='ltr'><strong><em>dam-</em></strong></span> 
     </span>
    </p>
   </div>
   <div class='ocr_carea' id='block_1_55' title="bbox 242 3789 1834 3862">
    <p class='ocr_par' dir='ltr' id='par_1_55' title="bbox 242 3789 1834 3862">
     <span class='ocr_line' id='line_1_55' title="bbox 242 3789 1834 3862; baseline -0.003 -13"><span class='ocrx_word' id='word_1_428' title='bbox 242 3804 384 3851; x_wconf 62' lang='lat' dir='ltr'><strong><em>natae</em></strong></span> <span class='ocrx_word' id='word_1_429' title='bbox 412 3803 643 3851; x_wconf 60' lang='lat' dir='ltr'><strong><em>naturae.</em></strong></span> <span class='ocrx_word' id='word_1_430' title='bbox 673 3792 768 3847; x_wconf 87' lang='lat' dir='ltr'><strong><em>llle</em></strong></span> <span class='ocrx_word' id='word_1_431' title='bbox 796 3806 926 3862; x_wconf 90' lang='lat' dir='ltr'><strong><em>ergo</em></strong></span> <span class='ocrx_word' id='word_1_432' title='bbox 955 3791 1055 3847; x_wconf 90' lang='lat' dir='ltr'><strong><em>sibi</em></strong></span> <span class='ocrx_word' id='word_1_433' title='bbox 1085 3790 1252 3846; x_wconf 91' lang='lat' dir='ltr'><strong><em>durus</em></strong></span> <span class='ocrx_word' id='word_1_434' title='bbox 1280 3789 1629 3845; x_wconf 89' lang='lat' dir='ltr'><strong><em>vehementer</em></strong></span> <span class='ocrx_word' id='word_1_435' title='bbox 1666 3789 1834 3845; x_wconf 82' lang='lat' dir='ltr'><strong><em>exsti-</em></strong></span> 
     </span>
    </p>
   </div>
   <div class='ocr_carea' id='block_1_56' title="bbox 244 3880 1832 3956">
    <p class='ocr_par' dir='ltr' id='par_1_56' title="bbox 244 3880 1832 3956">
     <span class='ocr_line' id='line_1_56' title="bbox 244 3880 1832 3956; baseline -0.003 -14"><span class='ocrx_word' id='word_1_436' title='bbox 244 3888 327 3953; x_wconf 91' lang='lat' dir='ltr'><strong><em>tit,</em></strong></span> <span class='ocrx_word' id='word_1_437' title='bbox 359 3888 455 3955; x_wconf 89' lang='lat' dir='ltr'><strong><em>qui</em></strong></span> <span class='ocrx_word' id='word_1_438' title='bbox 484 3887 537 3942; x_wconf 86' lang='lat' dir='ltr'><strong><em>in</em></strong></span> <span class='ocrx_word' id='word_1_439' title='bbox 559 3901 620 3943; x_wconf 87' lang='lat' dir='ltr'><strong><em>se</em></strong></span> <span class='ocrx_word' id='word_1_440' title='bbox 650 3884 795 3940; x_wconf 91' lang='lat' dir='ltr'><strong><em>unde</em></strong></span> <span class='ocrx_word' id='word_1_441' title='bbox 814 3892 1110 3956; x_wconf 90' lang='lat' dir='ltr'><strong><em>pateretur,</em></strong></span> <span class='ocrx_word' id='word_1_442' title='bbox 1142 3898 1249 3938; x_wconf 91' lang='lat' dir='ltr'><strong><em>non</em></strong></span> <span class='ocrx_word' id='word_1_443' title='bbox 1274 3880 1464 3937; x_wconf 88' lang='lat' dir='ltr'><strong><em>habuit</em></strong></span> <span class='ocrx_word' id='word_1_444' title='bbox 1489 3900 1502 3935; x_wconf 89' lang='lat'><strong><em>:</em></strong></span> <span class='ocrx_word' id='word_1_445' title='bbox 1536 3882 1630 3937; x_wconf 90' lang='lat' dir='ltr'><strong><em>sed</em></strong></span> <span class='ocrx_word' id='word_1_446' title='bbox 1651 3890 1710 3938; x_wconf 92' lang='lat' dir='ltr'><strong><em>ut</em></strong></span> <span class='ocrx_word' id='word_1_447' title='bbox 1730 3897 1832 3938; x_wconf 90' lang='lat' dir='ltr'><strong><em>nos</em></strong></span> 
     </span>
    </p>
   </div>
   <div class='ocr_carea' id='block_1_57' title="bbox 241 3974 1832 4051">
    <p class='ocr_par' dir='ltr' id='par_1_57' title="bbox 241 3974 1832 4051">
     <span class='ocr_line' id='line_1_57' title="bbox 241 3974 1832 4051; baseline -0.003 -17"><span class='ocrx_word' id='word_1_448' title='bbox 241 3978 502 4051; x_wconf 89' lang='lat' dir='ltr'><strong><em>patiendo</em></strong></span> <span class='ocrx_word' id='word_1_449' title='bbox 545 3978 817 4044; x_wconf 86' lang='lat' dir='ltr'><strong><em>liberaret,</em></strong></span> <span class='ocrx_word' id='word_1_450' title='bbox 866 3976 919 4031; x_wconf 91' lang='lat' dir='ltr'><strong><em>in</em></strong></span> <span class='ocrx_word' id='word_1_451' title='bbox 949 3991 1057 4046; x_wconf 88' lang='lat' dir='ltr'><strong><em>quo</em></strong></span> <span class='ocrx_word' id='word_1_452' title='bbox 1102 3974 1203 4031; x_wconf 90' lang='lat' dir='ltr'><strong><em>sibi</em></strong></span> <span class='ocrx_word' id='word_1_453' title='bbox 1240 3974 1404 4029; x_wconf 90' lang='lat' dir='ltr'><strong><em>durus</em></strong></span> <span class='ocrx_word' id='word_1_454' title='bbox 1431 3982 1595 4043; x_wconf 88' lang='lat' dir='ltr'><strong><em>esset,</em></strong></span> <span class='ocrx_word' id='word_1_455' title='bbox 1640 3983 1695 4029; x_wconf 90' lang='lat' dir='ltr'><strong><em>et</em></strong></span> <span class='ocrx_word' id='word_1_456' title='bbox 1722 3974 1832 4044; x_wconf 90' lang='lat' dir='ltr'><strong><em>pati</em></strong></span> 
     </span>
    </p>
   </div>
   <div class='ocr_carea' id='block_1_58' title="bbox 242 4067 1831 4142">
    <p class='ocr_par' dir='ltr' id='par_1_58' title="bbox 242 4067 1831 4142">
     <span class='ocr_line' id='line_1_58' title="bbox 242 4067 1831 4142; baseline -0.001 -16"><span class='ocrx_word' id='word_1_457' title='bbox 242 4076 437 4142; x_wconf 89' lang='lat' dir='ltr'><strong><em>posset</em></strong></span> <span class='ocrx_word' id='word_1_458' title='bbox 473 4068 746 4141; x_wconf 77' lang='lat' dir='ltr'><strong><em>dignanter</em></strong></span> <span class='ocrx_word' id='word_1_459' title='bbox 775 4070 1084 4139; x_wconf 87' lang='lat' dir='ltr'><strong><em>assumpsit.</em></strong></span> <span class='ocrx_word' id='word_1_460' title='bbox 1134 4068 1315 4124; x_wconf 83' lang='lat' dir='ltr'><strong><em>Asinae</em></strong></span> <span class='ocrx_word' id='word_1_461' title='bbox 1354 4067 1442 4125; x_wconf 89' lang='lat' dir='ltr'><strong><em>Cis</em></strong></span> <span class='ocrx_word' id='word_1_462' title='bbox 1470 4077 1598 4123; x_wconf 90' lang='lat' dir='ltr'><strong><em>sunt</em></strong></span> <span class='ocrx_word' id='word_1_463' title='bbox 1640 4069 1831 4125; x_wconf 82' lang='lat' dir='ltr'><strong><em>animae</em></strong></span> 
     </span>
    </p>
   </div>
   <div class='ocr_carea' id='block_1_59' title="bbox 240 4159 1831 4238">
    <p class='ocr_par' dir='ltr' id='par_1_59' title="bbox 240 4159 1831 4238">
     <span class='ocr_line' id='line_1_59' title="bbox 240 4159 1831 4238; baseline -0.004 -17"><span class='ocrx_word' id='word_1_464' title='bbox 240 4163 578 4238; x_wconf 88' lang='lat' dir='ltr'><strong><em>peccatrices</em></strong></span> <span class='ocrx_word' id='word_1_465' title='bbox 622 4162 678 4236; x_wconf 87' lang='grc' dir='ltr'><strong><em>(Ι</em></strong></span> <span class='ocrx_word' id='word_1_466' title='bbox 708 4162 837 4235; x_wconf 88' lang='lat' dir='ltr'><strong><em>Reg.</em></strong></span> <span class='ocrx_word' id='word_1_467' title='bbox 869 4163 949 4234; x_wconf 73' lang='grc' dir='ltr'><strong><em>χ).</em></strong></span> <span class='ocrx_word' id='word_1_468' title='bbox 999 4160 1135 4228; x_wconf 86' lang='lat' dir='ltr'><strong><em>Quia</em></strong></span> <span class='ocrx_word' id='word_1_469' title='bbox 1175 4162 1339 4217; x_wconf 89' lang='lat' dir='ltr'><strong><em>etiam</em></strong></span> <span class='ocrx_word' id='word_1_470' title='bbox 1370 4161 1424 4215; x_wconf 92' lang='lat' dir='ltr'><strong><em>in</em></strong></span> <span class='ocrx_word' id='word_1_471' title='bbox 1455 4159 1559 4216; x_wconf 85' lang='lat' dir='ltr'><strong><em>ﬁde</em></strong></span> <span class='ocrx_word' id='word_1_472' title='bbox 1598 4160 1831 4216; x_wconf 82' lang='lat' dir='ltr'><strong><em>Redem-</em></strong></span> 
     </span>
    </p>
   </div>
   <div class='ocr_carea' id='block_1_60' title="bbox 242 4252 1834 4329">
    <p class='ocr_par' dir='ltr' id='par_1_60' title="bbox 242 4252 1834 4329">
     <span class='ocr_line' id='line_1_60' title="bbox 242 4252 1834 4329; baseline -0.004 -16"><span class='ocrx_word' id='word_1_473' title='bbox 242 4256 420 4329; x_wconf 85' lang='lat' dir='ltr'><strong><em>ptoris</em></strong></span> <span class='ocrx_word' id='word_1_474' title='bbox 447 4265 777 4325; x_wconf 80' lang='lat' dir='ltr'><strong><em>regeneratae</em></strong></span> <span class='ocrx_word' id='word_1_475' title='bbox 804 4264 947 4320; x_wconf 88' lang='lat' dir='ltr'><strong><em>sunt,</em></strong></span> <span class='ocrx_word' id='word_1_476' title='bbox 976 4253 1122 4309; x_wconf 80' lang='lat' dir='ltr'><strong><em>dura:</em></strong></span> <span class='ocrx_word' id='word_1_477' title='bbox 1152 4268 1271 4309; x_wconf 91' lang='lat' dir='ltr'><strong><em>esse</em></strong></span> <span class='ocrx_word' id='word_1_478' title='bbox 1295 4254 1543 4309; x_wconf 91' lang='lat' dir='ltr'><strong><em>dicuntur</em></strong></span> <span class='ocrx_word' id='word_1_479' title='bbox 1567 4270 1580 4307; x_wconf 92' lang='lat'><strong><em>:</em></strong></span> <span class='ocrx_word' id='word_1_480' title='bbox 1611 4252 1834 4322; x_wconf 80' lang='lat' dir='ltr'><strong><em>perditae</em></strong></span> 
     </span>
    </p>
   </div>
   <div class='ocr_carea' id='block_1_61' title="bbox 244 4346 1835 4420">
    <p class='ocr_par' dir='ltr' id='par_1_61' title="bbox 244 4346 1835 4420">
     <span class='ocr_line' id='line_1_61' title="bbox 244 4346 1835 4420; baseline -0.004 -14"><span class='ocrx_word' id='word_1_481' title='bbox 244 4359 426 4406; x_wconf 85' lang='lat' dir='ltr'><strong><em>autem</em></strong></span> <span class='ocrx_word' id='word_1_482' title='bbox 451 4349 633 4416; x_wconf 89' lang='lat' dir='ltr'><strong><em>asinae,</em></strong></span> <span class='ocrx_word' id='word_1_483' title='bbox 661 4348 785 4420; x_wconf 87' lang='lat' dir='ltr'><strong><em>quia</em></strong></span> <span class='ocrx_word' id='word_1_484' title='bbox 814 4363 909 4417; x_wconf 92' lang='lat' dir='ltr'><strong><em>per</em></strong></span> <span class='ocrx_word' id='word_1_485' title='bbox 928 4346 1322 4402; x_wconf 89' lang='lat' dir='ltr'><strong><em>immunditiam</em></strong></span> <span class='ocrx_word' id='word_1_486' title='bbox 1343 4346 1410 4402; x_wconf 91' lang='lat' dir='ltr'><strong><em>ab</em></strong></span> <span class='ocrx_word' id='word_1_487' title='bbox 1431 4346 1549 4415; x_wconf 90' lang='lat' dir='ltr'><strong><em>ejus</em></strong></span> <span class='ocrx_word' id='word_1_488' title='bbox 1569 4353 1696 4401; x_wconf 89' lang='lat' dir='ltr'><strong><em>sunt</em></strong></span> <span class='ocrx_word' id='word_1_489' title='bbox 1719 4360 1835 4401; x_wconf 90' lang='lat' dir='ltr'><strong><em>ser-</em></strong></span> 
     </span>
    </p>
   </div>
   <div class='ocr_carea' id='block_1_62' title="bbox 243 4436 1832 4512">
    <p class='ocr_par' dir='ltr' id='par_1_62' title="bbox 243 4436 1832 4512">
     <span class='ocr_line' id='line_1_62' title="bbox 243 4436 1832 4512; baseline -0.003 -17"><span class='ocrx_word' id='word_1_490' title='bbox 243 4441 377 4497; x_wconf 88' lang='lat' dir='ltr'><strong><em>vitio</em></strong></span> <span class='ocrx_word' id='word_1_491' title='bbox 426 4448 712 4512; x_wconf 84' lang='lat' dir='ltr'><strong><em>separatae.</em></strong></span> <span class='ocrx_word' id='word_1_492' title='bbox 765 4436 904 4494; x_wconf 86' lang='lat' dir='ltr'><strong><em>Hinc</em></strong></span> <span class='ocrx_word' id='word_1_493' title='bbox 930 4445 1014 4494; x_wconf 91' lang='lat' dir='ltr'><strong><em>est</em></strong></span> <span class='ocrx_word' id='word_1_494' title='bbox 1045 4438 1212 4505; x_wconf 87' lang='lat' dir='ltr'><strong><em>enim,</em></strong></span> <span class='ocrx_word' id='word_1_495' title='bbox 1259 4437 1404 4506; x_wconf 91' lang='lat' dir='ltr'><strong><em>quod</em></strong></span> <span class='ocrx_word' id='word_1_496' title='bbox 1432 4437 1500 4491; x_wconf 87' lang='lat' dir='ltr'><strong><em>ad</em></strong></span> <span class='ocrx_word' id='word_1_497' title='bbox 1530 4437 1832 4507; x_wconf 90' lang='lat' dir='ltr'><strong><em>passionem</em></strong></span> 
     </span>
    </p>
   </div>
   <div class='ocr_carea' id='block_1_63' title="bbox 245 4526 1829 4601">
    <p class='ocr_par' dir='ltr' id='par_1_63' title="bbox 245 4526 1829 4601">
     <span class='ocr_line' id='line_1_63' title="bbox 245 4526 1829 4601; baseline -0.003 -12"><span class='ocrx_word' id='word_1_498' title='bbox 245 4533 493 4599; x_wconf 87' lang='lat' dir='ltr'><strong><em>tendens,</em></strong></span> <span class='ocrx_word' id='word_1_499' title='bbox 544 4532 806 4588; x_wconf 68' lang='lat' dir='ltr'><strong><em>absoluta:</em></strong></span> <span class='ocrx_word' id='word_1_500' title='bbox 851 4530 1034 4598; x_wconf 86' lang='lat' dir='ltr'><strong><em>asinae,</em></strong></span> <span class='ocrx_word' id='word_1_501' title='bbox 1082 4537 1138 4584; x_wconf 89' lang='lat' dir='ltr'><strong><em>et</em></strong></span> <span class='ocrx_word' id='word_1_502' title='bbox 1174 4529 1322 4601; x_wconf 90' lang='lat' dir='ltr'><strong><em>pullo</em></strong></span> <span class='ocrx_word' id='word_1_503' title='bbox 1373 4528 1569 4585; x_wconf 92' lang='lat' dir='ltr'><strong><em>insedit</em></strong></span> <span class='ocrx_word' id='word_1_504' title='bbox 1617 4526 1829 4601; x_wconf 81' lang='lat' dir='ltr'><strong><em>(Matth.</em></strong></span> 
     </span>
    </p>
   </div>
   <div class='ocr_carea' id='block_1_64' title="bbox 1928 1958 3512 2033">
    <p class='ocr_par' dir='ltr' id='par_1_64' title="bbox 1928 1958 3512 2033">
     <span class='ocr_line' id='line_1_64' title="bbox 1928 1958 3512 2033; baseline 0.003 -18"><span class='ocrx_word' id='word_1_505' title='bbox 1928 1958 2049 2015; x_wconf 90' lang='lat' dir='ltr'><strong><em>dem</em></strong></span> <span class='ocrx_word' id='word_1_506' title='bbox 2078 1968 2422 2031; x_wconf 88' lang='lat' dir='ltr'><strong><em>peccatorum</em></strong></span> <span class='ocrx_word' id='word_1_507' title='bbox 2452 1960 2703 2016; x_wconf 89' lang='lat' dir='ltr'><strong><em>tenebras</em></strong></span> <span class='ocrx_word' id='word_1_508' title='bbox 2729 1959 3006 2026; x_wconf 89' lang='lat' dir='ltr'><strong><em>decidunt,</em></strong></span> <span class='ocrx_word' id='word_1_509' title='bbox 3052 1961 3291 2032; x_wconf 90' lang='lat' dir='ltr'><strong><em>quinque</em></strong></span> <span class='ocrx_word' id='word_1_510' title='bbox 3328 1964 3512 2033; x_wconf 87' lang='lat' dir='ltr'><strong><em>regio-</em></strong></span> 
     </span>
    </p>
   </div>
   <div class='ocr_carea' id='block_1_65' title="bbox 1931 2050 3518 2124">
    <p class='ocr_par' dir='ltr' id='par_1_65' title="bbox 1931 2050 3518 2124">
     <span class='ocr_line' id='line_1_65' title="bbox 1931 2050 3518 2124; baseline 0.004 -19"><span class='ocrx_word' id='word_1_511' title='bbox 1931 2050 2088 2105; x_wconf 90' lang='lat' dir='ltr'><strong><em>nibus</em></strong></span> <span class='ocrx_word' id='word_1_512' title='bbox 2126 2050 2291 2121; x_wconf 60' lang='lat' dir='ltr'><strong><em>20a.</em></strong></span> <span class='ocrx_word' id='word_1_513' title='bbox 2318 2067 2428 2107; x_wconf 91' lang='lat' dir='ltr'><strong><em>non</em></strong></span> <span class='ocrx_word' id='word_1_514' title='bbox 2455 2052 2788 2108; x_wconf 87' lang='lat' dir='ltr'><strong><em>inveniendae</em></strong></span> <span class='ocrx_word' id='word_1_515' title='bbox 2815 2052 3220 2124; x_wconf 86' lang='lat' dir='ltr'><strong><em>perquiruntnr,</em></strong></span> <span class='ocrx_word' id='word_1_516' title='bbox 3267 2055 3518 2113; x_wconf 86' lang='lat' dir='ltr'><strong><em>videlicet</em></strong></span> 
     </span>
    </p>
   </div>
   <div class='ocr_carea' id='block_1_66' title="bbox 1928 2142 3517 2215">
    <p class='ocr_par' dir='ltr' id='par_1_66' title="bbox 1928 2142 3517 2215">
     <span class='ocr_line' id='line_1_66' title="bbox 1928 2142 3517 2215; baseline 0.003 -19"><span class='ocrx_word' id='word_1_517' title='bbox 1928 2150 2113 2198; x_wconf 89' lang='lat' dir='ltr'><strong><em>monte</em></strong></span> <span class='ocrx_word' id='word_1_518' title='bbox 2133 2142 2411 2213; x_wconf 88' lang='lat' dir='ltr'><strong><em>Ephraim,</em></strong></span> <span class='ocrx_word' id='word_1_519' title='bbox 2433 2143 2791 2213; x_wconf 86' lang='lat' dir='ltr'><strong><em>terra_Salisa,</em></strong></span> <span class='ocrx_word' id='word_1_520' title='bbox 2809 2152 2865 2201; x_wconf 91' lang='lat' dir='ltr'><strong><em>et</em></strong></span> <span class='ocrx_word' id='word_1_521' title='bbox 2883 2145 3071 2215; x_wconf 89' lang='lat' dir='ltr'><strong><em>Salim,</em></strong></span> <span class='ocrx_word' id='word_1_522' title='bbox 3092 2153 3148 2201; x_wconf 90' lang='lat' dir='ltr'><strong><em>et</em></strong></span> <span class='ocrx_word' id='word_1_523' title='bbox 3163 2145 3262 2200; x_wconf 90' lang='lat' dir='ltr'><strong><em>viri</em></strong></span> <span class='ocrx_word' id='word_1_524' title='bbox 3282 2146 3517 2215; x_wconf 85' lang='lat' dir='ltr'><strong><em>Gemini,</em></strong></span> 
     </span>
    </p>
   </div>
   <div class='ocr_carea' id='block_1_67' title="bbox 1929 2233 3519 2308">
    <p class='ocr_par' dir='ltr' id='par_1_67' title="bbox 1929 2233 3519 2308">
     <span class='ocr_line' id='line_1_67' title="bbox 1929 2233 3519 2308; baseline 0.004 -19"><span class='ocrx_word' id='word_1_525' title='bbox 1929 2242 1986 2289; x_wconf 90' lang='lat' dir='ltr'><strong><em>et</em></strong></span> <span class='ocrx_word' id='word_1_526' title='bbox 2008 2233 2179 2305; x_wconf 89' lang='lat' dir='ltr'><strong><em>Zuph.</em></strong></span> <span class='ocrx_word' id='word_1_527' title='bbox 2206 2233 2583 2305; x_wconf 88' lang='lat' dir='ltr'><strong><em>Unusquisque</em></strong></span> <span class='ocrx_word' id='word_1_528' title='bbox 2611 2237 2810 2292; x_wconf 87' lang='lat' dir='ltr'><strong><em>etenim</em></strong></span> <span class='ocrx_word' id='word_1_529' title='bbox 2836 2237 2925 2292; x_wconf 92' lang='lat' dir='ltr'><strong><em>ubi</em></strong></span> <span class='ocrx_word' id='word_1_530' title='bbox 2962 2252 3058 2307; x_wconf 91' lang='lat' dir='ltr'><strong><em>per</em></strong></span> <span class='ocrx_word' id='word_1_531' title='bbox 3090 2248 3370 2307; x_wconf 89' lang='lat' dir='ltr'><strong><em>peccatum</em></strong></span> <span class='ocrx_word' id='word_1_532' title='bbox 3391 2253 3519 2308; x_wconf 82' lang='lat' dir='ltr'><strong><em>pro-</em></strong></span> 
     </span>
    </p>
   </div>
   <div class='ocr_carea' id='block_1_68' title="bbox 1923 2324 3517 2397">
    <p class='ocr_par' dir='ltr' id='par_1_68' title="bbox 1923 2324 3517 2397">
     <span class='ocr_line' id='line_1_68' title="bbox 1923 2324 3517 2397; baseline 0.003 -17"><span class='ocrx_word' id='word_1_533' title='bbox 1923 2324 2125 2395; x_wconf 90' lang='lat' dir='ltr'><strong><em>jicitur,</em></strong></span> <span class='ocrx_word' id='word_1_534' title='bbox 2160 2325 2232 2380; x_wconf 90' lang='lat' dir='ltr'><strong><em>ibi</em></strong></span> <span class='ocrx_word' id='word_1_535' title='bbox 2261 2326 2598 2392; x_wconf 89' lang='lat' dir='ltr'><strong><em>occultatur;</em></strong></span> <span class='ocrx_word' id='word_1_536' title='bbox 2623 2335 2679 2381; x_wconf 91' lang='lat' dir='ltr'><strong><em>et</em></strong></span> <span class='ocrx_word' id='word_1_537' title='bbox 2706 2326 2860 2396; x_wconf 87' lang='lat' dir='ltr'><strong><em>quasi</em></strong></span> <span class='ocrx_word' id='word_1_538' title='bbox 2889 2326 3149 2397; x_wconf 89' lang='lat' dir='ltr'><strong><em>perditus,</em></strong></span> <span class='ocrx_word' id='word_1_539' title='bbox 3178 2328 3268 2383; x_wconf 85' lang='lat' dir='ltr'><strong><em>ubi</em></strong></span> <span class='ocrx_word' id='word_1_540' title='bbox 3291 2327 3360 2383; x_wconf 88' lang='lat' dir='ltr'><strong><em>sit</em></strong></span> <span class='ocrx_word' id='word_1_541' title='bbox 3388 2343 3517 2385; x_wconf 87' lang='lat' dir='ltr'><strong><em>nes-</em></strong></span> 
     </span>
    </p>
   </div>
   <div class='ocr_carea' id='block_1_69' title="bbox 1926 2414 3515 2492">
    <p class='ocr_par' dir='ltr' id='par_1_69' title="bbox 1926 2414 3515 2492">
     <span class='ocr_line' id='line_1_69' title="bbox 1926 2414 3515 2492; baseline 0.003 -23"><span class='ocrx_word' id='word_1_542' title='bbox 1926 2415 2084 2481; x_wconf 87' lang='lat' dir='ltr'><strong><em>citur,</em></strong></span> <span class='ocrx_word' id='word_1_543' title='bbox 2108 2414 2325 2485; x_wconf 88' lang='lat' dir='ltr'><strong><em>quando</em></strong></span> <span class='ocrx_word' id='word_1_544' title='bbox 2343 2415 2565 2484; x_wconf 85' lang='lat' dir='ltr'><strong><em>justitiae</em></strong></span> <span class='ocrx_word' id='word_1_545' title='bbox 2587 2416 2785 2485; x_wconf 91' lang='lat' dir='ltr'><strong><em>lucem,</em></strong></span> <span class='ocrx_word' id='word_1_546' title='bbox 2809 2416 2862 2471; x_wconf 89' lang='lat' dir='ltr'><strong><em>in</em></strong></span> <span class='ocrx_word' id='word_1_547' title='bbox 2879 2432 2985 2488; x_wconf 87' lang='lat' dir='ltr'><strong><em>qua</em></strong></span> <span class='ocrx_word' id='word_1_548' title='bbox 3006 2432 3128 2472; x_wconf 89' lang='lat' dir='ltr'><strong><em>eum</em></strong></span> <span class='ocrx_word' id='word_1_549' title='bbox 3151 2418 3292 2473; x_wconf 90' lang='lat' dir='ltr'><strong><em>Deus</em></strong></span> <span class='ocrx_word' id='word_1_550' title='bbox 3312 2420 3515 2492; x_wconf 89' lang='lat' dir='ltr'><strong><em>posuit,</em></strong></span> 
     </span>
    </p>
   </div>
   <div class='ocr_carea' id='block_1_70' title="bbox 1926 2503 3518 2580">
    <p class='ocr_par' dir='ltr' id='par_1_70' title="bbox 1926 2503 3518 2580">
     <span class='ocr_line' id='line_1_70' title="bbox 1926 2503 3518 2580; baseline 0.006 -22"><span class='ocrx_word' id='word_1_551' title='bbox 1926 2504 2272 2574; x_wconf 84' lang='lat' dir='ltr'><strong><em>derelinquit.</em></strong></span> <span class='ocrx_word' id='word_1_552' title='bbox 2320 2503 2456 2560; x_wconf 83' lang='lat' dir='ltr'><strong><em>Hinc</em></strong></span> <span class='ocrx_word' id='word_1_553' title='bbox 2484 2513 2587 2575; x_wconf 92' lang='lat' dir='ltr'><strong><em>est,</em></strong></span> <span class='ocrx_word' id='word_1_554' title='bbox 2620 2506 2763 2576; x_wconf 90' lang='lat' dir='ltr'><strong><em>quod</em></strong></span> <span class='ocrx_word' id='word_1_555' title='bbox 2793 2506 2847 2560; x_wconf 91' lang='lat' dir='ltr'><strong><em>in</em></strong></span> <span class='ocrx_word' id='word_1_556' title='bbox 2888 2507 3137 2578; x_wconf 87' lang='lat' dir='ltr'><strong><em>paradiso</em></strong></span> <span class='ocrx_word' id='word_1_557' title='bbox 3167 2518 3291 2579; x_wconf 90' lang='lat' dir='ltr'><strong><em>post</em></strong></span> <span class='ocrx_word' id='word_1_558' title='bbox 3323 2525 3518 2580; x_wconf 87' lang='lat' dir='ltr'><strong><em>pecca-</em></strong></span> 
     </span>
    </p>
   </div>
   <div class='ocr_carea' id='block_1_71' title="bbox 1926 2597 3516 2669">
    <p class='ocr_par' dir='ltr' id='par_1_71' title="bbox 1926 2597 3516 2669">
     <span class='ocr_line' id='line_1_71' title="bbox 1926 2597 3516 2669; baseline 0.008 -18"><span class='ocrx_word' id='word_1_559' title='bbox 1926 2605 2063 2666; x_wconf 92' lang='lat' dir='ltr'><strong><em>tum,</em></strong></span> <span class='ocrx_word' id='word_1_560' title='bbox 2087 2598 2317 2668; x_wconf 91' lang='lat' dir='ltr'><strong><em>primum</em></strong></span> <span class='ocrx_word' id='word_1_561' title='bbox 2341 2597 2615 2654; x_wconf 86' lang='lat' dir='ltr'><strong><em>hominem</em></strong></span> <span class='ocrx_word' id='word_1_562' title='bbox 2636 2600 2845 2669; x_wconf 80' lang='lat' dir='ltr'><strong><em>quaerit,</em></strong></span> <span class='ocrx_word' id='word_1_563' title='bbox 2872 2600 3055 2656; x_wconf 90' lang='lat' dir='ltr'><strong><em>dicens</em></strong></span> <span class='ocrx_word' id='word_1_564' title='bbox 3080 2619 3094 2655; x_wconf 91' lang='lat'><strong><em>:</em></strong></span> <span class='ocrx_word' id='word_1_565' title='bbox 3117 2602 3305 2667; x_wconf 84' lang='lat' dir='ltr'><strong><em>Adam,</em></strong></span> <span class='ocrx_word' id='word_1_566' title='bbox 3330 2602 3417 2658; x_wconf 73' lang='lat' dir='ltr'><strong><em>ubi</em></strong></span> <span class='ocrx_word' id='word_1_567' title='bbox 3462 2621 3516 2663; x_wconf 85' lang='lat' dir='ltr'><strong><em>es</em></strong></span> 
     </span>
    </p>
   </div>
   <div class='ocr_carea' id='block_1_72' title="bbox 1930 2687 3518 2767">
    <p class='ocr_par' dir='ltr' id='par_1_72' title="bbox 1930 2687 3518 2767">
     <span class='ocr_line' id='line_1_72' title="bbox 1930 2687 3518 2767; baseline 0.007 -25"><span class='ocrx_word' id='word_1_568' title='bbox 1930 2687 2083 2759; x_wconf 84' lang='lat' dir='ltr'><strong><em>(Gen.</em></strong></span> <span class='ocrx_word' id='word_1_569' title='bbox 2115 2707 2195 2759; x_wconf 83' lang='lat' dir='ltr'><strong><em>Ill,</em></strong></span> <span class='ocrx_word' id='word_1_570' title='bbox 2227 2691 2323 2762; x_wconf 89' lang='lat'><strong><em>9)?</em></strong></span> <span class='ocrx_word' id='word_1_571' title='bbox 2356 2692 2519 2759; x_wconf 87' lang='lat' dir='ltr'><strong><em>Quasi</em></strong></span> <span class='ocrx_word' id='word_1_572' title='bbox 2547 2694 2691 2748; x_wconf 91' lang='lat' dir='ltr'><strong><em>dicat</em></strong></span> <span class='ocrx_word' id='word_1_573' title='bbox 2719 2712 2731 2749; x_wconf 92' lang='lat'><strong><em>:</em></strong></span> <span class='ocrx_word' id='word_1_574' title='bbox 2757 2692 2893 2761; x_wconf 87' lang='lat' dir='ltr'><strong><em>Quia</em></strong></span> <span class='ocrx_word' id='word_1_575' title='bbox 2922 2702 2978 2749; x_wconf 91' lang='lat' dir='ltr'><strong><em>te</em></strong></span> <span class='ocrx_word' id='word_1_576' title='bbox 3006 2694 3060 2748; x_wconf 94' lang='lat' dir='ltr'><strong><em>in</em></strong></span> <span class='ocrx_word' id='word_1_577' title='bbox 3090 2694 3210 2750; x_wconf 90' lang='lat' dir='ltr'><strong><em>luce</em></strong></span> <span class='ocrx_word' id='word_1_578' title='bbox 3234 2711 3340 2765; x_wconf 90' lang='lat' dir='ltr'><strong><em>qua</em></strong></span> <span class='ocrx_word' id='word_1_579' title='bbox 3362 2696 3518 2767; x_wconf 88' lang='lat' dir='ltr'><strong><em>posui</em></strong></span> 
     </span>
    </p>
   </div>
   <div class='ocr_carea' id='block_1_73' title="bbox 1926 2782 3520 2852">
    <p class='ocr_par' dir='ltr' id='par_1_73' title="bbox 1926 2782 3520 2852">
     <span class='ocr_line' id='line_1_73' title="bbox 1926 2782 3520 2852; baseline 0.004 -17"><span class='ocrx_word' id='word_1_580' title='bbox 1926 2796 2035 2835; x_wconf 92' lang='lat' dir='ltr'><strong><em>non</em></strong></span> <span class='ocrx_word' id='word_1_581' title='bbox 2066 2782 2299 2848; x_wconf 89' lang='lat' dir='ltr'><strong><em>invenio,</em></strong></span> <span class='ocrx_word' id='word_1_582' title='bbox 2332 2783 2643 2839; x_wconf 85' lang='lat' dir='ltr'><strong><em>demonstra</em></strong></span> <span class='ocrx_word' id='word_1_583' title='bbox 2670 2791 2725 2839; x_wconf 91' lang='lat' dir='ltr'><strong><em>te</em></strong></span> <span class='ocrx_word' id='word_1_584' title='bbox 2747 2784 2838 2840; x_wconf 89' lang='lat' dir='ltr'><strong><em>ubi</em></strong></span> <span class='ocrx_word' id='word_1_585' title='bbox 2863 2784 3105 2852; x_wconf 89' lang='lat' dir='ltr'><strong><em>posuisti.</em></strong></span> <span class='ocrx_word' id='word_1_586' title='bbox 3134 2784 3268 2842; x_wconf 84' lang='lat' dir='ltr'><strong><em>Hinc</em></strong></span> <span class='ocrx_word' id='word_1_587' title='bbox 3291 2784 3356 2841; x_wconf 89' lang='lat' dir='ltr'><strong><em>de</em></strong></span> <span class='ocrx_word' id='word_1_588' title='bbox 3382 2802 3520 2842; x_wconf 52' lang='lat' dir='ltr'><strong><em>mor.</em></strong></span> 
     </span>
    </p>
   </div>
   <div class='ocr_carea' id='block_1_74' title="bbox 1926 2869 3514 2947">
    <p class='ocr_par' dir='ltr' id='par_1_74' title="bbox 1926 2869 3514 2947">
     <span class='ocr_line' id='line_1_74' title="bbox 1926 2869 3514 2947; baseline 0.004 -24"><span class='ocrx_word' id='word_1_589' title='bbox 1926 2876 2020 2925; x_wconf 91' lang='lat' dir='ltr'><strong><em>tuo</em></strong></span> <span class='ocrx_word' id='word_1_590' title='bbox 2044 2869 2247 2927; x_wconf 83' lang='lat' dir='ltr'><strong><em>Lazaro</em></strong></span> <span class='ocrx_word' id='word_1_591' title='bbox 2276 2873 2529 2943; x_wconf 81' lang='lat' dir='ltr'><strong><em>exquirit,</em></strong></span> <span class='ocrx_word' id='word_1_592' title='bbox 2548 2874 2729 2929; x_wconf 90' lang='lat' dir='ltr'><strong><em>dicens</em></strong></span> <span class='ocrx_word' id='word_1_593' title='bbox 2753 2891 2766 2926; x_wconf 90' lang='lat'><strong><em>:</em></strong></span> <span class='ocrx_word' id='word_1_594' title='bbox 2795 2872 3154 2945; x_wconf 80' lang='lat' dir='ltr'><strong><em>Ubi&#39;posuislis</em></strong></span> <span class='ocrx_word' id='word_1_595' title='bbox 3182 2891 3297 2928; x_wconf 86' lang='lat' dir='ltr'><strong><em>eum</em></strong></span> <span class='ocrx_word' id='word_1_596' title='bbox 3333 2874 3514 2947; x_wconf 86' lang='lat' dir='ltr'><strong><em>(Joan.</em></strong></span> 
     </span>
    </p>
   </div>
   <div class='ocr_carea' id='block_1_75' title="bbox 1926 2964 3518 3040">
    <p class='ocr_par' dir='ltr' id='par_1_75' title="bbox 1926 2964 3518 3040">
     <span class='ocr_line' id='line_1_75' title="bbox 1926 2964 3518 3040; baseline 0.006 -21"><span class='ocrx_word' id='word_1_597' title='bbox 1926 2980 2000 3027; x_wconf 75' lang='lat' dir='ltr'><strong><em>xx,</em></strong></span> <span class='ocrx_word' id='word_1_598' title='bbox 2032 2964 2161 3036; x_wconf 70' lang='lat'><strong><em>54)?</em></strong></span> <span class='ocrx_word' id='word_1_599' title='bbox 2207 2965 2313 3021; x_wconf 91' lang='lat' dir='ltr'><strong><em>Sed</em></strong></span> <span class='ocrx_word' id='word_1_600' title='bbox 2341 2983 2501 3038; x_wconf 90' lang='lat' dir='ltr'><strong><em>quem</em></strong></span> <span class='ocrx_word' id='word_1_601' title='bbox 2530 2968 2683 3038; x_wconf 88' lang='lat' dir='ltr'><strong><em>quasi</em></strong></span> <span class='ocrx_word' id='word_1_602' title='bbox 2709 2970 3296 3040; x_wconf 84' lang='lat' dir='ltr'><strong><em>perditum&#39;.quaerebat,</em></strong></span> <span class='ocrx_word' id='word_1_603' title='bbox 3344 2982 3402 3027; x_wconf 92' lang='lat' dir='ltr'><strong><em>ut</em></strong></span> <span class='ocrx_word' id='word_1_604' title='bbox 3432 2973 3518 3029; x_wconf 90' lang='lat' dir='ltr'><strong><em>in-</em></strong></span> 
     </span>
    </p>
   </div>
   <div class='ocr_carea' id='block_1_76' title="bbox 1924 3052 3515 3130">
    <p class='ocr_par' dir='ltr' id='par_1_76' title="bbox 1924 3052 3515 3130">
     <span class='ocr_line' id='line_1_76' title="bbox 1924 3052 3515 3130; baseline 0.005 -24"><span class='ocrx_word' id='word_1_605' title='bbox 1924 3052 2133 3107; x_wconf 79' lang='lat' dir='ltr'><strong><em>veniret</em></strong></span> <span class='ocrx_word' id='word_1_606' title='bbox 2148 3055 2393 3123; x_wconf 72' lang='lat' dir='ltr'><strong><em>progredi</em></strong></span> <span class='ocrx_word' id='word_1_607' title='bbox 2410 3056 2723 3125; x_wconf 89' lang='lat' dir='ltr'><strong><em>imperabat,</em></strong></span> <span class='ocrx_word' id='word_1_608' title='bbox 2742 3056 2927 3112; x_wconf 90' lang='lat' dir='ltr'><strong><em>dicens</em></strong></span> <span class='ocrx_word' id='word_1_609' title='bbox 2945 3056 3198 3126; x_wconf 77' lang='lat' dir='ltr'><strong><em>E&#39;Lazare,</em></strong></span> <span class='ocrx_word' id='word_1_610' title='bbox 3221 3059 3331 3113; x_wconf 85' lang='lat' dir='ltr'><strong><em>veni</em></strong></span> <span class='ocrx_word' id='word_1_611' title='bbox 3351 3060 3515 3130; x_wconf 77' lang='lat' dir='ltr'><strong><em>foras.</em></strong></span> 
     </span>
    </p>
   </div>
   <div class='ocr_carea' id='block_1_77' title="bbox 1927 3142 3517 3217">
    <p class='ocr_par' dir='ltr' id='par_1_77' title="bbox 1927 3142 3517 3217">
     <span class='ocr_line' id='line_1_77' title="bbox 1927 3142 3517 3217; baseline 0.004 -18"><span class='ocrx_word' id='word_1_612' title='bbox 1927 3142 2175 3200; x_wconf 89' lang='lat' dir='ltr'><strong><em>Perditur</em></strong></span> <span class='ocrx_word' id='word_1_613' title='bbox 2221 3160 2349 3216; x_wconf 86' lang='lat' dir='ltr'><strong><em>ergo</em></strong></span> <span class='ocrx_word' id='word_1_614' title='bbox 2391 3148 2575 3214; x_wconf 91' lang='lat' dir='ltr'><strong><em>homo,</em></strong></span> <span class='ocrx_word' id='word_1_615' title='bbox 2604 3162 2728 3203; x_wconf 91' lang='lat' dir='ltr'><strong><em>cum</em></strong></span> <span class='ocrx_word' id='word_1_616' title='bbox 2757 3155 2949 3217; x_wconf 87' lang='lat' dir='ltr'><strong><em>peccat</em></strong></span> <span class='ocrx_word' id='word_1_617' title='bbox 2984 3166 2996 3201; x_wconf 90' lang='lat'><strong><em>:</em></strong></span> <span class='ocrx_word' id='word_1_618' title='bbox 3051 3148 3343 3217; x_wconf 87' lang='lat' dir='ltr'><strong><em>invenitur,</em></strong></span> <span class='ocrx_word' id='word_1_619' title='bbox 3392 3166 3517 3205; x_wconf 84' lang='lat' dir='ltr'><strong><em>cum</em></strong></span> 
     </span>
    </p>
   </div>
   <div class='ocr_carea' id='block_1_78' title="bbox 1855 3238 3509 3331">
    <p class='ocr_par' dir='ltr' id='par_1_78' title="bbox 1855 3238 3509 3331">
     <span class='ocr_line' id='line_1_78' title="bbox 1855 3238 3509 3331; baseline 0.002 -40"><span class='ocrx_word' id='word_1_620' title='bbox 1855 3268 1899 3331; x_wconf 66' lang='grc' dir='ltr'>Ο</span> <span class='ocrx_word' id='word_1_621' title='bbox 1929 3246 2209 3307; x_wconf 89' lang='lat' dir='ltr'><strong><em>peccatum</em></strong></span> <span class='ocrx_word' id='word_1_622' title='bbox 2252 3238 2535 3295; x_wconf 88' lang='lat' dir='ltr'><strong><em>adversum</em></strong></span> <span class='ocrx_word' id='word_1_623' title='bbox 2563 3254 2643 3306; x_wconf 92' lang='lat' dir='ltr'><strong><em>se,</em></strong></span> <span class='ocrx_word' id='word_1_624' title='bbox 2683 3240 2794 3308; x_wconf 87' lang='lat' dir='ltr'><strong><em>jam</em></strong></span> <span class='ocrx_word' id='word_1_625' title='bbox 2820 3240 3133 3310; x_wconf 79' lang='lat' dir='ltr'><strong><em>paenitendo</em></strong></span> <span class='ocrx_word' id='word_1_626' title='bbox 3174 3242 3509 3310; x_wconf 87' lang='lat' dir='ltr'><strong><em>pronuntiat.</em></strong></span> 
     </span>
    </p>
   </div>
   <div class='ocr_carea' id='block_1_79' title="bbox 1933 3328 3514 3403">
    <p class='ocr_par' dir='ltr' id='par_1_79' title="bbox 1933 3328 3514 3403">
     <span class='ocr_line' id='line_1_79' title="bbox 1933 3328 3514 3403; baseline 0.003 -20"><span class='ocrx_word' id='word_1_627' title='bbox 1933 3328 2070 3396; x_wconf 87' lang='lat' dir='ltr'><strong><em>Quia</em></strong></span> <span class='ocrx_word' id='word_1_628' title='bbox 2109 3329 2251 3384; x_wconf 91' lang='lat' dir='ltr'><strong><em>enim</em></strong></span> <span class='ocrx_word' id='word_1_629' title='bbox 2287 3344 2385 3400; x_wconf 90' lang='lat' dir='ltr'><strong><em>per</em></strong></span> <span class='ocrx_word' id='word_1_630' title='bbox 2412 3346 2564 3385; x_wconf 87' lang='lat' dir='ltr'><strong><em>sacra</em></strong></span> <span class='ocrx_word' id='word_1_631' title='bbox 2601 3330 2817 3399; x_wconf 88' lang='lat' dir='ltr'><strong><em>eloquia</em></strong></span> <span class='ocrx_word' id='word_1_632' title='bbox 2858 3332 3129 3400; x_wconf 87' lang='lat' dir='ltr'><strong><em>peccatori</em></strong></span> <span class='ocrx_word' id='word_1_633' title='bbox 3168 3333 3514 3403; x_wconf 72' lang='lat' dir='ltr'><strong><em>praecipitur:</em></strong></span> 
     </span>
    </p>
   </div>
   <div class='ocr_carea' id='block_1_80' title="bbox 1934 3419 3518 3492">
    <p class='ocr_par' dir='ltr' id='par_1_80' title="bbox 1934 3419 3518 3492">
     <span class='ocr_line' id='line_1_80' title="bbox 1934 3419 3518 3492; baseline 0.002 -18"><span class='ocrx_word' id='word_1_634' title='bbox 1934 3419 2032 3474; x_wconf 89' lang='lat' dir='ltr'><strong><em>Dic</em></strong></span> <span class='ocrx_word' id='word_1_635' title='bbox 2062 3429 2114 3473; x_wconf 90' lang='lat' dir='ltr'><strong><em>tu</em></strong></span> <span class='ocrx_word' id='word_1_636' title='bbox 2137 3421 2280 3489; x_wconf 89' lang='lat' dir='ltr'><strong><em>prior</em></strong></span> <span class='ocrx_word' id='word_1_637' title='bbox 2300 3421 2597 3492; x_wconf 86' lang='lat' dir='ltr'><strong><em>iniquitates</em></strong></span> <span class='ocrx_word' id='word_1_638' title='bbox 2626 3430 2761 3489; x_wconf 86' lang='lat' dir='ltr'><strong><em>tuas,</em></strong></span> <span class='ocrx_word' id='word_1_639' title='bbox 2783 3428 2839 3474; x_wconf 88' lang='lat' dir='ltr'><strong><em>ut</em></strong></span> <span class='ocrx_word' id='word_1_640' title='bbox 2851 3420 3157 3491; x_wconf 78' lang='lat' dir='ltr'><strong><em>justi/iceris</em></strong></span> <span class='ocrx_word' id='word_1_641' title='bbox 3202 3419 3337 3492; x_wconf 90' lang='lat' dir='ltr'><strong><em>(Isa.</em></strong></span> <span class='ocrx_word' id='word_1_642' title='bbox 3372 3437 3518 3490; x_wconf 76' lang='lat' dir='ltr'><strong><em>mu,</em></strong></span> 
     </span>
    </p>
   </div>
   <div class='ocr_carea' id='block_1_81' title="bbox 1934 3510 3519 3583">
    <p class='ocr_par' dir='ltr' id='par_1_81' title="bbox 1934 3510 3519 3583">
     <span class='ocr_line' id='line_1_81' title="bbox 1934 3510 3519 3583; baseline 0.002 -17"><span class='ocrx_word' id='word_1_643' title='bbox 1934 3512 2024 3577; x_wconf 77' lang='grc'><strong><em>26,</em></strong></span> <span class='ocrx_word' id='word_1_644' title='bbox 2069 3530 2171 3567; x_wconf 89' lang='lat' dir='ltr'><strong><em>sec.</em></strong></span> <span class='ocrx_word' id='word_1_645' title='bbox 2215 3512 2421 3583; x_wconf 73' lang='lat' dir='ltr'><strong><em>LXX):</em></strong></span> <span class='ocrx_word' id='word_1_646' title='bbox 2472 3513 2596 3567; x_wconf 88' lang='lat' dir='ltr'><strong><em>dum</em></strong></span> <span class='ocrx_word' id='word_1_647' title='bbox 2629 3512 2739 3576; x_wconf 91' lang='lat' dir='ltr'><strong><em>ille,</em></strong></span> <span class='ocrx_word' id='word_1_648' title='bbox 2782 3510 2871 3580; x_wconf 92' lang='lat' dir='ltr'><strong><em>qui</em></strong></span> <span class='ocrx_word' id='word_1_649' title='bbox 2900 3512 3166 3582; x_wconf 86' lang='lat' dir='ltr'><strong><em>peccavit,</em></strong></span> <span class='ocrx_word' id='word_1_650' title='bbox 3212 3511 3519 3569; x_wconf 82' lang='lat' dir='ltr'><strong><em>conﬁtendo</em></strong></span> 
     </span>
    </p>
   </div>
   <div class='ocr_carea' id='block_1_82' title="bbox 1932 3604 3519 3677">
    <p class='ocr_par' dir='ltr' id='par_1_82' title="bbox 1932 3604 3519 3677">
     <span class='ocr_line' id='line_1_82' title="bbox 1932 3604 3519 3677; baseline 0.002 -17"><span class='ocrx_word' id='word_1_651' title='bbox 1932 3605 2217 3675; x_wconf 81' lang='lat' dir='ltr'><strong><em>justilicari</em></strong></span> <span class='ocrx_word' id='word_1_652' title='bbox 2247 3605 2464 3675; x_wconf 90' lang='lat' dir='ltr'><strong><em>incipit,</em></strong></span> <span class='ocrx_word' id='word_1_653' title='bbox 2494 3606 2546 3659; x_wconf 92' lang='lat' dir='ltr'><strong><em>in</em></strong></span> <span class='ocrx_word' id='word_1_654' title='bbox 2576 3606 2697 3660; x_wconf 90' lang='lat' dir='ltr'><strong><em>luce</em></strong></span> <span class='ocrx_word' id='word_1_655' title='bbox 2724 3604 2834 3675; x_wconf 88' lang='lat' dir='ltr'><strong><em>jam</em></strong></span> <span class='ocrx_word' id='word_1_656' title='bbox 2864 3604 3102 3661; x_wconf 89' lang='lat' dir='ltr'><strong><em>cernitur</em></strong></span> <span class='ocrx_word' id='word_1_657' title='bbox 3122 3647 3138 3675; x_wconf 97' lang='lat'><strong><em>,</em></strong></span> <span class='ocrx_word' id='word_1_658' title='bbox 3166 3605 3256 3661; x_wconf 88' lang='lat' dir='ltr'><strong><em>ubi</em></strong></span> <span class='ocrx_word' id='word_1_659' title='bbox 3279 3605 3391 3674; x_wconf 89' lang='lat' dir='ltr'><strong><em>jam</em></strong></span> <span class='ocrx_word' id='word_1_660' title='bbox 3419 3622 3519 3677; x_wconf 89' lang='lat' dir='ltr'><strong><em>po-</em></strong></span> 
     </span>
    </p>
   </div>
   <div class='ocr_carea' id='block_1_83' title="bbox 1933 3697 3518 3769">
    <p class='ocr_par' dir='ltr' id='par_1_83' title="bbox 1933 3697 3518 3769">
     <span class='ocr_line' id='line_1_83' title="bbox 1933 3697 3518 3769; baseline -0.001 -14"><span class='ocrx_word' id='word_1_661' title='bbox 1933 3700 2071 3755; x_wconf 89' lang='lat' dir='ltr'><strong><em>situs</em></strong></span> <span class='ocrx_word' id='word_1_662' title='bbox 2100 3699 2387 3753; x_wconf 89' lang='lat' dir='ltr'><strong><em>invenitur.</em></strong></span> <span class='ocrx_word' id='word_1_663' title='bbox 2419 3697 2548 3753; x_wconf 91' lang='lat' dir='ltr'><strong><em>Saul</em></strong></span> <span class='ocrx_word' id='word_1_664' title='bbox 2575 3706 2776 3764; x_wconf 89' lang='lat' dir='ltr'><strong><em>autem,</em></strong></span> <span class='ocrx_word' id='word_1_665' title='bbox 2800 3697 2891 3767; x_wconf 91' lang='lat' dir='ltr'><strong><em>qui</em></strong></span> <span class='ocrx_word' id='word_1_666' title='bbox 2916 3697 3094 3752; x_wconf 78' lang='lat' dir='ltr'><strong><em>asinus</em></strong></span> <span class='ocrx_word' id='word_1_667' title='bbox 3116 3713 3382 3769; x_wconf 71' lang='lat' dir='ltr'><strong><em>quaerens,</em></strong></span> <span class='ocrx_word' id='word_1_668' title='bbox 3410 3715 3518 3755; x_wconf 87' lang='lat' dir='ltr'><strong><em>non</em></strong></span> 
     </span>
    </p>
   </div>
   <div class='ocr_carea' id='block_1_84' title="bbox 1934 3789 3520 3862">
    <p class='ocr_par' dir='ltr' id='par_1_84' title="bbox 1934 3789 3520 3862">
     <span class='ocr_line' id='line_1_84' title="bbox 1934 3789 3520 3862; baseline 0 -15"><span class='ocrx_word' id='word_1_669' title='bbox 1934 3791 2159 3855; x_wconf 88' lang='lat' dir='ltr'><strong><em>invenit,</em></strong></span> <span class='ocrx_word' id='word_1_670' title='bbox 2193 3789 2387 3845; x_wconf 89' lang='lat' dir='ltr'><strong><em>eruditi</em></strong></span> <span class='ocrx_word' id='word_1_671' title='bbox 2415 3789 2632 3862; x_wconf 90' lang='lat' dir='ltr'><strong><em>quidem</em></strong></span> <span class='ocrx_word' id='word_1_672' title='bbox 2663 3791 3033 3861; x_wconf 75' lang='lat' dir='ltr'><strong><em>praedicatoris</em></strong></span> <span class='ocrx_word' id='word_1_673' title='bbox 3062 3806 3346 3862; x_wconf 90' lang='lat' dir='ltr'><strong><em>personam</em></strong></span> <span class='ocrx_word' id='word_1_674' title='bbox 3377 3792 3520 3847; x_wconf 89' lang='lat' dir='ltr'><strong><em>desi-</em></strong></span> 
     </span>
    </p>
   </div>
   <div class='ocr_carea' id='block_1_85' title="bbox 1932 3883 3518 3957">
    <p class='ocr_par' dir='ltr' id='par_1_85' title="bbox 1932 3883 3518 3957">
     <span class='ocr_line' id='line_1_85' title="bbox 1932 3883 3518 3957; baseline -0.003 -17"><span class='ocrx_word' id='word_1_675' title='bbox 1932 3892 2089 3956; x_wconf 83' lang='lat' dir='ltr'><strong><em>gnat,</em></strong></span> <span class='ocrx_word' id='word_1_676' title='bbox 2128 3884 2222 3940; x_wconf 90' lang='lat' dir='ltr'><strong><em>sed</em></strong></span> <span class='ocrx_word' id='word_1_677' title='bbox 2252 3885 2462 3940; x_wconf 90' lang='lat' dir='ltr'><strong><em>noviter</em></strong></span> <span class='ocrx_word' id='word_1_678' title='bbox 2497 3884 2822 3957; x_wconf 87' lang='lat' dir='ltr'><strong><em>incipientis.</em></strong></span> <span class='ocrx_word' id='word_1_679' title='bbox 2857 3884 3026 3951; x_wconf 89' lang='lat' dir='ltr'><strong><em>Quem</em></strong></span> <span class='ocrx_word' id='word_1_680' title='bbox 3060 3884 3304 3955; x_wconf 74' lang='lat' dir='ltr'><strong><em>profecto</em></strong></span> <span class='ocrx_word' id='word_1_681' title='bbox 3339 3883 3518 3940; x_wconf 81' lang='lat' dir='ltr'><strong><em>omni-</em></strong></span> 
     </span>
    </p>
   </div>
   <div class='ocr_carea' id='block_1_86' title="bbox 1931 3975 3519 4051">
    <p class='ocr_par' dir='ltr' id='par_1_86' title="bbox 1931 3975 3519 4051">
     <span class='ocr_line' id='line_1_86' title="bbox 1931 3975 3519 4051; baseline -0.002 -17"><span class='ocrx_word' id='word_1_682' title='bbox 1931 3987 2125 4051; x_wconf 89' lang='lat' dir='ltr'><strong><em>potens</em></strong></span> <span class='ocrx_word' id='word_1_683' title='bbox 2153 3978 2292 4034; x_wconf 91' lang='lat' dir='ltr'><strong><em>Deus</em></strong></span> <span class='ocrx_word' id='word_1_684' title='bbox 2320 3978 2713 4049; x_wconf 82' lang='lat' dir='ltr'><strong><em>praedicationis</em></strong></span> <span class='ocrx_word' id='word_1_685' title='bbox 2741 3977 2973 4033; x_wconf 87' lang='lat' dir='ltr'><strong><em>fructum</em></strong></span> <span class='ocrx_word' id='word_1_686' title='bbox 3001 3975 3193 4031; x_wconf 80' lang='lat' dir='ltr'><strong><em>all‘erre</em></strong></span> <span class='ocrx_word' id='word_1_687' title='bbox 3222 3993 3331 4032; x_wconf 90' lang='lat' dir='ltr'><strong><em>non</em></strong></span> <span class='ocrx_word' id='word_1_688' title='bbox 3377 3977 3519 4047; x_wconf 84' lang='lat' dir='ltr'><strong><em>pati-</em></strong></span> 
     </span>
    </p>
   </div>
   <div class='ocr_carea' id='block_1_87' title="bbox 1934 4071 3515 4142">
    <p class='ocr_par' dir='ltr' id='par_1_87' title="bbox 1934 4071 3515 4142">
     <span class='ocr_line' id='line_1_87' title="bbox 1934 4071 3515 4142; baseline -0.001 -16"><span class='ocrx_word' id='word_1_689' title='bbox 1934 4078 2037 4138; x_wconf 90' lang='lat' dir='ltr'><strong><em>tur,</em></strong></span> <span class='ocrx_word' id='word_1_690' title='bbox 2088 4086 2157 4126; x_wconf 89' lang='lat' dir='ltr'><strong><em>ne</em></strong></span> <span class='ocrx_word' id='word_1_691' title='bbox 2202 4071 2364 4127; x_wconf 89' lang='lat' dir='ltr'><strong><em>vilem</em></strong></span> <span class='ocrx_word' id='word_1_692' title='bbox 2407 4080 2755 4142; x_wconf 88' lang='lat' dir='ltr'><strong><em>peccatorum</em></strong></span> <span class='ocrx_word' id='word_1_693' title='bbox 2795 4071 3211 4126; x_wconf 87' lang='lat' dir='ltr'><strong><em>conversionem</em></strong></span> <span class='ocrx_word' id='word_1_694' title='bbox 3260 4072 3515 4140; x_wconf 76' lang='lat' dir='ltr'><strong><em>aestimet,</em></strong></span> 
     </span>
    </p>
   </div>
   <div class='ocr_carea' id='block_1_88' title="bbox 1932 4161 3511 4230">
    <p class='ocr_par' dir='ltr' id='par_1_88' title="bbox 1932 4161 3511 4230">
     <span class='ocr_line' id='line_1_88' title="bbox 1932 4161 3511 4230; baseline 0 -13"><span class='ocrx_word' id='word_1_695' title='bbox 1932 4164 2058 4217; x_wconf 90' lang='lat' dir='ltr'><strong><em>dum</em></strong></span> <span class='ocrx_word' id='word_1_696' title='bbox 2106 4163 2299 4219; x_wconf 87' lang='lat' dir='ltr'><strong><em>leviter</em></strong></span> <span class='ocrx_word' id='word_1_697' title='bbox 2344 4172 2664 4219; x_wconf 89' lang='lat' dir='ltr'><strong><em>convertere</em></strong></span> <span class='ocrx_word' id='word_1_698' title='bbox 2710 4177 2805 4217; x_wconf 92' lang='lat' dir='ltr'><strong><em>eos</em></strong></span> <span class='ocrx_word' id='word_1_699' title='bbox 2859 4161 2925 4216; x_wconf 89' lang='lat' dir='ltr'><strong><em>ad</em></strong></span> <span class='ocrx_word' id='word_1_700' title='bbox 2973 4161 3257 4215; x_wconf 89' lang='lat' dir='ltr'><strong><em>Dominum</em></strong></span> <span class='ocrx_word' id='word_1_701' title='bbox 3310 4169 3511 4230; x_wconf 87' lang='lat' dir='ltr'><strong><em>potest.</em></strong></span> 
     </span>
    </p>
   </div>
   <div class='ocr_carea' id='block_1_89' title="bbox 1934 4252 3520 4324">
    <p class='ocr_par' dir='ltr' id='par_1_89' title="bbox 1934 4252 3520 4324">
     <span class='ocr_line' id='line_1_89' title="bbox 1934 4252 3520 4324; baseline -0.001 -14"><span class='ocrx_word' id='word_1_702' title='bbox 1934 4253 2192 4310; x_wconf 77' lang='lat' dir='ltr'><strong><em>Ditfertur</em></strong></span> <span class='ocrx_word' id='word_1_703' title='bbox 2231 4268 2362 4324; x_wconf 91' lang='lat' dir='ltr'><strong><em>ergo</em></strong></span> <span class='ocrx_word' id='word_1_704' title='bbox 2389 4254 2691 4320; x_wconf 89' lang='lat' dir='ltr'><strong><em>conversio,</em></strong></span> <span class='ocrx_word' id='word_1_705' title='bbox 2726 4259 2785 4307; x_wconf 90' lang='lat' dir='ltr'><strong><em>ut</em></strong></span> <span class='ocrx_word' id='word_1_706' title='bbox 2832 4252 3079 4308; x_wconf 91' lang='lat' dir='ltr'><strong><em>conversi</em></strong></span> <span class='ocrx_word' id='word_1_707' title='bbox 3106 4252 3432 4321; x_wconf 80' lang='lat' dir='ltr'><strong><em>diligantur:</em></strong></span> <span class='ocrx_word' id='word_1_708' title='bbox 3463 4262 3520 4310; x_wconf 88' lang='lat' dir='ltr'><strong><em>et</em></strong></span> 
     </span>
    </p>
   </div>
   <div class='ocr_carea' id='block_1_90' title="bbox 1934 4343 3519 4416">
    <p class='ocr_par' dir='ltr' id='par_1_90' title="bbox 1934 4343 3519 4416">
     <span class='ocr_line' id='line_1_90' title="bbox 1934 4343 3519 4416; baseline 0.001 -16"><span class='ocrx_word' id='word_1_709' title='bbox 1934 4360 2029 4401; x_wconf 85' lang='lat' dir='ltr'><strong><em>eos</em></strong></span> <span class='ocrx_word' id='word_1_710' title='bbox 2058 4346 2377 4416; x_wconf 84' lang='lat' dir='ltr'><strong><em>praedicator</em></strong></span> <span class='ocrx_word' id='word_1_711' title='bbox 2416 4352 2568 4399; x_wconf 89' lang='lat' dir='ltr'><strong><em>tanto</em></strong></span> <span class='ocrx_word' id='word_1_712' title='bbox 2610 4343 2839 4413; x_wconf 90' lang='lat' dir='ltr'><strong><em>amplius</em></strong></span> <span class='ocrx_word' id='word_1_713' title='bbox 2883 4352 3050 4413; x_wconf 88' lang='lat' dir='ltr'><strong><em>amet,</em></strong></span> <span class='ocrx_word' id='word_1_714' title='bbox 3078 4353 3282 4414; x_wconf 90' lang='lat' dir='ltr'><strong><em>quanto</em></strong></span> <span class='ocrx_word' id='word_1_715' title='bbox 3322 4344 3519 4402; x_wconf 87' lang='lat' dir='ltr'><strong><em>clarius</em></strong></span> 
     </span>
    </p>
   </div>
   <div class='ocr_carea' id='block_1_91' title="bbox 1932 4436 3519 4508">
    <p class='ocr_par' dir='ltr' id='par_1_91' title="bbox 1932 4436 3519 4508">
     <span class='ocr_line' id='line_1_91' title="bbox 1932 4436 3519 4508; baseline 0.004 -15"><span class='ocrx_word' id='word_1_716' title='bbox 1932 4437 2097 4503; x_wconf 86' lang='lat' dir='ltr'><strong><em>videt,</em></strong></span> <span class='ocrx_word' id='word_1_717' title='bbox 2128 4438 2252 4508; x_wconf 86' lang='lat' dir='ltr'><strong><em>quia</em></strong></span> <span class='ocrx_word' id='word_1_718' title='bbox 2281 4453 2376 4493; x_wconf 91' lang='lat' dir='ltr'><strong><em>eos</em></strong></span> <span class='ocrx_word' id='word_1_719' title='bbox 2411 4436 2608 4492; x_wconf 90' lang='lat' dir='ltr'><strong><em>lucrari</em></strong></span> <span class='ocrx_word' id='word_1_720' title='bbox 2637 4437 2746 4492; x_wconf 93' lang='lat' dir='ltr'><strong><em>cito</em></strong></span> <span class='ocrx_word' id='word_1_721' title='bbox 2788 4452 2897 4492; x_wconf 89' lang='lat' dir='ltr'><strong><em>non</em></strong></span> <span class='ocrx_word' id='word_1_722' title='bbox 2927 4438 3203 4507; x_wconf 80' lang='lat' dir='ltr'><strong><em>praevalet.</em></strong></span> <span class='ocrx_word' id='word_1_723' title='bbox 3252 4437 3362 4495; x_wconf 89' lang='lat' dir='ltr'><strong><em>Sed</em></strong></span> <span class='ocrx_word' id='word_1_724' title='bbox 3390 4439 3519 4499; x_wconf 86' lang='lat' dir='ltr'><strong><em>dum</em></strong></span> 
     </span>
    </p>
   </div>
   <div class='ocr_carea' id='block_1_92' title="bbox 1933 4528 3517 4598">
    <p class='ocr_par' dir='ltr' id='par_1_92' title="bbox 1933 4528 3517 4598">
     <span class='ocr_line' id='line_1_92' title="bbox 1933 4528 3517 4598; baseline 0.001 -13"><span class='ocrx_word' id='word_1_725' title='bbox 1933 4528 2104 4585; x_wconf 84' lang='lat' dir='ltr'><strong><em>sancti</em></strong></span> <span class='ocrx_word' id='word_1_726' title='bbox 2141 4528 2241 4583; x_wconf 84' lang='lat' dir='ltr'><strong><em>viri</em></strong></span> <span class='ocrx_word' id='word_1_727' title='bbox 2271 4528 2338 4582; x_wconf 91' lang='lat' dir='ltr'><strong><em>de</em></strong></span> <span class='ocrx_word' id='word_1_728' title='bbox 2368 4528 2749 4598; x_wconf 63' lang='lat' dir='ltr'><strong><em>praedicatione</em></strong></span> <span class='ocrx_word' id='word_1_729' title='bbox 2775 4543 2871 4584; x_wconf 89' lang='lat' dir='ltr'><strong><em>sua</em></strong></span> <span class='ocrx_word' id='word_1_730' title='bbox 2899 4529 3035 4584; x_wconf 89' lang='lat' dir='ltr'><strong><em>alios</em></strong></span> <span class='ocrx_word' id='word_1_731' title='bbox 3063 4540 3379 4586; x_wconf 89' lang='lat' dir='ltr'><strong><em>convertere</em></strong></span> <span class='ocrx_word' id='word_1_732' title='bbox 3408 4548 3517 4587; x_wconf 90' lang='lat' dir='ltr'><strong><em>non</em></strong></span> 
     </span>
    </p>
   </div>
   <div class='ocr_carea' id='block_1_93' title="bbox 246 4618 3519 4710">
    <p class='ocr_par' dir='ltr' id='par_1_93' title="bbox 246 4618 3519 4710">
     <span class='ocr_line' id='line_1_93' title="bbox 246 4618 3519 4710; baseline -0.001 -28"><span class='ocrx_word' id='word_1_733' title='bbox 246 4644 358 4694; x_wconf 75' lang='lat' dir='ltr'><strong><em>xu,</em></strong></span> <span class='ocrx_word' id='word_1_734' title='bbox 392 4626 480 4697; x_wconf 88' lang='lat'><strong><em>7);</em></strong></span> <span class='ocrx_word' id='word_1_735' title='bbox 508 4634 569 4682; x_wconf 91' lang='lat' dir='ltr'><strong><em>ut</em></strong></span> <span class='ocrx_word' id='word_1_736' title='bbox 592 4633 839 4697; x_wconf 87' lang='lat' dir='ltr'><strong><em>patenter</em></strong></span> <span class='ocrx_word' id='word_1_737' title='bbox 865 4624 1193 4692; x_wconf 88' lang='lat' dir='ltr'><strong><em>ostenderet,</em></strong></span> <span class='ocrx_word' id='word_1_738' title='bbox 1216 4624 1342 4694; x_wconf 88' lang='lat' dir='ltr'><strong><em>quia</em></strong></span> <span class='ocrx_word' id='word_1_739' title='bbox 1370 4623 1439 4678; x_wconf 91' lang='lat' dir='ltr'><strong><em>ad</em></strong></span> <span class='ocrx_word' id='word_1_740' title='bbox 1467 4624 1572 4680; x_wconf 91' lang='lat' dir='ltr'><strong><em>hoc</em></strong></span> <span class='ocrx_word' id='word_1_741' title='bbox 1598 4624 1710 4695; x_wconf 88' lang='lat' dir='ltr'><strong><em>pati</em></strong></span> <span class='ocrx_word' id='word_1_742' title='bbox 1735 4639 1828 4679; x_wconf 89' lang='lat' dir='ltr'><strong><em>ve-</em></strong></span> <span class='ocrx_word' id='word_1_743' title='bbox 1859 4648 1915 4710; x_wconf 79' lang='lat' dir='ltr'><strong>D</strong></span> <span class='ocrx_word' id='word_1_744' title='bbox 1936 4627 2183 4692; x_wconf 90' lang='lat' dir='ltr'><strong><em>possunt,</em></strong></span> <span class='ocrx_word' id='word_1_745' title='bbox 2205 4618 2273 4673; x_wconf 91' lang='lat' dir='ltr'><strong><em>de</em></strong></span> <span class='ocrx_word' id='word_1_746' title='bbox 2298 4633 2356 4674; x_wconf 90' lang='lat' dir='ltr'><strong><em>se</em></strong></span> <span class='ocrx_word' id='word_1_747' title='bbox 2382 4618 2731 4674; x_wconf 90' lang='lat' dir='ltr'><strong><em>vehementer</em></strong></span> <span class='ocrx_word' id='word_1_748' title='bbox 2756 4620 2945 4675; x_wconf 89' lang='lat' dir='ltr'><strong><em>timere</em></strong></span> <span class='ocrx_word' id='word_1_749' title='bbox 2972 4620 3236 4691; x_wconf 90' lang='lat' dir='ltr'><strong><em>incipiunt</em></strong></span> <span class='ocrx_word' id='word_1_750' title='bbox 3261 4639 3273 4675; x_wconf 92' lang='lat'><strong><em>:</em></strong></span> <span class='ocrx_word' id='word_1_751' title='bbox 3306 4638 3373 4677; x_wconf 89' lang='lat' dir='ltr'><strong><em>ne</em></strong></span> <span class='ocrx_word' id='word_1_752' title='bbox 3394 4623 3519 4678; x_wconf 88' lang='lat' dir='ltr'><strong><em>inde</em></strong></span> 
     </span>
    </p>
   </div>
   <div class='ocr_carea' id='block_1_94' title="bbox 247 4709 3520 4790">
    <p class='ocr_par' dir='ltr' id='par_1_94' title="bbox 247 4709 3520 4790">
     <span class='ocr_line' id='line_1_94' title="bbox 247 4709 3520 4790; baseline -0.002 -15"><span class='ocrx_word' id='word_1_753' title='bbox 247 4726 423 4785; x_wconf 85' lang='lat' dir='ltr'><strong><em>uerat,</em></strong></span> <span class='ocrx_word' id='word_1_754' title='bbox 446 4727 509 4774; x_wconf 84' lang='lat' dir='ltr'><strong><em>ut</em></strong></span> <span class='ocrx_word' id='word_1_755' title='bbox 535 4718 910 4790; x_wconf 88' lang='lat' dir='ltr'><strong><em>peccatoribus</em></strong></span> <span class='ocrx_word' id='word_1_756' title='bbox 932 4717 1262 4774; x_wconf 87' lang='lat' dir='ltr'><strong><em>subveniret.</em></strong></span> <span class='ocrx_word' id='word_1_757' title='bbox 1286 4716 1583 4772; x_wconf 88' lang='lat' dir='ltr'><strong><em>Pereuntes</em></strong></span> <span class='ocrx_word' id='word_1_758' title='bbox 1605 4729 1836 4786; x_wconf 90' lang='lat' dir='ltr'><strong><em>namque</em></strong></span> <span class='ocrx_word' id='word_1_759' title='bbox 1863 4709 1878 4710; x_wconf 29' lang='grc' dir='ltr'>ί</span> <span class='ocrx_word' id='word_1_760' title='bbox 1938 4710 2292 4780; x_wconf 90' lang='lat' dir='ltr'><strong><em>omnipotenti</em></strong></span> <span class='ocrx_word' id='word_1_761' title='bbox 2322 4709 2434 4765; x_wconf 90' lang='lat' dir='ltr'><strong><em>Deo</em></strong></span> <span class='ocrx_word' id='word_1_762' title='bbox 2460 4710 2797 4780; x_wconf 88' lang='lat' dir='ltr'><strong><em>displiceant,</em></strong></span> <span class='ocrx_word' id='word_1_763' title='bbox 2832 4712 2974 4767; x_wconf 87' lang='lat' dir='ltr'><strong><em>unde</em></strong></span> <span class='ocrx_word' id='word_1_764' title='bbox 2997 4728 3055 4767; x_wconf 90' lang='lat' dir='ltr'><strong><em>se</em></strong></span> <span class='ocrx_word' id='word_1_765' title='bbox 3084 4713 3135 4767; x_wconf 89' lang='lat' dir='ltr'><strong><em>ei</em></strong></span> <span class='ocrx_word' id='word_1_766' title='bbox 3172 4714 3520 4769; x_wconf 85' lang='lat' dir='ltr'><strong><em>vehementer</em></strong></span> 
     </span>
    </p>
   </div>
   <div class='ocr_carea' id='block_1_95' title="bbox 245 4808 1836 4881">
    <p class='ocr_par' dir='ltr' id='par_1_95' title="bbox 245 4808 1836 4881">
     <span class='ocr_line' id='line_1_95' title="bbox 245 4808 1836 4881; baseline -0.001 -14"><span class='ocrx_word' id='word_1_767' title='bbox 245 4813 427 4867; x_wconf 82' lang='lat' dir='ltr'><strong><em>asinas</em></strong></span> <span class='ocrx_word' id='word_1_768' title='bbox 448 4828 508 4867; x_wconf 91' lang='lat' dir='ltr'><strong><em>se</em></strong></span> <span class='ocrx_word' id='word_1_769' title='bbox 527 4825 771 4881; x_wconf 88' lang='lat' dir='ltr'><strong><em>quaerere</em></strong></span> <span class='ocrx_word' id='word_1_770' title='bbox 791 4810 1078 4876; x_wconf 81' lang='lat' dir='ltr'><strong><em>fatebatur,</em></strong></span> <span class='ocrx_word' id='word_1_771' title='bbox 1102 4825 1226 4865; x_wconf 90' lang='lat' dir='ltr'><strong><em>cum</em></strong></span> <span class='ocrx_word' id='word_1_772' title='bbox 1247 4808 1489 4865; x_wconf 88' lang='lat' dir='ltr'><strong><em>dicebat:</em></strong></span> <span class='ocrx_word' id='word_1_773' title='bbox 1531 4808 1675 4863; x_wconf 81' lang='lat' dir='ltr'><strong><em>Venit</em></strong></span> <span class='ocrx_word' id='word_1_774' title='bbox 1694 4809 1836 4879; x_wconf 85' lang='lat' dir='ltr'><strong><em>ﬁlius</em></strong></span> 
     </span>
    </p>
   </div>
   <div class='ocr_carea' id='block_1_96' title="bbox 246 4899 1831 4973">
    <p class='ocr_par' dir='ltr' id='par_1_96' title="bbox 246 4899 1831 4973">
     <span class='ocr_line' id='line_1_96' title="bbox 246 4899 1831 4973; baseline -0.001 -16"><span class='ocrx_word' id='word_1_775' title='bbox 246 4903 469 4958; x_wconf 84' lang='lat' dir='ltr'><strong><em>hominis</em></strong></span> <span class='ocrx_word' id='word_1_776' title='bbox 491 4917 740 4972; x_wconf 64' lang='lat' dir='ltr'><strong><em>querere,</em></strong></span> <span class='ocrx_word' id='word_1_777' title='bbox 766 4910 815 4955; x_wconf 88' lang='lat' dir='ltr'><strong><em>et</em></strong></span> <span class='ocrx_word' id='word_1_778' title='bbox 842 4902 1042 4957; x_wconf 86' lang='lat' dir='ltr'><strong><em>salvum</em></strong></span> <span class='ocrx_word' id='word_1_779' title='bbox 1072 4903 1243 4973; x_wconf 78' lang='lat' dir='ltr'><strong><em>facere</em></strong></span> <span class='ocrx_word' id='word_1_780' title='bbox 1262 4900 1398 4972; x_wconf 87' lang='lat' dir='ltr'><strong><em>quod</em></strong></span> <span class='ocrx_word' id='word_1_781' title='bbox 1426 4900 1650 4971; x_wconf 85' lang='lat' dir='ltr'><strong><em>perierat</em></strong></span> <span class='ocrx_word' id='word_1_782' title='bbox 1680 4899 1831 4971; x_wconf 90' lang='lat' dir='ltr'><strong><em>(Luc.</em></strong></span> 
     </span>
    </p>
   </div>
   <div class='ocr_carea' id='block_1_97' title="bbox 247 4991 1839 5065">
    <p class='ocr_par' dir='ltr' id='par_1_97' title="bbox 247 4991 1839 5065">
     <span class='ocr_line' id='line_1_97' title="bbox 247 4991 1839 5065; baseline -0.001 -16"><span class='ocrx_word' id='word_1_783' title='bbox 247 5010 359 5062; x_wconf 75' lang='lat' dir='ltr'><strong><em>xu,</em></strong></span> <span class='ocrx_word' id='word_1_784' title='bbox 392 4993 503 5065; x_wconf 75' lang='lat'><strong><em>10).</em></strong></span> <span class='ocrx_word' id='word_1_785' title='bbox 552 4993 659 5050; x_wconf 84' lang='lat' dir='ltr'><strong><em>Has</em></strong></span> <span class='ocrx_word' id='word_1_786' title='bbox 687 4994 866 5049; x_wconf 88' lang='lat' dir='ltr'><strong><em>asinas</em></strong></span> <span class='ocrx_word' id='word_1_787' title='bbox 894 5000 950 5048; x_wconf 93' lang='lat' dir='ltr'><strong><em>et</em></strong></span> <span class='ocrx_word' id='word_1_788' title='bbox 988 5007 1085 5063; x_wconf 93' lang='lat' dir='ltr'><strong><em>per</em></strong></span> <span class='ocrx_word' id='word_1_789' title='bbox 1111 4993 1458 5062; x_wconf 89' lang='lat' dir='ltr'><strong><em>semetipsum</em></strong></span> <span class='ocrx_word' id='word_1_790' title='bbox 1486 4991 1751 5061; x_wconf 85' lang='lat' dir='ltr'><strong><em>quaesivit,</em></strong></span> <span class='ocrx_word' id='word_1_791' title='bbox 1782 4998 1839 5047; x_wconf 87' lang='lat' dir='ltr'><strong><em>et</em></strong></span> 
     </span>
    </p>
   </div>
   <div class='ocr_carea' id='block_1_98' title="bbox 247 5079 1834 5155">
    <p class='ocr_par' dir='ltr' id='par_1_98' title="bbox 247 5079 1834 5155">
     <span class='ocr_line' id='line_1_98' title="bbox 247 5079 1834 5155; baseline -0.002 -16"><span class='ocrx_word' id='word_1_792' title='bbox 247 5085 427 5140; x_wconf 87' lang='lat' dir='ltr'><strong><em>adhuc</em></strong></span> <span class='ocrx_word' id='word_1_793' title='bbox 453 5085 832 5155; x_wconf 73' lang='lat' dir='ltr'><strong><em>praedicatores</em></strong></span> <span class='ocrx_word' id='word_1_794' title='bbox 860 5083 929 5138; x_wconf 83' lang='lat' dir='ltr'><strong><em>ad</em></strong></span> <span class='ocrx_word' id='word_1_795' title='bbox 951 5080 1301 5153; x_wconf 82' lang='lat' dir='ltr'><strong><em>quaerendum</em></strong></span> <span class='ocrx_word' id='word_1_796' title='bbox 1328 5080 1511 5135; x_wconf 90' lang='lat' dir='ltr'><strong><em>mittit.</em></strong></span> <span class='ocrx_word' id='word_1_797' title='bbox 1544 5079 1681 5135; x_wconf 86' lang='lat' dir='ltr'><strong><em>Dicit</em></strong></span> <span class='ocrx_word' id='word_1_798' title='bbox 1705 5094 1834 5150; x_wconf 87' lang='lat' dir='ltr'><strong><em>ergo</em></strong></span> 
     </span>
    </p>
   </div>
   <div class='ocr_carea' id='block_1_99' title="bbox 246 5171 1837 5243">
    <p class='ocr_par' dir='ltr' id='par_1_99' title="bbox 246 5171 1837 5243">
     <span class='ocr_line' id='line_1_99' title="bbox 246 5171 1837 5243; baseline -0.002 -13"><span class='ocrx_word' id='word_1_799' title='bbox 246 5173 343 5230; x_wconf 91' lang='lat' dir='ltr'><strong><em>Cis</em></strong></span> <span class='ocrx_word' id='word_1_800' title='bbox 371 5173 478 5230; x_wconf 84' lang='lat' dir='ltr'><strong><em>tilio</em></strong></span> <span class='ocrx_word' id='word_1_801' title='bbox 502 5191 620 5241; x_wconf 89' lang='lat' dir='ltr'><strong><em>suo,</em></strong></span> <span class='ocrx_word' id='word_1_802' title='bbox 646 5185 706 5229; x_wconf 90' lang='lat' dir='ltr'><strong><em>ut</em></strong></span> <span class='ocrx_word' id='word_1_803' title='bbox 722 5174 901 5230; x_wconf 90' lang='lat' dir='ltr'><strong><em>asinas</em></strong></span> <span class='ocrx_word' id='word_1_804' title='bbox 920 5178 1145 5243; x_wconf 78' lang='lat' dir='ltr'><strong><em>quaerat,</em></strong></span> <span class='ocrx_word' id='word_1_805' title='bbox 1168 5171 1382 5242; x_wconf 90' lang='lat' dir='ltr'><strong><em>quando</em></strong></span> <span class='ocrx_word' id='word_1_806' title='bbox 1402 5172 1696 5227; x_wconf 89' lang='lat' dir='ltr'><strong><em>electorum</em></strong></span> <span class='ocrx_word' id='word_1_807' title='bbox 1718 5186 1837 5227; x_wconf 89' lang='lat' dir='ltr'><strong><em>cor-</em></strong></span> 
     </span>
    </p>
   </div>
   <div class='ocr_carea' id='block_1_100' title="bbox 249 5264 1839 5336">
    <p class='ocr_par' dir='ltr' id='par_1_100' title="bbox 249 5264 1839 5336">
     <span class='ocr_line' id='line_1_100' title="bbox 249 5264 1839 5336; baseline 0 -16"><span class='ocrx_word' id='word_1_808' title='bbox 249 5264 411 5320; x_wconf 86' lang='lat' dir='ltr'><strong><em>dibus</em></strong></span> <span class='ocrx_word' id='word_1_809' title='bbox 436 5264 705 5334; x_wconf 86' lang='lat' dir='ltr'><strong><em>spirituali</em></strong></span> <span class='ocrx_word' id='word_1_810' title='bbox 732 5264 1083 5336; x_wconf 88' lang='lat' dir='ltr'><strong><em>inspiratione</em></strong></span> <span class='ocrx_word' id='word_1_811' title='bbox 1115 5264 1448 5335; x_wconf 82' lang='lat' dir='ltr'><strong><em>Redemptor</em></strong></span> <span class='ocrx_word' id='word_1_812' title='bbox 1474 5264 1738 5335; x_wconf 89' lang='lat' dir='ltr'><strong><em>imperat,</em></strong></span> <span class='ocrx_word' id='word_1_813' title='bbox 1779 5271 1839 5320; x_wconf 88' lang='lat' dir='ltr'><strong><em>ut</em></strong></span> 
     </span>
    </p>
   </div>
   <div class='ocr_carea' id='block_1_101' title="bbox 248 5354 1837 5427">
    <p class='ocr_par' dir='ltr' id='par_1_101' title="bbox 248 5354 1837 5427">
     <span class='ocr_line' id='line_1_101' title="bbox 248 5354 1837 5427; baseline 0 -16"><span class='ocrx_word' id='word_1_814' title='bbox 248 5356 305 5411; x_wconf 85' lang='lat' dir='ltr'><strong><em>in</em></strong></span> <span class='ocrx_word' id='word_1_815' title='bbox 328 5356 729 5427; x_wconf 80' lang='lat' dir='ltr'><strong><em>praedicationis</em></strong></span> <span class='ocrx_word' id='word_1_816' title='bbox 751 5356 1107 5411; x_wconf 88' lang='lat' dir='ltr'><strong><em>ministerium</em></strong></span> <span class='ocrx_word' id='word_1_817' title='bbox 1137 5364 1383 5427; x_wconf 87' lang='lat' dir='ltr'><strong><em>pergant.</em></strong></span> <span class='ocrx_word' id='word_1_818' title='bbox 1413 5354 1472 5410; x_wconf 91' lang='lat' dir='ltr'><strong><em>In</em></strong></span> <span class='ocrx_word' id='word_1_819' title='bbox 1502 5355 1837 5427; x_wconf 82' lang='lat' dir='ltr'><strong><em>praedicatio-</em></strong></span> 
     </span>
    </p>
   </div>
   <div class='ocr_carea' id='block_1_102' title="bbox 248 5446 1832 5520">
    <p class='ocr_par' dir='ltr' id='par_1_102' title="bbox 248 5446 1832 5520">
     <span class='ocr_line' id='line_1_102' title="bbox 248 5446 1832 5520; baseline -0.002 -16"><span class='ocrx_word' id='word_1_820' title='bbox 248 5450 334 5504; x_wconf 86' lang='lat' dir='ltr'><strong><em>nis</em></strong></span> <span class='ocrx_word' id='word_1_821' title='bbox 366 5458 546 5505; x_wconf 91' lang='lat' dir='ltr'><strong><em>autem</em></strong></span> <span class='ocrx_word' id='word_1_822' title='bbox 588 5446 770 5505; x_wconf 84' lang='lat' dir='ltr'><strong><em>omcio</em></strong></span> <span class='ocrx_word' id='word_1_823' title='bbox 810 5456 1116 5520; x_wconf 86' lang='lat' dir='ltr'><strong><em>pergentes,</em></strong></span> <span class='ocrx_word' id='word_1_824' title='bbox 1148 5447 1275 5517; x_wconf 85' lang='lat' dir='ltr'><strong><em>quia</em></strong></span> <span class='ocrx_word' id='word_1_825' title='bbox 1313 5447 1487 5502; x_wconf 92' lang='lat' dir='ltr'><strong><em>solum</em></strong></span> <span class='ocrx_word' id='word_1_826' title='bbox 1534 5446 1832 5519; x_wconf 90' lang='lat' dir='ltr'><strong><em>spiritalem</em></strong></span> 
     </span>
    </p>
   </div>
   <div class='ocr_carea' id='block_1_103' title="bbox 249 5538 1830 5611">
    <p class='ocr_par' dir='ltr' id='par_1_103' title="bbox 249 5538 1830 5611">
     <span class='ocr_line' id='line_1_103' title="bbox 249 5538 1830 5611; baseline -0.003 -13"><span class='ocrx_word' id='word_1_827' title='bbox 249 5556 471 5598; x_wconf 85' lang='lat' dir='ltr'><strong><em>sensum</em></strong></span> <span class='ocrx_word' id='word_1_828' title='bbox 499 5556 685 5597; x_wconf 90' lang='lat' dir='ltr'><strong><em>secum</em></strong></span> <span class='ocrx_word' id='word_1_829' title='bbox 719 5540 919 5597; x_wconf 90' lang='lat' dir='ltr'><strong><em>debent</em></strong></span> <span class='ocrx_word' id='word_1_830' title='bbox 945 5541 1164 5607; x_wconf 90' lang='lat' dir='ltr'><strong><em>ducere,</em></strong></span> <span class='ocrx_word' id='word_1_831' title='bbox 1197 5554 1361 5594; x_wconf 69' lang='lat' dir='ltr'><strong><em>utrum</em></strong></span> <span class='ocrx_word' id='word_1_832' title='bbox 1406 5538 1474 5595; x_wconf 90' lang='lat' dir='ltr'><strong><em>de</em></strong></span> <span class='ocrx_word' id='word_1_833' title='bbox 1503 5540 1683 5611; x_wconf 90' lang='lat' dir='ltr'><strong><em>pueris</em></strong></span> <span class='ocrx_word' id='word_1_834' title='bbox 1723 5539 1830 5594; x_wconf 91' lang='lat' dir='ltr'><strong><em>tol-</em></strong></span> 
     </span>
    </p>
   </div>
   <div class='ocr_carea' id='block_1_104' title="bbox 251 5630 1833 5703">
    <p class='ocr_par' dir='ltr' id='par_1_104' title="bbox 251 5630 1833 5703">
     <span class='ocr_line' id='line_1_104' title="bbox 251 5630 1833 5703; baseline 0 -15"><span class='ocrx_word' id='word_1_835' title='bbox 251 5632 367 5689; x_wconf 90' lang='lat' dir='ltr'><strong><em>lere</em></strong></span> <span class='ocrx_word' id='word_1_836' title='bbox 397 5631 423 5671; x_wconf 74' lang='grc' dir='ltr'>δ</span> <span class='ocrx_word' id='word_1_837' title='bbox 457 5632 736 5703; x_wconf 76' lang='lat' dir='ltr'><strong><em>iubentur.</em></strong></span> <span class='ocrx_word' id='word_1_838' title='bbox 786 5630 962 5687; x_wconf 86' lang='lat' dir='ltr'><strong><em>Unum</em></strong></span> <span class='ocrx_word' id='word_1_839' title='bbox 992 5646 1229 5701; x_wconf 83' lang='lat' dir='ltr'><strong><em>namque</em></strong></span> <span class='ocrx_word' id='word_1_840' title='bbox 1273 5645 1503 5701; x_wconf 88' lang='lat' dir='ltr'><strong><em>puerum</em></strong></span> <span class='ocrx_word' id='word_1_841' title='bbox 1545 5632 1706 5697; x_wconf 89' lang='lat' dir='ltr'><strong><em>tollit,</em></strong></span> <span class='ocrx_word' id='word_1_842' title='bbox 1738 5631 1833 5701; x_wconf 83' lang='lat' dir='ltr'><strong><em>qui</em></strong></span> 
     </span>
    </p>
   </div>
   <div class='ocr_carea' id='block_1_105' title="bbox 250 5721 1833 5795">
    <p class='ocr_par' dir='ltr' id='par_1_105' title="bbox 250 5721 1833 5795">
     <span class='ocr_line' id='line_1_105' title="bbox 250 5721 1833 5795; baseline -0.003 -14"><span class='ocrx_word' id='word_1_843' title='bbox 250 5723 382 5781; x_wconf 88' lang='lat' dir='ltr'><strong><em>dum</em></strong></span> <span class='ocrx_word' id='word_1_844' title='bbox 409 5723 477 5779; x_wconf 87' lang='lat' dir='ltr'><strong><em>ad</em></strong></span> <span class='ocrx_word' id='word_1_845' title='bbox 505 5723 851 5795; x_wconf 83' lang='lat' dir='ltr'><strong><em>praebendum</em></strong></span> <span class='ocrx_word' id='word_1_846' title='bbox 881 5722 999 5777; x_wconf 89' lang='lat' dir='ltr'><strong><em>aliis</em></strong></span> <span class='ocrx_word' id='word_1_847' title='bbox 1035 5722 1261 5777; x_wconf 84' lang='lat' dir='ltr'><strong><em>formam</em></strong></span> <span class='ocrx_word' id='word_1_848' title='bbox 1300 5721 1513 5777; x_wconf 86' lang='lat' dir='ltr'><strong><em>vivendi</em></strong></span> <span class='ocrx_word' id='word_1_849' title='bbox 1553 5722 1746 5793; x_wconf 86' lang='lat' dir='ltr'><strong><em>pergit,</em></strong></span> <span class='ocrx_word' id='word_1_850' title='bbox 1777 5721 1833 5776; x_wconf 91' lang='lat' dir='ltr'><strong><em>in</em></strong></span> 
     </span>
    </p>
   </div>
   <div class='ocr_carea' id='block_1_106' title="bbox 330 5835 1825 5913">
    <p class='ocr_par' dir='ltr' id='par_1_106' title="bbox 330 5835 1825 5913">
     <span class='ocr_line' id='line_1_106' title="bbox 330 5835 1825 5913; baseline -0.004 -17"><span class='ocrx_word' id='word_1_851' title='bbox 330 5849 350 5877; x_wconf 75' lang='grc' dir='ltr'><strong>δ</strong></span> <span class='ocrx_word' id='word_1_852' title='bbox 394 5840 502 5896; x_wconf 79' lang='lat' dir='ltr'><strong><em>Alii</em></strong></span> <span class='ocrx_word' id='word_1_853' title='bbox 548 5842 677 5898; x_wconf 89' lang='lat' dir='ltr'><strong><em>editi</em></strong></span> <span class='ocrx_word' id='word_1_854' title='bbox 703 5846 975 5913; x_wconf 90' lang='lat' dir='ltr'><strong><em>corrupte,</em></strong></span> <span class='ocrx_word' id='word_1_855' title='bbox 1019 5836 1089 5893; x_wconf 85' lang='lat' dir='ltr'><strong><em>ad</em></strong></span> <span class='ocrx_word' id='word_1_856' title='bbox 1126 5835 1401 5893; x_wconf 81' lang='lat' dir='ltr'><strong><em>divisiones</em></strong></span> <span class='ocrx_word' id='word_1_857' title='bbox 1441 5839 1726 5909; x_wconf 87' lang='lat' dir='ltr'><strong><em>gratiarum</em></strong></span> <span class='ocrx_word' id='word_1_858' title='bbox 1774 5844 1825 5891; x_wconf 89' lang='lat' dir='ltr'><strong><em>et</em></strong></span> 
     </span>
    </p>
   </div>
   <div class='ocr_carea' id='block_1_107' title="bbox 256 5922 401 5974">
    <p class='ocr_par' dir='ltr' id='par_1_107' title="bbox 256 5922 401 5974">
     <span class='ocr_line' id='line_1_107' title="bbox 256 5922 401 5974; baseline 0.048 -7"><span class='ocrx_word' id='word_1_859' title='bbox 256 5922 401 5974; x_wconf 78' lang='lat' dir='ltr'><strong><em>revel</em></strong></span> 
     </span>
    </p>
   </div>
   <div class='ocr_carea' id='block_1_108' title="bbox 1931 4800 3518 4874">
    <p class='ocr_par' dir='ltr' id='par_1_108' title="bbox 1931 4800 3518 4874">
     <span class='ocr_line' id='line_1_108' title="bbox 1931 4800 3518 4874; baseline 0.002 -18"><span class='ocrx_word' id='word_1_860' title='bbox 1931 4802 2145 4874; x_wconf 89' lang='lat' dir='ltr'><strong><em>placere</em></strong></span> <span class='ocrx_word' id='word_1_861' title='bbox 2172 4800 2479 4870; x_wconf 88' lang='lat' dir='ltr'><strong><em>cogitabant</em></strong></span> <span class='ocrx_word' id='word_1_862' title='bbox 2503 4818 2517 4855; x_wconf 91' lang='lat'><strong><em>:</em></strong></span> <span class='ocrx_word' id='word_1_863' title='bbox 2549 4809 2605 4857; x_wconf 92' lang='lat' dir='ltr'><strong><em>et</em></strong></span> <span class='ocrx_word' id='word_1_864' title='bbox 2631 4802 2949 4872; x_wconf 90' lang='lat' dir='ltr'><strong><em>plerumque</em></strong></span> <span class='ocrx_word' id='word_1_865' title='bbox 2977 4804 3151 4873; x_wconf 89' lang='lat' dir='ltr'><strong><em>agitur</em></strong></span> <span class='ocrx_word' id='word_1_866' title='bbox 3175 4846 3189 4872; x_wconf 93' lang='lat'><strong><em>,</em></strong></span> <span class='ocrx_word' id='word_1_867' title='bbox 3224 4813 3283 4859; x_wconf 93' lang='lat' dir='ltr'><strong><em>ut</em></strong></span> <span class='ocrx_word' id='word_1_868' title='bbox 3307 4806 3383 4859; x_wconf 86' lang='lat' dir='ltr'><strong><em>sic</em></strong></span> <span class='ocrx_word' id='word_1_869' title='bbox 3420 4820 3518 4860; x_wconf 85' lang='lat' dir='ltr'><strong><em>no-</em></strong></span> 
     </span>
    </p>
   </div>
   <div class='ocr_carea' id='block_1_109' title="bbox 1933 4897 3517 4968">
    <p class='ocr_par' dir='ltr' id='par_1_109' title="bbox 1933 4897 3517 4968">
     <span class='ocr_line' id='line_1_109' title="bbox 1933 4897 3517 4968; baseline -0.001 -14"><span class='ocrx_word' id='word_1_870' title='bbox 1933 4912 2121 4954; x_wconf 89' lang='lat' dir='ltr'><strong><em>vorum</em></strong></span> <span class='ocrx_word' id='word_1_871' title='bbox 2152 4897 2563 4968; x_wconf 74' lang='lat' dir='ltr'><strong><em>praedicatorum</em></strong></span> <span class='ocrx_word' id='word_1_872' title='bbox 2602 4898 2767 4953; x_wconf 87' lang='lat' dir='ltr'><strong><em>corda</em></strong></span> <span class='ocrx_word' id='word_1_873' title='bbox 2792 4908 3120 4967; x_wconf 84' lang='lat' dir='ltr'><strong><em>terreantur,</em></strong></span> <span class='ocrx_word' id='word_1_874' title='bbox 3162 4909 3220 4955; x_wconf 92' lang='lat' dir='ltr'><strong><em>ut</em></strong></span> <span class='ocrx_word' id='word_1_875' title='bbox 3244 4901 3355 4968; x_wconf 89' lang='lat' dir='ltr'><strong><em>jam</em></strong></span> <span class='ocrx_word' id='word_1_876' title='bbox 3388 4915 3517 4968; x_wconf 87' lang='lat' dir='ltr'><strong><em>pro-</em></strong></span> 
     </span>
    </p>
   </div>
   <div class='ocr_carea' id='block_1_110' title="bbox 1933 4987 3519 5059">
    <p class='ocr_par' dir='ltr' id='par_1_110' title="bbox 1933 4987 3519 5059">
     <span class='ocr_line' id='line_1_110' title="bbox 1933 4987 3519 5059; baseline 0.001 -16"><span class='ocrx_word' id='word_1_877' title='bbox 1933 4996 2138 5059; x_wconf 90' lang='lat' dir='ltr'><strong><em>ponant</em></strong></span> <span class='ocrx_word' id='word_1_878' title='bbox 2162 4987 2401 5058; x_wconf 83' lang='lat' dir='ltr'><strong><em>ejusdem</em></strong></span> <span class='ocrx_word' id='word_1_879' title='bbox 2444 4988 2840 5059; x_wconf 79' lang='lat' dir='ltr'><strong><em>praedicationis</em></strong></span> <span class='ocrx_word' id='word_1_880' title='bbox 2878 4988 3115 5043; x_wconf 80' lang='lat' dir='ltr'><strong><em>ofﬁcium</em></strong></span> <span class='ocrx_word' id='word_1_881' title='bbox 3161 4989 3431 5055; x_wconf 81' lang='lat' dir='ltr'><strong><em>deserere,</em></strong></span> <span class='ocrx_word' id='word_1_882' title='bbox 3463 4997 3519 5044; x_wconf 90' lang='lat' dir='ltr'><strong><em>et</em></strong></span> 
     </span>
    </p>
   </div>
   <div class='ocr_carea' id='block_1_111' title="bbox 1938 5078 3299 5151">
    <p class='ocr_par' dir='ltr' id='par_1_111' title="bbox 1938 5078 3299 5151">
     <span class='ocr_line' id='line_1_111' title="bbox 1938 5078 3299 5151; baseline -0.001 -16"><span class='ocrx_word' id='word_1_883' title='bbox 1938 5080 2049 5137; x_wconf 90' lang='lat' dir='ltr'><strong><em>Deo</em></strong></span> <span class='ocrx_word' id='word_1_884' title='bbox 2074 5096 2171 5151; x_wconf 91' lang='lat' dir='ltr'><strong><em>per</em></strong></span> <span class='ocrx_word' id='word_1_885' title='bbox 2190 5080 2469 5135; x_wconf 79' lang='lat' dir='ltr'><strong><em>silentium</em></strong></span> <span class='ocrx_word' id='word_1_886' title='bbox 2496 5095 2708 5135; x_wconf 86' lang='lat' dir='ltr'><strong><em>vacare.</em></strong></span> <span class='ocrx_word' id='word_1_887' title='bbox 2741 5080 2919 5146; x_wconf 87' lang='lat' dir='ltr'><strong><em>Quare</em></strong></span> <span class='ocrx_word' id='word_1_888' title='bbox 2943 5087 2999 5135; x_wconf 89' lang='lat' dir='ltr'><strong><em>et</em></strong></span> <span class='ocrx_word' id='word_1_889' title='bbox 3019 5078 3299 5135; x_wconf 85' lang='lat' dir='ltr'><strong><em>subditur:</em></strong></span> 
     </span>
    </p>
   </div>
   <div class='ocr_carea' id='block_1_112' title="bbox 2010 5169 3519 5243">
    <p class='ocr_par' dir='ltr' id='par_1_112' title="bbox 2010 5169 3519 5243">
     <span class='ocr_line' id='line_1_112' title="bbox 2010 5169 3519 5243; baseline -0.001 -18"><span class='ocrx_word' id='word_1_890' title='bbox 2010 5170 2187 5242; x_wconf 89' lang='lat' dir='ltr'><strong><em>(Vers.</em></strong></span> <span class='ocrx_word' id='word_1_891' title='bbox 2220 5169 2299 5243; x_wconf 83' lang='lat'><strong>5.)</strong></span> <span class='ocrx_word' id='word_1_892' title='bbox 2340 5169 2466 5225; x_wconf 90' lang='lat' dir='ltr'><strong><em>Cum</em></strong></span> <span class='ocrx_word' id='word_1_893' title='bbox 2506 5181 2676 5224; x_wconf 86' lang='lat' dir='ltr'><strong><em>autem</em></strong></span> <span class='ocrx_word' id='word_1_894' title='bbox 2705 5171 2921 5225; x_wconf 81' lang='lat' dir='ltr'><strong><em>venisset</em></strong></span> <span class='ocrx_word' id='word_1_895' title='bbox 2950 5171 3005 5224; x_wconf 92' lang='lat' dir='ltr'><strong><em>in</em></strong></span> <span class='ocrx_word' id='word_1_896' title='bbox 3049 5180 3240 5224; x_wconf 87' lang='lat' dir='ltr'><strong><em>terram</em></strong></span> <span class='ocrx_word' id='word_1_897' title='bbox 3266 5170 3439 5241; x_wconf 87' lang='lat' dir='ltr'><strong><em>Zuph,</em></strong></span> <span class='ocrx_word' id='word_1_898' title='bbox 3469 5178 3519 5225; x_wconf 88' lang='lat' dir='ltr'><strong><em>et</em></strong></span> 
     </span>
    </p>
   </div>
   <div class='ocr_carea' id='block_1_113' title="bbox 1937 5261 3519 5332">
    <p class='ocr_par' dir='ltr' id='par_1_113' title="bbox 1937 5261 3519 5332">
     <span class='ocr_line' id='line_1_113' title="bbox 1937 5261 3519 5332; baseline -0.001 -16"><span class='ocrx_word' id='word_1_899' title='bbox 1937 5277 2042 5316; x_wconf 89' lang='lat' dir='ltr'><strong><em>non</em></strong></span> <span class='ocrx_word' id='word_1_900' title='bbox 2072 5264 2368 5328; x_wconf 86' lang='lat' dir='ltr'><strong><em>invenisset,</em></strong></span> <span class='ocrx_word' id='word_1_901' title='bbox 2393 5262 2526 5316; x_wconf 73' lang='lat' dir='ltr'><strong><em>dixit</em></strong></span> <span class='ocrx_word' id='word_1_902' title='bbox 2549 5261 2682 5317; x_wconf 86' lang='lat' dir='ltr'><strong><em>Saul</em></strong></span> <span class='ocrx_word' id='word_1_903' title='bbox 2710 5262 2780 5316; x_wconf 86' lang='lat' dir='ltr'><strong><em>ad</em></strong></span> <span class='ocrx_word' id='word_1_904' title='bbox 2805 5278 3017 5332; x_wconf 86' lang='lat' dir='ltr'><strong><em>puerum</em></strong></span> <span class='ocrx_word' id='word_1_905' title='bbox 3045 5278 3233 5317; x_wconf 88' lang='lat' dir='ltr'><strong><em>suum:</em></strong></span> <span class='ocrx_word' id='word_1_906' title='bbox 3270 5262 3418 5327; x_wconf 84' lang='lat' dir='ltr'><strong><em>Veni,</em></strong></span> <span class='ocrx_word' id='word_1_907' title='bbox 3443 5278 3519 5315; x_wconf 85' lang='lat' dir='ltr'><strong><em>re-</em></strong></span> 
     </span>
    </p>
   </div>
   <div class='ocr_carea' id='block_1_114' title="bbox 1936 5354 3519 5426">
    <p class='ocr_par' dir='ltr' id='par_1_114' title="bbox 1936 5354 3519 5426">
     <span class='ocr_line' id='line_1_114' title="bbox 1936 5354 3519 5426; baseline -0.001 -16"><span class='ocrx_word' id='word_1_908' title='bbox 1936 5366 2213 5422; x_wconf 80' lang='lat' dir='ltr'><strong><em>vertamur,</em></strong></span> <span class='ocrx_word' id='word_1_909' title='bbox 2244 5372 2309 5410; x_wconf 90' lang='lat' dir='ltr'><strong><em>ne</em></strong></span> <span class='ocrx_word' id='word_1_910' title='bbox 2336 5358 2467 5426; x_wconf 82' lang='lat' dir='ltr'><strong><em>forte</em></strong></span> <span class='ocrx_word' id='word_1_911' title='bbox 2488 5356 2740 5409; x_wconf 86' lang='lat' dir='ltr'><strong><em>dimiserit</em></strong></span> <span class='ocrx_word' id='word_1_912' title='bbox 2758 5362 2906 5426; x_wconf 80' lang='lat' dir='ltr'><strong><em>pater</em></strong></span> <span class='ocrx_word' id='word_1_913' title='bbox 2919 5370 3063 5409; x_wconf 87' lang='lat' dir='ltr'><strong><em>meus</em></strong></span> <span class='ocrx_word' id='word_1_914' title='bbox 3086 5356 3283 5421; x_wconf 80' lang='lat' dir='ltr'><strong><em>asinus,</em></strong></span> <span class='ocrx_word' id='word_1_915' title='bbox 3305 5365 3351 5409; x_wconf 88' lang='lat' dir='ltr'><strong><em>et</em></strong></span> <span class='ocrx_word' id='word_1_916' title='bbox 3373 5354 3519 5409; x_wconf 85' lang='lat' dir='ltr'><strong><em>solli-</em></strong></span> 
     </span>
    </p>
   </div>
   <div class='ocr_carea' id='block_1_115' title="bbox 1938 5446 2466 5516">
    <p class='ocr_par' dir='ltr' id='par_1_115' title="bbox 1938 5446 2466 5516">
     <span class='ocr_line' id='line_1_115' title="bbox 1938 5446 2466 5516; baseline -0.002 -17"><span class='ocrx_word' id='word_1_917' title='bbox 1938 5447 2067 5499; x_wconf 85' lang='lat' dir='ltr'><strong><em>citus</em></strong></span> <span class='ocrx_word' id='word_1_918' title='bbox 2093 5447 2160 5498; x_wconf 86' lang='lat' dir='ltr'><strong><em>sit</em></strong></span> <span class='ocrx_word' id='word_1_919' title='bbox 2179 5462 2271 5516; x_wconf 85' lang='lat' dir='ltr'><strong><em>pro</em></strong></span> <span class='ocrx_word' id='word_1_920' title='bbox 2299 5446 2466 5500; x_wconf 85' lang='lat' dir='ltr'><strong><em>nobis.</em></strong></span> 
     </span>
    </p>
   </div>
   <div class='ocr_carea' id='block_1_116' title="bbox 2007 5533 3517 5610">
    <p class='ocr_par' dir='ltr' id='par_1_116' title="bbox 2007 5533 3517 5610">
     <span class='ocr_line' id='line_1_116' title="bbox 2007 5533 3517 5610; baseline 0.001 -21"><span class='ocrx_word' id='word_1_921' title='bbox 2007 5535 2097 5590; x_wconf 70' lang='grc'><strong><em>25.</em></strong></span> <span class='ocrx_word' id='word_1_922' title='bbox 2138 5536 2218 5589; x_wconf 87' lang='lat' dir='ltr'><strong><em>Ad</em></strong></span> <span class='ocrx_word' id='word_1_923' title='bbox 2264 5545 2473 5608; x_wconf 89' lang='lat' dir='ltr'><strong><em>patrem</em></strong></span> <span class='ocrx_word' id='word_1_924' title='bbox 2520 5535 2719 5590; x_wconf 88' lang='lat' dir='ltr'><strong><em>reverti</em></strong></span> <span class='ocrx_word' id='word_1_925' title='bbox 2748 5533 3030 5604; x_wconf 85' lang='lat' dir='ltr'><strong><em>deliberat,</em></strong></span> <span class='ocrx_word' id='word_1_926' title='bbox 3079 5536 3173 5607; x_wconf 90' lang='lat' dir='ltr'><strong><em>qui</em></strong></span> <span class='ocrx_word' id='word_1_927' title='bbox 3217 5536 3517 5610; x_wconf 86' lang='lat' dir='ltr'><strong><em>postposita</em></strong></span> 
     </span>
    </p>
   </div>
   <div class='ocr_carea' id='block_1_117' title="bbox 1938 5627 3516 5701">
    <p class='ocr_par' dir='ltr' id='par_1_117' title="bbox 1938 5627 3516 5701">
     <span class='ocr_line' id='line_1_117' title="bbox 1938 5627 3516 5701; baseline 0.002 -16"><span class='ocrx_word' id='word_1_928' title='bbox 1938 5628 2235 5685; x_wconf 89' lang='lat' dir='ltr'><strong><em>intentione</em></strong></span> <span class='ocrx_word' id='word_1_929' title='bbox 2250 5628 2664 5699; x_wconf 82' lang='lat' dir='ltr'><strong><em>praedicationis,</em></strong></span> <span class='ocrx_word' id='word_1_930' title='bbox 2682 5627 2794 5683; x_wconf 89' lang='lat' dir='ltr'><strong><em>Deo</em></strong></span> <span class='ocrx_word' id='word_1_931' title='bbox 2812 5643 3003 5685; x_wconf 88' lang='lat' dir='ltr'><strong><em>vacare</em></strong></span> <span class='ocrx_word' id='word_1_932' title='bbox 3016 5631 3218 5701; x_wconf 88' lang='lat' dir='ltr'><strong><em>appetit</em></strong></span> <span class='ocrx_word' id='word_1_933' title='bbox 3238 5631 3290 5686; x_wconf 88' lang='lat' dir='ltr'><strong><em>in</em></strong></span> <span class='ocrx_word' id='word_1_934' title='bbox 3303 5639 3516 5688; x_wconf 87' lang='lat' dir='ltr'><strong><em>secreto</em></strong></span> 
     </span>
    </p>
   </div>
   <div class='ocr_carea' id='block_1_118' title="bbox 1939 5718 3516 5795">
    <p class='ocr_par' dir='ltr' id='par_1_118' title="bbox 1939 5718 3516 5795">
     <span class='ocr_line' id='line_1_118' title="bbox 1939 5718 3516 5795; baseline 0.002 -18"><span class='ocrx_word' id='word_1_935' title='bbox 1939 5720 2159 5777; x_wconf 86' lang='lat' dir='ltr'><strong><em>silentii.</em></strong></span> <span class='ocrx_word' id='word_1_936' title='bbox 2209 5719 2428 5775; x_wconf 82' lang='lat' dir='ltr'><strong><em>Reverti</em></strong></span> <span class='ocrx_word' id='word_1_937' title='bbox 2471 5719 2689 5788; x_wconf 82' lang='lat' dir='ltr'><strong><em>quidem</em></strong></span> <span class='ocrx_word' id='word_1_938' title='bbox 2737 5718 2963 5794; x_wconf 87' lang='lat' dir='ltr'><strong><em>dicitur,</em></strong></span> <span class='ocrx_word' id='word_1_939' title='bbox 3010 5723 3103 5795; x_wconf 92' lang='lat' dir='ltr'><strong><em>qui</em></strong></span> <span class='ocrx_word' id='word_1_940' title='bbox 3150 5724 3342 5784; x_wconf 78' lang='lat' dir='ltr'><strong><em>missus</em></strong></span> <span class='ocrx_word' id='word_1_941' title='bbox 3386 5732 3516 5780; x_wconf 83' lang='lat' dir='ltr'><strong><em>ante</em></strong></span> 
     </span>
    </p>
   </div>
   <div class='ocr_carea' id='block_1_119' title="bbox 2002 5832 2769 5906">
    <p class='ocr_par' dir='ltr' id='par_1_119' title="bbox 2002 5832 2769 5906">
     <span class='ocr_line' id='line_1_119' title="bbox 2002 5832 2769 5906; baseline 0.004 -15"><span class='ocrx_word' id='word_1_942' title='bbox 2002 5835 2029 5875; x_wconf 71' lang='grc' dir='ltr'>δ</span> <span class='ocrx_word' id='word_1_943' title='bbox 2070 5835 2216 5893; x_wconf 85' lang='lat' dir='ltr'><strong><em>Gilot</em></strong></span> <span class='ocrx_word' id='word_1_944' title='bbox 2236 5841 2293 5891; x_wconf 91' lang='lat' dir='ltr'><strong><em>et</em></strong></span> <span class='ocrx_word' id='word_1_945' title='bbox 2320 5832 2517 5901; x_wconf 78' lang='lat' dir='ltr'><strong><em>Vatic.,</em></strong></span> <span class='ocrx_word' id='word_1_946' title='bbox 2540 5832 2769 5906; x_wconf 84' lang='lat' dir='ltr'><strong><em>jubetur.</em></strong></span> 
     </span>
    </p>
   </div>
  </div>
