4020 6344
489 466 587 523 251

1675 445 1921 506 SANCTI
1958 437 2285 497 GREGORH
2323 438 2534 494 MAGNI

3669 429 3776 486 252

489 586 819 661 perhibetur.
850 579 1017 651 Quasi
1044 578 1191 636 enim
1218 587 1403 635 coram
1424 581 1581 648 patre
1607 534 1735 630 sunt
1760 569 1874 637 filii,
1898 580 2075 639 quan-
2100 559 2153 624 Δ
2177 559 2441 631 spirituali
2470 558 2649 616 sensui
2675 556 3035 629 perfectorum
3064 552 3477 625 praedicatorum
3504 548 3771 617 magiste-

489 684 558 739 do
589 681 745 737 electi
773 680 873 735 viri
900 679 1257 733 immorantur
1284 673 1338 729 in
1371 680 1584 727 secreta
1613 663 2073 737 contemplatione

489 770 884 841 Redemptoris.
914 768 1285 829 Revertuntur
1312 764 1519 834 itaque,
1550 758 1767 833 quando
1796 771 1825 811 a
1858 754 2075 827 publico

488 876 689 924 sanctae
744 865 1144 937 praedicationis
1195 863 1416 918 veniunt
1469 860 1539 915 ad
1588 855 1833 913 rimando
1882 853 2079 923 gaudia

490 967 705 1014 aeternae
733 956 1014 1013 claritatis.
1044 954 1153 1010 Sed
1181 953 1306 1025 quia
1328 952 1499 1009 sancti
1531 950 1630 1005 viri
1659 948 1791 1003 nihil
1811 953 1976 1015 agunt
2000 944 2079 998 in-

491 1048 746 1117 consulti,
773 1046 903 1103 Saul
928 1045 996 1101 de
1020 1044 1333 1101 reversione
1359 1043 1425 1097 ad
1452 1046 1661 1113 patrem
1690 1050 1917 1109 puerum
1947 1050 2081 1088 eon-

491 1143 676 1201 suluit.
724 1141 877 1197 Tunc
921 1154 1154 1211 namque
1199 1151 1425 1208 puerum
1455 1133 1811 1196 consulimus,
1863 1126 2080 1199 quando

494 1236 703 1293 intenta
733 1243 917 1291 mente
958 1231 1299 1304 providemus
1322 1268 1337 1295 ,
1392 1236 1453 1283 ut
1482 1226 1629 1297 quod
1669 1233 1938 1279 tentamus
1976 1217 2084 1274 dis-

494 1341 724 1399 ponere,
754 1340 788 1381 a
814 1324 1075 1396 spirituali
1120 1336 1283 1377 sensu
1331 1335 1439 1376 non
1480 1319 1676 1375 debeat
1719 1314 1954 1371 dill‘erre.
2005 1308 2085 1364 Ad

497 1428 709 1492 patrem
734 1419 933 1490 quippe
952 1415 1148 1471 reverti
1169 1415 1527 1484 disposuerat,
1552 1411 1643 1481 qui
1667 1408 1908 1465 dicebat:
1938 1404 2082 1470 Dixi,

498 1512 788 1568 custodiam
816 1511 925 1564 vias
946 1524 1106 1573 meas,
1136 1516 1193 1559 ut
1222 1522 1327 1561 non
1347 1504 1639 1573 delinquant
1662 1504 1717 1556 in
1739 1502 1916 1572 lingua
1939 1512 2085 1551 mea:

498 1603 664 1667 Ροδυὶ
674 1603 753 1658 ori
766 1616 876 1655 meo
888 1600 1194 1664 custodiam,
1212 1614 1327 1652 cum
1341 1598 1640 1652 consisteret
1651 1604 1891 1663 peccator
1905 1600 2087 1645 contra

497 1716 581 1755 nte
605 1698 771 1770 (Psal.
801 1712 1020 1762 xxxvtu,
1040 1695 1091 1761 ι,
1110 1695 1187 1763 2).
1209 1693 1480 1749 Adversus
1501 1692 1880 1762 praedicatores
1903 1700 2091 1757 pecca-

505 1800 590 1848 tor
610 1790 872 1855 consistit,
896 1788 1111 1859 quando
1123 1788 1191 1843 ad
1204 1786 1641 1857 praedicationem
1663 1798 1849 1838 eorum
1860 1823 1873 1849 ,
1891 1789 2092 1835 statum

496 1895 613 1939 suae
640 1879 939 1949 iniquitatis
967 1894 1078 1934 non
1107 1877 1324 1933 deserit.
1362 1876 1428 1930 Et
1455 1877 1581 1945 quia
1611 1884 1740 1929 tunc
1770 1873 2094 1944 praedicator

2178 656 2262 712 rio
2290 653 2484 723 subjici
2514 660 2827 711 monentur.
2862 650 2942 705 Ab
2967 650 3075 704 hoc
3103 662 3273 717 puero
3302 660 3404 701 nos
3428 642 3553 699 duci
3581 639 3777 696 admo-

2180 758 2309 817 net,
2339 748 2431 817 qui
2456 748 2586 804 dicit
2615 766 2625 799 ι
2659 747 2719 801 Si
2750 746 2937 816 spiritu
2965 740 3234 806 ducimini,
3261 756 3365 793 non
3394 736 3517 792 estis
3549 732 3643 790 sub
3668 734 3779 805 lege

2184 842 2327 915 (Gal.
2354 859 2407 907 v,
2457 836 2959 911 18).Quaerendum
3006 849 3137 889 vero
3176 840 3290 896 est,
3339 845 3437 885 cur
3477 827 3778 883 dubitative

2182 936 2431 993 dicatur:
2466 935 2525 989 Si
2558 937 2691 1005 forte
2715 932 2908 987 iudicet
2937 927 3084 987 nobis
3114 927 3177 981 de
3204 927 3286 981 uia
3314 932 3521 988 nostra,
3567 930 3779 990 propter

2182 1046 2338 1103 quam
2375 1028 2625 1084 venimus.
2658 1025 2766 1082 Sed
2793 1024 2919 1093 quia
2968 1020 3268 1093 spiritualia
3313 1018 3521 1075 discere
3553 1015 3781 1084 appetit,

2184 1125 2309 1193 quia
2354 1122 2590 1190 ingentia
2637 1119 2778 1175 dona
2812 1116 2973 1187 gestit
3015 1114 3267 1184 accipere
3303 1129 3316 1165 :
3351 1118 3531 1166 utrum
3575 1106 3781 1162 eisdem

2186 1216 2342 1272 donis
2370 1215 2443 1271 sit
2471 1213 2683 1282 dignus,
2713 1211 2855 1267 scire
2884 1224 2990 1264 non
3021 1214 3220 1277 potest.
3256 1203 3511 1259 Dubitare
3542 1212 3674 1267 ergo
3705 1198 3785 1250 in-

2186 1310 2344 1381 cipit,
2393 1306 2484 1377 qui
2512 1315 2622 1360 tam
2648 1318 2841 1373 magna
2867 1298 3170 1372 promereri
3201 1311 3261 1351 se
3298 1294 3411 1351 suis
3435 1292 3648 1348 meritis
3679 1306 3784 1345 non

2189 1399 2483 1471 praesumit.
2522 1395 2654 1461 Quae
2686 1392 2939 1448 nimirum
2967 1386 3234 1444 dubitatio
3282 1383 3474 1441 electis
3516 1383 3693 1439 oritur
3720 1396 3786 1434 ex

2190 1489 2390 1544 virtute
2421 1484 2758 1541 humilitatis.
2806 1480 2983 1547 Quare
3034 1484 3089 1532 et
3119 1474 3425 1532 comitantis
3470 1472 3625 1544 pueri
3658 1485 3791 1526 voce

2192 1582 2342 1640 Sauli
2372 1582 2611 1638 dicitur:
2646 1579 2709 1634 Si
2755 1580 2889 1648 forte
2928 1573 3123 1629 indicet
3162 1570 3310 1625 nobis
3357 1569 3422 1623 de
3461 1569 3547 1623 uia
3586 1573 3789 1622 nostra.

2193 1678 2330 1746 Quia
2352 1676 2605 1731 nimirum
2630 1670 2927 1744 spiritualis
2946 1683 3138 1727 sensus
3158 1680 3269 1719 non
3293 1666 3401 1717 alta
3423 1662 3580 1717 nobis
3601 1675 3793 1730 sapere

2196 1769 2465 1839 suggerit,
2498 1782 2606 1821 non
2638 1763 2897 1820 audacter
2926 1760 2994 1817 de
3034 1755 3394 1828 omnipotenti
3442 1754 3552 1809 Deo
3578 1768 3795 1823 praesu—

2200 1879 2370 1930 mere,
2393 1860 2488 1917 sed
2515 1859 2631 1929 ejus
2654 1859 2797 1913 dona
2826 1871 2947 1911 cum
2968 1865 3179 1909 summa
3209 1847 3383 1905 sancti
3409 1846 3615 1902 timoris
3640 1860 3799 1899 reve-

500 1977 554 2032 ei
576 1975 769 2041 silere,
801 1981 858 2029 et
897 1972 1010 2029 Deo
1047 1987 1240 2028 vacare
1264 1942 1539 2041 proponit,
1576 1977 1635 2023 ut
1671 1967 1739 2023 ad
1766 1942 1977 2038 patrem
2004 1981 2095 2021 re-
2126 1958 2172 2018 Β
2198 1958 2371 2015 rentia
2402 1956 2704 2028 postulare.
2752 1953 2946 2008 Merito
2973 1964 3102 2019 ergo
3133 1963 3266 2019 puer
3294 1946 3515 2007 dicitur,
3563 1942 3659 2013 qui
3698 1942 3798 1995 hu-

504 2068 659 2137 ,deat,
690 2065 1034 2122 obmutescit.
1057 2063 1165 2121 Sed
1195 2064 1319 2135 quia
1342 2078 1441 2134 per
1464 2060 1736 2119 silentium
1758 2059 2093 2115 voluntatem

503 2162 602 2222 Dei
633 2161 829 2216 melius
870 2160 1075 2227 didicit,
1107 2172 1203 2213 cor
1251 2157 1368 2227 ejus
1414 2156 1703 2222 concaluit,
1741 2162 1797 2209 et
1837 2151 2096 2209 exardes-

505 2263 665 2311 cente
693 2256 816 2324 igne
858 2255 1083 2310 internae
1107 2252 1494 2318 meditationis,
1546 2251 1760 2305 locutus
1785 2255 1887 2303 est.
1940 2245 2097 2314 Quod

510 2348 565 2403 in
595 2348 701 2404 hoc
743 2348 905 2403 etiam
947 2348 1068 2403 loco
1096 2346 1418 2410 ostenditur,
1464 2343 1586 2413 quia
1626 2341 1902 2397 consultus
1940 2353 2096 2410 puer,

514 2440 823 2498 consulenti
852 2454 910 2497 se
940 2438 1226 2494 consilium
1256 2436 1540 2507 impendit,
1583 2435 1770 2490 dicens
1796 2451 1809 2488 :

584 2554 765 2625 (Vers.
790 2552 869 2623 6.)
912 2550 1047 2606 Ecce
1086 2559 1161 2606 est
1190 2552 1267 2605 vir
1296 2548 1394 2604 Dei
1423 2550 1477 2603 in
1509 2550 1707 2603 civitate
1739 2549 1863 2611 hac,
1890 2548 1963 2600 vir
2003 2562 2101 2599 uo-

506 2645 644 2714 bilis,
677 2663 827 2702 omne
862 2646 999 2719 quod
1037 2646 1263 2715 loquitur
1309 2644 1498 2714 absque
1544 2640 1877 2713 ambiguitate
1921 2641 2099 2694 venit:

507 2755 645 2794 nunc
674 2755 797 2811 ergo
826 2754 1001 2793 eamus
1022 2737 1168 2801 illuc,
1197 2737 1241 2791 si
1263 2738 1397 2809 forte
1425 2734 1622 2790 indicet
1645 2732 1793 2788 nobis
1815 2732 1878 2785 de
1896 2730 1979 2785 via
2008 2745 2103 2784 no-

504 2840 618 2888 stra
646 2841 856 2904 propter
882 2849 1038 2905 quam
1065 2831 1316 2886 venimus.

578 2947 738 3019 205
765 2945 855 3002 24.
888 2930 1071 3002 Virum
1100 2944 1195 3000 Dei
1222 2943 1531 3000 Samuelem
1562 2941 1709 3010 dicit,
1740 2941 1791 2997 in
1818 2955 1924 3011 quo
1955 2954 2099 3010 prac-

512 3036 788 3093 dicatores
832 3046 1032 3093 sanctae
1078 3036 1334 3094 Ecclesiae
1386 3036 1656 3107 designari
1700 3035 1811 3105 jam
1848 3034 2103 3090 diximus.

509 3126 613 3197 Qui
634 3128 716 3183 vir
733 3129 949 3198 quidem
967 3128 1185 3195 dicitur,
1208 3144 1305 3199 pro
1327 3130 1631 3203 reverentia
1650 3137 1851 3183 sanctm
1875 3142 2105 3182 conver-

518 3219 765 3286 sationis,
796 3228 851 3273 et
872 3234 1032 3274 omne
1054 3220 1201 3290 quod
1230 3221 1491 3293 loquitur,
1520 3222 1725 3290 absque
1756 3218 2108 3288 ambiguitate

514 3313 701 3368 venire
722 3312 1038 3383 perhibetur
1066 3329 1079 3365 :
1106 3312 1231 3383 quia
1258 3313 1519 3385 quidquid
1539 3314 1777 3368 minatur
1804 3312 1871 3367 de
1892 3312 2105 3371 mternis

514 3402 810 3472 suppliciis,
836 3402 1097 3471 quidquid
1117 3403 1182 3458 de
1202 3410 1405 3465 aeterna
1429 3404 1612 3459 laetitia
1636 3401 1901 3475 promittit
1924 3403 2104 3472 justis,

515 3492 591 3549 ita
614 3501 673 3547 ut
697 3493 1000 3563 denuntiat,
1023 3501 1078 3548 et
1100 3494 1246 3565 impii
1269 3495 1493 3551 abibunt
1512 3495 1579 3550 ad
1603 3509 1842 3567 poenam,
1865 3504 1919 3549 et
1948 3495 2107 3550 electi

516 3586 582 3641 ad
620 3586 865 3653 gloriam.
918 3587 1019 3654 Qui
1049 3588 1211 3643 etiam
1254 3588 1310 3643 in
1340 3588 1559 3644 civitate
1602 3603 1721 3644 esse
1751 3588 2103 3659 perhibetur:

514 3680 640 3749 quia
672 3679 875 3736 electus
913 3688 1100 3750 pastor
1130 3681 1184 3735 in
1211 3682 1484 3741 communi
1521 3680 1781 3749 subjectae
1815 3680 1987 3751 plebis
2016 3696 2110 3741 cu-

516 3771 725 3837 stodia,
773 3788 988 3843 semper
1016 3772 1237 3839 vigilare
1276 3771 1641 3840 cognoscitur.
1680 3771 1740 3827 ln
1780 3770 1999 3827 civitate
2029 3779 2112 3826 est

518 3871 723 3938 pastor,
754 3862 879 3934 quia
909 3878 1031 3918 cum
1062 3861 1297 3919 custodit
1325 3861 1493 3930 alios,
1543 3862 1599 3917 in
1637 3877 1697 3917 se
1724 3862 1967 3917 munitus
2007 3869 2108 3917 est.

521 3953 675 4039 ynde
697 3961 751 4009 et
779 3971 878 4026 per
905 3954 1224 4026 prophetam
1256 3954 1308 4009 in
1338 3953 1578 4008 omnium
1605 3955 1842 4009 virorum
1870 3953 1965 4009 Dei
1992 3954 2110 4008 lau-

518 4048 691 4115 dibus,
719 4050 817 4105 sub
844 4048 1001 4104 unius
1029 4048 1393 4119 descriptione
1414 4047 1610 4104 dicitur
1637 4065 1650 4102 :
1682 4047 1747 4103 In
1776 4049 1995 4103 excelsis
2018 4049 2115 4103 Iza-

522 4136 669 4209 bitat,
698 4144 1016 4199 munimenta
1044 4159 1292 4198 saxorum
1311 4141 1600 4198 sublimitas
1626 4143 1737 4213 ejus
1766 4141 1901 4211 (lsa.
1924 4158 2114 4210 xxxnr,

523 4223 637 4321 i6).
691 4234 824 4291 Nam
854 4251 964 4305 quo
1012 4236 1176 4290 altius
1206 4234 1261 4289 in
1300 4242 1629 4290 aeternorum
1680 4235 1878 4288 civium
1909 4235 2118 4303 visione

524 4331 895 4401 suspenditur,
921 4344 989 4384 eo
1018 4340 1070 4384 et
1093 4329 1193 4385 sibi
1222 4328 1431 4397 fortior,
1458 4336 1512 4384 et
1533 4328 1795 4400 proximis
1819 4328 2004 4384 utilior
2034 4329 2115 4383 in-

524 4429 757 4483 venitur.

596 4529 686 4584 25.
716 4529 921 4586 Nobilis
949 4530 1113 4585 etiam
1134 4529 1371 4585 dicitur:
1402 4528 1531 4599 quia
1559 4544 1796 4600 superna
1823 4544 2115 4587 conversa-

525 4622 675 4679 tione
697 4624 1023 4692 conspicuus
1048 4630 1150 4688 est,
1169 4630 1224 4677 et
1252 4623 1320 4677 de
1350 4622 1634 4678 mundana:
1662 4622 1785 4678 vitae
1812 4625 2117 4681 rusticitate

2198 2052 2345 2107 milia
2392 2064 2607 2120 semper
2650 2048 2845 2103 docere
2875 2043 3220 2116 praedicatur.
3271 2038 3407 2092 Dum
3436 2050 3569 2105 ergo
3621 2034 3793 2088 dicit:

2198 2144 2395 2201 Ennius
2420 2142 2564 2205 illuc,
2594 2146 2651 2194 et
2678 2144 2903 2208 repente
2930 2131 3205 2202 subiungit
3230 2147 3243 2183 :
3270 2128 3331 2183 Si
3361 2131 3494 2199 forte
3514 2125 3712 2179 indicet
3739 2124 3799 2177 de

2198 2238 2283 2292 uia
2326 2243 2528 2299 nostra,
2560 2238 2750 2303 aperte
2776 2226 3011 2291 indicat,
3042 2224 3165 2292 quia
3204 2223 3462 2276 in'sensu
3501 2217 3797 2272 electorum

2200 2328 2295 2383 Dei
2322 2326 2541 2397 spiritus
2570 2328 2845 2393 operetur,
2876 2318 3001 2373 dum
3029 2316 3097 2370 ad
3124 2312 3427 2385 spiritualia
3454 2309 3597 2364 dona
3627 2321 3797 2376 expe-

2202 2420 2389 2487 tenda,
2421 2426 2477 2473 et
2506 2417 2702 2473 devote
2729 2427 2824 2470 eos
2844 2411 2973 2467 facit
3001 2407 3296 2475 accedere,
3343 2412 3397 2459 et
3433 2403 3501 2459 de
3530 2399 3802 2471 largitoris

2204 2513 2597 2586 omnipotentia
2621 2524 2815 2580 magna
2839 2518 2964 2563 cum
2987 2500 3293 2560 reverentia
3316 2496 3629 2555 formidem.
3650 2492 3803 2550 Unde

2204 2617 2261 2664 et
2283 2608 2378 2677 qni
2407 2622 2438 2661 a
2467 2605 2661 2676 spiritu
2691 2601 2922 2665 ducitur,
2962 2596 3203 2667 inopiam
3230 2594 3547 2648 meritorum
3572 2600 3801 2645 suorum

2206 2698 2482 2768 respicere
2511 2692 2845 2764 perhibetur,
2880 2703 3002 2744 cum
3029 2684 3282 2742 subditur
3311 2699 3326 2736 :

2281 2765 2472 2861 (\‘ers.
2504 2786 2583 2855 7.)
2616 2784 2863 2853 Dixitque
2912 2778 3042 2835 Saal
3073 2777 3140 2831 ad
3181 2789 3397 2847 puerum
3437 2784 3593 2827 suum
3621 2784 3639 2821 :
3674 2765 3805 2821 Ecce

2206 2881 2415 2945 ibimus,
2438 2878 2561 2950 quid
2591 2878 2814 2948 feremus
2838 2871 2907 2925 ad
2932 2868 3136 2925 virum?
3162 2866 3331 2920 ’Panis
3362 2863 3550 2934 defecit
3569 2862 3626 2915 in
3650 2860 3806 2913 sitar-

2209 2975 2303 3028 ciis
2332 2972 2546 3037 nostris,
2589 2977 2637 3023 et
2662 2965 2948 3038 sportulam
2986 2974 3089 3017 non
3121 2959 3386 3025 habemus,
3414 2964 3473 3009 ut
3501 2954 3683 3009 demus
3714 2951 3808 3006 lto-

2209 3067 2339 3120 mini
2365 3063 2487 3131 Dei,
2516 3078 2608 3115 nec
2630 3059 2909 3129 quidquam
2936 3053 3103 3109 aliud.

2283 3156 2372 3211 ‘26.
2407 3155 2619 3209 Habent
2646 3150 2927 3223 proprium
2957 3154 3168 3203 mentes
3212 3140 3519 3207 humilium,
3547 3145 3606 3193 ut
3641 3135 3809 3205 spiri~

2214 3250 2381 3306 tualia
2421 3248 2562 3302 dona
2588 3245 2854 3307 habeant,
2898 3240 2993 3297 sed
3024 3240 3077 3294 in
3107 3238 3173 3293 iis
3193 3250 3313 3306 quae
3336 3233 3567 3297 habent,
3613 3245 3675 3285 se
3703 3244 3809 3285 nou

2216 3342 2518 3399 attendant.
2545 3338 2682 3405 Quia
2714 3336 2857 3393 enim
2890 3350 2921 3389 a
2946 3333 3151 3404 Spiritu
3177 3336 3369 3385 sancto
3387 3328 3644 3381 virtutum
3672 3322 3809 3376 dona

2212 3435 2549 3509 percipiunt,
2597 3430 2719 3485 ideo
2757 3437 2978 3484 sanctus
3007 3424 3255 3495 spiritus,
3308 3419 3402 3489 qui
3430 3417 3571 3473 dona
3603 3412 3807 3475 tribuit,

2210 3540 2279 3587 'ea
2310 3530 2388 3585 eis
2418 3527 2485 3581 ab
2513 3522 2872 3580 aestimatione
2911 3519 3082 3583 tollit,
3114 3524 3174 3569 ut
3210 3514 3263 3569 in
3286 3513 3492 3567 virtute
3520 3520 3811 3564 conversa—

2214 3621 2379 3677 tionis
2423 3619 2539 3673 hane
2587 3616 2844 3678 habeant,
2891 3612 2945 3666 in
2976 3618 3185 3665 tumore
3215 3604 3467 3661 elationis
3512 3600 3678 3671 206
3708 3612 3810 3651 non

2216 3714 2470 3769 habeant.
2518 3709 2662 3764 Bene
2688 3720 2817 3775 ergo
2847 3703 2915 3758 de
2944 3701 3107 3756 Saule
3145 3696 3343 3754 dicitur
3368 3713 3380 3749 :
3408 3693 3483 3747 Ab
3516 3694 3731 3745 humero
3766 3696 3811 3741 et

2217 3820 2423 3861 sursum
2454 3798 2709 3855 eminebat
2748 3813 2901 3865 super
2940 3808 3141 3850 omnem
3181 3789 3447 3861 pupulum.
3480 3784 3551 3838 Et
3588 3784 3721 3836 dixit
3748 3782 3812 3832 ad

2215 3911 2431 3970 puerum
2460 3907 2650 3947 suum:
2687 3888 2848 3941 Panis
2893 3885 3080 3956 defecit
3126 3884 3183 3937 in
3231 3879 3455 3935 sitarciis
3497 3874 3715 3939 nostris,
3763 3881 3812 3924 et

2218 3964 2505 4061 sportulam
2531 3999 2633 4037 non
2657 3980 2899 4035 habemus
2924 3993 2942 4032 :
2964 3976 3091 4046 quia
3118 3972 3275 4029 electi
3303 3969 3423 4034 viri,
3450 3976 3505 4022 et
3533 3964 3602 4019 ad
3629 3964 3815 4033 dispo-

2219 4082 2455 4138 nendum
2485 4088 2683 4137 sanctm
2713 4075 2968 4131 Ecclesiae
2996 4072 3211 4127 culmen
3241 4068 3446 4133 idonei,
3476 4066 3527 4119 in
3554 4079 3621 4118 eo
3648 4062 3815 4117 etiam

2222 4190 2281 4231 se
2312 4190 2408 4245 per
2434 4172 2796 4227 humilitatem
2825 4178 3024 4238 parvos
3047 4160 3332 4233 aspiciunt,
3365 4158 3419 4213 in
3443 4170 3546 4226 quo
3576 4168 3676 4224 per
3701 4154 3823 4207 vir-

2223 4276 2393 4322 tutem
2424 4264 2605 4334 magni
2634 4270 2777 4319 sunt.
2806 4260 2873 4313 Et
2903 4271 3099 4329 panem
3125 4253 3342 4324 quidem
3369 4251 3433 4306 ad
3462 4247 3819 4305 refectionem

2221 4359 2461 4415 fidelium
2488 4362 2787 4412 animarum
2814 4353 3017 4408 habent
3047 4350 3102 4404 in
3145 4345 3413 4416 sapientia
3438 4341 3591 4397 verbi
3614 4382 3628 4406 ,
3658 4355 3819 4412 spor-

2221 4452 2392 4508 tulam
2422 4465 2553 4506 vero
2584 4450 2637 4504 in
2668 4444 2933 4502 memoria
2970 4442 3198 4497 internae
3246 4434 3636 4493 meditationis.
3689 4432 3820 4487 Cum

2224 4546 2369 4605 enim
2413 4560 2478 4601 ea
2508 4556 2631 4613 quae
2675 4541 2731 4595 in
2762 4544 2970 4594 secreta
2999 4532 3351 4589 meditatione
3396 4528 3680 4597 colligunt,
3711 4537 3821 4579 ser-

2222 4647 2352 4695 vant
2392 4638 2445 4691 in
2474 4633 2735 4690 memoria
2764 4630 2831 4685 ad
2859 4626 3222 4684 eruditionem
3250 4620 3512 4687 ﬁdelium,
3541 4616 3697 4672 velut
3721 4628 3817 4685 pa-

522 4719 655 4775 nihil
690 4717 872 4773 habet.
909 4716 1037 4771 lnde
1083 4717 1227 4771 enim
1257 4717 1453 4773 nobilis
1482 4717 1740 4784 cernitur,
1772 4719 1917 4774 unde
1960 4719 2112 4774 civis.
2142 4739 2199 4800 ι)
2221 4746 2345 4788 nem
2375 4731 2429 4784 ίη
2459 4726 2707 4799 Spw-mla
2747 4726 3042 4793 τεροηιιηι,
3094 4719 3172 4773 De
3214 4714 3298 4771 his
3332 4713 3476 4769 enim
3516 4709 3725 4781 sportis
3769 4708 3819 4761 in

521 4810 871 4867 Saecularium
900 4808 1098 4878 quippe
1127 4808 1424 4876 hominum,
1457 4810 1585 4879 quia
1614 4810 1762 4865 nulla
1791 4820 1873 4865 est.
1902 4825 2112 4865 morum

521 4903 872 4975 compositio,
915 4902 1069 4971 quasi
1098 4901 1151 4957 in
1190 4903 1557 4960 exterioribus
1588 4905 1723 4961 locis
1764 4905 1985 4970 nutriti,
2018 4920 2113 4959 ru-

522 4996 645 5050 stici
671 5003 815 5051 sunt.
846 4992 929 5048 Ex
970 5002 1233 5051 consueta
1263 5010 1496 5067 namque
1534 4994 1699 5049 animi
1746 4994 2111 5060 inhonestate,

522 5098 706 5159 turpes
746 5089 1026 5160 prolerunt
1056 5097 1236 5144 motus
1275 5090 1556 5160 corporis;
1588 5097 1642 5143 et
1666 5088 1812 5143 velut
1839 5086 1995 5141 valde
2021 5088 2116 5141 de-

522 5193 771 5251 generes,
796 5180 1011 5235 urbanae
1038 5180 1440 5235 censuetudinis
1459 5189 1670 5249 gestum
1698 5179 1962 5244 nesciunt,
1986 5178 2116 5235 dum

524 5289 621 5344 per
649 5288 809 5329 omne
838 5275 983 5343 quod
1012 5283 1197 5346 agunt,
1220 5276 1345 5332 vitae
1374 5290 1487 5332 suae
1509 5277 1745 5347 speciem
1771 5277 1977 5332 vilitate
2007 5284 2118 5331 ter-

523 5378 670 5420 rena:
699 5366 1048 5422 obscuritatis
1075 5368 1345 5438 operiunt.
1378 5367 1496 5435 Quo
1527 5376 1717 5423 contra
1761 5369 1861 5424 viri
1890 5369 1984 5424 Dei
2015 5383 2115 5422 no-

523 5454 664 5510 biles
710 5466 870 5521 sunt,
916 5458 1011 5528 qui
1049 5458 1175 5513 dum
1222 5458 1437 5515 fortiter
1483 5475 1582 5527 ea,
1613 5474 1735 5529 quae
1762 5459 1939 5514 divina
1969 5467 2114 5526 sunt,

530 5556 715 5615 agunt,
744 5550 797 5602 in
818 5551 963 5607 omni
992 5566 1090 5607 suo
1111 5566 1296 5623 opere,
1324 5568 1555 5623 superna
1584 5554 1704 5608 luce
1734 5552 2112 5623 resplendent:

529 5646 585 5694 et
614 5638 747 5694 nihil
774 5638 1219 5710 degenerositatis
1256 5643 1485 5713 habent,
1538 5645 1631 5716 qui
1683 5645 1733 5697 in
1761 5658 1951 5713 magna
1996 5644 2119 5698 luce

530 5734 708 5791 omnis
752 5749 866 5791 suae
894 5738 1317 5794 conversationis
1362 5738 1543 5795 radios
1573 5738 1853 5811 proferunt
1884 5736 2120 5792 caelestis

530 5826 774 5896 originis.
804 5824 883 5881 Ad
922 5828 1026 5884 hoc
1053 5843 1181 5899 ergo
1212 5847 1241 5885 a
1282 5846 1453 5903 puero
1481 5832 1609 5890 Saul
1649 5832 1882 5905 ducitur,
1931 5841 1988 5887 ut
2035 5832 2117 5886 in—

530 5927 811 5985 struatur:
841 5922 967 5991 quia
997 5924 1089 5993 qui
1118 5924 1173 5981 in
1200 5940 1327 5984 arce
1353 5926 1681 5997 praelationis
1699 5925 1939 5998 ponendi
1968 5933 2112 5993 sunt,

2218 4823 2511 4892 Evangelio
2531 4818 2758 4875 dicitur:
2775 4815 3124 4887 Impleuerunt
3148 4818 3340 4881 septem
3361 4815 3572 4879 sportas
3588 4803 3655 4857 de
3678 4806 3823 4874 {rag-

2218 4917 2402 4971 mentis
2442 4912 2767 4986 (Matth.xv,
2796 4910 2897 4976 37;
2930 4907 3098 4961 Marc.
3133 4920 3250 4969 vui,
3280 4902 3358 4972 8).
3385 4900 3519 4956 Cum
3552 4900 3605 4953 in
3631 4910 3821 4951 mensa

2218 5009 2432 5066 Domini
2461 5020 2628 5077 panes
2657 5002 2963 5066 abundant,
3010 4998 3209 5070 sportae
3238 4993 3451 5063 impleri
3484 4990 3820 5061 praecipiun-

2218 5108 2306 5156 tur
2339 5116 2351 5154 :
2386 5097 2513 5169 quia
2543 5112 2666 5152 cum
2697 5094 2855 5149 electi
2885 5091 3063 5145 anima
3090 5088 3144 5142 in
3175 5098 3409 5157 superna
3438 5081 3827 5151 Redemptoris

2227 5190 2685 5262 contemplatione
2731 5184 2989 5249 reﬁcitur,
3029 5183 3084 5237 in
3126 5180 3318 5236 eadem
3357 5174 3825 5245 contemplaticnc

2223 5284 2469 5342 veritatis
2497 5281 2759 5345 eruditur,
2791 5285 2852 5332 ut
2879 5274 3029 5330 verbi
3068 5270 3353 5336 alimonia,
3406 5284 3528 5339 quae
3558 5269 3613 5323 in
3645 5283 3706 5323 se
3730 5282 3827 5318 ex-

2223 5392 2471 5436 crescere
2502 5374 2759 5437 cernitur,
2802 5371 2857 5425 in
2886 5367 3147 5424 memoria
3179 5364 3245 5419 ad
3295 5362 3659 5419 eruditionem
3692 5358 3827 5410 lide-

2226 5471 2357 5527 lium
2380 5474 2697 5539 reponatur.
2726 5461 2884 5519 Aliud
2914 5461 3079 5515 etiam
3121 5463 3318 5526 praeter
3344 5468 3544 5525 panem
3572 5452 3626 5505 et
3664 5463 3824 5518 spor-

2231 5564 2395 5620 tulam
2425 5559 2759 5615 abundanter
2786 5555 3022 5619 habent,
3053 5550 3145 5621 qui
3184 5563 3304 5604 cum
3346 5548 3544 5601 virtute
3580 5551 3829 5599 contem-

2228 5655 2502 5727 plationis,
2540 5660 2595 5706 et
2622 5648 2862 5704 doctrina
2890 5644 3072 5709 verbi,
3126 5640 3399 5698 abundant
3427 5638 3585 5708 copia
3618 5642 3829 5691 saneta:

2231 5746 2581 5821 operationis.
2612 5739 2684 5795 Ut
2722 5751 2851 5808 ergo
2890 5736 3165 5792 humilitas
3213 5744 3522 5791 sanctorum
3577 5730 3630 5785 in
3679 5730 3831 5785 ordi-

2226 5843 2387 5901 nandi
2435 5839 2577 5910 regis
2606 5827 2879 5892 locutione
2925 5840 3176 5898 resonet,
3224 5828 3355 5883 dicit
3387 5845 3400 5881 :
3432 5826 3600 5881 Panis
3632 5827 3832 5897 defecit

2226 5939 2282 5998 in
2302 5934 2524 5992 sitarciis
2558 5932 2772 5995 nostris,
2789 5937 2839 5985 et
2858 5925 3142 5991 sportulam
3160 5941 3263 5980 non
3282 5922 3547 5987 habemus,
3566 5931 3621 5976 ut
3643 5919 3833 5977 demus
