4020 6344
358 5758 383 5771 με.

483 421 583 477 255

1638 411 1881 471 SANCTI
1922 408 2247 467 GREGORII
2287 408 2500 466 MAGNI

3651 414 3759 468 256

479 572 652 612 eamus
675 555 745 610 ad
778 554 1066 611 Videntem.
1096 551 1261 608 Israel
1287 550 1484 608 dicitur
1510 549 1698 605 videns
1728 549 1916 610 Deum,
1944 546 2062 620 sive

2170 524 2325 581 etiam
2352 538 2475 579 cum
2503 523 2755 594 putcbros
2782 524 3013 592 colores,
3038 531 3136 580 aut
3168 539 3363 584 aurum
3387 528 3758 599 superducere

480 649 532 707 in
562 664 673 719 quo
702 656 785 703 est
814 648 975 703 Deus.
1000 645 1156 713 Quod
1183 653 1331 701 certe
1364 658 1558 699 nomen
1589 647 1791 697 sancta:
1812 637 2067 694 Ecclesia:

478 740 861 797 convenienter
888 745 1122 808 aptatur,
1154 736 1309 805 cujus
1341 734 1569 805 populus
1600 732 1817 786 dicitur.
1850 729 1984 784 Nam
2011 737 2067 784 et

477 832 531 890 in
558 833 849 901 Evangelio
879 831 1076 887 dicitur
1103 847 1117 883 :
1153 828 1287 882 Ecce
1316 845 1408 899 ego
1448 826 1708 881 vobiscum
1748 840 1863 879 sum
1906 838 2065 893 usque

476 927 548 982 ad
576 926 1066 982 consummationem
1095 923 1272 979 saeculi
1315 920 1540 995 (Matth.
1573 935 1762 985 xxvut,
1791 918 1900 989 20).
1934 916 2065 983 Quae

477 1018 748 1084 nimirum,
778 1017 905 1087 quia
933 1016 986 1070 in
1015 1015 1185 1087 priori
1214 1024 1454 1085 tempore
1482 1020 1728 1083 pastores
1748 1008 1934 1064 habuit
1953 1008 2065 1079 spi-

476 1110 621 1166 ritali
648 1109 1067 1165 conversatione
1094 1106 1348 1171 floridos,
1394 1119 1586 1175 magna
1627 1104 1852 1158 scientia
1880 1101 2063 1157 erudi-

476 1210 591 1269 tos,
615 1202 707 1271 qui
737 1214 935 1270 magno
965 1200 1223 1270 despectu
1254 1206 1466 1252 terrena
1492 1193 1916 1265 vilipenderent,
1954 1207 2063 1248 cm-

477 1291 634 1347 lestia
679 1291 983 1361 cogitarent
1014 1307 1027 1343 :
1056 1289 1123 1343 ad
1166 1288 1381 1352 lumen,
1434 1285 1579 1355 quod
1628 1286 1681 1339 in
1726 1285 1804 1339 eis
1848 1283 2066 1338 videbat

476 1385 739 1458 populus,
788 1399 848 1439 se
877 1382 1104 1437 invicem
1145 1379 1421 1435 exhortari
1468 1384 1744 1447 poterant,
1778 1375 2059 1430 dicentes:

477 1478 674 1532 Eamus
696 1477 764 1529 ad
794 1475 1079 1529 Videntem.
1105 1470 1162 1527 Si
1183 1485 1311 1541 ergo
1334 1468 1569 1525 eundum
1591 1474 1673 1523 est
1710 1466 1778 1521 ad
1799 1466 2059 1533 videntes,

476 1570 678 1643 pariter
716 1578 800 1625 est
847 1565 1219 1623 divertendum
1248 1580 1280 1617 a
1309 1563 1463 1620 catcis
1495 1580 1507 1616 :
1540 1562 1665 1631 quia
1707 1560 2061 1630 reproborum

475 1660 819 1733 praelatorum
847 1654 1095 1725 exempla
1142 1670 1253 1709 non
1281 1653 1541 1708 debemus
1580 1651 1805 1716 imitari,
1850 1649 1945 1705 sed
1975 1648 2061 1703 fu-

474 1766 602 1823 gere
634 1770 646 1805 :
678 1752 746 1806 ab
773 1751 851 1806 eis
880 1757 1085 1815 autem,
1112 1747 1203 1817 qui
1234 1744 1657 1802 conversationis
1686 1744 1877 1799 merito
1906 1743 2065 1813 spiri-

474 1844 637 1899 tualia
664 1850 1031 1913 cognoscunt,
1072 1853 1287 1909 semper
1313 1836 1683 1891 aediﬁcationis
1709 1843 1908 1890 nostra:
1937 1849 2062 1889 eru-

2169 618 2395 688 appetit,
2423 617 2572 687 prius
2596 616 2841 672 viliorem
2871 616 3109 673 colorem
3136 620 3348 674 sternit.
3377 620 3480 688 Qui
3515 634 3645 690 ergo
3669 621 3759 690 ju—

2166 710 2349 767 dicare
2375 709 2444 765 de
2474 709 2668 780 peritia
2699 708 2963 764 artiﬁcum
2987 709 3125 780 vult,
3152 726 3261 765 non
3289 710 3541 768 inchoata
3566 728 3760 769 eorum

2169 820 2354 875 opera,
2391 803 2486 859 sed
2513 803 2752 873 perfecta
2778 802 3051 873 respiciat.
3098 801 3308 859 Clivum
3351 818 3481 874 ergo
3521 806 3761 863 civitatis

2165 893 2442 960 ascendat,
2466 901 2525 949 ut
2544 894 2634 964 qui
2664 893 2905 949 invenire
2934 894 3141 964 appetit
3167 894 3473 961 Videntem,
3490 896 3755 965 reperiat.

2164 983 2346 1040 Clivus
2373 984 2518 1040 enim
2560 983 2773 1039 inﬁmus
2812 991 2867 1040 et
2912 983 3159 1040 defossus
3206 983 3358 1040 locus
3400 992 3501 1039 est.
3552 984 3612 1039 In
3650 1000 3762 1054 qua

2163 1077 2418 1132 nimirum
2443 1085 2598 1147 parte
2622 1076 2856 1133 civitatis
2886 1074 2964 1131 illi
3014 1076 3325 1145 signantur,
3377 1076 3473 1145 qui
3501 1075 3679 1132 adhuc
3707 1076 3765 1133 in

2162 1169 2411 1225 altiorem
2445 1170 2911 1226 conversationem
2958 1170 3180 1225 minime
3217 1170 3519 1240 profecere.
3547 1170 3764 1229 Clivtun

2164 1275 2293 1330 ergo
2333 1261 2692 1329 ascendimus,
2725 1277 2847 1317 cum
2868 1259 3146 1331 planitiem
3174 1259 3515 1318 inﬁrmorum
3535 1260 3759 1319 audito-

2163 1369 2285 1410 rum
2314 1354 2381 1409 ad
2406 1354 2715 1425 exemplum
2745 1354 2900 1409 nobis
2929 1368 3235 1425 proponere
3263 1354 3520 1410 vitamus.

2235 1443 2323 1497 '52.
2374 1443 2441 1499 Et
2494 1454 2622 1501 tunc
2660 1444 2876 1515 quidem
2917 1444 3123 1514 puellas
3168 1445 3506 1515 egredientes
3530 1445 3603 1500 ad
3629 1445 3744 1503 hau

2164 1534 2411 1589 riendam
2472 1550 2666 1605 aquam
2730 1534 3033 1590 invenimus
3083 1554 3097 1588 :
3138 1536 3265 1604 quia
3313 1535 3766 1606 pulchritudinem

2165 1634 2481 1682 sanctarum
2510 1616 2771 1682 mentium
2804 1628 2856 1682 in
2887 1627 3199 1697 perfectiori
3228 1629 3649 1686 conversatione
3677 1645 3768 1688 re~

2164 1718 2440 1788 spicimus.
2473 1716 2676 1773 Puella:
2702 1716 2917 1788 quidem
2945 1726 3069 1773 sunt
3096 1727 3309 1774 mentes
3333 1719 3649 1788 electorum,
3683 1721 3771 1776 in-

2164 1818 2329 1880 tegrae
2358 1826 2453 1879 per
2480 1811 2867 1880 innocentiam,
2894 1810 3109 1867 decora:
3138 1826 3235 1881 per
3261 1813 3521 1867 virtutum
3541 1812 3769 1869 clarita-

474 1901 1136 2006 ditionem'postulareﬁt
1157 1901 1283 2002 quia
1300 1930 1405 1987 hoc
1418 1945 1528 1987 non
1553 1930 1657 1986 nisi
1677 1929 1777 1985 viri
1798 1928 2063 2000 spiritales
2092 1917 2141 1979 Β
2166 1908 2297 1957 ten"
2338 1901 2407 1956 Ει
2436 1903 2657 2006 αυίίί-Ῐη
2685 1903 2967 2006 ῗθθτθίίοτί
2993 1902 3103 2006 νίίῆ
3124 1903 3580 2006 Ρωεδτίιιξίὲίυεφ
3608 1920 3768 2006 “fam

473 2027 697 2096 faciunt,
727 2028 970 2096 sequitur
997 2044 1010 2079 :

543 2121 720 2191 (Yers.
750 2120 862 2191 lO.)
892 2118 962 2173 Et
988 2118 1121 2172 dixit
1142 2116 1274 2173 Saut
1294 2116 1364 2171 ad
1386 2132 1599 2187 puerum
1619 2131 1796 2170 suum:
1822 2113 2060 2186 Optimus

474 2233 637 2273 sermo
667 2228 813 2281 tuus;
852 2217 986 2281 veni,
1020 2230 1215 2269 eamus.

542 2309 631 2363 ⁸50.
666 2308 912 2379 Optimus
942 2323 1122 2363 sermo
1162 2312 1265 2371 est,
1298 2319 1407 2375 quo
1436 2302 1627 2359 melior
1654 2299 1828 2356 audiri
1858 2313 2061 2367 nequa-

472 2416 629 2473 quam
660 2408 859 2471 potest.
892 2400 1116 2467 Quoties
1144 2397 1296 2453 nobis
1324 2410 1453 2465 ergo
1484 2394 1675 2449 salutis
1700 2400 1897 2447 nostrae
1923 2406 2059 2445 con-

472 2491 588 2548 silia
617 2490 942 2562 spiritaliter.
971 2496 1353 2559 suggeruntur,
1387 2488 1534 2542 intus
1573 2485 1729 2540 nobis
1757 2498 1935 2541 sermo
1978 2482 2060 2553 ﬁt,

473 2596 579 2652 quo
601 2582 795 2637 melior
816 2580 1044 2636 inveniri
1066 2594 1175 2636 non
1204 2577 1393 2648 possit.
1418 2575 1578 2631 Pueri
1603 2590 1733 2645 ergo
1753 2589 2060 2630 sermonem

473 2672 776 2737 laudamus,
805 2674 1018 2743 quoties
1060 2670 1215 2727 nobis
1241 2671 1295 2725 in
1336 2668 1631 2739 spiritualis
1664 2681 1853 2723 sensus
1892 2665 2062 2721 nostri

474 2764 754 2836 proposito
783 2762 1201 2834 complacemus.
1236 2757 1448 2813 Etcum
1469 2771 1535 2812 eo
1566 2756 1646 2811 ire
1674 2755 2060 2825 promittimus,

472 2856 687 2928 quando
711 2856 1073 2927 spiritualibus
1096 2852 1512 2923 cogitationibus
1533 2850 1917 2905 consentimus.
1950 2846 2059 2902 Sed

473 2950 594 3018 quia
626 2957 753 3004 tunc
798 2949 1073 3004 fructuosa
1119 2956 1203 3002 est
1249 2946 1393 3002 bona
1429 2943 1713 3013 cogitatio,
1760 2943 1976 3012 quando
2007 2941 2062 2996 in

473 3040 788 3110 Operatione
814 3040 1110 3110 perficitur,
1139 3038 1415 3107 sequitur:

544 3130 722 3201 (Vers.
753 3130 840 3195 10,
874 3130 987 3200 il.)
1010 3129 1078 3183 Et
1104 3130 1421 3183 veneruntin
1440 3130 1716 3194 civitatem,
1738 3126 1794 3180 in
1823 3141 1924 3195 qua
1951 3134 2064 3179 erat

477 3223 551 3278 uir
581 3221 678 3276 Dei
712 3238 729 3276 :
760 3221 984 3293 Cumque
1005 3221 1341 3275 ascenderem
1368 3221 1552 3275 clivum
1581 3219 1823 3280 civitatis,
1852 3219 2062 3272 invene-

2163 2010 2511 2063 conservant,
2539 1998 2708 2053 videri
2730 2009 3023 2069 nequeunt,
3050 2000 3154 2056 nisi
3176 2016 3299 2056 cum
3321 2001 3388 2057 ad
3409 2004 3767 2066 hauriendam

2163 2104 2358 2160 aquam
2388 2089 2762 2158 egrediuntur.
2794 2090 2991 2146 Puella:
3021 2106 3220 2162 aquam
3243 2093 3523 2161 hauriunt,
3548 2096 3771 2165 quando

2163 2180 2350 2235 electa:
2396 2180 2590 2234 animae
2630 2194 2697 2235 ex
2738 2179 3004 2250 profundo
3046 2182 3235 2239 dolore
3274 2187 3554 2255 pnesentis
3594 2188 3769 2246 exsilii

2163 2268 2365 2325 ﬂuenta
2396 2270 2754 2343 lacrymarum
2784 2270 3030 2328 fundunt.
3061 2272 3292 2331 Haurire
3317 2277 3539 2347 quidem
3570 2294 3769 2349 aquam

2165 2361 2419 2418 dicuntur
2449 2380 2461 2415 :
2493 2363 2621 2431 quia
2650 2362 2777 2418 dum
2805 2378 2867 2419 se
2896 2364 3166 2436 projectas
3204 2368 3256 2422 in
3284 2367 3387 2424 hac
3417 2370 3561 2425 valle
3588 2371 3769 2443 lacry-

2164 2473 2375 2512 marum
2404 2457 2652 2527 lugentes
2673 2448 3009 2528 memorant,
3027 2461 3182 2530 quasi
3211 2461 3279 2516 ad
3300 2462 3652 2533 profundum,
3685 2466 3769 2521 fu—

2170 2565 2296 2607 nem
2324 2551 2665 2619 cogitationis
2711 2553 2964 2619 mittunt,
3013 2569 3043 2608 a
3073 2569 3182 2623 quo
3211 2571 3335 2611 cum
3377 2557 3567 2614 labore
3596 2574 3769 2629 aquas

2165 2640 2532 2713 lacrymarum
2559 2642 2797 2697 trahunt.
2831 2644 2983 2699 Tunc
3009 2646 3173 2701 etiam
3202 2662 3433 2718 egressa:
3468 2649 3763 2707 videnlur:

2164 2734 2291 2804 quia
2332 2750 2451 2804 qua:
2478 2736 2666 2806 quales
2692 2744 2817 2792 sunt
2853 2738 2997 2792 intus
3039 2739 3241 2806 latent,
3274 2749 3541 2811 apparent
3584 2752 3766 2804 tamen

2166 2827 2221 2882 in
2247 2829 2451 2896 oculis;
2483 2838 2540 2885 et
2561 2839 2821 2900 quantum
2852 2830 3075 2900 diligant
3099 2831 3469 2903 Conditorem,
3501 2834 3762 2906 indicant,

2164 2935 2283 2991 quae
2312 2921 2365 2975 in
2392 2928 2540 2976 tanto
2562 2920 2750 2977 dolore
2770 2923 3048 2992 praesentis
3071 2924 3253 2980 saeculi
3274 2924 3439 2980 vitam
3471 2926 3761 2983 sustinent.

2164 3011 2246 3067 Ab
2275 3013 2390 3068 istis
2417 3028 2546 3084 ergo
2575 3015 2920 3086 quaerendum
2953 3025 3037 3072 est
3068 3035 3081 3071 :
3119 3017 3218 3073 Ubi
3247 3027 3325 3073 est
3361 3019 3593 3075 Videas?
3619 3019 3761 3088 Quia

2164 3108 2317 3165 locus
2345 3111 2708 3181 perfecturum
2737 3120 2865 3169 tunc
2885 3114 3023 3171 bene
3044 3117 3416 3185 cognoscitur,
3447 3134 3568 3173 cum
3590 3118 3656 3174 ab
3678 3119 3764 3177 eis

2171 3202 2326 3257 nobis
2354 3202 2677 3271 ostenditur,
2706 3205 2797 3275 qui
2819 3221 2916 3276 per
2936 3207 3234 3278 profectum
3264 3208 3388 3263 vita:
3416 3224 3767 3269 eorumcon-

474 3327 591 3369 t'unt
610 3314 809 3384 puellas
829 3291 1146 3387 egredientes
1169 3313 1238 3367 ad
1264 3312 1604 3366 hauriendam
1625 3327 1832 3384 aquam,
1846 3319 1894 3365 et
1916 3310 2062 3364 dixe-

2170 3291 2461 3347 versationi
2488 3294 2651 3348 vicini
2681 3302 2824 3350 sunt.
2858 3294 2965 3351 Sed
2995 3297 3195 3353 habent
3224 3298 3611 3368 praedicatores
3646 3300 3766 3359 loca

475 3418 590 3465 runt
619 3411 689 3464 ad
715 3426 835 3464 eas:
862 3407 1115 3479 Nunquid
1136 3408 1219 3461 hic
1247 3416 1323 3461 est
1352 3406 1586 3461 Videas?

546 3501 636 3556 31.
668 3502 772 3568 Qui
801 3516 975 3555 varum
1006 3498 1100 3554 Dei
1122 3504 1389 3568 quaerunt,
1421 3497 1475 3551 in
1501 3496 1775 3551 civitatem
1802 3493 2058 3548 veniunt:

473 3594 598 3663 quia
630 3593 951 3663 plerumque
973 3591 1065 3655 ﬁt,
1093 3597 1152 3643 ut
1176 3590 1285 3643 vita
1310 3598 1473 3659 atque
1499 3586 1744 3642 doctrina
1774 3584 1977 3655 praelati
2009 3582 2065 3638 in

473 3658 807 3742 subditorum
849 3658 1262 3737 conversatione
1303 3678 1628 3747 requiratur.
1681 3675 1771 3730 Sic
1811 3675 2064 3730 nimirum

474 3784 530 3832 et
554 3776 777 3830 arbores
804 3788 947 3843 saepe
976 3773 1346 3842 requiruntur,
1378 3784 1605 3839 quarum
1635 3767 1841 3838 species
1872 3782 1980 3821 non
2008 3768 2063 3821 in

474 3867 616 3925 foliis
636 3906 652 3933 ,
700 3866 794 3921 sed
825 3866 881 3919 in
910 3864 1088 3919 fructu
1118 3851 1483 3918 inveniuntur.
1516 3860 1840 3931 Plerumque
1883 3867 2063 3914 autem

474 3961 695 4018 suborta
754 3958 952 4015 fruteta
997 3943 1215 4027 magnis.
1252 3956 1534 4011 arboribus
1578 3954 1959 4019 admiscentur,
2010 3960 2067 4007 et

474 4052 676 4109 fructus
702 4068 829 4107 suos
851 4066 1037 4107 earum
1062 4050 1335 4115 arborum,
1359 4047 1554 4118 quibus
1570 4054 1696 4102 sunt
1717 4046 1920 4111 mixtzc,
1945 4059 2065 4100 esse

474 4147 823 4203 mentiuntur.
857 4144 960 4210 Qui
990 4157 1121 4213 ergo
1148 4142 1382 4197 fructum
1411 4139 1719 4195 discernere
1763 4138 1894 4205 vult,
1918 4138 2064 4208 prius

473 4237 748 4293 discernat
774 4244 830 4291 et
850 4250 1034 4290 ramos
1061 4253 1075 4287 :
1099 4242 1161 4288 ut
1180 4248 1250 4288 ex
1277 4247 1384 4303 qua
1412 4231 1606 4286 arbore
1635 4230 1842 4286 fructus
1871 4245 2064 4299 proce-

475 4328 589 4391 dat,
619 4335 898 4397 agnoscat.
932 4325 1023 4381 Sic
1060 4326 1139 4380 sic
1181 4326 1433 4380 nimirum
1463 4332 1545 4380 est
1571 4324 1624 4377 in
1654 4322 2065 4378 conversatione

475 4417 713 4473 ﬁdelium
740 4435 753 4471 :
777 4418 904 4488 quia
927 4418 980 4471 in
1002 4417 1172 4471 electa
1198 4416 1357 4486 plebe
1379 4416 1504 4471 boni
1527 4414 1911 4485 pmedicatoris,
1937 4413 2065 4467 dum

476 4511 655 4581 plures
682 4508 805 4564 mali
835 4508 1053 4562 admixti
1087 4516 1248 4575 sunt,
1275 4508 1423 4563 velut
1454 4508 1593 4562 intra
1639 4507 1812 4562 bonas
1842 4506 2065 4561 arbores

476 4603 643 4674 spinae
671 4602 937 4657 oriuntur.
979 4599 1330 4656 Conversatio
1359 4602 1537 4668 itaque
1566 4600 1722 4654 electi
1750 4599 2065 4669 praedicato-

2167 3386 2398 3442 diversa.
2440 3386 2617 3442 Alium
2664 3389 2865 3458 quippe
2903 3389 3088 3446 locum
3118 3391 3319 3447 habent
3346 3408 3444 3463 pro
3473 3408 3553 3460 se,
3601 3392 3767 3453 alium

2164 3494 2264 3548 pro
2308 3478 2533 3534 subditis
2575 3497 2589 3532 :
2630 3480 2755 3549 quia
2802 3481 3054 3536 nimirum
3096 3482 3151 3537 in
3191 3483 3383 3553 seipsis
3410 3485 3461 3539 in
3492 3485 3766 3545 altissima

2168 3571 2628 3641 contemplatione
2656 3580 2971 3639 morantur,
3020 3589 3121 3644 pro
3150 3574 3379 3630 subditis
3405 3575 3474 3631 ad
3500 3576 3763 3633 doctrina:

2166 3670 2403 3716 montem
2443 3663 2797 3719 descendunt.
2849 3662 2954 3719 Per
2983 3666 3499 3737 contemplationem
3528 3669 3681 3725 velut
3710 3671 3764 3726 in

2167 3753 2306 3809 coelo
2334 3761 2487 3819 sunt;
2535 3763 2589 3808 et
2617 3756 2742 3825 quia
2769 3755 2878 3810 alta
2906 3764 3031 3812 sunt
3060 3773 3180 3828 qum
3205 3757 3419 3825 docent,
3447 3767 3503 3815 et
3526 3759 3766 3816 descen-

2168 3846 2301 3901 dunt
2329 3862 2449 3901 cum
2485 3846 2717 3915 docent,
2771 3857 2826 3903 et
2865 3849 3116 3905 sublimia
3158 3851 3441 3921 loquentes
3480 3852 3535 3908 in
3564 3853 3678 3909 alto
3705 3869 3767 3910 se

2169 3940 2425 3994 retinent.
2490 3939 2849 3996 Perfectiores
2914 3941 3078 4011 igitur
3127 3942 3403 3998 auditores
3450 3943 3613 3998 vicini
3663 3959 3765 4000 suo

2166 4034 2367 4088 rectori
2394 4044 2541 4099 sunt,
2569 4049 2677 4089 non
2707 4050 2827 4089 cum
2855 4035 2909 4090 in
2938 4052 3150 4093 summa
3170 4037 3629 4108 contemplatione
3655 4047 3762 4109 est,

2164 4128 2263 4183 sed
2308 4128 2362 4181 in
2408 4126 2651 4183 inferiori
2700 4136 2886 4185 monte
2927 4130 3206 4185 doctrina).
3256 4128 3438 4198 Quare
3470 4139 3523 4185 et
3560 4130 3762 4200 puella:

2166 4218 2559 4289 respondentes
2587 4220 2770 4275 dicunt
2796 4238 2809 4275 :

2240 4332 2417 4404 (Vers.
2450 4332 2564 4406 12.)
2595 4332 2699 4388 Hic
2723 4343 2830 4403 est,
2860 4349 2976 4389 ecce
3004 4344 3124 4389 ante
3151 4343 3199 4390 te
3222 4350 3241 4389 :
3274 4334 3428 4391 hodie
3453 4334 3594 4389 enim
3620 4335 3763 4389 venit

2166 4427 2221 4481 in
2248 4428 2521 4482 civitatem.

2180 4524 2198 4569 μ
2238 4518 2328 4573 55.
2360 4518 2521 4585 Quasi
2545 4518 2727 4574 dicant
2752 4536 2765 4572 :
2798 4519 2924 4575 ldeo
2945 4519 3132 4575 locum
3159 4519 3276 4590 ejus
3296 4518 3536 4575 indicare
3565 4534 3761 4590 possu—

2168 4627 2306 4677 mus,
2355 4612 2480 4681 quia
2530 4610 2657 4666 illuc
2696 4611 2875 4678 venit,
2930 4612 3020 4666 ubi
3063 4627 3186 4668 eum
3215 4612 3397 4667 videre
3430 4611 3760 4667 solebamus.

476 4694 550 4751 ris
580 4710 686 4750 non
719 4702 801 4748 est
847 4692 1173 4763 exploranda
1204 4693 1257 4747 in
1303 4693 1553 4748 omnibus
1603 4693 1847 4759 subditis,
1883 4694 1978 4748 sed
2009 4694 2062 4746 in

2170 4704 2301 4759 Nam
2330 4703 2376 4758 si
2405 4704 2459 4757 in
2490 4718 2599 4757 sure
2636 4702 2980 4759 sublimitatis
3009 4719 3135 4760 arce
3163 4703 3461 4769 resideret,
3510 4717 3636 4756 eum
3666 4700 3762 4759 tibi

474 4786 605 4843 solis
634 4785 839 4840 electis.
873 4784 1022 4840 Tunc
1045 4784 1258 4854 quidem
1280 4785 1423 4840 velut
1455 4800 1635 4840 ramos
1664 4788 1820 4841 bona:
1849 4787 2058 4843 arboris

474 4894 595 4935 cum
614 4877 941 4933 discretione
958 4878 1310 4947 secernimus,
1326 4877 1544 4948 quando
1566 4879 1802 4945 inplebe
1820 4890 2059 4938 rectores

475 4970 598 5027 illos
644 4970 791 5025 velut
838 4971 1011 5027 electa
1046 4986 1206 5041 poma
1236 4971 1532 5037 imitamur,
1562 4972 1654 5039 qui
1700 4972 1942 5041 magistri
1976 4972 2059 5026 sui

475 5063 726 5135 exemplo
772 5065 1093 5135 proﬁciunt:
1126 5074 1181 5119 et
1217 5065 1337 5119 illos
1379 5064 1528 5119 velut
1571 5079 1763 5135 vepres
1806 5064 2053 5133 fugimus,

475 5157 567 5226 qui
596 5156 800 5225 antiqui
828 5156 994 5212 hostis
1020 5156 1205 5211 fraude
1243 5157 1621 5227 reprobantur.
1665 5157 1811 5211 Bene
1836 5171 1964 5226 ergo
1993 5158 2061 5212 de

476 5248 625 5313 Saul,
657 5256 711 5303 et
739 5247 856 5316 ejus
894 5263 1065 5318 puero
1092 5248 1316 5303 dicitur:
1341 5250 1466 5318 quia
1496 5259 1764 5305 venerunt
1791 5251 1842 5305 in
1871 5252 2061 5306 civita-

477 5349 619 5406 tem,
660 5348 717 5394 et
752 5340 946 5394 clivum
976 5339 1213 5407 ejusdem
1243 5341 1471 5397 civitatis
1512 5343 1905 5410 ascenderunt;
1936 5345 2061 5413 quia

478 5432 729 5486 nimirum
753 5430 1008 5501 perfectio
1030 5440 1339 5488 sanctorum
1360 5434 1596 5488 virorum
1619 5451 1738 5490 cum
1763 5436 1816 5490 in
1838 5436 2064 5493 subditis

480 5524 760 5597 qumritur,
785 5538 891 5577 non
921 5524 1232 5595 imperfecta
1261 5526 1500 5581 membra
1520 5570 1535 5595 ,
1566 5527 1659 5582 sed
1687 5528 1861 5583 electa
1901 5538 2064 5599 atque

480 5613 721 5689 perfecta
762 5615 1080 5685 requirenda
1133 5626 1277 5674 sunt.
1331 5617 1465 5673 Nam
1510 5628 1567 5675 et
1623 5619 1858 5676 artiﬁces
1898 5637 2064 5692 opera

481 5724 581 5767 sua
621 5708 770 5778 prius
809 5709 1094 5779 inchoant,
1137 5710 1333 5768 deinde
1375 5722 1615 5770 comunt.
1673 5718 1834 5789 209
1884 5715 2064 5773 Pictor

554 5925 582 5956 ι
608 5914 771 5975 Gilot.
803 5925 858 5975 et
881 5917 1079 5989 Vatic.,
1110 5935 1201 5991 per
1230 5934 1424 5976 eorum.

2161 4813 2324 4853 nemo
2380 4797 2708 4853 ostenderet.
2767 4797 2824 4851 In
2882 4798 3098 4853 civitate
3153 4798 3353 4853 etenim
3404 4798 3602 4853 doctor
3652 4805 3758 4864 est,

2160 4890 2375 4961 quando
2416 4905 2516 4960 per
2560 4891 2915 4947 ministerium
2961 4891 3355 4962 prmdicationis
3415 4900 3662 4947 moratur
3708 4890 3761 4944 in

2163 4981 2469 5037 eruditione
2517 4982 2700 5052 populi
2742 4982 2989 5051 subjecti.
3040 4981 3100 5037 In
3151 4982 3369 5038 civitate
3416 4990 3502 5037 est
3545 4982 3757 5045 doctor,

2161 5074 2376 5143 quando
2426 5074 2683 5144 relinquit
2724 5075 2971 5147 propria,
3024 5084 3084 5129 ut
3128 5074 3436 5131 communia
3484 5073 3762 5144 disponat.

2163 5163 2298 5231 Quia
2327 5165 2467 5219 enim
2492 5165 2615 5220 boni
2638 5165 3007 5235 praedicatoris
3034 5164 3220 5235 plebes
3246 5175 3270 5202 ι
3293 5180 3391 5235 per
3415 5164 3535 5233 ejus
3564 5163 3761 5218 exbor~

2169 5256 2430 5310 tationem
2471 5256 2691 5311 munita:
2732 5271 2797 5312 ac
2838 5255 3006 5312 fortes
3046 5264 3203 5321 sunt,
3249 5254 3461 5327 quando
3487 5254 3541 5309 in
3573 5268 3761 5311 eorum

2170 5346 2467 5402 ministerio
2496 5358 2754 5413 moratur,
2783 5348 2839 5403 in
2859 5348 3075 5403 civitate
3097 5362 3218 5403 esse
3238 5346 3604 5416 cognoscitur.
3629 5346 3759 5401 Item

2166 5439 2290 5510 quia
2318 5440 2372 5494 in
2398 5439 2651 5509 subjectae
2674 5440 2845 5511 plebis
2865 5441 3207 5498 multitudine
3226 5441 3317 5496 alii
3338 5438 3635 5510 simplices,
3668 5437 3757 5493 alii

2168 5532 2437 5603 sapientes
2464 5541 2608 5598 sunt,
2640 5534 2830 5603 puellm
2857 5534 3185 5603 subjungunt
3212 5549 3225 5587 :

2244 5624 2418 5695 (Vers.
2448 5625 2535 5688 12,
2570 5625 2681 5697 15.)
2721 5624 2935 5680 Festina
2958 5640 3121 5694 nunc,
3153 5624 3302 5682 hodie
3328 5620 3464 5678 venit
3491 5624 3547 5675 in
3574 5620 3755 5675 civita-n

2173 5727 2272 5773 tem
2319 5734 2334 5773 :
2389 5720 2509 5788 quia
2538 5719 2852 5787 sacriﬁcium
2888 5729 2965 5777 est
2995 5719 3187 5788 μοριιιί
3216 5720 3271 5774 in
3297 5716 3522 5774 excelso.
3573 5712 3753 5785 Ingre-
