4020 6344
254 309 350 368 257

1071 302 1136 362 IN
1173 300 1432 363 PRIMUM
1470 296 1709 364 REGUM
1752 296 2265 361 EXPOSITIONES.
2304 328 2376 345 --
2413 300 2544 358 LIB.
2586 303 2675 360 Ν.

3424 308 3533 367 258

256 431 445 483 dientes
463 434 637 478 autem
653 422 831 477 statim
848 422 1118 477 invenietis
1138 436 1276 487 eum,
1304 415 1579 491 antequam
1597 419 1843 475 ascendat
1869 418 1923 480 Α
1946 431 2055 472 non
2084 414 2191 471 alta
2222 413 2527 471 eruditione
2555 428 2650 471 eos
2678 413 2923 486 indigere
2952 417 3341 477 existimamus.
3386 421 3538 480 Tunc

254 523 305 579 in
346 519 635 585 excelsum,
681 516 751 571 ad
778 515 1099 571 vescendum.
1132 513 1317 587 Neque
1363 518 1500 571 enim
1529 523 1843 571 cemesturus

254 621 325 666 est
350 611 590 682 populus,
621 609 784 664 donec
817 607 909 662 ille
935 608 1105 662 veniat
1128 623 1146 661 :
1176 608 1298 677 quia
1317 614 1427 679 ipse
1455 605 1718 661 benedicet
1746 605 1844 661 Ito-

252 704 386 769 stiar,
408 711 458 755 et
484 699 673 755 deinde
697 698 986 764 comedent,
1017 699 1103 769 qui
1132 697 1298 751 vocati
1320 704 1459 752 sunt.

318 795 409 850 34.
445 794 580 849 Cum
613 794 667 848 in
697 793 973 847 civitatem
1001 792 1151 848 venit
1191 791 1444 859 Samuel,
1484 792 1541 846 in
1570 789 1845 847 excelsum

256 886 497 941 ascendit
530 903 542 938 :
572 884 699 954 quia
729 884 933 939 electus
960 884 1280 953 prtedicator
1308 885 1361 939 in
1393 884 1692 940 eruditione
1716 884 1846 940 sub-

252 982 509 1047 ditorum,
557 977 722 1033 modo
750 977 912 1047 plana
942 978 1130 1043 verba,
1178 977 1342 1033 modo
1372 977 1481 1032 alta
1510 977 1845 1047 pronuntiat.

254 1070 477 1138 Quando
506 1069 668 1139 igitur
707 1068 866 1140 plana
910 1079 970 1124 et
1007 1070 1366 1141 intelligibilia
1393 1071 1655 1141 praecipit,
1689 1072 1849 1142 210

255 1167 303 1218 in
335 1165 556 1219 civitate
584 1171 700 1231 est;
741 1164 959 1233 quando
989 1165 1263 1231 sublimia,
1302 1174 1360 1220 et
1385 1180 1504 1236 quae
1533 1166 1619 1220 vix
1649 1165 1847 1221 intelli-

254 1263 472 1324 guntur,
495 1256 549 1310 in
566 1255 803 1311 excelso.
830 1255 889 1311 ln
910 1256 1130 1313 civitate
1154 1266 1258 1327 est,
1282 1257 1498 1327 quando
1520 1257 1849 1328 simplicibus

252 1348 508 1419 proponit
532 1347 777 1418 exempla
827 1367 840 1401 :
892 1348 947 1402 in
976 1348 1192 1404 excelso
1226 1358 1439 1416 autem,
1479 1349 1695 1420 quando
1725 1364 1849 1419 per-

255 1440 406 1496 fectis
434 1440 724 1496 verborum
751 1440 1114 1510 spiritualium
1156 1442 1265 1496 alta
1305 1442 1637 1512 pronuntiat.
1683 1440 1849 1508 Quasi

255 1532 398 1586 enim
426 1531 481 1585 in
507 1531 725 1586 civitate
753 1538 892 1596 erat,
922 1532 1015 1600 qui
1043 1530 1257 1585 dicebat
1288 1548 1302 1584 :
1336 1530 1488 1585 Nihil
1506 1531 1738 1601 judicavi
1766 1547 1849 1585 me

256 1626 389 1678 scire
433 1624 569 1678 inter
605 1638 727 1687 vos,
778 1624 883 1677 nisi
924 1621 1218 1690 Christum,
1268 1632 1318 1678 et
1364 1624 1497 1677 hunc
1544 1625 1849 1694 cruciﬁxum

255 1710 307 1784 (1
335 1712 456 1766 Cor.
486 1728 544 1777 tl,
576 1711 655 1783 2).
689 1713 824 1768 ltem
866 1712 921 1766 in
950 1713 1171 1769 civitate
1199 1722 1337 1781 erat,
1366 1714 1582 1784 quando
1626 1714 1850 1770 inﬁrmis

1945 521 2076 579 ergo
2125 507 2507 578 praedicatores
2550 516 2772 566 sanctos
2819 510 3009 569 audire
3054 513 3271 581 debent,
3322 515 3538 586 quando

1944 599 2106 670 plana
2142 600 2474 669 simplicibus
2506 600 2821 673 loquuntur,
2865 619 2986 673 quae
3029 604 3334 675 intelligunt
3371 623 3385 660 :
3426 621 3539 663 non

1945 690 2160 760 quando
2189 691 2376 747 dicunt
2404 692 2533 763 alta,
2563 708 2683 763 quae
2710 694 3011 764 intelligere
3038 711 3377 768 nequaquam
3406 713 3539 769 pos-

1947 789 2095 839 sunt.
2125 783 2323 838 Dicunt
2352 799 2481 854 ergo
2512 802 2525 838 :
2558 784 2778 842 Festina
2806 804 2961 855 nunc,
2995 789 3147 843 hodie
3179 791 3312 843 venit
3336 791 3392 843 in
3417 790 3543 845 civi-

1952 880 2107 927 tatem
2137 890 2155 927 :
2182 875 2302 946 quia
2329 877 2646 947 sacriﬁcium
2681 888 2759 933 est
2799 881 2978 951 populi
3025 880 3080 933 in
3122 882 3343 936 excelse.
3386 880 3543 948 Quod

1950 966 2057 1021 tale
2086 975 2191 1035 est,
2246 982 2312 1023 ac
2353 968 2398 1022 si
2445 968 2589 1024 dicat
2633 987 2646 1023 :
2688 970 2823 1039 Quia
2854 972 3009 1026 multi
3035 981 3178 1038 sunt,
3208 974 3300 1043 qui
3330 987 3541 1028 summa

1950 1058 2140 1114 audire
2167 1059 2509 1125 desiderant,
2547 1078 2688 1118 nunc
2716 1071 2777 1119 tu
2806 1064 2970 1120 debes
2999 1064 3284 1135 festinare,
3328 1066 3542 1137 quando

1952 1149 2044 1205 ille
2072 1150 2276 1206 similes
2302 1151 2377 1206 tui
2398 1152 2670 1222 simplices
2684 1154 3192 1214 videturinstruere.
3209 1157 3544 1214 Sacriﬁcium

1953 1242 2169 1313 quidem
2190 1244 2377 1315 populi
2400 1245 2713 1302 estdevotio
2734 1246 2915 1302 electae
2935 1248 3126 1319 plebis.
3144 1248 3271 1318 Quae
3290 1249 3545 1305 nimirum

1953 1335 2196 1404 devotio,
2226 1336 2353 1405 quia
2382 1336 2548 1392 verbo
2576 1338 2971 1408 praedicationis
3000 1340 3053 1396 in
3091 1341 3389 1397 electorum
3413 1356 3542 1397 cor-

1955 1423 2111 1485 dibus
2140 1429 2412 1486 excitatur
2433 1472 2449 1501 ,
2477 1432 2633 1501 quasi
2680 1448 2712 1488 a
2750 1432 3000 1489 Samuele
3026 1434 3320 1505 perﬁcitur.
3360 1435 3418 1490 In
3449 1450 3545 1490 ex-

1955 1522 2100 1583 celso
2147 1531 2229 1579 est
2265 1533 2443 1580 autem
2479 1525 2801 1581 sacriﬁcium
2848 1528 3058 1599 populi,
3110 1530 3324 1600 quando
3374 1528 3543 1585 corda

1954 1605 2191 1668 ﬁdelium
2218 1615 2548 1679 subditorum
2580 1616 2687 1672 alta
2714 1618 2876 1673 verba
2906 1627 3108 1674 sancta:
3136 1621 3533 1690 praedicationis

1957 1702 2151 1759 devote
2179 1702 2366 1760 audire
2394 1708 2805 1777 concupiscunt.
2855 1707 3009 1764 Unde
3049 1718 3104 1765 et
3141 1720 3265 1781 apte
3302 1711 3494 1766 dicitur
3525 1727 3541 1765 :

256 1782 494 1859 remedia
523 1804 948 1869 demonstrabat,
979 1803 1191 1860 dicens:
1213 1782 1439 1875 Pmpter
1454 1808 1851 1879 fornicationem
1881 1821 1933 1884 Β
1962 1782 2097 1860 Quid
2124 1799 2344 1868 populus
2386 1816 2488 1853 non
2528 1801 2776 1869 comedit,
2818 1802 2921 1855 nisi
2946 1803 3090 1871 prius
3120 1801 3335 1857 Samuel
3365 1803 3546 1857 hostia

253 1896 330 1949 uir
359 1913 509 1950 suam
536 1912 750 1949 uxorem
794 1895 1011 1964 habeat,
1052 1906 1102 1949 et
1129 1913 1263 1951 uxor
1296 1914 1446 1951 suum
1472 1899 1636 1952 virum
1667 1898 1852 1952 habeat

257 1986 453 2060 (Ibid.,
486 1988 562 2057 7).
594 1988 700 2043 Sed
724 1988 777 2042 in
803 1988 1078 2042 excelsum
1108 1989 1370 2058 ascendit,
1400 1991 1523 2059 quia
1553 2007 1659 2046 non
1684 1993 1853 2047 multo

257 2086 390 2148 post
416 2078 594 2132 subdit
628 2097 640 2129 :
674 2077 752 2130 De
782 2078 1062 2147 virginibus
1091 2088 1260 2132 autem
1286 2089 1597 2151 praeceptum
1628 2098 1731 2136 non
1760 2081 1853 2134 ha-

261 2168 357 2223 beo
376 2210 392 2234 ,
426 2170 695 2223 consilium
738 2178 905 2223 autem
930 2171 1016 2223 do.
1053 2169 1250 2224 Vellem
1277 2188 1454 2226 omnes
1482 2174 1713 2226 homines
1743 2189 1853 2226 esse

257 2261 397 2313 sicut
416 2260 664 2330 meipsum
688 2258 872 2329 (Ibid.,
902 2259 979 2329 8).
1006 2258 1063 2313 In
1086 2262 1357 2317 excelsum
1380 2263 1541 2317 etiam
1562 2263 1853 2318 verborum

256 2366 316 2407 se
345 2366 493 2422 saepe
517 2353 811 2408 ascendere
854 2352 1081 2420 fatetur,
1135 2355 1260 2425 quia
1299 2355 1428 2412 dicit
1467 2373 1482 2410 :
1528 2356 1853 2428 Sapientiam

257 2446 516 2516 loquimur
542 2448 678 2499 inter
700 2448 955 2518 perfectos
985 2446 1173 2518 (lbid.,
1200 2448 1277 2509 6).

327 2537 421 2591 '55.
453 2537 589 2605 Quid
618 2546 701 2593 est
732 2552 862 2608 ergo
883 2582 898 2609 ,
946 2541 1089 2611 quod
1128 2542 1315 2597 dicunt
1349 2542 1539 2614 puella:
1576 2561 1589 2597 :
1634 2543 1853 2600 Festina

257 2645 418 2695 nunc,
449 2628 602 2682 hodie
628 2630 765 2683 venit
790 2631 846 2684 in
875 2632 1156 2700 civitatem,
1188 2633 1288 2687 nisi
1316 2635 1441 2702 quia
1480 2649 1605 2690 raro
1632 2634 1856 2690 videba-

258 2728 347 2773 tur
376 2719 431 2774 in
455 2719 688 2786 civitate,
714 2720 964 2776 videlicet
989 2722 1136 2777 tarde
1154 2724 1395 2789 veniens,
1426 2724 1533 2779 cito
1564 2724 1854 2779 recedens?

260 2812 384 2880 Quo
419 2815 670 2870 nimirum
698 2816 1011 2886 magisterio
1052 2826 1249 2873 sanctae
1277 2817 1530 2875 Ecclesiae
1559 2818 1749 2875 doctor
1774 2820 1857 2874 in-

263 2905 511 2970 struitur,
540 2916 599 2960 ut
624 2906 881 2962 videlicet
907 2922 1034 2963 raro
1062 2909 1133 2963 sit
1172 2909 1225 2962 in
1251 2909 1488 2979 publico,
1520 2909 1771 2978 frequens
1799 2908 1852 2963 in

260 3007 475 3053 secreto
499 3016 511 3052 :
539 3007 596 3053 ut
614 3013 724 3068 quo
742 2999 949 3055 tardius
964 2999 1242 3069 aspicitur,
1274 3000 1521 3056 devotius
1538 3008 1852 3056 veneretur.

260 3086 417 3144 Tunc
441 3089 658 3160 quidem
683 3091 837 3160 quasi
865 3090 1102 3147 caelestis
1122 3091 1390 3161 excipitur
1418 3108 1432 3147 :
1464 3091 1590 3161 quia
1612 3106 1719 3160 quo
1739 3106 1857 3146 am-

1961 1887 2277 1943 benedieserit
2305 1907 2323 1945 :
2356 1894 2512 1962 211
2547 1891 2672 1960 quia
2699 1890 3048 1961 perfectiores
3078 1893 3375 1961 auditores,
3419 1894 3548 1949 dum

1960 1982 2029 2036 ad
2072 1998 2335 2037 summam
2366 1984 2627 2040 virtutum
2659 1985 3049 2057 perfectionem
3086 1986 3370 2057 pervenire
3409 1986 3553 2042 desi-

1959 2075 2170 2141 derant,
2222 2077 2446 2131 verbum
2496 2077 2758 2146 scientiae,
2814 2094 2912 2147 per
2956 2079 3101 2147 quod
3138 2077 3205 2132 ad
3246 2076 3550 2132 desiderata

1957 2166 2297 2236 perveniant,
2346 2168 2400 2223 in
2447 2182 2642 2238 magno
2672 2169 2936 2226 desiderio
2982 2177 3315 2240 exspectant.
3348 2168 3465 2236 Quo
3494 2169 3550 2224 in

1955 2257 2081 2315 loco
2106 2261 2400 2317 notandum
2423 2270 2524 2329 est,
2555 2264 2680 2333 quia
2706 2264 2945 2319 oblatum
2966 2262 3285 2319 sacriﬁcium
3315 2264 3552 2320 nondum

1958 2361 2096 2417 erat,
2127 2362 2182 2408 et
2210 2363 2387 2409 tamen
2414 2354 2576 2410 dicit:
2605 2356 2934 2425 Sacriﬁcium
2957 2365 3035 2409 est
3054 2355 3231 2427 populi
3248 2358 3303 2410 in
3325 2355 3549 2410 excelse.

1957 2442 2017 2498 Si
2047 2444 2188 2499 enim
2219 2432 2567 2501 sacriﬁcium.
2592 2454 2882 2518 antequam
2923 2447 3104 2503 offerri
3150 2448 3397 2519 incipiat,
3444 2463 3553 2503 non

1959 2543 2069 2601 est,
2102 2538 2376 2606 quomodo
2405 2548 2523 2593 erat
2552 2538 2873 2594 sacriﬁcium
2895 2579 2911 2606 ,
2941 2538 3085 2610 quod
3112 2555 3218 2595 non
3248 2540 3404 2594 erat?
3441 2537 3548 2594 Sed

1958 2627 2087 2696 quia
2118 2643 2214 2683 nos
2242 2629 2502 2698 spiritalia
2549 2631 2859 2700 sequimur,
2906 2631 3142 2686 nondum
3187 2638 3304 2685 erat
3341 2630 3550 2686 sacriﬁ-

1961 2717 2133 2784 cium,
2164 2728 2220 2775 et
2248 2730 2365 2776 erat
2396 2739 2409 2775 :
2441 2723 2564 2793 quia
2596 2739 2719 2778 cum
2750 2724 2907 2779 electi
2938 2723 3125 2780 ﬁdeles
3164 2725 3322 2781 altius
3349 2725 3549 2780 erudiri

1963 2818 2245 2880 appetunt,
2273 2812 2383 2882 jam
2412 2813 2630 2882 quidem
2654 2828 2899 2884 magnam
2922 2815 3273 2871 devotionem
3303 2815 3551 2871 audiendi

1963 2896 2200 2968 habent,
2246 2918 2443 2973 quam,
2494 2913 2618 2973 post
2642 2905 2875 2961 auditam
2903 2906 3368 2975 praedicationem,
3397 2906 3554 2963 valde

1959 2989 2223 3058 majorem
2252 2992 2469 3048 habent.
2506 2993 2621 3049 Non
2652 3003 2735 3051 est
2763 3009 2891 3065 ergo
2920 2996 3093 3053 adhuc
3118 2998 3357 3053 oblatum
3383 2999 3553 3053 sacri-

1959 3079 2140 3136 ﬁcium
2163 3099 2176 3135 :
2200 3084 2325 3154 quia
2351 3084 2440 3138 illa
2462 3086 2771 3155 magnitudo
2801 3086 3129 3155 devotionis,
3162 3103 3282 3159 qum
3312 3090 3552 3146 nascitur

257 3178 405 3248 plius
433 3178 488 3233 in
507 3189 721 3235 secreto
741 3181 1211 3251 contemplationis
1234 3182 1410 3248 latuit,
1439 3182 1590 3237 verbi
1619 3182 1713 3237 Dei
1734 3182 1857 3237 the-
1880 3197 1934 3263 ο
1963 3170 2019 3226 in
2039 3174 2202 3230 corde
2227 3175 2383 3231 electi
2406 3176 2473 3232 de
2493 3179 2658 3233 verbo
2682 3178 3104 3249 praedicationis,
3136 3189 3262 3236 ante
3288 3182 3551 3251 praedica-

258 3280 455 3323 sauros
480 3268 548 3321 ad
577 3283 691 3332 eos,
720 3269 813 3338 qui
842 3284 900 3324 se
929 3278 1266 3340 exspectant,
1294 3271 1517 3327 ditiores
1547 3272 1730 3325 trahit.
1763 3271 1858 3327 llle

260 3362 408 3417 enim
433 3370 616 3432 potest
637 3365 807 3418 multa
832 3363 975 3419 bona
1003 3364 1057 3418 in
1088 3364 1282 3421 inﬁmis
1309 3366 1509 3431 dicere,
1539 3367 1625 3421 cui
1651 3382 1749 3436 per
1770 3381 1859 3422 se-

261 3462 471 3508 cretum
494 3452 694 3509 mentis
715 3453 961 3509 intuitum
984 3453 1300 3510 conceditur
1322 3470 1532 3510 summa
1556 3455 1762 3510 videre.
1789 3456 1860 3511 Et

260 3545 384 3613 quia
417 3545 630 3600 dulcius
657 3545 905 3600 videntur
935 3544 1021 3599 illa
1065 3560 1185 3614 quae
1214 3545 1501 3611 dicuntur,
1549 3545 1744 3615 puellae
1770 3546 1857 3601 di~

260 3644 394 3690 cunt
423 3654 436 3689 :
471 3636 711 3691 Festina.
742 3636 907 3703 Quasi
934 3636 1117 3692 dicant
1152 3654 1166 3690 :
1198 3636 1243 3691 si
1271 3637 1343 3703 id,
1374 3651 1473 3706 pro
1502 3648 1613 3704 quo
1644 3637 1697 3691 in
1726 3637 1855 3691 civi-

262 3732 375 3782 tate
402 3728 571 3796 venit,
604 3729 921 3799 expleverit,
967 3728 1152 3784 videre
1188 3728 1242 3784 in
1281 3735 1495 3785 secreto
1522 3744 1623 3785 suo
1647 3728 1857 3801 reposi-

262 3826 377 3874 tum
406 3836 514 3876 non
543 3821 789 3893 potestis.

332 3911 432 3966 '56.
471 3912 624 3979 Quod
660 3913 905 3984 proiecto
932 3913 1157 3969 verbum
1188 3920 1211 3948 ει
1236 3912 1348 3982 jam
1383 3912 1619 3969 litteram
1647 3927 1759 3969 non
1785 3912 1856 3968 ad

264 4004 516 4069 verbum,
539 4006 631 4061 sed
647 4006 952 4076 exemplum
978 4006 1352 4077 religiosorum
1370 4014 1472 4061 est.
1490 4005 1622 4061 Nam
1638 4013 1857 4062 sanctus

262 4092 350 4147 vir
380 4100 542 4148 tantae
569 4102 686 4150 erat
711 4095 1093 4165 districtionis,
1123 4103 1184 4150 ut
1207 4103 1438 4151 statutas
1462 4096 1578 4151 dies
1606 4103 1661 4151 et
1693 4096 1855 4152 horas

260 4182 513 4251 haberet,
545 4186 598 4240 in
625 4186 818 4255 quibus
845 4202 1002 4254 eum,
1032 4187 1124 4257 qui
1153 4195 1403 4257 cuperet,
1435 4187 1619 4243 videre
1645 4188 1854 4258 potuis-

259 4284 365 4331 set.
401 4276 597 4332 Dicunt
623 4292 751 4347 ergo
779 4295 794 4332 :
824 4277 1065 4332 Festina.
1094 4278 1173 4334 Ac
1195 4278 1242 4333 si
1266 4278 1483 4333 dicant:
1514 4277 1572 4333 Si
1592 4272 1852 4334 statutum

261 4373 482 4438 tempus
512 4368 809 4437 transierit,
854 4368 908 4423 in
938 4368 1085 4424 horis
1124 4384 1234 4425 sua:
1273 4369 1489 4439 quietis,
1522 4370 1733 4437 verbis,
1764 4376 1858 4424 aut

260 4460 572 4515 actionibus
597 4476 704 4515 non
735 4460 983 4515 intendit.
1018 4460 1118 4527 Qui
1148 4476 1277 4530 ergo
1304 4471 1529 4517 remoue
1559 4463 1683 4518 vitae
1712 4462 1856 4518 ordi-

1964 3264 2099 3318 toris
2124 3265 2346 3320 verbum
2379 3266 2432 3320 in
2460 3273 2622 3323 corde
2651 3284 2759 3323 non
2787 3278 2887 3324 est.
2920 3268 2985 3323 Et
3013 3280 3095 3325 est
3124 3272 3339 3339 quidem
3368 3273 3420 3327 in
3453 3288 3552 3327 ex-

1963 3346 2128 3409 celso'
2161 3354 2485 3410 sacriﬁcium
2544 3375 2557 3409 :
2610 3359 2735 3427 quia
2789 3359 2855 3413 de
2909 3361 3311 3428 exspectatione
3364 3362 3548 3431 verbi,

1961 3457 2158 3512 magna
2183 3446 2295 3515 jam
2327 3455 2409 3502 est
2436 3448 2490 3501 in
2522 3449 2686 3504 corde
2713 3450 2898 3505 audire
2929 3450 3159 3507 volentis
3187 3453 3267 3507 vis
3302 3453 3550 3508 devotio-

1964 3536 2070 3590 nis.
2100 3536 2281 3602 Quare
2305 3546 2360 3592 et
2372 3538 2511 3594 bene
2534 3539 2757 3595 dicitur:
2786 3538 2920 3605 Quia
2941 3543 3161 3612 papulas
3180 3560 3285 3598 non
3312 3544 3550 3611 comedit,

1964 3627 2124 3683 donec
2154 3630 2253 3693 ille
2280 3630 2461 3685 hostire
2498 3630 2781 3687 benedicat.
2831 3633 2967 3700 Quia
3016 3635 3160 3690 enim
3205 3652 3411 3691 summa
3460 3638 3542 3692 in-

1961 3718 2176 3775 hianter
2220 3720 2467 3791 diligunt,
2512 3724 2685 3779 donec
2732 3724 2920 3780 eadem
2966 3741 3174 3781 summa
3217 3728 3542 3798 percipiunt,

1962 3827 2075 3868 non
2114 3814 2413 3884 quiescunt.
2459 3816 2515 3871 Si
2548 3816 2689 3870 enim
2720 3816 2893 3873 hostia
2925 3820 3151 3886 mentis,
3187 3819 3302 3888 ejus
3332 3819 3550 3875 devotio

1963 3915 2048 3963 est
2080 3924 2093 3960 :
2125 3907 2314 3963 hostia:
2342 3908 2704 3977 benedicitur,
2736 3910 2953 3979 quando
2981 3912 3047 3967 ad
3075 3927 3265 3967 vocem
3294 3914 3550 3981 praedica-

1964 3999 2128 4055 tionis
2168 4001 2569 4069 sanctiﬁcatur,
2615 4010 2673 4056 ut
2715 4017 2823 4071 quo
2861 4004 3047 4072 purior
3076 4004 3332 4071 efﬁcitur,
3372 4005 3551 4060 divina

1966 4092 2313 4161 susceptione
2355 4095 2626 4163 acceptior
2670 4093 2951 4148 habeatur.
2996 4094 3149 4159 Quod
3187 4096 3329 4150 enim
3364 4096 3417 4150 in
3454 4096 3551 4151 Dei

1963 4181 2231 4240 sacriﬁcio
2268 4186 2625 4251 benedicitur,
2672 4186 2928 4240 mundum
2956 4187 3173 4257 quidem
3210 4198 3291 4243 est
3319 4206 3437 4245 cum
3468 4188 3551 4246 of-

1962 4277 2166 4347 fertur,
2205 4287 2261 4335 et
2288 4279 2609 4336 materiale:
2642 4281 2881 4336 oblatum
2921 4297 3050 4338 vero
3087 4291 3238 4339 tanto
3275 4294 3358 4341 est
3387 4301 3547 4341 mun-

1964 4368 2105 4437 dius,
2149 4380 2350 4440 quanto
2397 4386 2505 4426 non
2552 4372 2724 4427 solum
2753 4374 3053 4441 materiale,
3106 4375 3197 4430 sed
3224 4377 3547 4446 spirituale:

1965 4468 2167 4529 quanto
2194 4477 2302 4515 non
2329 4462 2503 4516 solum
2534 4463 2812 4530 mundum,
2843 4465 2938 4520 sed
2966 4465 3126 4519 etiam
3153 4466 3415 4522 mundans
3444 4476 3545 4523 est.

259 4562 391 4605 nem
420 4550 747 4620 sumpsimus
765 4590 783 4618 ,
827 4551 932 4606 hoc
973 4551 1259 4607 observare
1288 4552 1545 4607 attentius
1574 4553 1851 4609 debemus.
1881 4569 1939 4632 ι)
1965 4549 2271 4605 Hostiarum
2300 4552 2499 4624 quippe
2525 4554 2885 4611 oblationibus
2912 4557 3158 4611 mundari
3188 4568 3405 4628 peccata
3428 4559 3550 4629 quis

256 4635 582 4694 Statuendte
608 4647 733 4694 sunt
779 4640 934 4695 nobis
972 4639 1121 4696 horae
1148 4641 1469 4708 ministerii,
1520 4649 1582 4696 ut
1620 4642 1858 4698 breviter

256 4728 621 4796 persistamus
640 4728 694 4782 in
724 4743 912 4799 opere,
939 4728 1253 4785 festinanter
1278 4731 1458 4786 redire
1485 4731 1760 4788 valeamus
1785 4732 1856 4787 ad

255 4818 739 4888 contemplationis
777 4834 974 4876 arcem.
1023 4820 1155 4891 Ipsae
1193 4830 1373 4876 autem
1416 4823 1613 4879 secreti
1658 4824 1856 4879 silentii

256 4909 442 4965 nostri
491 4925 694 4976 morae,
746 4919 893 4967 tanta
942 4912 1062 4981 lege
1103 4913 1453 4970 districtionis
1493 4916 1855 4973 custodiendae

253 5009 413 5066 sunt,
445 5007 504 5055 ut
530 4999 633 5071 ipsi
660 5002 847 5070 etiam,
873 5003 964 5071 qui
993 5003 1252 5059 accedere
1276 5003 1474 5070 solent,
1505 5005 1699 5075 sciant,
1729 5007 1854 5076 quia

253 5102 458 5147 contra
496 5095 836 5166 propositum
881 5105 1126 5153 nostrum
1171 5096 1241 5154 ad
1284 5113 1387 5155 nos
1424 5113 1700 5157 accessum
1747 5118 1852 5158 non

251 5178 521 5237 habeant.

329 5272 431 5326 57.
460 5272 594 5340 Quia
610 5290 739 5332 vero
761 5276 877 5334 bzec
893 5279 1241 5350 spiritualiter
1260 5282 1549 5353 explanare
1569 5284 1853 5355 coepimus,

252 5372 460 5419 contra
491 5364 761 5436 simplices
799 5368 905 5425 hoc
951 5370 1055 5425 dici
1093 5374 1477 5430 convenienter
1501 5375 1723 5446 intelligi
1753 5393 1855 5448 po-

253 5462 391 5509 test.
414 5453 475 5510 ln
501 5458 719 5515 civitate
743 5461 941 5530 quippe
968 5461 1034 5529 is,
1064 5462 1155 5532 qui
1182 5465 1391 5522 videtur
1405 5475 1715 5537 extraneas,
1745 5469 1853 5525 Sa-

250 5546 504 5600 muelem
528 5547 729 5619 alloqui
758 5565 919 5621 posse
947 5560 1182 5622 putatur,
1212 5555 1264 5609 in
1294 5558 1508 5614 excelso
1538 5568 1716 5614 autem
1739 5576 1853 5615 non.

251 5644 491 5721 putatur
517 5656 531 5692 :
564 5640 689 5711 quia
718 5656 856 5712 quos
886 5642 1158 5714 simplices
1186 5661 1304 5703 esse
1342 5650 1625 5712 credimus.
1666 5653 1853 5722 plana,

308 5779 369 5838 Γ·
398 5783 564 5858 Ferte
582 5801 711 5871 leg.,
741 5805 850 5872 iam
872 5806 942 5862 ad
968 5808 1191 5863 litteram
1221 5823 1322 5863 non
1350 5809 1570 5878 verbum,
1604 5828 1707 5870 etc.

1963 4640 2205 4698 dubitet?
2229 4641 2319 4697 Sic
2342 4655 2605 4714 namque,
2648 4645 2725 4701 sic
2769 4654 2854 4702 est
2898 4649 3093 4701 mentis
3122 4647 3339 4704 devotio
3373 4666 3387 4703 :
3421 4663 3548 4701 nam

1965 4749 2087 4789 cum
2112 4735 2252 4789 bona
2278 4736 2463 4791 audire
2488 4737 2668 4805 gestit,
2696 4739 2892 4793 munda
2921 4748 3032 4807 est;
3064 4739 3159 4797 sed
3198 4756 3321 4795 cum
3348 4748 3550 4794 sanctae

1960 4823 2359 4895 praedicationis
2386 4836 2608 4896 accepta
2658 4835 2714 4883 et
2760 4828 3041 4884 benedicta
3081 4830 3327 4884 manibus
3360 4828 3547 4893 fuerit,

1965 4922 2117 4970 tanto
2146 4916 2422 4972 ardentior
2446 4925 2502 4972 et
2530 4918 2790 4973 sacratior
2822 4918 3084 4987 redditur,
3126 4928 3328 4989 quanto
3355 4918 3554 4975 clarius

1962 5005 2179 5072 didicit,
2219 5023 2381 5078 quem
2411 5023 2594 5063 amare
2632 5007 2840 5064 dulcius
2876 5016 3062 5064 notum
3112 5009 3301 5079 possit.
3353 5008 3549 5066 Munda

1963 5100 2181 5169 quidem
2221 5111 2364 5169 ante,
2397 5101 2545 5156 velut
2580 5104 2900 5172 praeparatio
2928 5101 3174 5157 sacriﬁcii
3204 5101 3398 5167 luerat,
3430 5114 3552 5170 quae
3616 5102 3627 5117 '

1962 5192 2165 5248 bonum
2186 5208 2344 5249 nosse
2363 5194 2635 5265 cupiebat,
2658 5204 2714 5250 et
2735 5202 2911 5249 tamen
2935 5194 3225 5250 materialis
3247 5203 3363 5248 erat
3384 5208 3552 5263 appa-

1964 5297 2115 5345 ratus
2146 5306 2159 5342 :
2189 5290 2313 5361 quia
2342 5289 2580 5344 nondum
2609 5289 2780 5357 novit,
2810 5303 2931 5359 quae
2958 5287 3167 5343 discere
3195 5287 3421 5357 appetit,
3455 5285 3552 5340 sed

1963 5383 2163 5438 munda
2191 5382 2349 5438 valde
2377 5390 2433 5437 et
2465 5382 2739 5453 spiritalis,
2775 5398 2895 5437 cum
2919 5382 3029 5450 jam
3059 5380 3317 5437 doctrinm
3346 5379 3547 5434 sancti-

1963 5472 2121 5529 ﬁcata
2140 5475 2382 5538 vocibus,
2404 5487 2510 5531 non
2522 5473 2632 5542 jam
2655 5473 2859 5543 appetit
2880 5473 3082 5539 audire,
3107 5472 3248 5541 quod
3274 5471 3431 5536 sciat,
3454 5469 3551 5527 sed

1962 5566 2144 5620 audita
2184 5565 2485 5621 delectatur
2520 5565 2784 5635 experiri,
2824 5581 2945 5637 quae
2983 5572 3143 5619 amat.
3192 5563 3344 5620 Tunc
3382 5563 3548 5619 etiam

1962 5671 2072 5712 non
2100 5657 2274 5713 solum
2300 5654 2499 5712 munda
2545 5664 2630 5712 est
2670 5656 2881 5727 hostia,
2930 5657 3024 5714 sed
3051 5658 3318 5713 mundans
3359 5674 3372 5711 :
3420 5651 3547 5723 quia
