4020 6344
475 338 579 398 259

1649 316 1894 398 simc'n
1930 334 2263 396 cesserat
2300 338 2514 398 MAGNI

3655 343 3769 404 κο

475 470 585 526 quo
614 452 928 514 ferventiori
953 452 1254 518 cmlestium
1282 465 1472 512 amore
1512 453 1875 520 succenditur,
1907 453 1975 509 ab
2004 468 2070 510 ea
2097 454 2152 516 Α
2174 452 2322 522 bent,
2354 454 2612 527 quidquid
2629 453 2870 512 lucidum
2888 455 3088 513 emicas
3109 456 3182 514 de
3206 457 3290 516 eis
3315 473 3454 518 voce
3475 461 3670 522 laudis.
3700 466 3770 523 Et

479 545 821 618 negligentiae
868 543 1100 600 carnalis
1151 544 1385 599 tenebrae
1430 544 1704 614 potentius
1748 544 2066 613 etlugantur.

476 629 749 711 Scriptum
777 638 974 708 quippe
1006 645 1090 694 est
1123 653 1136 690 :
1171 636 1307 701 Quia
1337 637 1564 692 charitas
1592 637 1757 711 operit
1783 635 2073 690 multitudi-

476 751 594 798 nem
620 743 946 807 peccatorum
975 729 1036 802 (l
1067 725 1214 785 Petr.
1249 745 1333 798 tv,
1375 725 1445 800 8)
1477 745 1492 783 2
1523 729 1648 799 quia
1679 727 1928 784 nitnirum
1951 742 2074 784 car-

476 823 617 878 nalia
647 832 831 878 nostra
862 822 1223 890 destruimus,
1269 835 1397 878 cum
1437 820 1648 877 ardenti
1686 819 1978 876 devotione
2005 817 2073 874 ad

477 913 717 969 coelestia
739 913 1101 968 sublevantur.

548 1003 638 1058 38.
674 1003 741 1058 Et
768 1003 891 1075 quia
915 1001 1201 1058 subditur:
1234 999 1302 1055 Et
1329 1009 1449 1056 tunc
1477 1000 1762 1067 comedent,
1794 1004 1880 1072 qui
1907 998 2075 1054 vocati

479 1105 618 1152 sunt.
652 1094 789 1164 Quid
823 1093 968 1148 aliud
992 1091 1266 1174 designat,
1305 1093 1407 1149 nisi
1449 1094 1574 1163 quia
1606 1091 1911 1152 devotionis
1939 1092 2074 1150 alie-

477 1197 598 1244 ctus
634 1189 832 1255 mentis
876 1197 955 1242 est
1002 1187 1187 1244 cibus?
1235 1175 1385 1242 Tunc
1431 1201 1671 1258 namque
1703 1185 2070 1253 comedentus,

480 1296 605 1336 cum
634 1279 823 1334 hostitc
857 1277 1192 1334 benedicitur
1218 1297 1232 1334 :
1263 1277 1388 1348 quia
1421 1294 1542 1336 cum
1570 1277 1638 1333 ad
1661 1277 2074 1349 praedicatorum

480 1388 672 1429 vocem
709 1371 927 1428 devotio
957 1380 1140 1427 nostra
1167 1371 1224 1426 in
1253 1386 1493 1427 amorem
1521 1369 1828 1426 Conditoris
1857 1368 2073 1424 extolli-

483 1457 590 1529 tur,
622 1464 822 1530 anima,
854 1478 972 1532 qua:
1010 1462 1075 1516 ad
1105 1461 1445 1518 dulcedinem
1474 1460 1780 1530 Conditoris
1810 1461 2074 1530 pervenit,

482 1531 646 1607 habet
671 1551 782 1620 jam
826 1531 1001 1606 cibum
1035 1567 1210 1606 suum.
1259 1549 1409 1607 Tunc
1456 1567 1585 1621 ergo
1614 1551 1933 1614 comedunt,
1983 1549 2077 1620 qui

483 1651 607 1698 ante
630 1641 1057 1698 benedictionem
1080 1641 1270 1697 hostiae
1291 1642 1580 1712 comedere
1603 1642 1912 1698 noluerunt.
1941 1641 2076 1696 Nam

479 1731 569 1802 qui
599 1747 805 1787 summa
862 1727 1178 1789 intentionis
1204 1732 1609 1803 exspectatione
1638 1732 1707 1788 ad
1735 1733 1928 1788 divina:
1954 1731 2074 1786 dul-

481 1825 685 1882 cedinis
718 1827 1121 1896 perceptionem
1149 1841 1208 1882 se
1237 1834 1575 1896 praeparant,
1609 1825 1734 1882 dum
1763 1825 1904 1880 mala
1935 1825 2076 1882 desi-

481 1917 630 1972 deria
673 1933 770 1988 per
808 1913 1107 1988 appetitum
1150 1916 1296 1972 nulla
1339 1916 1640 1987 recipiunt,
1693 1917 1842 1972 velut
1868 1915 2073 1987 jejuni,

483 2008 781 2066 refectione
810 2009 1113 2066 devotionis
1157 2011 1366 2082 avidius
1407 2011 1706 2082 replentur.
1747 2010 1905 2067 Velut
1934 2012 2078 2067 enim

481 2102 914 2158 benedictionem
947 2105 1134 2158 hostia:
1157 2103 1223 2160 ad
1249 2105 1599 2162 refectionem
1623 2112 1955 2176 exspectant,
1987 2105 2079 2176 qui

485 2202 683 2251 cuncta
728 2194 912 2250 illicita
942 2195 1208 2250 desideria
1250 2195 1490 2268 fugiunt,
1533 2205 1592 2252 ut
1632 2198 1700 2254 de
1747 2198 1954 2254 visione
1996 2198 2080 2253 in-

391 2321 396 2326 -
487 2291 653 2340 ternae
701 2286 885 2355 gloriae
931 2304 1029 2356 per
1076 2288 1421 2345 devotionem
1472 2291 1756 2354 satientur.
1810 2291 2079 2362 Scriptum

487 2377 687 2447 quippe
723 2386 804 2432 est
835 2397 848 2431 :
883 2378 1028 2433 Beati
1057 2381 1246 2435 mundo
1277 2382 1457 2448 corde,
1489 2385 1735 2454 quoniam
1773 2383 1872 2450 ipsi
1912 2381 2080 2438 Deum

483 2468 723 2526 uidebunt
750 2469 962 2544 (Matth.
996 2489 1046 2536 v,
1082 2471 1158 2537 8).
1193 2471 1296 2540 Qui
1328 2473 1469 2531 enim
1491 2474 1546 2528 in
1568 2475 1731 2530 corde
1759 2474 1943 2545 inepta
1971 2488 2080 2530 non

484 2564 707 2635 recipit,
750 2565 874 2621 dum
904 2583 1137 2640 superna
1168 2568 1469 2640 desiderat,
1499 2571 1729 2626 mundus
1757 2571 1920 2630 corde
1949 2579 2031 2627 est
2061 2589 2075 2626 :

485 2662 542 2710 et
568 2655 696 2711 dum
729 2673 828 2728 per
851 2659 1051 2714 bonum
1083 2660 1484 2731 praedicationis
1518 2662 1584 2717 ad
1619 2663 1812 2718 divina:
1838 2673 2078 2719 contem-

483 2745 737 2816 plationis
761 2748 1098 2804 dulcedinem
1120 2750 1351 2819 ducitur,
1387 2757 1546 2828 212
1570 2755 1724 2824 quasi
1747 2755 2080 2811 benedictio-

483 2852 606 2916 nem
637 2837 825 2894 hostize
853 2841 1016 2896 habet
1062 2841 1114 2895 in
1159 2842 1352 2896 anima:
1395 2844 1698 2900 saturitate.
1731 2843 1872 2900 Dicit
1899 2860 2028 2915 ergo
2059 2863 2075 2902 :

480 2925 682 2984 Deinde
716 2931 996 2999 comedent,
1029 2933 1114 3004 qui
1140 2933 1306 2987 vocati
1337 2944 1475 2987 sunt.
1506 2932 1681 3003 Jejuni
1732 2935 1931 3005 quippe
1977 2951 2076 2990 vo-

481 3028 672 3074 cantur
699 3021 769 3075 ad
795 3023 1206 3090 comestionem,
1237 3024 1361 3078 dum
1390 3025 1710 3094 praedicator
1738 3025 1867 3081 foris
1896 3026 2075 3096 loqui-

485 3117 590 3179 tur,
636 3113 728 3182 qui
772 3129 802 3167 a
842 3114 1023 3183 pravis
1066 3109 1348 3173 desideriis
1389 3127 1624 3192 mentem
1656 3120 1989 3188 custodiunt,
2021 3128 2078 3176 et

482 3217 580 3272 per
598 3204 826 3272 gratiam
854 3204 1087 3276 Spiritus
1116 3207 1289 3262 sancti
1313 3209 1378 3262 ad
1409 3207 1634 3264 interna)
1661 3209 1958 3276 dulcedinis
1978 3227 2074 3266 ex-

483 3294 801 3361 perientiam
839 3297 1145 3352 trahuntur.
1189 3297 1381 3354 Vocati
1411 3300 1554 3355 enim
1587 3310 1714 3359 tunc
1741 3311 1896 3358 erant
1931 3303 2070 3360 invi-

483 3383 602 3453 tati,
626 3385 717 3456 qui
741 3398 1020 3442 venerant.
1055 3387 1240 3444 Vocati
1267 3403 1397 3460 ergo
1413 3389 1581 3460 jejuni
1605 3401 1732 3448 tunc
1758 3394 2067 3461 comedunt,

481 3476 696 3543 quando
719 3477 771 3531 hi
801 3479 1093 3548 spiritualis
1115 3481 1300 3553 gratia:
1330 3482 1615 3540 devotione
1637 3495 1951 3556 pascuntur,
1979 3487 2072 3558 qui

483 3565 548 3619 ad
575 3582 694 3622 eam
725 3570 1124 3640 percipiendam
1154 3589 1212 3629 se
1251 3588 1446 3643 magna
1471 3577 1664 3632 mentis
1687 3593 1799 3634 sua:
1827 3578 2071 3636 custodia

483 3671 827 3729 paraverunt.
859 3661 997 3730 Quid
1021 3679 1150 3722 vero
1180 3674 1261 3723 est
1291 3669 1436 3738 quod
1461 3668 1646 3726 dicunt
1671 3689 1683 3724 :

555 3753 732 3824 (Vers.
762 3753 874 3825 l3.)
903 3757 1197 3827 Ascendite,
1230 3762 1350 3833 quia
1380 3761 1532 3818 hodie
1557 3766 1822 3834 reperietis
1848 3770 1999 3821 eum?

553 3844 641 3899 59.
698 3845 802 3902 Sed
854 3848 981 3904 dum
1019 3849 1176 3906 electi
1219 3853 1359 3908 bona
1389 3855 1802 3925 praedicatorum
1829 3857 2068 3928 laudant,

484 3938 792 3995 auditorum
814 3940 976 3996 corda
999 3957 1191 4020 magna
1219 3943 1334 4000 luce
1348 3945 1628 4002 irradiant.
1647 3947 1896 4006 C(elestis
1920 3967 2073 4007 nam-

483 4046 590 4102 que
617 4031 708 4087 illa
746 4035 1087 4114 conversatio
1121 4036 1249 4091 boni
1278 4037 1538 4107 doctoris,
1569 4055 1728 4112 quam
1759 4043 2069 4114 praedicant,

482 4121 597 4179 dies
618 4134 719 4180 est.
751 4125 942 4193 Dicant
962 4113 1091 4196 ergo
1118 4145 1130 4181 :
1164 4127 1338 4183 Hodie
1357 4132 1621 4201 reperietis
1652 4113 1785 4187 euut.
1817 4133 1893 4190 Eo
1922 4150 2074 4189 nam-

481 4229 586 4285 que
617 4215 704 4272 die
733 4218 1054 4288 praedicator
1080 4219 1369 4288 invenitur,
1401 4222 1618 4292 quando
1648 4240 1756 4280 non
1786 4232 1870 4280 est
1897 4225 2074 4282 minor

482 4309 610 4375 vita,
643 4323 802 4378 quam
845 4311 987 4366 fama
1018 4330 1029 4364 :
1062 4313 1277 4383 quando
1307 4315 1604 4372 electorum
1635 4335 1770 4374 voce
1801 4320 2068 4389 laudatur,

482 4398 580 4455 sed
609 4400 699 4469 qui
731 4401 913 4457 laudes
939 4402 1182 4473 audiunt,
1213 4421 1376 4462 omne
1403 4408 1547 4478 quod
1581 4410 1830 4476 audiunt,
1876 4412 1929 4466 in
1956 4413 2072 4483 ejus

483 4491 735 4546 laudabili
765 4496 1170 4551 conversatione
1197 4498 1493 4568 inveniunt,
1525 4508 1690 4571 atque
1715 4512 2069 4571 cognoscunt...

2172 549 2298 620 quia
2339 552 2470 606 tanti
2501 550 2602 607 viri
2626 549 2820 608 festina
2848 550 3138 610 devotione
3179 555 3455 626 quatrendi
3493 565 3650 625 mut,
3681 575 3772 616 se-

2171 642 2355 711 quitur
2380 660 2396 698 :

2249 741 2422 810 (Vers.
2450 743 2565 816 H.)
2593 743 2662 799 Et
2687 746 3032 802 ascenderunt
3057 748 3112 802 in
3138 748 3413 805 civitatem.
3440 750 3670 825 Cumque
3692 754 3774 813 illi

2173 834 2496 891 ambularent
2515 839 2568 892 in
2594 840 2762 894 medio
2782 839 2947 909 urbis,
2975 843 3218 912 apparuit
3240 841 3476 913 Samuel,
3500 847 3772 916 egrediens

2173 924 2373 982 obviam
2402 929 2494 994 eis,
2525 939 2581 982 ut
2608 931 2906 985 ascenderet
2936 933 2988 986 in
3016 934 3292 988 excelsum.

2245 1019 2335 1075 40.
2359 1019 2493 1075 Cum
2520 1034 2832 1078 sanctorum
2860 1024 3096 1080 virorum
3123 1028 3392 1096 praeconia
3415 1027 3685 1097 audimus,
3715 1031 3771 1085 in

2175 1112 2396 1169 civitate
2420 1114 2795 1171 ascendimus:
2818 1117 2942 1186 quia
2971 1117 3080 1173 illic
3102 1132 3198 1174 eos
3220 1119 3529 1188 quaerimus,
3555 1120 3648 1174 ubi
3677 1121 3774 1175 de-

2174 1207 2456 1273 scendunt,
2490 1224 2599 1264 non
2624 1210 2714 1265 ubi
2743 1219 2888 1266 sunt.
2919 1209 3058 1278 Sed,
3091 1221 3151 1268 ut
3185 1214 3431 1284 superius
3458 1213 3602 1282 dixi,
3636 1230 3772 1284 prae-

2175 1300 2477 1357 dicatorum
2506 1304 2688 1374 lucus,
2717 1321 2880 1376 quem
2909 1321 3006 1377 pro
3039 1323 3098 1363 se
3125 1309 3354 1376 habent,
3396 1317 3607 1366 secreta
3635 1311 3773 1365 divi-

2178 1391 2361 1447 nitatis
2387 1395 2774 1464 contemplatio
2802 1403 2888 1453 est
2931 1413 2946 1450 :
2995 1398 3148 1453 locus
3175 1405 3356 1454 autem
3386 1411 3484 1469 pro
3513 1399 3767 1469 subditis,

2177 1483 2508 1552 pmdicatio.
2540 1485 2841 1556 Aliquando
2867 1502 2997 1543 vero
3029 1489 3208 1559 plana,
3239 1491 3527 1560 aliquando
3554 1492 3662 1546 alta
3691 1493 3772 1548 lo-

2177 1584 2437 1642 quuntur.
2465 1576 2682 1633 llabent
2713 1593 2842 1648 ergo
2877 1595 3223 1637 communem
3255 1582 3435 1638 locum
3462 1597 3561 1653 pro
3595 1583 3773 1639 omni—

2177 1667 2298 1734 bus,
2344 1669 2545 1724 habent
2569 1671 2850 1728 sublimem
2878 1673 3271 1744 specialemque
3300 1690 3399 1746 pro
3426 1676 3771 1746 quibusdam,

2177 1757 2376 1814 habent
2395 1771 2662 1816 secretum
2689 1778 2786 1832 pro
2815 1778 2892 1818 se.
2926 1761 3050 1820 Haec
3070 1767 3320 1821 nimirum
3345 1767 3447 1822 tria
3467 1769 3774 1839 spiritualia

2105 1846 2154 1908 Β
2179 1853 2298 1911 loca
2326 1857 2646 1926 signantur:
2672 1858 2796 1928 quia
2823 1858 3042 1915 Samuel
3062 1861 3244 1929 egredi
3274 1860 3488 1928 dicitur,
3519 1870 3576 1918 et
3603 1878 3802 1933 appa—.

2178 1963 2302 2004 rere
2332 1949 2384 2004 in
2414 1950 2592 2005 medio
2622 1952 2789 2018 urbis,
2823 1961 2877 2006 et
2907 1954 3200 2010 ascendere
3227 1955 3281 2009 in
3309 1956 3604 2011 excelsum.
3638 1955 3775 2012 Nam

2179 2043 2292 2110 qui,
2322 2051 2381 2098 ut
2405 2053 2712 2116 appareret,
2745 2058 2994 2116 egressus
3037 2055 3142 2112 est,
3175 2057 3295 2103 erat
3321 2048 3439 2115 ubi,
3481 2058 3774 2118 antequam

2181 2141 2487 2202 appareret,
2521 2133 2783 2191 latuisset.
2841 2134 3198 2207 Egrediuntur
3251 2151 3380 2207 ergo
3435 2140 3774 2208 sacerdotes,

2179 2224 2396 2292 quando
2440 2240 2471 2278 a
2512 2235 2725 2281 secreto
2756 2227 3124 2285 meditationis
3152 2228 3220 2284 ad
3251 2231 3652 2302 prmdicandum
3683 2245 3774 2288 ve-

2180 2317 2353 2372 niunt.
2400 2316 2458 2371 ln
2495 2318 2711 2373 civitate
2748 2330 3029 2390 apparent,
3061 2322 3277 2392 quando
3307 2323 3576 2394 planiora,
3606 2324 3659 2379 id
3692 2333 3776 2382 est

2181 2409 2249 2464 ad
2275 2408 2562 2479 agendum,
2587 2411 2670 2466 vel
2686 2412 2752 2465 ad
2774 2413 3177 2482 intelligendum
3199 2413 3401 2470 dicunt.
3422 2414 3480 2469 lu
3499 2415 3776 2476 excelsum

2181 2501 2497 2566 ascendunt,
2529 2501 2742 2571 quando
2769 2503 3101 2573 sapientibus
3141 2512 3234 2559 aut
3272 2503 3430 2560 fortia
3458 2507 3776 2578 praecipiunt

2180 2592 2392 2662 operis,
2437 2599 2532 2646 aut
2575 2594 2820 2649 revelant
2865 2595 2971 2650 alta
3001 2597 3264 2668 mysterii.
3307 2595 3602 2655 Ordinatus
3642 2614 3776 2670 ergo

2179 2699 2435 2740 ascensus
2461 2693 2648 2740 noster
2672 2685 2992 2752 ostenditur,
3025 2701 3123 2758 per
3143 2689 3268 2754 hoc,
3290 2687 3436 2757 quod
3457 2687 3587 2744 Saul
3616 2690 3669 2744 in
3700 2690 3774 2746 ci-

2179 2777 2350 2831 vitate
2391 2777 2681 2832 ascendere
2733 2779 3069 2847 perhibetur.
3116 2779 3250 2834 Nam
3294 2780 3448 2836 nobis
3489 2775 3775 2841 Pastorum

2179 2876 2488 2924 nostrorum
2519 2867 2668 2932 loca,
2723 2867 2774 2921 iu
2814 2869 3007 2938 quibus
3049 2885 3235 2940 orare,
3276 2879 3370 2925 aut
3414 2869 3610 2928 Secreti
3655 2869 3776 2930 esse

2177 2966 2597 3024 consueverunt,
2627 2961 2953 3025 veneranda,
2999 2976 3106 3016 non
3137 2963 3382 3018 adeunda
3419 2973 3566 3022 sunt.
3617 2960 3776 3033 Quod

2181 3067 2290 3106 non
2330 3052 2504 3105 solum
2546 3051 2824 3121 exemplo,
2869 3052 2965 3107 sed
2993 3055 3156 3108 etiam
3187 3055 3365 3110 divina
3395 3057 3777 3115 cohortatione

2179 3156 2508 3210 cognoscere
2531 3156 2836 3211 possumus.
2863 3141 2920 3196 ln
2942 3141 3166 3200 Cantico
3189 3145 3407 3216 quidem
3435 3149 3777 3206 canticorum

2101 3232 2148 3297 (Ξ
2177 3249 2407 3304 sponsus
2429 3234 2730 3303 denuntiat,
2761 3235 2948 3292 dicens
2974 3254 2985 3290 :
3023 3234 3249 3293 Obsecro
3273 3255 3378 3305 ros,
3408 3239 3776 3309 ﬁliwlerusa-

2175 3329 2298 3395 lem,
2329 3344 2392 3381 ne
2429 3326 2670 3398 evigilare
2700 3327 2913 3398 faciatis
2933 3328 3195 3392 dilectam,
3229 3345 3490 3401 quousque
3517 3330 3635 3400 ipsa
3658 3332 3774 3386 velit

2177 3419 2352 3492 (Cant.
2385 3433 2462 3486 ιιι,
2490 3416 2566 3486 5).
2597 3417 2805 3474 hiemes
2833 3419 2976 3474 enim
2999 3420 3362 3489 perfecturum
3381 3436 3594 3491 sponsae
3610 3430 3769 3476 sunt:

2173 3509 2298 3580 quia
2321 3509 2445 3564 dum
2469 3518 2678 3565 secreto
2703 3509 2868 3564 divini
2890 3511 3088 3565 amoris
3116 3525 3177 3565 se
3198 3510 3346 3565 velut
3377 3511 3538 3583 213
3567 3512 3623 3566 in
3650 3512 3771 3567 tha-

2174 3601 2319 3656 lamo
2344 3600 2637 3665 collocant,
2669 3601 2742 3655 ibi
2771 3615 2866 3670 per
2893 3602 3154 3656 visionem
3186 3601 3485 3668 inveniunt,
3518 3604 3607 3656 cui
3632 3599 3771 3659 inel-

2173 3692 2320 3748 fabili
2359 3708 2546 3748 amore
2583 3693 2899 3762 junguntur.
2945 3691 3080 3748 Cum
3107 3708 3236 3762 ergo
3265 3708 3460 3764 sponsa
3485 3693 3690 3750 dormit
3715 3696 3770 3752 in

2175 3785 2430 3848 thalamo,
2462 3783 2806 3853 conjungitur
2833 3798 3034 3853 sponso
3062 3803 3074 3837 :
3109 3783 3236 3852 quia
3263 3783 3389 3838 dum
3428 3783 3605 3838 electa
3634 3797 3771 3854 pne-

2173 3877 2428 3932 dicatoris
2450 3876 2629 3930 anima
2652 3878 2704 3930 in
2727 3885 2933 3930 secreta
2951 3875 3410 3945 contemplatione
3426 3875 3767 3946 reconditur,

2173 3968 2323 4036 quasi
2367 3966 2420 4021 in
2469 3966 2653 4036 sponsi
2692 3965 2932 4020 thalamo
2973 3967 3292 4022 collocatur.
3333 3966 3436 4033 Qui
3465 3979 3596 4036 ergo
3625 3968 3770 4024 hanc

2172 4059 2412 4125 suscitat,
2444 4071 2646 4129 sponso
2679 4058 2858 4114 tollit:
2903 4059 3028 4128 quia
3061 4059 3310 4114 nimirum
3338 4061 3550 4131 requies
3578 4060 3770 4116 electa

2172 4152 2366 4206 animm
2407 4165 2514 4204 non
2544 4151 2718 4205 solum
2749 4166 2872 4216 sua,
2926 4150 3023 4206 sed
3053 4153 3213 4206 etiam
3239 4152 3526 4207 delectatio
3571 4153 3770 4222 sponsi

2173 4253 2273 4300 est.
2303 4244 2460 4300 Unde
2487 4254 2542 4298 et
2570 4259 2667 4314 per
2689 4244 3012 4314 prophetam
3039 4245 3236 4300 dicitur
3263 4263 3275 4299 :
3310 4243 3566 4300 Guudebit
3603 4261 3769 4314 spon-

2172 4354 2259 4392 sus
2286 4354 2438 4406 super
2466 4353 2711 4405 sponsam
2742 4337 2908 4410 (Isai.
2936 4353 3043 4392 an
3061 4376 3075 4402 ,
3107 4337 3194 4409 δ’).
3229 4338 3422 4394 Merito
3451 4353 3581 4407 ergo
3605 4338 3766 4394 Jeru-

2172 4431 2340 4486 salem
2363 4427 2499 4484 ﬁlias
2514 4445 2742 4500 sponsus
2764 4429 2996 4499 adiurat,
3018 4437 3078 4484 u‘t
3100 4431 3168 4484 ab
3185 4432 3261 4486 eis
3284 4446 3501 4501 sponsa,
3525 4433 3765 4502 quandiu

2174 4521 2409 4576 dormire
2434 4521 2688 4588 voluerit,
2721 4536 2828 4576 non
2873 4521 3170 4575 excitetur:
3198 4537 3285 4588 ne,
3329 4519 3456 4575 dum
3483 4521 3574 4575 illa
3597 4513 3768 4589 surgit

485 4584 604 4649 Quo
630 4594 815 4640 contra
846 4584 1145 4645 Pharisaeos
1189 4590 1474 4660 increpans
1501 4591 1757 4652 Dominus
1776 4635 1792 4662 ,
1822 4595 1899 4650 ait
1927 4613 1940 4652 :
1983 4596 2072 4653 l'a:

2179 4629 2207 4665 a
2237 4613 2421 4683 quiete
2460 4584 2711 4678 thalami,
2743 4611 2858 4681 ipse
2887 4584 3292 4681 perfruitionem
3320 4610 3512 4680 perdat
3542 4611 3763 4666 amoris.

483 4672 648 4743 vobis,
680 4673 896 4744 Scribw,
928 4687 976 4731 et
1005 4677 1264 4734 Phariswi
1283 4721 1297 4747 ,
1340 4683 1425 4754 qui
1452 4685 1643 4738 similes
1674 4686 1796 4739 estis
1822 4688 2071 4758 sepulcris

484 4764 755 4836 dealbatis,
788 4785 900 4841 qua:
929 4772 1057 4842 [oris
1087 4772 1322 4826 videntur
1344 4774 1635 4831 hominibus
1666 4778 1902 4847 pulchra,
1934 4781 2073 4836 intus

483 4868 654 4912 autem
673 4860 826 4928 plena
847 4871 962 4916 sunt
987 4863 1184 4918 ossibus
1202 4876 1520 4922 mortuorum
1543 4868 1758 4941 (Matth.
1779 4887 1934 4936 xxut,
1955 4871 2069 4942 27).

480 4949 617 5008 Ilinc
646 4953 838 5009 iterum
861 4971 998 5012 vane
1028 4958 1292 5026 gloriosos
1331 4960 1636 5020 inﬁdelibus
1662 4972 1958 5034 comparat,
1993 4964 2074 5020 di-

480 5061 608 5100 cens
637 5064 650 5100 :
677 5045 944 5129 Quomodo
967 5054 1180 5123 potestis
1202 5055 1428 5122 credere,
1451 5057 1675 5128 gloriam
1692 5060 1756 5114 ab
1775 5060 2067 5114 hominibus

479 5138 788 5209 accipientes
819 5141 994 5213 (Joan.
1023 5161 1076 5213 v,
1112 5144 1242 5219 id)?
1270 5146 1329 5202 In
1360 5148 1444 5204 die
1494 5149 1710 5219 quidem
1759 5151 2064 5218 laudantur,

478 5233 570 5301 qui
598 5234 862 5303 ejusmodi
891 5247 1034 5306 sunt,
1075 5240 1170 5294 sed
1203 5255 1270 5297 eo
1299 5241 1386 5296 die
1415 5259 1524 5298 non
1550 5245 1918 5313 reperiuntur:
1939 5249 2066 5315 quia

477 5325 566 5392 qui
599 5344 782 5383 eorum
825 5329 1009 5387 laudes
1057 5333 1305 5405 audiunt,
1331 5336 1486 5405 quasi
1516 5338 1806 5394 candorem
1835 5341 2068 5410 sepulcri

478 5427 508 5465 a
532 5413 660 5471 foris
685 5418 986 5489 aspiciunt;
1016 5424 1112 5478 sed
1138 5440 1260 5480 cum
1286 5426 1530 5483 laudatas
1547 5428 1774 5486 virtutes
1796 5442 2063 5500 quaerunt,

480 5504 622 5562 intus
647 5521 994 5580 peccatorum
1021 5526 1232 5574 noctem
1259 5521 1412 5591 quasi
1442 5522 1614 5576 tristia
1643 5531 1804 5594 atque
1826 5529 2064 5595 putentia

477 5610 814 5660 mortuorum
842 5622 964 5664 ossa
992 5609 1288 5682 inveniunt.
1323 5613 1512 5680 Dicant
1538 5628 1688 5683 ergo,
1731 5632 1828 5685 pro
1857 5619 2060 5687 signiti-

477 5692 646 5747 cauda
686 5711 813 5760 vera
842 5696 1008 5778 gloria
1043 5701 1178 5772 justi
1205 5721 1218 5757 :
1252 5701 1425 5758 Hodie
1451 5706 1713 5776 reperietis
1740 5723 1855 5764 eum
1883 5723 1901 5762 :
1933 5711 2061 5779 quia

479 5796 601 5840 cum
623 5785 754 5857 justi
781 5789 1090 5864 laudantur,
1141 5794 1196 5852 in
1243 5794 1471 5855 veritate
1514 5798 1940 5860 conversationis
1963 5803 2060 5862 ba-

2176 4706 2430 4777 Egressus
2473 4718 2601 4772 ergo
2631 4703 2898 4759 Samuelis
2918 4711 3288 4774 exspectetur,
3317 4703 3442 4772 quia
3469 4703 3572 4758 viri
3593 4703 3766 4759 sancti

2175 4796 2230 4850 iu
2274 4799 2488 4849 secreto
2532 4793 2614 4848 sui
2656 4793 2855 4848 silentii
2902 4793 3194 4849 venerandi
3231 4791 3378 4861 sunt,
3424 4792 3766 4863 inquietandi

2175 4905 2282 4943 non
2310 4894 2454 4942 sunt.
2505 4886 2562 4940 ln
2594 4885 2812 4941 civitate
2852 4885 3014 4955 igitur
3042 4884 3440 4941 ascendentium
3486 4895 3600 4952 est;
3638 4887 3762 4955 quia

2175 4982 2379 5037 electus
2402 4980 2592 5034 doctor
2619 4979 2672 5032 in
2701 4978 2972 5033 communi
2999 4977 3122 5032 loco
3151 4977 3410 5031 doe‘trinze
3430 4984 3585 5030 tanto
3619 4976 3766 5031 lucro

2175 5072 2286 5127 suis
2325 5071 2570 5137 videtur,
2610 5077 2814 5139 quanto
2852 5076 2912 5123 ut
2949 5068 3151 5138 prosit,
3197 5070 3346 5122 exire
3393 5070 3759 5136 cognoscitur.

2173 5163 2292 5230 Quo
2312 5164 2366 5217 in
2388 5163 2508 5217 loco
2527 5160 2841 5228 notandum,
2869 5159 2994 5228 quin
3018 5158 3085 5213 de
3105 5157 3356 5213 Samuele
3384 5167 3496 5212 non
3521 5157 3759 5212 dicitUr:

2172 5251 2344 5308 Hodie
2365 5250 2607 5306 ascendit
2635 5250 2686 5304 in
2719 5249 2965 5314 civitate,
2996 5248 3115 5315 sed,
3148 5248 3299 5304 hodie
3331 5250 3469 5302 venit
3496 5249 3548 5302 in
3579 5250 3761 5301 civita-

2173 5354 2314 5399 tem:
2344 5343 2412 5398 de
2439 5342 2603 5399 Saule
2632 5346 2837 5410 autem,
2866 5348 2923 5395 et
2950 5353 3120 5410 puero
3157 5357 3170 5394 :
3209 5355 3315 5395 non
3348 5347 3638 5401 venerunt,
3669 5335 3760 5394 sel

2172 5439 2547 5505 ascenderunt,
2607 5437 2821 5493 dicitur.
2872 5433 2967 5489 Ille
3016 5435 3159 5490 enim
3204 5433 3356 5489 velut»
3394 5443 3494 5503 per
3539 5431 3761 5501 planum

2172 5531 2339 5596 venit,
2372 5531 2470 5586 iste
2496 5529 2647 5585 velut
2674 5529 2726 5582 in
2757 5525 2864 5582 alta
2902 5525 3237 5582 conscendit.
3284 5523 3422 5592 Quid
3469 5521 3614 5578 aliud
3666 5534 3762 5593 per

2173 5621 2279 5677 hoc
2309 5621 2463 5677 nobis
2491 5619 2813 5688 ostenditur,
2837 5618 2940 5673 nisi
2971 5619 3098 5688 quia
3127 5617 3285 5689 plana
3315 5630 3433 5685 qua:
3464 5616 3761 5685 loquuntur

2169 5713 2570 5786 pmdicatores,
2599 5712 2755 5768 nobis
2779 5711 2943 5783 plana
2973 5725 3080 5768 non
3108 5709 3268 5766 sunt?
3294 5707 3351 5765 In
3381 5708 3603 5763 civitate
3628 5719 3759 5775 ergo

2168 5821 2279 5865 nou
2304 5806 2568 5875 venimus,
2592 5804 2690 5865 sed
2703 5803 3064 5876 ascendimus,
3085 5802 3301 5877 quando
3323 5808 3419 5866 aut
3435 5799 3598 5891 [tigna
3621 5812 3754 5885 rra-
