4020 6344
209 372 315 431 961

1038 373 1104 430 ΙΝ
1140 371 1408 431 PRIMUM
1445 370 1690 429 REGUM
1729 371 2251 431 EXPOSITIONES.
2291 403 2360 418 -—
2399 374 2528 433 LIB.
2568 376 2661 435 IV.

3388 380 3503 438 26S

214 489 501 560 dicationis
534 487 822 565 difﬁculter
847 493 1157 563 aspicimus,
1197 501 1290 548 aut
1317 506 1499 562 parva,
1524 507 1643 563 qaze
1670 508 1808 563 prae-
1838 507 1884 564 Α
1910 492 2117 550 ctitudo
2166 492 2499 550 intentionis.
2544 493 2714 551 Recte
2768 504 2903 564 ergo
2957 500 3086 550 ante
3136 507 3299 549 unam
3352 494 3496 552 diem

213 587 477 656 cipituut‘,
530 599 655 640 cum
686 584 872 642 labore
900 595 1198 655 portamus.
1246 585 1355 641 Sed
1393 586 1519 656 quia
1567 594 1712 641 stare
1750 587 1805 643 in

211 679 453 747 civitate,
473 678 738 732 munitum
770 693 889 734 esse
914 687 1016 745 est,
1048 679 1250 735 idcirco
1279 679 1650 746 ascendimus;
1681 681 1807 749 quia

211 787 335 825 cum
369 785 467 825 nos
492 770 688 825 summi
713 769 817 823 viri
847 785 1010 839 parva
1041 772 1181 827 bona
1211 784 1371 839 agere
1405 770 1621 837 docent,
1654 772 1807 826 mali-

212 878 443 931 gnorum
470 862 753 934 spirituum
792 863 1030 918 consiliis
1068 865 1415 935 acquiescere
1454 866 1807 922 vehementer

215 958 525 1027 prohibent.
555 956 622 1012 Et
660 957 785 1027 quia
810 958 969 1014 valde
993 959 1453 1029 laboriosum.est,
1482 960 1663 1015 omnia
1693 969 1810 1015 ten-

213 1055 458 1103 tamenta
481 1047 717 1115 vincere,
747 1046 815 1102 ad
840 1050 1003 1107 verba
1028 1049 1331 1116 doctorum,
1362 1065 1482 1121 quae
1522 1050 1626 1105 hoc
1655 1049 1809 1106 nobis

214 1139 553 1209 pmcipiunt,
575 1139 727 1217 quasi
751 1155 849 1212 per
869 1155 1124 1197 ascensus
1143 1141 1384 1198 laborem
1399 1156 1657 1197 conamur
1683 1156 1807 1211 per-

214 1230 425 1287 venire.
473 1229 581 1286 Sed
610 1230 734 1300 quia
776 1231 1035 1302 scriptum
1085 1241 1199 1297 est,
1262 1232 1407 1303 quod
1436 1230 1813 1309 Unusquisque

216 1320 528 1385 mercedem
571 1322 803 1395 accipiet
844 1323 1140 1380 secundum
1168 1323 1326 1381 suum
1367 1325 1610 1382 laborem
1645 1324 1815 1394 (quod

218 1413 475 1468 nimirum
500 1428 607 1467 non
634 1413 808 1468 solum
829 1413 897 1469 de
918 1423 1120 1470 interna
1146 1414 1503 1471 retributione
1530 1414 1810 1485 accipitur,

219 1502 313 1559 sed
344 1504 509 1558 etiam
540 1504 607 1561 de
646 1504 930 1574 prmsenti)
960 1506 1301 1577 omnipotens
1327 1494 1469 1562 Deus
1493 1522 1592 1577 pro
1620 1506 1814 1562 merito

220 1593 440 1664 operis,
482 1594 672 1651 electis
698 1595 811 1651 suis
834 1596 1021 1651 tribuit
1048 1606 1334 1666 augmenta
1365 1598 1577 1653 virtutis
1608 1597 1658 1669 (1
1690 1597 1819 1671 Cor.

220 1700 311 1751 Ill,
346 1684 433 1756 8).
468 1684 601 1749 Nam
630 1694 684 1740 et
712 1686 942 1741 Ahraha:
994 1687 1102 1744 ﬁlio
1145 1704 1255 1745 non
1293 1689 1541 1758 parcenti
1574 1690 1811 1745 dicitur:

223 1762 331 1829 Per
356 1778 709 1847 memetipsum
729 1779 903 1848 juravi
925 1794 943 1831 :
972 1781 1091 1849 quia
1123 1781 1288 1850 fecisti
1319 1798 1423 1836 rem
1450 1782 1603 1847 lianc,
1634 1791 1682 1835 et
1712 1798 1817 1837 non

221 1868 496 1935 pepercisti
518 1867 627 1937 ﬁlio
650 1878 857 1939 prapter
882 1887 960 1924 me
984 1887 1001 1925 :
1032 1868 1327 1925 benedicam
1360 1873 1469 1937 tibi,
1497 1883 1544 1927 et
1566 1874 1815 1946 multipli-

222 1954 353 2009 cabo
397 1972 567 2010 semen
600 1964 743 2011 tuum
793 1957 944 2030 (Gen.
977 1975 1115 2026 xxu,
1152 1960 1263 2030 16).
1299 1961 1623 2034 Plerumque
1652 1964 1817 2036 enim,

223 2046 318 2115 qui
345 2044 575 2102 ﬁdeliter
601 2048 866 2123 laborant,
896 2050 948 2105 in
981 2050 1238 2108 faciendis
1267 2053 1329 2108 iis
1352 2069 1470 2123 qua:
1499 2056 1694 2121 sciunt,
1727 2071 1824 2128 per

222 2134 471 2191 divinam
492 2138 719 2206 gratiam
741 2140 963 2210 majora,
997 2158 1115 2212 quae
1146 2152 1325 2213 agant,
1357 2161 1685 2217 cognoscere
1711 2164 1824 2206 me-

224 2232 443 2281 rentur.
486 2226 547 2282 In
591 2245 815 2297 quorum
858 2238 982 2303 typo
1012 2222 1152 2289 bene
1182 2232 1311 2290 Saul
1340 2237 1395 2291 in
1432 2238 1649 2293 civitate
1678 2241 1826 2310 prius

228 2318 531 2375 ascendere
560 2319 774 2386 dicitur,
806 2322 858 2377 in
886 2324 1157 2380 excelsum
1183 2335 1369 2397 postea
1400 2344 1429 2382 a
1455 2329 1702 2385 Samuele
1727 2330 1827 2386 du-

230 2420 350 2468 ctus
381 2414 715 2481 perhibetur.
748 2417 948 2473 Verum
975 2419 1189 2474 obviam
1218 2421 1424 2487 venire,
1455 2431 1537 2476 est
1564 2436 1660 2492 per
1681 2437 1827 2476 cam-

232 2502 355 2560 dem
395 2505 538 2559 viam
589 2508 827 2563 venienti
877 2526 1185 2567 occurrere.
1234 2510 1368 2566 Cum
1410 2527 1538 2584 ergo
1568 2529 1599 2568 a
1626 2515 1827 2589 sanctis

235 2594 688 2662 praedicatoribus
717 2600 901 2655 salutis
928 2602 1073 2656 viam
1116 2599 1323 2659 discere
1348 2606 1593 2662 volumus
1613 2648 1628 2674 ,
1674 2606 1828 2681 nobis

236 2687 453 2757 quidem
483 2690 699 2744 obviam
727 2692 971 2761 veniunt,
1022 2694 1236 2762 quando
1266 2710 1388 2750 cum
1422 2697 1582 2751 verbo
1617 2696 1824 2763 salutis,

234 2780 383 2850 quod
407 2781 725 2852 quaerimus,
783 2794 1089 2840 occurrunt.
1141 2786 1305 2853 Quasi
1336 2789 1478 2843 enim
1524 2788 1713 2846 eadem
1741 2790 1827 2846 via

233 2874 481 2939 veniunt,
513 2891 635 2930 cum
662 2876 711 2931 id
738 2893 837 2932 nos
866 2878 1065 2933 docere
1091 2878 1373 2945 festinant,
1407 2882 1552 2952 quod
1581 2898 1678 2935 nos
1702 2896 1828 2951 pro-

236 2966 518 3035 posuimus
538 2968 765 3024 discere.
792 2968 909 3025 Hoc
935 2969 1178 3041 profecto
1208 2972 1413 3027 morale
1439 2981 1521 3028 est
1549 2974 1822 3029 omnium:

232 3053 280 3108 si
311 3055 458 3109 enim
499 3070 562 3111 ea
588 3071 707 3127 qua:
738 3056 1090 3129 spiritualiter
1130 3061 1448 3132 quibusdam
1488 3068 1824 3133 competunt,

234 3145 574 3219 indagamus,
620 3150 835 3205 obviam
869 3151 1045 3217 venit;
1095 3154 1218 3223 quia
1257 3153 1611 3209 ordinandum
1642 3170 1825 3226 regem

234 3236 301 3293 ad
328 3254 391 3294 se
427 3240 613 3297 venire
648 3242 1048 3313 praecognoscit.
1106 3236 1261 3305 Unde
1298 3252 1476 3301 autem
1507 3255 1820 3318 cognoscat,

232 3327 540 3398 adiungitur
564 3349 579 3384 :

301 3442 485 3515 (Vera.
521 3441 607 3521 15,
645 3443 753 3515 l6.)
785 3442 1040 3501 Dominus
1070 3454 1238 3501 autem
1270 3448 1582 3503 revelaverat
1611 3450 1822 3503 auricu-

234 3534 339 3588 lam
368 3534 628 3590 Samuclis
659 3528 777 3590 ante
802 3554 958 3592 unam
988 3536 1141 3606 diem,
1173 3556 1326 3611 quam
1346 3540 1539 3593 veniret
1568 3538 1717 3601 Saul,
1745 3540 1824 3593 di-

236 3642 387 3679 cens:
431 3625 551 3680 [fac
580 3629 712 3698 ipsa,
742 3646 854 3700 qua
893 3647 1028 3683 nunc
1071 3641 1167 3697 est,
1198 3630 1345 3695 hora,
1379 3647 1496 3684 cras
1525 3632 1725 3684 mittam
1754 3626 1826 3684 ad

238 3723 283 3768 te
308 3716 474 3771 virum
505 3717 569 3770 de
609 3725 745 3771 terra
788 3718 1082 3790 Benjamin,
1113 3728 1163 3773 et
1192 3737 1351 3792 unges
1390 3737 1503 3775 eum
1533 3720 1711 3775 ducem
1738 3738 1825 3776 su-

236 3824 326 3877 per
356 3809 600 3878 populum
628 3826 791 3863 meum
817 3808 1006 3878 Israel,
1036 3821 1086 3866 et
1112 3809 1333 3865 salvabit
1371 3812 1617 3882 populum
1657 3830 1825 3869 meum

242 3899 303 3953 de
332 3916 492 3953 manu
520 3897 860 3955 Pliilistliiim.

311 3978 404 4045 Al.
438 3991 572 4047 Exiit
601 4006 730 4063 ergo
761 3995 810 4050 ei
857 3996 1093 4063 obviam,
1132 3996 1272 4052 utin
1311 3996 1581 4052 excelsum
1628 3997 1822 4052 ducat:

239 4079 368 4150 quia
398 4079 461 4148 is,
487 4082 573 4151 qui
600 4084 665 4138 ad
690 4091 889 4139 sancta:
919 4082 1172 4141 Ecclesia:
1200 4087 1437 4156 regimen
1466 4087 1741 4156 qumritur,
1772 4093 1826 4142 et

236 4169 419 4227 divino
466 4168 687 4230 munere
729 4162 1179 4232 demonstrandus
1207 4185 1311 4243 est,
1355 4185 1409 4232 et
1438 4160 1505 4232 ad
1541 4180 1825 4234 sublimem

237 4264 707 4321 conversationem
753 4268 1046 4323 vocandus.
1097 4268 1352 4324 Auricula
1382 4264 1671 4336 Samuelis,
1700 4270 1825 4340 quia

235 4353 554 4409 diminutive
575 4356 791 4425 dicitur,
816 4358 943 4427 quid
967 4359 1230 4429 designat,
1256 4360 1359 4414 nisi
1386 4362 1641 4416 humilem
1665 4361 1827 4437 214

239 4446 651 4516 intelligentiam
680 4450 921 4505 doctoris
949 4452 1201 4521 spiritalis
1226 4453 1249 4505 ?
1278 4452 1531 4531 Auricula
1564 4468 1693 4524 ergo
1740 4442 1826 4511 re;

237 4539 451 4593 velatur
482 4553 511 4592 a
544 4539 789 4605 Domino,
814 4542 1029 4610 quando
1061 4542 1277 4598 humilis
1306 4544 1656 4613 intelligentia
1688 4562 1823 4617 prze-
1890 4622 1893 4625 ἢ

233 4629 493 4685 dicatoris
536 4646 567 4685 a
595 4629 799 4701 Spiritu
833 4642 1020 4690 sancto
1050 4634 1368 4701 instruitur;
1419 4644 1477 4690 ut
1503 4653 1621 4707 quae
1651 4640 1821 4695 factu-

236 4737 329 4777 rus
377 4730 481 4788 est,
526 4722 730 4789 audiat,
786 4733 841 4779 et
870 4725 1048 4779 audita
1098 4727 1368 4797 disponat.
1415 4728 1518 4783 Sed
1558 4731 1826 4787 subtiliter

237 4820 317 4869 est
374 4813 688 4870 intuendum
718 4817 860 4886 quod
903 4817 1100 4874 dicitur
1126 4838 1138 4874 :
1169 4823 1302 4875 Ante
1330 4838 1487 4876 unum
1515 4823 1669 4879 diem.
1706 4825 1827 4882 Dies

234 4902 385 4957 enim
415 4912 498 4957 est
523 4904 630 4959 vita
650 4904 803 4974 justi,
831 4905 1000 4963 Paulo
1030 4915 1341 4977 attestante‘,
1374 4913 1463 4980 qui
1493 4915 1593 4966 ait:
1630 4912 1827 4970 Fuistis

233 4995 517 5067 aliquando
541 4997 781 5067 tenebrw,
804 5016 940 5054 nunc
963 5010 1131 5055 autem
1160 5004 1251 5056 tua:
1278 5004 1330 5057 in
1365 5000 1585 5060 Domino
1609 5006 1825 5079 (Ep/M38.

231 5104 283 5156 v,
316 5087 400 5158 8).
434 5090 660 5156 Quando
690 5100 869 5147 autem
900 5095 1006 5165 vita
1034 5094 1191 5151 electi
1224 5096 1542 5163 ostenditur,
1588 5099 1704 5155 dies
1745 5101 1826 5155 la-

234 5187 361 5236 tens
406 5182 693 5238 reveletur.
750 5184 880 5239 Nam
929 5187 1091 5243 homo
1136 5188 1280 5243 videt
1325 5197 1642 5259 praetextum
1695 5192 1821 5247 boni

232 5274 439 5343 operis,
470 5272 610 5331 Deus
654 5276 837 5332 autem
866 5280 1034 5335 lucem
1081 5281 1275 5337 cordis.
1310 5280 1443 5348 Quia
1475 5272 1603 5353 ergo
1643 5283 1819 5350 electi,

232 5373 287 5419 et
316 5366 538 5434 reprobi
582 5368 884 5425 intentione
931 5371 1109 5427 cordis
1156 5374 1452 5429 absconditi
1498 5383 1645 5441 sunt,
1698 5384 1824 5434 ante

231 5468 401 5507 uuam
448 5454 590 5510 diem
636 5456 892 5514 Dominus
938 5462 1245 5516 venientem
1305 5476 1487 5532 regem
1542 5465 1819 5534 insinuat;

233 5548 455 5616 quando
480 5562 577 5619 per
604 5551 720 5621 ejus
747 5554 974 5621 gratiam
1014 5556 1183 5610 sancti
1226 5558 1602 5625 praedicatores
1660 5573 1821 5629 agno-

235 5647 397 5694 scunt
424 5640 476 5694 in
506 5641 603 5708 eis,
628 5644 718 5711 qui
752 5644 1101 5713 promovendi
1130 5654 1273 5713 sunt,
1300 5649 1666 5703 testimonium
1690 5650 1817 5707 boni

236 5731 422 5799 aperis
493 5735 800 5803 praecedere
885 5736 1173 5805 puritatem
1243 5738 1575 5797 intentionis.
1660 5743 1814 5798 Nulla

239 5818 390 5876 enim
452 5829 538 5878 est
592 5822 691 5881 lux
748 5825 929 5884 oneris
956 5863 972 5890 .
1038 5840 1201 5895 quam
1263 5842 1373 5885 non
1429 5832 1681 5900 praecedit
1731 5846 1822 5891 re-

1908 602 2005 642 rex
2040 586 2371 643 ordinandus
2417 588 2741 657 agnoscitur.
2787 588 2892 645 Sed
2930 588 3353 659 subsequentem
3379 589 3501 658 qui-.

1908 676 2033 731 dem
2062 675 2202 731 diem
2237 692 2345 731 non
2375 677 2664 747 aspiciunt,
2698 678 2798 734 nisi
2827 694 2895 733 ex
2942 677 3283 749 praecedente
3311 694 3504 736 nasca-

1911 773 2040 821 tur:
2090 773 2150 821 ut
2176 766 2319 822 diem
2353 776 2479 824 ante
2504 768 2646 823 diem
2678 769 3031 827 intentionem
3070 779 3196 826 ante
3230 771 3505 840 operatio-

1909 872 2033 914 nem
2082 858 2445 926 considerent,
2497 869 2552 915 et
2581 876 2612 915 a
2642 860 2753 916 Deo
2792 860 3014 915 missum
3044 860 3099 916 in
3130 860 3251 916 luce
3294 870 3498 917 sancta

1910 950 2239 1019 operationis
2284 951 2568 1021 aspiciant,
2601 966 2761 1021 quem
2810 952 2995 1007 lucere
3026 968 3120 1021 per
3168 953 3507 1023 propositum

1910 1039 2086 1095 cordis
2108 1040 2286 1096 divina
2315 1042 2485 1112 gratia
2516 1042 2870 1098 demonstrat.
2895 1042 2958 1096 Et
2980 1043 3106 1114 quia
3123 1043 3315 1099 eadem
3340 1044 3502 1112 hora,

1912 1149 2016 1203 qua
2038 1133 2388 1203 promittitur,
2408 1135 2691 1192 exhibetur
2711 1154 2723 1189 :
2746 1136 2872 1208 quid
2885 1136 2977 1192 dat
2996 1136 3243 1205 intelligi,
3260 1136 3359 1191 nisi
3383 1136 3511 1206 quia

1912 1223 2184 1293 perfectus
2213 1224 2374 1282 debet
2404 1241 2545 1293 esse,
2578 1228 2669 1298 qui
2700 1228 2935 1298 eligitur,
2966 1244 3074 1284 non
3104 1228 3280 1295 solum
3310 1244 3509 1299 corpo-

1913 1332 1993 1380 re,
2025 1315 2121 1372 sed
2150 1318 2375 1373 mente?
2425 1317 2556 1373 Nam
2601 1319 2819 1389 quando
2863 1319 3006 1374 Deus
3035 1319 3278 1390 loquitur
3305 1320 3512 1377 sanctis

1914 1411 2062 1475 viris,
2094 1412 2251 1483 plena
2304 1412 2394 1468 lux
2450 1413 2559 1469 diei
2604 1424 2707 1471 est.
2756 1415 2931 1471 liabet
2964 1433 3199 1489 namque
3240 1418 3511 1488 originem

1916 1501 2048 1568 dies,
2083 1503 2244 1559 habet
2266 1512 2318 1559 et
2350 1501 2526 1560 linem.
2559 1505 2717 1579 Juxta
2746 1504 2905 1563 linem
2928 1518 3277 1579 peccatorum
3304 1512 3505 1582 arguit,

1916 1592 2097 1648 dicens
2126 1611 2137 1646 :
2163 1594 2352 1663 Adam,
2383 1595 2467 1650 ubi
2512 1614 2562 1653 es
2595 1596 2749 1668 (Gen.
2783 1615 2859 1668 ιιι,
2892 1598 2991 1671 2)ἳ
3020 1600 3085 1655 Et
3118 1603 3244 1671 quia
3285 1619 3386 1659 nec
3414 1603 3513 1673 qui

1917 1683 2061 1737 bona
2111 1683 2395 1754 incipiunt,
2450 1700 2549 1741 nec
2578 1688 2730 1755 quia
2775 1688 2921 1745 bono
2959 1705 3127 1761 opere
3172 1691 3511 1763 torpescunt,

1916 1771 2273 1841 promovendi
2313 1782 2457 1837 sunt,
2491 1775 2624 1830 hora
2654 1775 2905 1845 perlecta;
2935 1779 3224 1837 locutionis
3251 1783 3512 1852 praedica-

1921 1871 2009 1918 tor
2036 1865 2284 1930 mittitur,
2325 1867 2542 1935 quando
2582 1868 2703 1923 talis
2748 1870 3051 1937 exhibetur,
3082 1873 3177 1943 qui
3206 1875 3367 1943 plena
3412 1876 3515 1932 fuit

1924 1967 2048 2026 geat
2088 1958 2207 2013 lucc
2247 1958 2374 2035 boni
2402 1962 2601 2029 operis,
2634 1968 2689 2015 et
2727 1961 2885 2030 pleno
2916 1964 3256 2034 resplendeat
3302 1967 3517 2036 fulgore

1924 2048 2187 2104 veritatis.
2238 2048 2341 2116 Qui
2371 2051 2533 2106 etiam
2580 2052 2660 2107 vir
2712 2052 2780 2107 dc
2836 2063 2976 2110 terra
3022 2052 3302 2125 Benjamin
3333 2059 3521 2123 venire

1926 2140 2267 2196 describitur.
2294 2141 2388 2197 Vir
2410 2142 2626 2212 quidem
2668 2144 2880 2210 dicitur,
2912 2160 3011 2215 pro
3042 2148 3221 2217 operis
3243 2148 3516 2204 fortitudi.

1927 2248 1998 2287 ne
2028 2250 2043 2300 ;
2074 2234 2141 2288 de
2187 2244 2329 2289 terra
2356 2234 2658 2305 Benjamin,
2692 2251 2790 2306 pro
2820 2247 2968 2292 recta
3000 2238 3126 2293 tidei
3152 2238 3515 2300 confessione.
3562 2260 3573 2271 ί

1929 2321 2217 2401 Benjamin
2247 2325 2462 2395 quidem
2495 2326 2691 2381 dicitur
2721 2324 2861 2381 lilius
2901 2328 3157 2383 dexterae.
3216 2329 3345 2396 Quis
3388 2345 3519 2401 ergo

1927 2415 2016 2470 hic
2039 2399 2177 2471 filius
2207 2416 2413 2471 dextrae
2441 2417 2659 2484 dicitur,
2691 2433 2853 2490 quam
2884 2419 2994 2482 ille.
3028 2419 3096 2475 de
3119 2436 3228 2489 quo
3258 2399 3516 2493 scriptum

1930 2514 2049 2561 est:
2087 2496 2331 2561 Ascendit
2375 2509 2431 2562 in
2470 2510 2674 2577 cretum,
2716 2509 2857 2564 sedet
2907 2510 2974 2583 ad
3015 2511 3285 2567 dexteram
3338 2513 3516 2569 Patris

1930 2595 2125 2667 (Marc.
2158 2614 2265 2666 xvi,
2298 2597 2385 2669 19)
2411 2599 2433 2653 ?
2466 2597 2632 2654 Terra
2660 2614 2789 2671 ergo
2810 2600 3089 2671 Benjamin
3120 2611 3302 2659 sancta
3332 2601 3516 2661 Eccle-

1928 2687 2005 2742 sia
2036 2695 2137 2743 est.
2171 2687 2305 2755 Quia
2328 2704 2456 2760 ergo
2485 2690 2721 2769 haeretici
2746 2692 2814 2747 ab
2841 2692 2945 2749 hac
2974 2703 3115 2749 terra
3139 2688 3347 2766 expulsi
3370 2702 3517 2762 sunt,l

1928 2779 1996 2836 de
2024 2788 2170 2836 terra
2200 2780 2477 2853 Benjamin
2502 2786 2648 2839 venit
2668 2800 2785 2852 rex,
2816 2787 3035 2856 quando
3062 2804 3169 2843 non
3196 2789 3377 2858 aliqua
3404 2790 3515 2849 hab

1928 2872 2037 2927 resi
2053 2874 2309 2943 pollutus,
2336 2874 2429 2929 sed
2456 2874 2561 2930 lide
2582 2876 2878 2932 catholicus
2900 2888 3103 2934 sancta:
3128 2878 3380 2937 Ecclesia:
3410 2882 3513 2951 pri~

1928 2974 2132 3020 rnatum
2183 2968 2425 3037 suscipit.
2480 2967 2581 3035 Qui
2608 2968 2712 3024 viri
2756 2970 3029 3040 praeconio
3076 2970 3292 3039 fruitur,
3324 2973 3369 3028 si
3417 2972 3519 3032 lida

1928 3060 2113 3113 firmus
2143 3068 2247 3129 est,
2274 3069 2593 3131 operatione
2620 3057 2793 3117 fortis.
2826 3060 2926 3117 Hic
2948 3061 3207 3126 nimirum
3234 3079 3397 3135 super
3418 3079 3517 3134 po-

1925 3151 2112 3222 pulum
2141 3151 2355 3208 Domini
2400 3152 2509 3209 dux
2542 3153 2668 3224 ungi
2698 3161 3039 3226 pI‘IEClpltlll‘:
3072 3167 3199 3227 quia
3244 3156 3514 3214 citeriora

1884 3282 1895 3317 ;
1927 3251 2262 3299 sacramenta
2282 3244 2659 3302 sacerdotibus
2684 3244 2786 3299 illis
2810 3255 3055 3316 prosunt,
3083 3248 3171 3317 qui
3198 3248 3515 3307 eorumdem

1926 3345 2388 3392 sacramentorum
2411 3335 2568 3391 donis
2597 3336 2797 3407 indigni
2821 3354 2930 3393 non
2960 3346 3101 3392 sunt.
3136 3337 3231 3393 Vel
3259 3340 3515 3394 sacerdo~

1926 3438 2007 3485 tes
2036 3438 2329 3499 unguntur,
2375 3430 2593 3500 quando
2632 3445 2729 3501 per
2756 3429 3120 3485 ordinantium
3160 3446 3219 3486 se
3265 3432 3511 3487 ministe-

1924 3519 2084 3586 rium,
2115 3521 2409 3590 gratiarum
2442 3519 2798 3591 Spiritualium
2828 3520 3158 3576 incrementa
3189 3521 3513 3591 percipiunt.

1926 3609 2081 3667 Unde
2110 3622 2164 3667 et
2191 3612 2469 3681 sequitur:
2502 3612 2739 3667 Salvabit
2766 3612 3009 3683 populum
3059 3630 3224 3667 meum
3264 3614 3327 3667 de
3360 3630 3515 3669 manu

1927 3703 2263 3758 Philisthiim.
2302 3702 2459 3759 Velut
2480 3702 2629 3757 uncti
2664 3705 2875 3759 salvare
2919 3704 3058 3759 alios
3091 3714 3353 3774 possunt;
3384 3704 3513 3774 quia

1923 3798 2188 3869 spiritales
2217 3799 2417 3869 gratias
2442 3799 2801 3855 abundantius
2830 3809 3210 3870 perceperunt.
3260 3801 3390 3855 Nam
3416 3802 3512 3871 qui

1923 3892 2179 3961 populum
2213 3892 2444 3956 salvant,
2500 3906 2666 3962 super
2710 3891 2967 3962 populum
2998 3891 3145 3946 uncti
3192 3902 3352 3947 sunt:
3385 3893 3515 3962 quia

1885 4006 1904 4071 ’χ
1924 3983 2013 4050 qui
2044 3998 2075 4038 a
2100 3981 2328 4037 Domino
2357 3980 2422 4037 ad
2453 3983 2721 4051 regendos
2744 3970 2879 4039 alios
2900 3980 3238 4050 ordinantur,
3263 3983 3515 4053 Spiritua-

1899 4070 1992 4125 llia
2022 4073 2405 4128 charismatum
2434 4071 2595 4138 dona,
2629 4071 2823 4141 quibus
2867 4072 2945 4126 cis
2974 4070 3239 4141 prodesse
3264 4080 3513 4141 possunt,

1924 4164 2232 4235 accipiunt;
2263 4174 2318 4221 et
2360 4167 2457 4231 eis,
2507 4179 2645 4234 quos
2693 4164 2882 4218 ordine
2930 4163 3261 4235 praecedunt,
3306 4166 3514 4223 meritis

1924 4259 2087 4312 etiam
2133 4259 2441 4329 superiores
2487 4265 2629 4312 sunt.
2688 4253 2755 4309 Et
2796 4255 2923 4324 quia
2971 4255 3287 4327 plerumque
3340 4257 3513 4315 bonus

1924 4360 2108 4424 pastor
2137 4351 2330 4408 merito
2357 4351 2513 4407 bona
2541 4349 2711 4422 plebis
2741 4349 2978 4423 eligitur,
3002 4352 3140 4408 bene
3167 4350 3509 4425 subiunctum

1925 4452 2009 4500 est
2034 4462 2048 4498 :

1997 4552 2175 4624 (Vers.
2208 4552 2321 4622 16.)
2354 4550 2488 4617 Quia
2518 4555 2721 4625 respexi
2750 4556 2994 4626 populum
3023 4573 3211 4613 meum.

1852 4680 1905 4739 Β
1999 4643 2129 4699 Item
2152 4644 2274 4714 quia
2308 4645 2513 4713 magnis
2542 4646 2791 4714 precibus
2819 4663 2850 4727 a
2873 4647 3103 4706 Domino
3127 4650 3304 4708 bonus
3332 4662 3513 4724 pastor

1929 4734 2249 4806 quaerendus
2272 4745 2377 4804 est,
2408 4735 2653 4791 subditur
2678 4755 2691 4791 :

2005 4824 2179 4900 (Vers.
2212 4825 2326 4898 16.)
2381 4825 2529 4881 Venit
2556 4814 2753 4882 clamor
2777 4845 2952 4884 eorum
2979 4830 3047 4884 ad
3077 4847 3179 4911 me.

2001 4915 2091 4973 42.
2123 4916 2227 4972 Sed
2262 4916 2487 4973 fortasse
2517 4918 2758 4993 nonnulli
2806 4926 3106 4985 moventur,
3152 4921 3277 4987 quia
3307 4931 3494 4978 contra

1927 5010 2064 5064 rium
2096 5009 2326 5077 videtur,
2360 5008 2502 5079 quod
2533 5008 2621 5065 hic
2662 5009 2876 5079 dicitur,
2903 5019 2958 5065 et
2985 5010 3127 5079 quod
3158 5011 3405 5080 superius
3436 5015 3505 5067 di~

1930 5104 2171 5159 cebatur.
2201 5103 2276 5158 Ibi
2308 5103 2449 5158 enim
2478 5103 2552 5157 ait
2582 5121 2593 5157 :
2630 5101 2684 5157 Ν
2690 5121 2755 5157 un
2783 5112 2827 5158 te
2856 5103 3172 5174 abjecerunt,
3203 5104 3294 5159 sed
3319 5122 3417 5171 me,
3453 5124 3509 5160 ne

1925 5211 2129 5266 regnem
2173 5211 2325 5264 super
2352 5211 2455 5262 eos,
2493 5194 2647 5266 juxta
2677 5195 2851 5249 omnia
2890 5210 3044 5267 opera
3083 5212 3198 5261 sua,
3229 5213 3343 5268 qua:
3374 5199 3511 5268 [ecc-

1923 5294 2044 5340 runt
2072 5304 2103 5339 a
2144 5286 2247 5351 die,
2304 5304 2404 5359 qua
2453 5288 2607 5341 eduxi
2648 5304 2735 5342 eos
2774 5284 2839 5341 de
2873 5278 3009 5365 terra
3056 5288 3303 5360 ngypti,
3356 5304 3512 5361 usque

1925 5379 2086 5449 215
2115 5378 2168 5430 in
2194 5378 2326 5431 diem
2357 5379 2489 5432 hanc
2518 5377 2569 5451 (Ι
2590 5376 2714 5450 Reg.
2747 5396 2856 5445 VIII,
2884 5379 2960 5447 7)-
2991 5378 3141 5436 Nunc
3180 5396 3311 5438 vero
3340 5381 3509 5451 dicit;

1930 5469 2105 5540 Unges
2126 5486 2241 5523 eum
2270 5471 2450 5533 ducem
2472 5487 2625 5541 super
2652 5474 2898 5547 populum
2925 5490 3089 5528 meum
3122 5473 3313 5541 Israel,
3334 5483 3385 5530 et
3404 5475 3510 5530 sal-

1924 5560 2061 5615 vabit
2086 5562 2328 5632 papulum
2352 5579 2517 5616 meum
2549 5562 2610 5615 de
2632 5580 2787 5618 manu
2813 5563 3092 5620 Phi/istiim
3115 5582 3133 5620 :
3163 5568 3283 5639 quin
3310 5570 3510 5640 respexi

1929 5655 2171 5725 populum
2202 5673 2396 5711 meum:
2427 5658 2560 5711 venit
2587 5658 2724 5712 enim
2751 5658 2948 5714 clamor
2969 5677 3145 5717 eorum
3176 5662 3244 5716 ad
3272 5679 3369 5719 me.
3402 5662 3509 5731 Stt-

1929 5748 2109 5817 perius
2137 5748 2290 5817 quasi
2318 5748 2385 5804 ab
2412 5748 2548 5805 irato
2588 5764 2684 5806 rex
2709 5750 2943 5809 ordinari
2975 5756 3320 5825 permittitur,
3364 5767 3511 5819 nunc

1929 5838 2082 5909 quasi
2106 5854 2136 5896 a
2165 5841 2256 5914 pio
2281 5852 2334 5899 et
2362 5846 2588 5915 benigno
2628 5852 2921 5910 ordinatur.
2974 5851 3138 5921 Hujus
3168 5852 3326 5905 etiam
3356 5843 3511 5909 belli!
