4020 6344
477 366 582 433 Ξϐδ

1697 368 1937 433 SANCTI
1976 366 2301 430 GREGORII
2342 370 2558 429 MAGNI

3662 370 3768 431 εει

476 489 698 559 guitatis
724 488 891 545 verba
916 486 1038 560 quis
1080 501 1186 544 non
1214 487 1415 558 videat,
1443 499 1705 560 quantum
1735 504 1765 544 a
1797 486 2067 545 sententia
2098 488 2149 550 Α
2174 496 2359 559 pastor
2385 488 2567 558 datur,
2595 486 2811 558 quando
2840 485 3016 542 bonus
3042 478 3198 542 malis
3226 484 3604 557 praeponitur;
3632 487 3771 544 sicut

473 580 569 637 iHa
606 581 943 647 diSSentiant,
987 596 1106 652 quae
1146 580 1319 637 eidem
1359 597 1391 637 a
1420 581 1670 639 Samuele
1716 582 1863 637 illata
1916 579 2067 636 fuit?

476 672 633 741 Quia,
667 675 856 744 inquit,
884 675 1150 746 projecisti
1176 692 1461 730 sermonem
1509 675 1740 740 Domini,
1768 676 1984 746 projecit
2022 684 2068 728 te

472 762 749 832 Dominus,
781 782 845 819 ne
871 766 944 819 sis
968 782 1060 819 rea:
1086 764 1141 837 (Ι
1181 765 1314 838 Reg.
1358 782 1447 836 xv,
1475 765 1586 839 26).
1619 765 1774 833 Quod
1822 764 2066 837 profecto

472 856 731 913 celeriter
753 857 1035 927 solvimus,
1058 858 1106 914 si
1135 858 1308 932 ipsam
1338 858 1629 914 verborum
1657 860 1764 913 vim
1793 859 2067 915 subtiliter

472 945 794 1003 intueamur.
826 948 959 1003 Nam
986 950 1169 1005 omnia
1197 951 1532 1020 hasc'divinae
1559 952 1903 1019 benignitatis
1946 967 2068 1008 ver-

471 1038 539 1094 ba
587 1040 769 1110 populi
816 1041 1025 1096 meritis
1070 1043 1416 1098 ascribuntur
1456 1062 1470 1098 :
1524 1044 1760 1099 Salvabit
1818 1044 2064 1113 populum

470 1146 639 1185 meum
656 1149 675 1195 ;
705 1140 782 1201 et,
812 1134 1018 1205 respexi
1044 1134 1294 1206 populum
1318 1151 1525 1201 meum;
1558 1143 1633 1201 et,
1666 1135 1862 1191 clamor
1887 1151 2065 1189 eorum

468 1225 609 1277 venit
647 1224 717 1277 ad
754 1241 854 1279 me.
897 1225 1003 1281 Pro
1033 1225 1138 1281 illis
1186 1240 1314 1296 ergo
1342 1242 1441 1282 rex
1466 1226 1705 1282 ordinari
1733 1226 2061 1295 decernitur,

471 1331 703 1388 quorum
748 1319 955 1376 clamor
982 1320 1289 1377 exauditur.
1338 1320 1473 1375 Nam
1504 1321 1605 1376 etsi
1636 1335 1735 1391 pro
1764 1320 1941 1375 futura
1969 1334 2065 1375 ue-

472 1408 644 1478 quitia
674 1410 1015 1481 repellendus
1035 1427 1065 1466 a
1095 1425 1262 1482 regno
1289 1420 1407 1467 erat
1436 1411 1585 1479 Saul,
1621 1419 1801 1466 tamen
1833 1411 2067 1467 habebat

471 1496 631 1567 in'se,
658 1500 830 1557 donec
854 1512 1124 1573 regnaret,
1154 1502 1300 1559 unde
1340 1504 1543 1575 populo
1574 1504 1676 1561 sibi
1701 1504 1913 1561 subdito
1941 1520 2067 1576 pro-

471 1590 629 1648 desse
658 1594 935 1663 potuisset.
969 1594 1204 1653 Futurus
1249 1606 1400 1652 certe
1454 1604 1570 1651 erat
1617 1596 1763 1653 bello
1792 1605 2063 1663 strenuus,

471 1692 653 1740 tuente
696 1687 887 1742 elatus.
934 1686 1228 1746 Habiturus
1266 1699 1383 1746 erat
1421 1691 1566 1747 unde
1594 1692 1696 1747 sibi
1743 1691 1984 1757 caderet,
2013 1697 2069 1745 et

472 1773 614 1830 unde
640 1775 759 1832 aliis
785 1786 974 1833 staret.
1028 1778 1161 1834 Illud
1203 1794 1334 1849 ergo
1366 1781 1509 1837 unde
1555 1781 1813 1851 prodesse
1840 1780 2068 1836 subditis

2171 582 2239 637 ad
2268 581 2603 638 Ezechielem
2629 580 2891 637 Dominus
2920 578 3087 635 dicit:
3116 577 3274 634 Mitto
3304 596 3395 651 ego
3442 589 3491 634 te
3528 578 3600 633 ad
3628 580 3768 651 ﬁlios

2171 671 2359 739 Israel,
2391 673 2463 727 ad
2502 682 2703 744 gentem
2730 671 3122 742 apostatricem,
3156 670 3317 741 216
3353 686 3468 741 qua
3502 672 3717 724 recessit
3740 689 3771 725 a

2168 782 2251 819 me
2277 764 2456 835 (Ezec.
2482 781 2558 832 ιιι,
2577 764 2656 835 ⁸5).
2682 762 2788 819 Pro
2809 778 2868 819 se
2889 762 3127 833 quidem,
3154 777 3262 818 non
3284 777 3384 833 pro
3409 762 3616 834 populo
3646 772 3773 818 tunc

2168 864 2356 927 pastor
2404 855 2579 922 datur,
2634 856 2851 925 quando
2898 854 2998 911 ctsi
3048 854 3320 909 auditores
3384 869 3516 909 suos
3564 853 3774 909 electus

2170 948 2493 1017 praedicator
2529 956 2851 1005 convertere
2896 947 2963 1002 ad
3006 947 3178 1004 Deum
3220 962 3331 1003 non
3382 948 3605 1018 poterit,
3661 947 3777 1017 ipse

2170 1048 2352 1097 tamen
2394 1042 2594 1099 laboris
2620 1042 2702 1101 sui
2732 1050 2933 1098 aeterna
2964 1041 3116 1097 luera
3147 1056 3255 1098 non
3293 1039 3491 1112 perdit.
3532 1038 3641 1095 Pro
3672 1054 3774 1109 po-

2168 1133 2298 1205 pulo
2326 1142 2527 1199 autem,
2560 1150 2669 1190 non
2698 1151 2797 1207 pro
2820 1150 2880 1192 se
2905 1151 2920 1203 ;
2961 1134 3178 1205 quando
3213 1134 3371 1191 bonis
3397 1132 3626 1188 subditis
3651 1145 3775 1201 pas—

2170 1234 2257 1284 tor
2297 1228 2565 1296 tribuitur,
2594 1230 2685 1298 qui
2716 1228 2856 1285 dona
2888 1229 3105 1295 habeat,
3137 1243 3237 1299 per
3276 1241 3396 1298 quae
3424 1226 3531 1281 illis
3572 1224 3773 1296 prosit,

2170 1328 2229 1377 et
2266 1322 2368 1376 sibi
2410 1337 2518 1377 non
2550 1322 2738 1391 prosit.
2787 1320 2949 1377 Tales
2988 1322 3206 1390 quidem
3258 1327 3434 1386 erant,
3479 1317 3549 1373 de
3577 1316 3777 1387 quibus

2168 1413 2427 1470 Dominus
2447 1414 2723 1485 discipulis
2744 1412 3003 1485 prtecipit,
3020 1412 3235 1469 dicens:
3266 1411 3396 1476 Qua:
3420 1410 3622 1475 dicunt,
3640 1410 3773 1481 {aci-

2170 1514 2259 1559 te:
2307 1520 2422 1577 qua:
2468 1514 2638 1558 autem
2686 1506 2905 1576 faciunt,
2957 1505 3129 1575 facere
3182 1503 3342 1557 nolite
3371 1498 3590 1573 (Matth.
3623 1514 3774 1564 nm,

2169 1593 2251 1665 ὅ).
2289 1594 2449 1661 Quasi
2499 1594 2678 1649 dicat:
2709 1592 2865 1660 Quod
2910 1593 3043 1647 utile
3094 1607 3192 1663 pro
3221 1591 3376 1647 vobis
3420 1596 3774 1660 acceperunt,

2171 1687 2239 1742 ab
2265 1688 2343 1743 eis
2382 1687 2539 1757 quasi
2567 1695 2811 1743 vestrum
2856 1686 3073 1752 tollite;
3115 1693 3170 1741 et
3212 1686 3267 1740 in
3297 1684 3375 1741 eis
3416 1682 3567 1755 quasi
3616 1697 3778 1738 suum

2171 1779 2450 1850 dimittite,
2482 1779 2629 1849 quod
2656 1796 2766 1835 non
2807 1779 3012 1835 habent
3040 1779 3109 1834 ad
3138 1778 3345 1833 lucrum
3375 1785 3639 1841 vestrum,
3679 1774 3777 1830 sed

470 1875 705 1937 poterat,
736 1870 997 1926 Dominus
1041 1872 1334 1940 providens
1358 1873 1526 1929 dicit:
1556 1873 1793 1929 Salvabit
1820 1874 2066 1945 populum
2100 1882 2145 1942 Β
2171 1870 2239 1926 ad
2270 1870 2543 1926 interitum
2573 1886 2749 1926 suum.
2782 1869 2911 1925 Saul
2938 1883 3090 1940 ergo,
3123 1868 3337 1939 abjecto
3368 1868 3623 1933 Domino,
3670 1866 3774 1921 eli-

470 1976 641 2015 meum
683 1963 747 2017 de
773 1981 932 2018 manu
958 1963 1244 2019 Philistiim
1266 1983 1286 2032 ;
1316 1973 1389 2033 et,
1414 1969 1550 2021 venit
1579 1968 1773 2023 clamor
1793 1985 1970 2023 eorum
1997 1969 2066 2022 ad

475 2072 577 2111 me.
612 2057 801 2112 Adhuc
832 2066 1014 2114 tamen
1039 2060 1198 2116 valde
1228 2063 1563 2117 contrarium
1604 2061 1836 2132 videtur,
1868 2072 1927 2119 ut
1951 2061 2068 2133 ejus

474 2148 662 2218 populi
683 2149 975 2206 clamorem
1006 2152 1260 2208 exaudire
1283 2152 1554 2220 credatur,
1575 2154 1668 2226 qui
1693 2170 1814 2210 eum
1837 2154 2071 2224 abjecis-

469 2253 533 2298 se
560 2242 997 2312 reprehenditur.
1029 2244 1109 2300 Ad
1140 2245 1287 2316 quod
1318 2246 1750 2316 respondendum
1778 2261 1897 2302 eSt:
1940 2247 2068 2316 quia

473 2342 633 2389 erant
662 2335 714 2390 in
736 2335 827 2391 illo
853 2337 1055 2408 populo
1086 2346 1139 2393 et
1173 2338 1391 2408 reprobi
1422 2346 1477 2393 et
1507 2338 1685 2394 electi.
1716 2338 1793 2393 lbi
1821 2352 1950 2407 ergo
1974 2339 2071 2394 ab-

472 2423 685 2497 jecisse‘
713 2425 1001 2483 Dominum
1048 2428 1267 2499 reprobi
1299 2435 1629 2499 arguuntur,
1661 2428 1749 2485 hic
1771 2428 2070 2485 electorum

474 2515 742 2573 desideria
767 2518 835 2573 ad
865 2519 1371 2591 omnipotentistei
1398 2534 1559 2575 aures
1589 2520 1930 2591 perveniunt.
1954 2520 2071 2587 Qua

476 2621 547 2664 ex
590 2623 653 2664 re
683 2609 810 2680 quid
857 2610 1217 2681 colligendum
1246 2618 1348 2678 est,
1396 2610 1499 2665 nisi
1544 2611 1668 2682 quia
1700 2626 1841 2682 saepe
1884 2611 2073 2671 electis

472 2699 680 2757 bonum
708 2710 809 2767 est,
839 2702 982 2772 quod
1012 2702 1140 2757 mali
1168 2710 1410 2759 rectores
1438 2703 1805 2759 ordinantur?
1838 2703 1955 2761 Non
1986 2720 2072 2761 er-

473 2808 545 2866 go
573 2797 763 2852 mirum
793 2806 896 2866 est,
927 2799 972 2854 si
1014 2798 1157 2855 Deus
1180 2799 1334 2869 quasi
1361 2799 1430 2856 de
1458 2799 1767 2870 abjectione
1811 2816 1909 2858 sua
1937 2800 2073 2858 iras-

472 2888 635 2956 citur,
657 2898 713 2946 et
740 2905 921 2962 regem
953 2892 1202 2949 ordinat:
1233 2893 1360 2963 quia
1383 2893 1498 2966 ipsa
1528 2895 1762 2966 dignitas
1792 2893 1959 2950 futuri
1987 2910 2074 2952 re-

472 2980 557 3050 gis
585 2993 640 3038 et
664 2984 807 3038 mala
836 2992 973 3052 erat,
999 2995 1057 3041 et
1083 2986 1245 3042 bona.
1276 2986 1414 3042 Mala
1444 2987 1700 3058 denique,
1730 2989 1857 3058 quia
1888 3005 2078 3059 super-

475 3070 548 3128 ba
575 3090 589 3125 :
623 3073 767 3128 bona
798 3090 946 3142 vero,
973 3076 1097 3144 quia
1127 3077 1182 3131 in
1204 3076 1516 3134 defensione
1542 3080 1909 3149 subjectorum
1937 3088 2078 3136 stre~

476 3179 606 3221 una.
635 3165 790 3232 Quod
838 3174 1032 3234 totum,
1064 3176 1118 3224 et
1164 3169 1219 3224 in
1264 3178 1451 3226 sancta
1494 3169 1734 3228 Ecclesia
1785 3188 1929 3230 nunc
1956 3173 2072 3230 ﬁeri

380 3256 383 3259 ’
475 3260 787 3318 cernimus:
821 3261 949 3331 quia
988 3262 1310 3333 plerumque
1356 3264 1447 3321 ille
1490 3265 1607 3335 ejus
1635 3266 1925 3337 primatum
1955 3284 2076 3324 sus-
2102 3242 2152 3309 ο

475 3351 629 3425 cipit,
654 3356 747 3426 qui
785 3358 950 3413 verbo
979 3356 1125 3414 utilis
1151 3366 1235 3415 est
1264 3357 1402 3427 aliis,
1450 3368 1632 3416 mente
1662 3361 1896 3418 tumidus
1940 3362 2069 3419 sibi.

476 3444 829 3506 Praedicando
857 3450 1105 3521 virtutes,
1130 3451 1279 3507 velut
1315 3451 1509 3508 stando
1548 3453 1677 3509 vitia
1706 3453 1955 3524 destruit,
1980 3455 2077 3512 sed

476 3539 589 3595 alta
632 3540 699 3595 de
735 3556 793 3596 se
830 3542 1137 3609 sentiendo,
1168 3543 1330 3599 cadit.
1364 3543 1463 3600 Hic
1502 3544 1684 3616 itaque
1728 3546 2076 3619 praedicando

476 3634 739 3707 populum
770 3636 869 3691 Dei
896 3636 1087 3704 salvat,
1113 3637 1207 3693 sed
1231 3640 1580 3709 semetipsum
1609 3641 1863 3697 tumendo
1895 3643 2076 3712 pracci-

476 3725 634 3798 pitat.
685 3724 851 3792 Quasi
894 3742 990 3781 rex
1036 3735 1232 3797 potens
1270 3730 1438 3785 verbo
1478 3730 1662 3801 pupuli
1707 3730 1801 3786 Dei
1832 3733 2077 3789 occultos

478 3817 823 3873 adversarios
851 3819 1056 3884 atterit,
1089 3818 1185 3873 sed
1226 3819 1462 3875 elatione
1491 3836 1522 3874 a
1566 3822 1720 3891 regni
1748 3823 2079 3880 sublimitate

479 3911 641 3967 cadit.
694 3909 813 3966 Non
862 3926 991 3983 ergo
1020 3928 1121 3983 pro
1170 3926 1247 3981 se,
1279 3914 1374 3969 sed
1404 3914 1579 3970 solum
1606 3930 1706 3985 pro
1734 3916 1936 3986 papulo
1980 3932 2079 3974 rex

480 4002 866 4071 constituitur;
897 4002 1114 4073 quando
1141 4003 1233 4059 ille
1262 4004 1319 4060 in
1348 4012 1533 4061 sancta
1573 4004 1816 4063 Ecclesia
1846 4023 2078 4078 prteesse

480 4096 831 4165 permittitur,
886 4096 978 4167 qui
1025 4096 1168 4154 bona
1196 4112 1317 4169 quae
1360 4098 1643 4170 prmdicat,
1694 4102 2074 4173 superbiendo,

479 4197 574 4245 aut
593 4191 843 4262 nequiter
870 4191 1123 4260 vivendo,
1155 4191 1463 4249 conculcat.

550 4279 640 4335 45.
666 4280 785 4348 Quo
814 4282 871 4338 in
897 4282 1020 4339 loco
1049 4284 1346 4341 notandum
1371 4291 1475 4352 est,
1508 4285 1633 4356 quia
1660 4301 1783 4344 cum
1810 4288 1863 4344 in
1891 4299 2076 4347 sancta

482 4370 722 4427 Ecclesia
753 4382 938 4443 pastor
966 4374 1198 4445 eligitur,
1238 4375 1530 4448 aliquando
1559 4378 1841 4436 ordinatur
1867 4396 1965 4452 pro
1991 4397 2077 4452 se,

482 4469 540 4516 ct
568 4463 807 4533 populo;
848 4464 1135 4535 aliquando
1174 4482 1275 4524 nec
1318 4484 1419 4538 pro
1446 4471 1669 4541 populo,
1703 4487 1808 4530 nec
1851 4490 1951 4545 pro
1976 4490 2074 4543 se;

484 4553 770 4625 aliquando
818 4572 918 4628 pro
947 4574 1024 4627 se,
1069 4575 1179 4615 non
1218 4577 1318 4631 pro
1348 4565 1549 4635 populo
1576 4583 1591 4633 ;
1624 4566 1916 4637 aliquando
1944 4583 2076 4625 vero

2172 1963 2336 2031 gitur,
2357 1970 2413 2017 et
2435 1970 2615 2018 tamen
2638 1962 2895 2033 pupulum
2921 1962 3136 2017 Domini
3165 1961 3235 2017 de
3264 1976 3427 2016 manu
3456 1958 3775 2015 Philistiuo-

2172 2070 2292 2109 rum
2336 2038 2685 2110 liberaturum
2730 2056 3071 2126 perhibetur,
3102 2055 3228 2127 quia
3258 2056 3609 2126 omnipotens
3636 2054 3778 2108 Deus

2171 2161 2316 2217 saepe
2353 2146 2465 2202 suis
2494 2147 2650 2203 bonis
2682 2147 2927 2203 ﬁdelibus
2958 2163 3054 2219 per
3083 2148 3203 2204 illos
3232 2148 3486 2218 praelatos
3529 2146 3773 2219 prodest,

2172 2243 2264 2310 qui
2296 2240 2363 2296 de
2391 2240 2573 2297 ofﬁcio
2602 2241 2845 2312 ejusdem
2891 2241 3223 2314 prtelationis
3251 2241 3354 2297 sibi
3381 2256 3493 2298 non
3532 2240 3773 2312 placent.

2173 2332 2431 2402 Sequitur
2450 2352 2462 2387 :

2188 2464 2197 2470 -
2245 2412 2423 2498 (vers.
2452 2426 2567 2498 i7.)
2613 2428 2840 2499 Cumque
2870 2428 3178 2499 respexisset
3220 2426 3439 2483 Samuel
3476 2424 3636 2492 Saul,
3667 2422 3777 2478 Do-

2171 2520 2343 2575 minus
2372 2520 2487 2575 ait:
2515 2518 2652 2575 Ecce
2674 2522 2771 2589 uir,
2795 2537 2941 2591 quem
2963 2520 3200 2576 dixeram
3223 2519 3336 2587 tibi,
3361 2521 3457 2574 iste
3479 2516 3775 2573 dominabi-

2176 2620 2259 2668 tur
2285 2614 2476 2685 p0pulo
2506 2630 2639 2668 meo.

2243 2706 2335 2759 44.
2369 2705 2484 2763 Hoc
2513 2721 2746 2776 namque
2774 2707 2829 2762 in
2868 2708 3119 2779 sequenti
3156 2705 3247 2764 die
3285 2716 3465 2763 actum
3493 2713 3603 2775 est,
3632 2702 3777 2775 quod

2173 2798 2503 2871 przecedenti
2552 2798 2813 2855 Dominus
2851 2800 3184 2872 repromisit,
3230 2800 3452 2855 dicens:
3502 2796 3637 2852 Cras
3681 2796 3776 2849 hac

2172 2892 2355 2947 eadem
2384 2892 2513 2947 hera
2560 2894 2763 2947 mittam
2792 2894 2862 2947 ad
2894 2903 2940 2948 te
2968 2896 3134 2949 virum
3179 2895 3243 2949 de
3289 2903 3429 2948 terra
3475 2891 3775 2964 Benjamin,

2174 2990 2225 3037 et
2264 3000 2424 3056 unges
2460 3001 2576 3038 eum
2597 3001 2751 3055 super
2779 2986 3026 3057 populum
3053 3002 3223 3040 meum
3265 2983 3460 3040 Israel.
3504 2986 3779 3055 Aspicitur

2176 3090 2307 3144 ergo
2352 3077 2407 3131 in
2456 3076 2696 3133 secundo
2726 3075 2833 3145 die,
2864 3077 2959 3147 qui
3006 3078 3185 3149 primo
3234 3077 3610 3149 promittitur:
3648 3074 3777 3145 quia

2177 3170 2555 3241 praedicatores
2600 3180 2801 3228 sancta:
2829 3170 3084 3228 Ecclesiae
3125 3173 3355 3227 virtutes
3391 3171 3697 3227 electorum
3724 3167 3780 3222 in

2180 3271 2390 3318 secreta
2417 3277 2608 3319 eorum
2652 3264 2760 3319 vita
2790 3264 3132 3335 perquirunt.
3161 3262 3229 3319 Hi
3258 3264 3404 3319 enim
3434 3263 3528 3335 qui
3558 3275 3781 3333 promo-

2178 3354 2341 3411 vendi
2362 3362 2504 3421 sunt,
2533 3354 2660 3409 dum
2684 3354 2827 3411 bona
2855 3355 3162 3426 proferunt,
3189 3355 3393 3427 aliquid
3422 3368 3687 3426 magnum
3713 3368 3779 3411 ex

2178 3463 2240 3506 se
2286 3450 2688 3519 repromittunt.
2722 3447 2903 3506 Primo
2931 3450 3093 3520 igitur
3143 3449 3231 3506 die
3271 3465 3369 3505 rex
3396 3449 3777 3520 promittitur;

2178 3539 2305 3609 quia
2328 3552 2521 3610 magna
2550 3540 2851 3597 electorum
2875 3556 3040 3613 opera
3073 3540 3458 3614 prmdicatores
3486 3539 3782 3612 aspiciunt,

2179 3641 2258 3702 et,
2303 3634 2458 3704 quasi
2501 3634 2734 3691 Domino
2763 3634 3045 3707 loquente,
3099 3636 3246 3693 intus
3275 3644 3600 3707 agnoscunt,
3644 3649 3782 3705 quos

2180 3724 2435 3782 ordinare
2485 3737 2687 3784 sanctae
2733 3726 2993 3785 Ecclesia:
3038 3739 3281 3787 rectores
3315 3729 3530 3787 volunt.
3574 3728 3786 3802 Aspicit

2180 3832 2312 3889 ergo
2358 3816 2579 3877 Samuel
2631 3822 2687 3876 in
2731 3824 2979 3892 sequenti
3028 3822 3135 3893 die,
3195 3824 3413 3895 quando
3457 3823 3784 3896 praedicator

2181 3924 2327 3977 eum,
2367 3912 2460 3981 qui
2506 3913 2907 3983 promovendos
2936 3927 3041 3984 est,
3089 3916 3145 3973 in
3174 3930 3369 3986 magna
3397 3916 3523 3973 luce
3553 3929 3785 3972 conver-
3856 3975 3865 3983 ,

2181 4002 2409 4059 sationis
2439 4003 2604 4059 videt.
2635 4002 2707 4059 Et
2747 4014 2873 4063 tunc
2897 4006 3137 4076 quidem,
3190 4008 3343 4079 quasi
3373 4007 3649 4067 indicante
3676 4005 3785 4063 Do-

2180 4096 2351 4165 mino,
2382 4097 2737 4156 ordinandum
2766 4114 2950 4173 regem
2990 4104 3309 4176 cognoscit:
3352 4104 3481 4173 quia
3509 4116 3651 4167 eum,
3686 4101 3784 4171 qui

2179 4186 2238 4243 in
2266 4189 2375 4244 alta
2405 4205 2529 4247 arce
2567 4193 2869 4250 sanctitatis
2899 4196 3234 4265 praeminet,
3268 4194 3524 4266 praeferre
3549 4193 3671 4248 aliis
3697 4192 3783 4247 di-

2179 4297 2351 4353 gnum
2373 4284 2537 4342 videt.
2580 4286 2649 4341 Et
2693 4289 2821 4358 quia
2852 4288 2947 4359 qui
2977 4290 3158 4360 magni
3205 4299 3329 4346 sunt
3357 4289 3588 4356 meritis,
3631 4288 3785 4359 parvi

2180 4382 2307 4429 sunt
2335 4389 2434 4445 per
2461 4377 2841 4448 humilitatem,
2871 4381 3117 4451 sequitur
3143 4399 3155 4434 :

2255 4468 2434 4541 (Vers.
2470 4469 2582 4540 18.)
2620 4472 2849 4528 Accessit
2892 4473 3027 4529 Saul
3066 4474 3135 4528 ad
3174 4473 3473 4530 Samuelem
3514 4474 3574 4529 in
3613 4474 3784 4528 medio

2179 4570 2365 4628 portw.
2395 4561 2605 4634 Indica,
2636 4582 2753 4637 oro,
2782 4566 2932 4637 mihi,
2963 4568 3221 4639 inquiens,
3251 4565 3337 4623 ubi
3366 4565 3657 4623 estdomus
3696 4565 3785 4621 Vi-

485 4657 584 4718 pro
616 4648 837 4719 populo,
866 4665 975 4705 non
1004 4666 1105 4721 pro
1132 4668 1209 4709 se.
1243 4651 1351 4711 Pro
1390 4672 1451 4712 se
1497 4664 1552 4712 et
1590 4658 1811 4729 populo,
1859 4660 2078 4731 quando
2107 4640 2161 4702 Β
2184 4652 2375 4709 dentis.

485 4740 691 4797 electus
722 4742 1040 4812 praedicator
1067 4745 1256 4805 electis
1284 4748 1514 4807 subditis
1560 4749 1760 4807 datur:
1810 4754 1940 4823 quia
1978 4771 2079 4810 un-

485 4830 555 4888 de
600 4833 966 4903 subjectorum
1013 4836 1296 4895 multitudo
1326 4841 1661 4899 adaaternam
1710 4845 1940 4915 patriam
1977 4846 2079 4902 du-

484 4925 643 4991 citur,
694 4927 839 4985 bono
892 4931 1099 5000 pastori
1160 4933 1476 4991 meritorum
1523 4937 1667 4993 dona
1713 4939 2075 4994 cumulantur.

486 5012 596 5069 Nec
626 5030 725 5085 pro
757 5032 838 5087 se,
885 5034 987 5076 nec
1017 5035 1117 5092 pro
1164 5023 1365 5093 populo
1409 5034 1598 5096 pastor
1621 5028 1822 5096 datur;
1865 5030 2079 5099 quando

485 5106 721 5177 reproba
754 5109 908 5194 plebs
940 5114 1233 5184 reprobum
1261 5124 1537 5187 pastorem
1566 5120 1768 5178 habere
1811 5123 2080 5194 permitti-

486 5204 594 5267 tur,
620 5214 742 5255 cum
768 5201 847 5257 sic
876 5203 965 5259 ille
993 5214 1207 5276 praeest,
1236 5208 1318 5265 sic
1343 5210 1418 5266 illi
1439 5213 1719 5281 obediunt,
1740 5225 1800 5272 ut
1823 5217 1890 5272 ad
1916 5225 2079 5275 aeter-

489 5305 561 5345 na
587 5292 752 5361 bona,
796 5310 899 5352 nec
926 5297 1017 5353 ille
1046 5301 1138 5371 qui
1178 5301 1362 5373 docet,
1406 5322 1510 5362 nec
1548 5307 1625 5363 illi
1671 5310 1761 5379 qui
1791 5311 2076 5380 docentur,

485 5386 772 5451 pervenire
797 5400 1126 5447 mereantur.
1146 5392 1224 5450 De
1252 5396 1448 5466 quibus
1473 5413 1572 5469 per
1600 5398 1796 5457 Oscam
1819 5403 2081 5463 Dominus

486 5471 620 5573 dicit
644 5492 656 5505 ·
688 5475 839 5533 Dabo
857 5480 931 5535 eis
956 5499 1099 5555 reges
1126 5485 1183 5539 in
1228 5489 1405 5558 furore
1431 5507 1544 5547 meo
1584 5492 1761 5564 (Osee,
1802 5512 1913 5564 xm,
1963 5499 2077 5573 11).

486 5560 550 5621 la
580 5565 762 5626 furore
789 5575 986 5629 etenim
1022 5577 1116 5635 Dei
1143 5595 1241 5635 rex
1269 5583 1448 5651 datur,
1490 5560 1708 5658 quando
1744 5560 1909 5649 inalis
1930 5560 2085 5664 pejdr

487 5668 726 5757 praeesse
734 5753 745 5757 _
765 5664 1090 5723 decernitur.
1136 5668 1278 5729 Talis
1305 5678 1505 5748 quippe
1534 5691 1720 5752 pastor
1748 5693 1875 5741 tunc
1903 5686 2080 5757 datur,

488 5762 610 5806 cum
655 5753 775 5809 talis
814 5758 1043 5828 populus
1087 5766 1353 5834 regendus
1396 5774 1701 5845 suscipitur,
1744 5779 1835 5847 qui
1883 5753 2086 5850 pariter

488 5851 689 5901 aeterna
733 5864 897 5920 poena
946 5851 1251 5911 damnetur.
1302 5860 1406 5918 Pro
1458 5881 1536 5926 se.
1590 5884 1697 5925 non
1727 5886 1824 5941 pro
1880 5872 2084 5945 populo

917 5977 1055 6005 μιν-,θ’
1080 5982 1096 5988 ’-
1119 5983 1187 5987 π’-

2257 4747 2350 4803 45.
2378 4746 2437 4803 Si
2466 4748 2519 4803 in
2552 4749 2771 4807 civitate
2796 4758 2925 4809 tunc
2965 4759 3049 4809 est
3075 4751 3412 4823 praedicator,
3457 4767 3584 4809 cum
3623 4752 3783 4824 plana

2188 4844 2246 4892 et
2272 4840 2581 4896 communia
2614 4841 2870 4914 loquitur,
2898 4859 3021 4916 qua:
3044 4844 3436 4915 intelliguntur,
3466 4852 3629 4916 porta
3658 4844 3787 4901 civi-

2188 4931 2316 4986 tatis
2345 4932 2504 5003 hujus
2538 4949 2661 5005 qute
2687 4945 2788 5005 est,
2813 4938 2918 4993 nisi
2940 4937 3214 4994 humilitas
3237 4939 3262 4993 ἲ
3284 4936 3420 4993 Nam
3441 4937 3613 4993 divini
3640 4936 3784 4994 verbi

2190 5023 2430 5092 cognitio
2476 5027 2728 5097 superbis
2766 5028 3138 5098 absconditur,
3167 5028 3461 5085 humilibus
3487 5028 3784 5085 revelatur.

2192 5110 2347 5173 Unde
2375 5125 2432 5174 et
2456 5118 2510 5174 in
2539 5117 2833 5191 Evangelio
2862 5119 3011 5177 Patri
3052 5120 3310 5191 loquitur,
3340 5121 3527 5178 dicens
3555 5137 3569 5174 :
3603 5118 3785 5190 Conﬁ-

2191 5224 2303 5273 teor
2328 5217 2438 5283 tibi,
2462 5214 2650 5287 Pater,
2668 5230 2763 5270 rex
2782 5216 2897 5270 coeli
2917 5225 2968 5271 et
2989 5225 3159 5283 terrm,
3184 5217 3307 5289 quia
3329 5214 3655 5271 abscondisti
3683 5216 3785 5269 lucc

2190 5328 2224 5365 a
2253 5310 2569 5381 sapientibus
2606 5318 2656 5364 et
2694 5307 3055 5381 prudentibus,
3093 5318 3145 5365 et
3187 5310 3422 5365 revelasti
3470 5325 3532 5363 ea
3558 5307 3787 5380 parvulis

2193 5403 2411 5477 (Matth.
2455 5420 2535 5473 XI,
2562 5394 2675 5475 ΞΒ).
2708 5403 2993 5475 Sapientes
3038 5405 3255 5476 quidem
3297 5404 3563 5475 superbos
3592 5413 3650 5460 et
3680 5404 3788 5456 alta

2192 5498 2261 5556 de
2287 5515 2346 5556 se
2371 5500 2685 5567 sentientes,
2712 5501 2967 5571 parvulos
3003 5515 3134 5557 vero
3173 5498 3309 5556 dixit
3349 5498 3603 5555 humiles.
3637 5498 3787 5565 Quo-

2191 5609 2310 5649 rum
2344 5602 2493 5650 certe
2521 5594 2626 5649 alia
2656 5594 2933 5665 Scriptura
2964 5594 3229 5660 meminit,
3255 5595 3472 5650 dicens:
3502 5592 3647 5647 Deus
3695 5608 3785 5646 su-

2191 5689 2360 5760 perbis
2398 5689 2615 5757 resistit,
2657 5688 2934 5744 humilibus
2983 5688 3073 5743 dat
3101 5692 3327 5761 gratiam
3371 5684 3427 5759 (1
3446 5685 3593 5741 Petr.
3622 5701 3678 5753 v,
3707 5682 3786 5753 ὅ).

2192 5782 2417 5839 Resistit
2437 5798 2668 5853 namque
2690 5784 2955 5855 superbis,
2984 5800 3053 5840 ne
3073 5791 3275 5840 acterna
3293 5785 3443 5838 bona
3466 5780 3767 5849 intelligant

2192 5876 2291 5935 sed
2320 5876 2560 5949 parvulis
2584 5878 2811 5950 gratiam
2841 5879 2953 5947 dat,
2986 5887 3046 5935 ut
3065 5877 3255 5936 eadem
3283 5877 3425 5948 bona
3451 5884 3677 5944 aeterna,
3705 5872 3772 5944 ip
