4020 6344
227 358 340 414 εδδ

1055 353 1122 410 IN
1161 352 1424 412 ramum
1463 351 1703 414 nacun
1742 336 2250 412 sitposrrtones.
2292 387 2362 401 —
2405 356 2529 413 LIB.
2568 356 2659 416 IV.

3381 359 3490 424 266

225 515 292 552 so
325 493 616 562 rcvclante,
657 497 1006 562 cognoscant.
1040 490 1212 546 Electi
1257 507 1405 562 ergo,
1435 493 1560 561 quia
1607 492 1672 547 ad
1703 492 1812 562 spi-

1922 486 2074 540 quem
2105 473 2318 543 quaeris,
2351 473 2443 528 sed
2472 489 2666 544 parvus
2693 480 2775 530 est
2801 473 2925 542 ille,
2966 489 3125 545 quem
3163 478 3334 536 vides.
3376 477 3495 539 Hoc

225 587 440 644 ritalem
467 585 789 640 sententiam
835 599 930 653 per
958 584 1311 637 humilitatem
1349 585 1590 650 veniunt,
1620 583 1687 636 ad
1717 600 1811 637 au-

224 681 452 736 diendos
475 678 868 750 prcedicatores,
889 677 1040 746 quasi
1065 692 1159 745 per
1181 682 1390 744 portam
1413 676 1629 729 vadunt.
1656 674 1811 729 Elec-

226 781 315 827 tus
346 773 505 827 etiam
536 771 872 840 praedicator,
895 771 1017 839 quia
1041 768 1336 838 spiritualia
1364 769 1638 823 humiliter
1661 767 1808 832 dicit,

225 863 445 919 Samuel
474 862 619 916 Sauli
665 861 718 915 in
767 861 957 915 eadem
987 869 1142 929 porta
1189 860 1444 914 occurrit.
1477 858 1638 925 Quasi
1667 860 1811 912 enim

224 957 387 1010 anst
429 957 479 1010 in
510 963 663 1024 porta
693 959 837 1017 sunt,
865 952 1080 1022 quando
1112 966 1195 1017 ea,
1229 965 1347 1020 qua:
1386 951 1590 1006 electus
1615 948 1812 1020 prtedi-

223 1057 379 1102 cator
409 1046 664 1114 loquitur,
698 1046 764 1099 ab
795 1045 971 1098 electo
1000 1043 1106 1096 alio
1135 1042 1410 1097 humiliter
1430 1041 1739 1096 audiuntur.

292 1135 386 1189 46.
417 1135 522 1190 Sed
553 1136 643 1203 qui
674 1135 886 1189 noviter
913 1142 1156 1200 venerat,
1181 1149 1342 1204 quem
1387 1133 1682 1202 quierebat,
1731 1133 1814 1187 in-

221 1235 468 1290 venerat,
501 1234 557 1280 et
588 1226 888 1294 ignorabat.
934 1224 1111 1291 Quare
1151 1234 1206 1279 et
1252 1225 1394 1278 idem
1445 1223 1572 1278 Saul
1602 1223 1668 1278 ad
1710 1223 1812 1278 Sa-

223 1321 454 1375 muelem
485 1319 640 1375 dicit:
675 1318 860 1373 Indica
884 1320 1028 1384 mihi,
1054 1336 1164 1383 oro,
1198 1318 1283 1372 ubi
1307 1320 1586 1372 estdomus
1623 1317 1813 1372 Viden-

224 1411 307 1464 tis.
356 1409 472 1464 [loc
513 1424 746 1478 namque
776 1409 1054 1478 proprium
1095 1423 1412 1476 magnorum
1441 1410 1680 1463 virorum
1708 1417 1811 1474 est,

221 1511 335 1555 uta
387 1500 620 1554 minimis
663 1499 876 1554 dillicile
905 1508 1320 1568 cognoscantur.
1374 1497 1547 1553 Carne
1592 1498 1812 1567 quidem

221 1594 383 1663 217
407 1591 642 1662 despecti
667 1600 812 1659 sunt,
843 1590 942 1646 sed
974 1600 1153 1646 mente
1180 1591 1458 1646 sublimes.
1492 1589 1644 1646 Foris
1682 1605 1814 1645 con-

220 1683 552 1752 temptibiles
582 1697 847 1754 apparere
891 1690 1174 1752 appetunt,
1208 1681 1301 1736 sed
1335 1695 1497 1749 agere
1524 1681 1810 1736 venerabi-

218 1772 290 1828 lia
319 1791 429 1830 non
457 1776 737 1830 desistunt.
775 1776 910 1841 Quia
939 1788 1068 1843 ergo
1097 1774 1251 1830 valde
1295 1775 1561 1844 prolicere
1590 1789 1686 1844 per
1713 1790 1810 1829 eo-

1914 575 2142 630 namque
2169 563 2218 617 in
2246 565 2410 619 verbo
2435 604 2448 628 ,
2495 565 2700 632 Videns,
2734 581 2841 620 non
2872 568 3212 636 praedicatur,
3245 569 3342 625 sed
3369 583 3492 639 ego.

1913 648 2075 716 Quasi
2101 651 2245 706 dicat
2275 670 2288 704 :
2326 652 2520 708 Vidcns
2549 653 2654 717 ille,
2688 662 2793 721 est,
2839 670 2938 724 ego
2971 673 2982 708 :
3019 673 3123 712 non
3163 659 3307 729 quod
3349 660 3494 714 acsti-

1913 756 2046 804 mas,
2081 743 2175 797 sed
2203 744 2345 812 quod
2373 745 2566 799 cernis.
2614 745 2718 800 Sed
2753 747 2841 816 qui
2888 747 3172 804 humiliare
3212 765 3271 805 se
3299 751 3491 820 novit,

1913 834 2065 887 novit
2092 834 2218 889 dare
2241 835 2380 890 dona
2410 851 2517 890 non
2544 836 2779 906 humilis,
2810 837 2905 893 sed
2935 839 3196 896 sublimis.
3229 839 3409 908 Quare
3437 848 3493 898 et

1913 919 1969 974 in
2001 922 2267 976 excelsum
2298 931 2424 978 ante
2445 939 2502 978 se
2531 925 2822 981 ascendere
2848 942 2995 993 eum,
3023 936 3081 982 ut
3102 943 3280 984 secum
3311 944 3495 986 come—
3586 943 3592 948 '

1915 1013 2027 1079 dat,
2060 1014 2320 1084 praecipit.
2363 1015 2418 1069 In
2446 1017 2716 1071 excelsum
2742 1019 3011 1086 ascendit,
3045 1021 3136 1090 qui
3171 1020 3238 1075 ad
3275 1021 3495 1077 scienda

1915 1109 2106 1165 altiora
2136 1120 2369 1166 mentem
2410 1113 2584 1181 erigit.
2629 1112 2686 1166 ln
2717 1113 2990 1168 excelsum
3037 1114 3252 1183 quidem
3299 1130 3491 1170 ascen-

1913 1199 2060 1268 dere,
2094 1211 2176 1258 est
2200 1220 2294 1259 cor
2317 1203 2381 1257 ad
2411 1204 2599 1258 altiora
2629 1204 2968 1273 intelligenda
2993 1223 3312 1278 praeparare.
3340 1207 3494 1264 Unde

1914 1304 1970 1351 et
1997 1295 2186 1352 Petrus
2216 1298 2269 1352 in
2315 1305 2500 1352 monte
2529 1299 2833 1365 assumitur,
2882 1309 2940 1354 ut
2973 1301 3196 1370 gloriam
3237 1301 3498 1358 transfor-

1914 1388 2044 1441 mati
2077 1388 2450 1458 Redemptoris
2488 1389 2671 1444 videre
2697 1399 2968 1445 mereatur
2994 1391 3206 1461 (Matth.
3249 1409 3379 1462 xvu,
3412 1392 3492 1464 i).

1913 1480 1969 1534 ln
2002 1481 2093 1537 illo
2128 1483 2328 1538 etenim
2357 1497 2580 1538 ascensu
2611 1483 2809 1538 montis
2834 1524 2849 1551 ,
2896 1485 3136 1540 sublimis
3174 1486 3497 1556 praeparatio

1913 1573 2109 1628 mentis
2133 1575 2450 1644 exprimitur
2479 1592 2492 1628 :
2525 1576 2648 1644 quia
2675 1575 2782 1630 alta
2807 1576 2990 1632 videre
3018 1593 3125 1633 non
3151 1580 3383 1648 poterit,§
3402 1579 3496 1650 qui

1915 1680 2010 1734 per
2039 1666 2394 1721 intentionem
2438 1666 2676 1721 animum
2718 1667 2773 1721 in
2811 1669 3126 1724 sublimibus
3168 1685 3276 1724 non
3321 1670 3492 1740 ponit.

1916 1755 2051 1821 Quia
2089 1769 2218 1824 ergo
2262 1756 2508 1811 sublimia
2553 1758 2840 1827 praeparati
2879 1759 3070 1815 melius
3111 1761 3495 1830 intelligimus,

218 1882 340 1919 rum
373 1867 616 1936 exempla
658 1874 940 1936 appetunt,
971 1881 1065 1920 eos
1091 1881 1198 1921 non
1237 1866 1412 1920 solum
1442 1866 1495 1920 in
1524 1865 1809 1921 cxteriori-
1840 1860 1888 1918 Β
1915 1857 2039 1901 “me
2068 1847 2373 1903 Samuelem
2403 1847 2531 1902 53"]
2563 1849 2615 1902 ίη
2645 1849 2914 1905 excelsum
2944 1854 3237 1908 ascendere
3257 1852 3494 1922 Ῑυδεῑυτο

217 1957 345 2024 bns,
395 1959 487 2014 sed
521 1960 574 2013 in
604 1959 805 2014 intimis
847 1957 1200 2012 admirantur.
1235 1958 1430 2012 Vident
1460 1972 1589 2026 ergo
1630 1958 1683 2011 in
1729 1958 1808 2013 eis

218 2050 487 2118 exterius,
520 2051 662 2119 quod
706 2051 874 2121 possit
927 2065 959 2104 a
1008 2050 1316 2105 carnalibus
1363 2049 1587 2119 despici,
1617 2047 1711 2105 sed
1759 2057 1814 2104 et

217 2142 436 2210 pariter
465 2142 766 2205 attendunt,
789 2141 931 2210 quod
977 2141 1121 2196 intus
1152 2140 1460 2210 spirituales
1492 2140 1590 2194 viri
1619 2153 1812 2208 magna

216 2231 586 2286 admiratione
610 2230 839 2286 debeant
864 2231 1127 2286 venerari.
1153 2229 1301 2297 Quos
1322 2232 1448 2285 dum
1479 2230 1620 2284 fama
1651 2229 1814 2285 subli-

216 2337 341 2378 mes
369 2323 616 2391 audiunt,
643 2324 695 2378 in
725 2323 1003 2378 altitudine
1031 2339 1140 2378 suae
1159 2324 1586 2379 conversationis
1614 2336 1813 2391 agnos‘

219 2428 349 2468 cere
391 2414 798 2483 concupiscunt.
846 2413 1153 2469 Secundum
1207 2413 1486 2468 historiam
1526 2427 1654 2481 ergo
1684 2411 1812 2467 Saul

221 2503 536 2559 Samuelem
564 2504 801 2572 videbat,
831 2513 888 2559 et
922 2520 1027 2558 non
1053 2506 1413 2574 cognoscebat
1439 2521 1453 2571 ;
1496 2513 1554 2559 ut
1585 2503 1731 2575 quod
1759 2504 1813 2559 in

221 2594 397 2663 ﬁgura
425 2595 771 2662 contingebat
814 2595 940 2663 illis,
975 2596 1128 2651 nobis
1150 2595 1447 2666 spiritualia
1482 2595 1810 2663 designaret.

220 2685 359 2742 Nam
402 2701 522 2741 cum
562 2686 768 2757 parvuli
797 2703 984 2742 sumus
1013 2729 1027 2754 ,
1078 2689 1231 2759 quasi
1258 2687 1502 2744 videmus
1542 2687 1814 2758 perfectos

221 2793 390 2844 viros,
435 2778 563 2834 dum
611 2794 800 2835 eorum
826 2781 1054 2835 virtutes
1085 2795 1114 2834 a
1159 2779 1513 2835 referentibus
1543 2780 1811 2847 audimus;

222 2868 323 2924 sed
351 2884 487 2936 quos
505 2869 767 2936 videmus,
798 2885 907 2926 non
938 2871 1334 2938 cognoscimus,
1367 2871 1490 2941 quia
1523 2887 1620 2941 per
1648 2886 1814 2940 expe-

224 2961 478 3017 rientiam
500 2962 633 3017 scire
667 2977 778 3018 non
805 2977 1106 3031 possumus,
1136 2963 1260 3030 quia
1290 2962 1412 3027 hoc,
1458 2962 1600 3031 quod
1629 2962 1814 3017 auditu

222 3052 572 3122 percipimus,
604 3052 658 3108 in
693 3051 873 3108 cordis
897 3053 1065 3108 oculis
1103 3061 1372 3109 tenemus.
1400 3051 1622 3118 Quando
1653 3051 1815 3121 igitur

223 3145 291 3199 ab
321 3143 403 3198 eis
429 3143 852 3199 conversationis
890 3142 1006 3212 ejus
1037 3150 1246 3199 secreta
1273 3141 1339 3198 ad
1377 3143 1694 3199 imitandum
1719 3155 1811 3197 re-

1917 1937 2078 2005 Quasi
2107 1939 2249 1994 enim
2273 1949 2399 1994 ante
2428 1940 2831 2009 praedicatorem
2873 1942 2928 1997 in
2953 1943 3225 1999 excelsum
3253 1945 3500 2001 ascendi-

1914 2048 2032 2086 mus
2057 2071 2070 2096 ,
2099 2032 2314 2102 quando
2342 2048 2442 2088 nos
2470 2034 2616 2102 prius
2656 2035 2722 2088 ad
2751 2034 2859 2089 alta
2890 2036 3107 2091 scienda
3138 2037 3373 2094 animum
3410 2040 3496 2094 in-

1915 2114 2206 2191 tendimus,
2238 2134 2293 2178 et
2315 2123 2416 2194 ipsi
2443 2125 2597 2180 nobis
2626 2141 2714 2194 ea,
2743 2125 2811 2181 ad
2831 2141 2950 2196 quae
2979 2127 3325 2193 intendimus,
3359 2139 3502 2199 post-

1914 2214 2133 2269 modum
2178 2214 2488 2282 loquuntur.
2529 2216 2666 2283 Quid
2697 2233 2826 2273 vero
2853 2229 2952 2285 est,
2984 2221 3130 2291 quod
3162 2222 3236 2276 ait
3263 2239 3276 2274 :
3315 2220 3383 2275 Ut
3409 2238 3501 2278 co-

1913 2305 2094 2358 medas
2117 2321 2309 2359 mecum
2337 2307 2523 2361 hodie?
2553 2307 2657 2363 Sed
2678 2310 2894 2378 quando
2924 2312 3304 2383 przedicatores
3324 2315 3499 2371 sancti

1915 2399 2078 2468 218
2105 2398 2342 2452 caelestia
2383 2399 2693 2468 loquuntur,
2719 2401 3014 2459 electorum
3043 2420 3262 2462 suorum
3292 2408 3502 2463 audito-

1915 2509 2035 2548 rum
2056 2496 2220 2551 corda
2249 2495 2498 2553 reﬁciunt
2523 2518 2533 2552 :
2567 2507 2801 2557 testante
2841 2503 3039 2557 etenim
3066 2504 3294 2561 veritate
3315 2545 3329 2570 ,
3372 2505 3501 2573 quia

1915 2587 2066 2642 cibus
2096 2589 2288 2645 animae
2314 2599 2396 2646 est
2422 2591 2645 2646 verbum
2675 2581 2788 2659 Dei,
2829 2591 2954 2649 Non
2989 2596 3042 2648 in
3072 2595 3182 2649 solo
3224 2611 3356 2665 pane
3382 2594 3505 2651 vivit

1917 2679 2068 2736 homo
2095 2724 2110 2750 ,
2149 2683 2240 2736 sed
2266 2684 2320 2737 in
2360 2687 2501 2739 omni
2547 2685 2696 2740 verba
2747 2685 2882 2757 quod
2926 2687 3155 2756 procedit
3196 2686 3258 2741 de
3287 2703 3374 2741 ore
3401 2686 3504 2742 Dei

1917 2771 2133 2844 (Matth.
2157 2789 2230 2841 tv,
2259 2773 2338 2846 4).
2364 2775 2520 2832 Panis
2543 2792 2774 2847 namque
2794 2777 3108 2832 alimentum
3136 2779 3374 2848 corporis
3394 2787 3496 2845 est,

1917 2868 2142 2922 verbum
2173 2868 2388 2924 mentis.
2443 2869 2545 2935 Qui
2589 2885 2719 2925 vero
2748 2885 2944 2939 corpus
2990 2870 3106 2925 sine
3156 2879 3337 2925 mente
3373 2871 3502 2925 reli-

1917 2957 2105 3025 ciunt,
2135 2966 2315 3016 mente
2337 2961 2535 3014 mortui
2562 2971 2721 3028 sunt,
2765 2975 2928 3020 carne
2953 2961 3079 3015 vivi.
3119 2960 3298 3028 Quare
3336 2968 3392 3016 et
3435 2961 3508 3017 de

1918 3047 2146 3104 delicata
2175 3049 2336 3104 vidua
2365 3049 2562 3106 Paulus
2587 3052 2662 3106 ait
2694 3069 2706 3105 :
2754 3051 2942 3105 Vivens
2968 3058 3170 3106 mortua
3196 3059 3272 3105 est
3293 3051 3340 3122 (Ι
3364 3049 3502 3107 Tim.

1917 3151 1972 3204 ν,
2002 3136 2084 3209 6).
2110 3137 2244 3193 Nam
2273 3155 2370 3210 per
2408 3141 2647 3196 ciborum
2675 3141 2897 3197 delicias
2941 3157 3049 3197 non
3091 3149 3390 3197 moreretur
3418 3141 3505 3196 vi-

221 3234 507 3305 quirimus,
536 3249 629 3288 eos
659 3234 908 3288 nimirum
938 3235 1089 3302 quasi
1120 3235 1187 3289 de
1215 3234 1432 3304 propria
1459 3233 1618 3289 domo
1641 3234 1807 3288 inter-
1834 3232 1885 3298 C
1914 3229 2040 3297 dua,
2086 3231 2133 3286 si
2161 3232 2393 3287 animam
2423 3233 2572 3288 verbi
2619 3233 2714 3289 Dei
2758 3234 2878 3289 cibo
2929 3233 3190 3298 satiaret,
3218 3238 3360 3289 ~‘cum
3389 3233 3508 3303 ipse

224 3340 503 3394 rogamus.
548 3323 750 3380 Domus
807 3339 1038 3393 namque
1083 3340 1271 3380 eorum
1321 3325 1661 3381 conversatio
1707 3333 1809 3380 est.

225 3415 379 3471 lianc
401 3416 618 3471 domum
648 3417 786 3471 scire
815 3417 1032 3471 volebat
1059 3417 1350 3486 discipulus
1372 3416 1614 3483 Joannis,
1640 3431 1814 3486 quan-

226 3511 292 3566 do
318 3510 608 3564 Dominum
638 3509 1008 3578 interrogavit,
1039 3509 1261 3564 dicens:
1291 3509 1550 3580 Magister
1589 3508 1674 3562 ubi
1720 3509 1816 3561 ha-

228 3602 357 3656 bitas
391 3602 574 3671 (Joan.
605 3617 643 3669 ι,
675 3600 812 3670 58)?
857 3600 960 3666 Qui
985 3601 1257 3668 nimirum,
1301 3602 1429 3669 quia
1475 3599 1543 3654 ad
1581 3597 1816 3653 familia-

226 3691 442 3746 ritatem
473 3690 634 3755 illius,
685 3689 837 3758 quasi
877 3690 1207 3744 domesticus
1255 3689 1630 3759 perducendus
1676 3697 1813 3758 erat,

229 3781 432 3836 audivit
459 3798 472 3833 :
514 3779 664 3846 Veni,
687 3789 734 3833 et
758 3780 890 3834 vide.
917 3778 1067 3834 llanc
1091 3780 1312 3835 domum
1334 3779 1508 3834 visam
1530 3777 1818 3848 Philippus

228 3891 338 3930 non
367 3876 751 3944 cognoscebat,
781 3876 867 3931 cui
898 3875 1063 3931 dicit:
1115 3875 1282 3929 Tanto
1313 3885 1540 3945 tempore
1561 3873 1818 3929 vobiscum

228 3981 346 4018 sum
393 3974 442 4018 et
482 3983 581 4020 non
613 3967 922 4037 cognouistis
950 3983 1069 4020 me:
1105 3964 1368 4038 Philippe,
1419 3967 1507 4038 qui
1536 3968 1670 4021 videt
1715 3983 1816 4034 me,

230 4055 370 4109 uidet
415 4065 464 4109 et
512 4055 724 4111 Patrem
761 4074 929 4111 meum
981 4056 1166 4130 (Joan.
1199 4073 1309 4126 xw,
1365 4056 1443 4125 9).
1477 4057 1552 4112 De
1592 4057 1820 4112 Domino

233 4147 399 4202 etiam
427 4149 682 4218 scriptum
705 4157 810 4217 est,
841 4149 964 4220 quia
995 4149 1315 4219 loquebatur
1339 4150 1508 4221 Moysi
1533 4150 1670 4206 sicut
1699 4165 1822 4205 cum

234 4241 409 4296 amico
439 4256 538 4296 suo
563 4258 578 4308 ;
603 4241 697 4296 sed
728 4242 868 4296 idem
900 4241 1112 4313 Moyses
1131 4241 1340 4308 videns,
1371 4250 1425 4298 et
1451 4258 1560 4298 non
1588 4255 1822 4312 cognos-

235 4346 385 4394 cens,
411 4333 800 4401 interrogabat,
821 4332 1008 4389 dicens
1035 4352 1046 4387 :
1076 4334 1135 4389 Si
1153 4336 1323 4388 inveni
1347 4335 1572 4405 gratiam
1593 4335 1647 4388 in
1676 4350 1826 4388 cons-

233 4431 380 4491 pectu
400 4431 506 4489 tuo,
531 4423 741 4476 ostende
762 4423 886 4477 mihi
909 4425 1096 4495 faciem
1119 4433 1260 4478 tuam
1277 4424 1473 4496 (Exod.
1500 4441 1687 4489 χχχιιι,
1710 4423 1824 4492 15).

153 4554 155 4556 -
235 4515 544 4586 Spiritualis
569 4526 750 4573 autem
794 4519 1136 4574 conversatio
1173 4527 1503 4586 sanctorum,
1533 4519 1658 4588 quia
1685 4532 1825 4572 non-

1917 3324 2116 3380 Paulus
2143 3326 2288 3380 dicat
2318 3343 2332 3380 :
2362 3327 2499 3381 Nihil
2533 3341 2652 3381 esse
2681 3325 3032 3390 immundum,
3065 3325 3209 3395 quod
3229 3339 3351 3380 cum
3381 3339 3508 3395 gra-

1918 3419 2116 3474 tiarum
2154 3421 2365 3474 actione
2405 3419 2698 3489 percipitur
2723 3417 2776 3489 (Ι
2808 3417 2940 3471 Tim.
2974 3433 3044 3482 tv,
3069 3415 3147 3485 4).
3189 3416 3296 3472 Sed
3321 3416 3511 3472 vivens

1920 3509 2080 3565 vidua
2107 3512 2336 3564 moritur
2359 3549 2374 3575 ,
2413 3509 2631 3577 quando
2660 3508 2782 3563 cibo
2803 3522 3000 3578 corpus
3024 3507 3228 3574 nutrit,
3272 3506 3507 3561 animam

1921 3601 2062 3656 fame
2103 3601 2355 3656 interlicit
2390 3599 2604 3670 (Matth.
2637 3598 2733 3670 ιν).
2770 3598 2827 3653 ln
2870 3598 2988 3654 solo
3019 3611 3148 3667 ergo
3179 3612 3317 3668 pane
3343 3598 3508 3655 homo

1921 3707 2031 3747 non
2059 3691 2228 3746 vivit:
2278 3691 2403 3762 quia
2431 3706 2554 3746 cum
2605 3705 2672 3746 ex
2710 3690 2886 3744 anima
2927 3697 2983 3745 et
3025 3704 3253 3760 corpore
3298 3696 3517 3745 constet

1923 3785 2107 3849 homo,
2132 3787 2271 3841 sicut
2297 3786 2452 3842 aliter
2475 3801 2572 3856 per
2590 3801 2788 3855 corpus
2814 3785 2969 3853 vivit,
3002 3785 3076 3840 ita
3105 3793 3160 3840 ει
3185 3799 3407 3841 necesse
3427 3791 3512 3841 est

1923 3887 1984 3934 ut
2012 3879 2282 3935 alimentis
2311 3880 2536 3935 diversis
2565 3879 2773 3950 singula
2803 3879 3131 3935 nutriantur.
3157 3877 3227 3933 Ut
3253 3878 3510 3935 comeda-

1923 3987 2045 4026 mus
2081 3976 2291 4041 itaque,
2325 3988 2446 4028 cum
2475 3974 2736 4043 pr0pheta
2776 3970 3144 4037 ascendimus,
3187 3970 3402 4039 quando
3447 3969 3517 4024 ad

1924 4063 2033 4118 alta
2063 4064 2228 4120 divini
2259 4065 2410 4120 verbi
2451 4074 2686 4121 mentem
2715 4063 2970 4133 erigimus
2992 4101 3008 4131 ,
3053 4069 3112 4117 ut
3150 4061 3266 4130 ejus
3307 4060 3519 4117 caelesti

1925 4171 2123 4225 sapore
2145 4171 2241 4225 per
2272 4155 2617 4211 devotionem
2645 4155 2922 4208 satiemur.

1933 4273 1943 4280 ~
1998 4246 2088 4302 48.
2130 4247 2196 4301 Ει
2226 4247 2350 4316 quia
2381 4246 2479 4316 ipsi
2512 4244 2893 4314 praedicatores
2923 4242 3076 4298 valde
3100 4248 3284 4298 amant
3320 4240 3518 4298 coales-

1929 4339 2036 4407 tia,
2075 4355 2195 4409 quae
2238 4339 2552 4408 loquuntur,
2597 4336 2752 4407 quasi
2780 4335 2939 4391 simul
2982 4335 3352 4401 comedimus,
3396 4349 3521 4390 cum

1931 4431 2124 4486 devote
2154 4429 2229 4483 illi
2261 4427 2534 4496 loquendo
2562 4425 2870 4497 proferunt,
2901 4426 3046 4497 quod
3075 4442 3174 4482 nos
3197 4425 3390 4482 devote
3417 4440 3520 4480 au-

1932 4519 2150 4584 diendo,
2181 4519 2234 4573 in
2263 4526 2451 4574 ventre
2476 4518 2667 4572 anima:
2695 4517 2956 4574 locamus.
2980 4518 3150 4574 Simul
3175 4519 3318 4573 enim
3340 4532 3526 4573 come-

238 4609 340 4664 nisi
355 4609 585 4676 devotis,
605 4625 668 4666 ac
693 4611 1026 4682 supplicibus
1052 4611 1325 4682 panditur,
1355 4611 1574 4666 domum
1595 4610 1823 4666 Samue-
1851 4623 1907 4684 ι)
1932 4613 2146 4669 dimus:
2177 4611 2301 4682 quia
2329 4611 2552 4665 verbum
2583 4611 2678 4666 Dei
2709 4613 2912 4682 pariter
2947 4613 3210 4668 audimus.
3257 4612 3526 4666 Praedica-

234 4700 297 4754 lis
317 4700 685 4757 Sauiindicari
706 4703 806 4759 sibi
826 4704 1072 4759 similiter
1094 4705 1435 4775 deprecatur.
1455 4704 1640 4760 Sancti
1661 4706 1826 4759 etiam

231 4794 618 4863 praedicatores
647 4804 769 4852 curn
800 4798 866 4853 de
895 4814 955 4854 se
983 4813 1176 4868 magna
1204 4799 1450 4870 audiunt,
1483 4815 1580 4870 per
1611 4800 1827 4855 humili-

233 4891 404 4939 tatem
435 4900 495 4940 se
521 4885 798 4955 dejiciunt,
831 4906 941 4945 non
969 4890 1179 4946 inﬂant.
1212 4892 1402 4947 Sciunt
1429 4906 1489 4946 se
1520 4893 1829 4962 petentibus

233 4989 472 5044 magna,
531 4993 649 5048 quae
704 4980 1006 5048 imitentur,
1060 4982 1388 5048 ostendere;
1453 4984 1634 5038 sciunt
1688 4984 1831 5040 inter

235 5080 458 5134 magna,
487 5083 608 5139 qua:
634 5073 944 5140 ostendunt,
977 5075 1158 5144 magni
1207 5089 1304 5144 per
1345 5074 1662 5145 iactantiam
1719 5092 1828 5132 non

235 5171 522 5226 apparere.
552 5161 728 5227 Quare
755 5173 809 5219 et
837 5166 1080 5221 subditur
1106 5185 1118 5220 :

307 5249 486 5320 (νει-ε.
517 5252 630 5323 19.)
671 5253 742 5308 Et
769 5259 1030 5328 respondit
1058 5260 1274 5314 Samuel
1303 5259 1437 5315 Saul
1465 5261 1642 5316 dicens
1667 5277 1685 5316 :
1715 5260 1829 5334 Ego

235 5355 353 5394 sum
385 5341 600 5398 Videris.
633 5345 742 5400 Sed
767 5351 986 5404 ascende
1013 5362 1133 5407 ante
1161 5370 1241 5407 me
1262 5355 1318 5406 in
1345 5354 1606 5409 excelsum
1633 5355 1789 5412 hodie
1812 5395 1828 5424 ,

235 5443 292 5486 ut
321 5437 565 5491 comedas
594 5456 811 5508 mecum,
841 5453 890 5496 et
914 5444 1168 5499 dimittam
1198 5454 1248 5500 te
1270 5463 1441 5501 mane.

310 5525 402 5583 47.
447 5530 584 5596 Quid
613 5540 696 5588 est
723 5533 904 5590 dicere
931 5553 943 5589 :
978 5537 1089 5608 Ego
1123 5555 1234 5592 sum
1269 5538 1467 5595 Videtis
1491 5555 1508 5594 :
1531 5539 1633 5595 nisi
1661 5555 1741 5607 se,
1764 5540 1838 5596 si-

239 5629 333 5674 cut
391 5623 444 5677 in
497 5625 668 5681 oculis
721 5628 1040 5697 videbatur,
1096 5632 1351 5689 humilem
1418 5633 1841 5692 demonstrare?

241 5709 410 5778 Quasi
440 5715 625 5773 dicat:
655 5718 738 5775 Tu
764 5721 820 5775 in
843 5723 1200 5779 mstimatione
1226 5733 1314 5780 tua
1343 5741 1597 5796 magnum
1627 5727 1795 5785 habes
1821 5771 1838 5798 ,

1934 4705 2141 4761 toribus
2171 4719 2402 4773 namque
2431 4703 2641 4759 Veritas
2663 4705 2792 4759 dicit
2819 4722 2832 4758 :
2866 4703 2992 4759 Non
3032 4722 3121 4759 vos
3148 4707 3290 4770 estis,
3323 4705 3409 4774 qui
3439 4704 3523 4757 lo-

1933 4797 2170 4870 quimini,
2201 4795 2290 4850 sed
2317 4795 2530 4866 spiritus
2559 4794 2735 4849 Patris
2761 4797 2914 4849 uestri
2933 4835 2948 4862 ,
2978 4797 3062 4867 qui
3091 4796 3317 4866 loquitur
3347 4794 3401 4846 in
3432 4809 3525 4846 vo-

1935 4890 2010 4946 bis
2039 4889 2254 4961 (Matth.
2284 4906 2340 4955 χ,
2371 4888 2486 4959 20).
2518 4887 2672 4954 Quod
2693 4899 2748 4943 et
2778 4887 2977 4944 Paulus
3003 4889 3229 4957 probat,
3253 4900 3378 4939 cum
3399 4899 3529 4940 suos

1935 4985 2210 5040 auditores
2236 4983 2552 5051 interrogat,
2584 4981 2770 5036 dicens
2799 4999 2813 5034 :
2843 4981 2924 5034 An
2953 4981 3360 5051 experimentum
3384 4994 3532 5049 quare

1934 5079 2051 5133 ritis
2080 5077 2212 5148 ejus,
2242 5078 2328 5146 qui
2357 5077 2412 5130 in
2434 5092 2515 5129 me
2536 5073 2734 5129 habitat
2758 5073 2994 5128 Christus
3024 5073 3110 5145 (II
3133 5069 3254 5127 Cor.
3288 5086 3401 5139 xm,
3430 5073 3529 5142 5)?

1937 5165 2074 5232 Quia
2102 5181 2230 5236 ergo
2260 5167 2315 5221 in
2345 5167 2546 5222 sanctis
2575 5165 3014 5236 praedicatoribus
3043 5165 3307 5232 Christus,
3338 5174 3394 5220 et
3413 5165 3531 5233 ejus

1937 5259 2156 5329 Spiritus
2179 5258 2415 5328 loquitur
2438 5299 2454 5327 ,
2486 5259 2589 5329 ipsi
2617 5258 2998 5330 praedicatores
3029 5267 3180 5315 tanto
3208 5258 3404 5313 clarius
3447 5257 3532 5311 lo-

1940 5359 2194 5422 quentem
2224 5351 2466 5420 audiunt,
2495 5363 2521 5391 ιι
2543 5361 2744 5422 quanto
2772 5352 2822 5408 ei
2852 5353 3144 5409 viciniores
3171 5361 3335 5419 sunt,
3381 5351 3536 5421 cujus

1941 5447 2097 5503 sedes
2137 5461 2256 5501 esse
2301 5453 2596 5502 merentur.
2650 5445 2824 5500 Tanto
2855 5459 2984 5515 ergo
3013 5445 3226 5516 plenius
3271 5444 3339 5500 de
3385 5442 3536 5500 verbi

1944 5542 2201 5597 alimento
2233 5547 2486 5610 poterunt
2515 5535 2682 5605 reﬁci,
2709 5547 2911 5608 quanto
2937 5539 3049 5608 jam
3079 5538 3221 5594 intra
3247 5553 3308 5594 se
3334 5538 3538 5593 habent

1943 5635 2137 5691 cellam
2185 5634 2515 5690 refectionis.
2567 5631 2742 5688 Amici
2792 5631 2992 5688 etenim
3039 5633 3223 5704 sponsi
3266 5638 3431 5697 sunt,
3481 5637 3540 5684 et

1946 5737 2110 5793 stant,
2135 5735 2191 5784 et
2213 5726 2410 5798 gaudio
2437 5724 2674 5796 gaudent
2699 5731 2924 5797 propter
2950 5741 3142 5784 vocem
3171 5725 3380 5798 sponsi.
3404 5720 3538 5778 Cum

319 5860 349 5890 ι
373 5847 546 5912 Vatic.
575 5860 632 5913 et
657 5853 821 5911 Gilot.
847 5895 866 5921 ,
894 5864 1085 5929 quanto
1111 5859 1205 5913 eis.
1251 5857 1395 5920 lnlra
1429 5861 1598 5922 Gilot.
1630 5863 1795 5924 habet
1816 5871 2130 5937 meruerunt,
2159 5877 2259 5939 pro
2280 5870 2558 5922 merentur.

651 5949 925 6014 Ρηιιοι..
958 5951 1255 6018 LXXIX.

3066 5955 3108 6017 9
