4020 6344
532 397 637 451 207

1757 393 2005 453 SANCTI
2043 394 2081 449 (ἶ
2094 391 2378 456 REGORII
2418 396 2634 459 MAGNI

3715 408 3821 467 268

534 528 665 582 ergo
689 512 866 569 divina
894 510 1189 581 loquuntur
1215 507 1390 565 sancti
1420 506 1821 578 praedicatores,
1863 510 2124 566 audiunt:
2154 515 2208 575 Α
2234 530 2341 570 non
2363 513 2415 571 in
2447 530 2661 586 amare,
2704 513 2799 573 sed
2827 504 3164 586 inscientia,
3205 514 3275 575 de
3311 518 3650 591 plenitudine
3678 527 3822 581 neci-

534 606 628 660 sed
660 604 783 674 quia
810 612 960 659 certa
986 602 1321 671 experientia
1348 609 1568 667 norunt,
1602 601 1819 669 quando
1849 602 1903 657 in
1930 603 2009 657 eis
2038 602 2122 658 lo-

533 700 714 768 quitur
741 697 962 768 Spiritus
981 736 997 763 ,
1026 695 1253 751 audiunt
1282 710 1363 759 se,
1390 698 1485 749 sed
1530 710 1639 750 non
1688 696 1742 749 in
1785 710 1843 750 se
1866 735 1882 761 ,
1914 697 2037 766 quia
2070 707 2125 752 et

530 796 635 867 .ipsi
684 796 998 865 loquuntur,
1043 793 1135 848 sed
1178 792 1232 847 iu
1281 806 1339 848 se
1367 791 1574 859 locuti,
1620 791 1926 861 loquentem
1959 794 2120 848 alium

531 895 874 943 venerantur.
901 886 961 941 in
990 901 1055 941 eo
1080 885 1260 953 igitur,
1290 883 1434 953 quod
1476 883 1699 937 audiunt
1729 892 1782 937 et
1810 884 2121 953 loquuntur,

532 989 588 1035 et
616 980 883 1043 reﬁciunt,
912 986 967 1033 et
996 977 1329 1033 reﬁciuntur.
1362 974 1629 1029 Reiiciunt
1659 974 1873 1043 quidem
1906 976 2121 1029 audito-

528 1084 647 1134 res,
696 1069 822 1123 dum
870 1068 1094 1121 verbum
1136 1065 1417 1134 proferunt
1444 1079 1576 1119 voce
1618 1080 1711 1118 sua
1748 1084 1759 1117 :
1812 1064 2123 1120 reﬁciuntur

528 1162 652 1231 ipsi,
684 1160 812 1216 dum
839 1160 1083 1225 verbum,
1113 1158 1255 1227 quod
1285 1158 1599 1226 proferunt,
1635 1156 1910 1228 profertur
1930 1158 2008 1213 eis
2037 1174 2124 1213 re-

527 1254 800 1309 velatioue
823 1253 1022 1307 divina.
1053 1252 1159 1323 ipsi
1190 1260 1367 1307 tamen
1399 1251 1647 1306 devotius
1676 1260 2009 1319 saturantur,
2030 1252 2121 1319 qui

527 1346 585 1401 in
629 1346 901 1401 locutione
930 1346 1188 1415 spiritus,
1229 1345 1425 1399 mentis
1455 1344 1674 1400 delicias
1717 1346 1929 1415 experti
1972 1354 2116 1400 sunt.

528 1438 724 1493 Annon
748 1436 1077 1506 experientia
1108 1436 1379 1506 loquentis
1400 1436 1624 1506 spiritus
1647 1444 1752 1502 est,
1785 1436 2122 1493 inconsultos

526 1538 583 1587 et
604 1528 1072 1599 impraameditatos
1112 1543 1171 1583 se
1198 1543 1421 1584 cernere
1444 1568 1459 1597 ,
1490 1528 1780 1597 subitoque
1802 1529 2079 1585 consultos
2102 1570 2118 1596 ,

526 1632 582 1678 et
611 1633 826 1693 paratos
870 1623 1025 1677 esse?
1072 1619 1260 1687 Scire,
1307 1637 1428 1691 quae
1472 1622 1777 1677 nescierant
1816 1641 1827 1675 :
1880 1623 2120 1690 habere,

526 1730 644 1785 qua:
672 1730 780 1771 non
806 1716 1113 1770 habuerant
1143 1732 1157 1768 :
1202 1723 1479 1785 torporem
1510 1715 1706 1769 mentis
1736 1716 2005 1780 amittere,
2035 1730 2124 1770 re-

524 1816 689 1880 peute
717 1810 854 1864 mira
902 1809 1193 1864 devotione
1238 1806 1447 1862 fervere
1476 1824 1489 1860 :
1523 1808 1854 1876 pienitudine
1884 1808 2123 1864 scientia:

2228 609 2324 679 pit,
2360 623 2466 664 non
2492 608 2643 665 verbi
2665 649 2680 673 ,
2713 598 2809 665 sed
2842 609 2984 665 libri.
3021 608 3085 665 Et
3112 609 3239 682 quia
3283 626 3400 666 rem
3430 619 3699 668 mortuam
3729 630 3819 670 ae-

2227 702 2374 769 cipit.
2410 704 2461 758 in
2490 702 2605 773 ejus
2630 705 2745 775 ipse
2773 706 3089 775 acceptione
3110 720 3219 760 non
3243 704 3394 762 vivit.
3422 705 3529 761 sed
3552 707 3679 777 quid
3701 707 3823 764 dico

2227 792 2558 863 Scripturam
2587 798 2893 851 mortuam?
2922 795 3037 853 Non
3068 806 3152 854 est
3188 805 3400 853 mortua
3443 805 3685 864 tantum,
3732 800 3823 854 sed

2234 886 2581 941 interﬁciens.
2626 886 2759 941 Nam
2788 889 3048 958 scriptum
3078 895 3161 943 est
3192 905 3205 941 :
3247 885 3447 942 Littera
3470 888 3659 942 occidit
3680 931 3693 955 ,
3720 892 3827 958 spi-

2228 976 2355 1030 ritus
2399 984 2568 1031 autem
2595 978 2817 1048 viviﬁcat
2847 978 2866 1049 (
2884 975 2948 1033 II
2975 976 3095 1033 Cor.
3126 992 3202 1043 ιιι,
3233 976 3310 1049 6).
3344 976 3459 1033 Hoc
3485 977 3707 1049 quidem
3736 978 3821 1031 fa-

2226 1068 2301 1123 cit
2328 1054 2502 1125 omnis
2532 1068 2712 1122 divina
2740 1069 2935 1123 littera.
2969 1067 3101 1123 Nam
3134 1068 3310 1123 littera
3337 1082 3535 1139 corpus
3575 1076 3696 1134 est,
3730 1070 3827 1123 bu-

2223 1160 2311 1229 jus
2340 1174 2468 1215 vero
2497 1162 2739 1230 corporis
2769 1160 2879 1216 vita
2923 1159 3165 1231 spiritus.
3216 1158 3557 1216 Viviﬁcatum
3584 1161 3821 1231 quippe,

2226 1262 2283 1305 et
2306 1249 2579 1306 vivificaris
2602 1264 2797 1321 corpus
2822 1252 3052 1323 accipit,
3081 1254 3173 1323 qui
3215 1251 3451 1307 litteram
3485 1252 3643 1321 legit,
3689 1258 3747 1308 et
3773 1254 3825 1309 in

2227 1358 2469 1398 amorem
2500 1343 2865 1414 intelligentia:
2895 1352 3130 1401 mentem
3168 1344 3359 1401 reiicit.
3396 1345 3637 1415 [leprobi
3668 1360 3817 1415 ergo,

2228 1436 2319 1507 qui
2364 1435 2673 1506 Scripturas
2716 1436 3000 1507 rimantur,
3046 1452 3181 1506 quas
3212 1453 3320 1492 non
3352 1443 3569 1502 amant,
3605 1436 3701 1507 qui
3732 1450 3825 1492 au-

2228 1526 2414 1582 dacter
2441 1526 2572 1583 foris
2602 1527 2919 1599 loquuntur,
2951 1529 3102 1597 cujus
3130 1540 3379 1599 Saporem
3412 1529 3555 1585 intus
3595 1545 3707 1584 non
3748 1530 3825 1585 in.

2229 1618 2475 1688 telliguut
2500 1636 2514 1687 ;
2554 1618 2682 1673 dum
2711 1618 3065 1675 refectionem
3096 1619 3497 1689 Scripturarum
3519 1661 3534 1687 ,
3566 1634 3710 1691 quas
3737 1635 3824 1676 ex-

2227 1720 2435 1782 ponunt
2462 1753 2477 1778 ,
2510 1711 2601 1766 alii
2628 1710 2822 1767 devota
2853 1718 3033 1767 mente
3056 1711 3383 1782 percipiunt,
3416 1713 3570 1783 quasi
3613 1711 3687 1768 de
3719 1728 3784 1769 eo
3806 1755 3822 1783 ,

2228 1804 2371 1873 quod
2400 1805 2501 1875 ipsi
2527 1803 2676 1869 dant,
2720 1805 2808 1860 alii
2838 1813 3169 1871 saturantur,
3206 1818 3312 1860 nou
3355 1807 3476 1875 ipsi.
3512 1805 3668 1861 Dicat
3696 1820 3825 1877 ergo

522 1904 709 1961 statim
739 1912 795 1959 et
816 1904 871 1958 in
899 1910 1177 1957 momento
1205 1901 1524 1956 mirabiliter
1554 1902 1773 1972 repleri,
1798 1903 1937 1957 mira
1962 1902 2114 1957 verbi
2147 1906 2195 1967 B
2223 1896 2442 1955 Samuel
2475 1915 2488 1952 :
2523 1898 2772 1965 Ascende,
2802 1908 2861 1953 ut
2895 1898 3135 1953 comedas
3157 1914 3354 1951 mecum
3375 1896 3527 1952 hodie
3554 1914 3574 1953 :
3604 1901 3737 1969 quia
3758 1910 3819 1955 ex

520 1996 772 2053 facundia
826 1994 1099 2051 intellecta
1146 1994 1440 2064 proferre?
1501 1993 1713 2049 Habent
1765 2010 1894 2065 ergo
1958 1994 2117 2051 electi

520 2087 902 2160 praedicatores
928 2087 1315 2157 experientiam
1344 2088 1565 2158 spiritus
1609 2089 1663 2143 in
1713 2103 1772 2142 se
1802 2088 2075 2158 loquentis
2098 2126 2113 2154 ,

521 2183 575 2238 in
604 2183 883 2253 repentina
914 2180 1245 2237 revelatione
1272 2182 1515 2237 veritatis
1541 2200 1553 2235 :
1596 2181 1794 2236 habent
1821 2181 2000 2237 subito
2028 2197 2112 2235 ar-

522 2276 711 2331 dorem
739 2274 1057 2337 cbaritatis,
1116 2275 1319 2329 habent
1365 2275 1419 2329 in
1470 2275 1803 2344 plenitudine
1841 2276 2114 2343 scientiae,

522 2368 728 2423 habent
755 2368 809 2422 in
840 2366 1221 2422 facundissima
1253 2367 1403 2422 verbi
1448 2367 1851 2437 prmdicatione.
1898 2367 2031 2421 Nam
2062 2378 2119 2423 et

524 2460 702 2515 subito
732 2461 1090 2527 instruuntur,
1122 2469 1180 2516 et
1220 2469 1442 2531 repente
1466 2460 1807 2526 fervescunt,
1838 2468 1893 2515 et
1914 2462 1966 2515 in
1997 2477 2117 2515 mo-

520 2557 706 2605 mento
751 2549 1067 2620 replentur,
1113 2560 1170 2606 et
1216 2551 1449 2606 mirabili
1479 2552 1680 2621 eloquii
1722 2560 1989 2621 potestate
2032 2552 2114 2606 di-

521 2649 721 2697 tantur.
756 2642 832 2698 De
866 2644 953 2698 illa
982 2660 1217 2715 namque
1246 2646 1528 2714 repentina
1560 2644 1892 2713 experientia
1921 2644 2115 2697 Domi-

524 2747 625 2787 nus
653 2732 782 2788 dicit
808 2751 820 2785 :
866 2732 1090 2788 Dab’itur
1120 2734 1258 2789 vobis
1285 2737 1342 2788 in
1376 2736 1470 2789 illa
1500 2736 1649 2801 liora,
1682 2735 1804 2806 quid
1830 2734 2114 2807 loquamini

521 2822 733 2892 (Matth.
765 2840 818 2891 ι,
847 2824 956 2895 19).
983 2825 1060 2881 De
1089 2826 1182 2880 illo
1210 2834 1395 2881 autem
1424 2826 1707 2881 subitaneo
1739 2829 1948 2881 fervore
1976 2828 2109 2882 cha-

514 2916 691 2972 ritatis
732 2915 1001 2986 Cleophas
1029 2919 1157 2973 dicit
1199 2938 1210 2972 :
1265 2916 1457 2974 Nonne
1501 2936 1589 2974 cor
1637 2928 1872 2975 nostrum
1919 2919 2112 2974 ardens

518 3017 629 3061 erat
656 3010 711 3061 in
741 3011 844 3073 via;
875 3010 999 3063 dum
1028 3010 1337 3081 loqueretur,
1370 3020 1418 3065 et
1442 3013 1668 3083 aperiret
1696 3011 1842 3067 nobis
1867 3012 2109 3080 Scriptu-

516 3114 603 3153 ras
632 3097 782 3169 (Luc.
808 3116 953 3163 χχιιι,
974 3100 1105 3170 52)ἳ
1135 3102 1210 3155 De
1238 3102 1553 3170 repletionis
1581 3118 1794 3173 quoque
1819 3112 1875 3159 et
1920 3104 2109 3159 facun-

517 3190 618 3244 dia:
648 3192 981 3260 experientia
1013 3191 1191 3247 Lucas
1232 3192 1507 3262 meminit,
1542 3194 1725 3250 dicens
1754 3214 1766 3248 :
1808 3194 2006 3251 Factus
2034 3206 2111 3251 est

2227 2008 2313 2058 eo,
2341 1990 2484 2061 quod
2508 1989 2733 2045 subditis
2756 1990 2825 2048 de
2866 1990 3032 2050 verbo
3064 1990 3223 2047 electi
3255 1990 3509 2047 doctores
3535 1992 3815 2062 tribuunt,

2224 2091 2279 2140 et
2309 2085 2509 2155 pariter
2529 2085 2770 2153 audiunt,
2803 2091 2857 2141 et
2885 2085 3088 2157 pariter
3116 2091 3445 2139 saturantur.
3498 2082 3643 2141 Ecce
3664 2089 3816 2161 enim

2222 2176 2278 2230 in
2309 2175 2498 2231 eodem
2528 2175 2646 2248 ipso
2673 2177 2839 2232 verbo
2862 2218 2877 2243 ,
2911 2176 3055 2246 quod
3086 2174 3314 2231 dicimus
3338 2219 3353 2245 ,
3396 2174 3813 2234 demonstratur.

2221 2266 2357 2323 Nam
2385 2268 2505 2339 quis
2527 2267 2757 2336 dubitat,
2790 2268 2933 2339 quod
2975 2268 3115 2323 hanc
3145 2266 3499 2338 Scripturam,
3530 2283 3702 2338 quam
3728 2285 3813 2326 ex-

2221 2359 2511 2429 ponimus,
2566 2360 2786 2417 Samuel
2834 2359 3147 2429 scripserit?
3184 2354 3251 2413 Et
3299 2366 3479 2415 tamen
3526 2360 3687 2431 ipse,
3736 2357 3814 2430 qui

2220 2452 2455 2523 scripsit,
2487 2452 2601 2509 huic
2630 2453 2756 2508 dicit
2790 2472 2800 2509 :
2854 2451 3139 2523 Respondit
3165 2452 3422 2519 Samuel;
3470 2460 3531 2507 ut
3576 2454 3813 2523 proiecto

2222 2544 2554 2610 ostenderet,
2582 2543 2705 2613 quia
2727 2542 2871 2612 quod
2902 2541 3017 2612 ipse
3048 2540 3340 2606 scribebat,
3376 2542 3511 2598 alius
3541 2542 3811 2615 impartie—

2218 2634 2396 2690 batur.
2426 2635 2561 2702 Quia
2583 2649 2710 2703 ergo
2732 2632 2962 2705 Spiritus
2986 2642 3221 2697 sanctus.
3254 2630 3342 2704 qui
3375 2648 3465 2704 per
3487 2648 3612 2689 eum
3648 2636 3810 2705 loqui-

2220 2740 2325 2794 tur,
2359 2744 2455 2798 per
2494 2744 2616 2783 eum
2642 2727 2708 2782 de
2739 2742 2805 2783 eo
2832 2727 2961 2782 dicit
2992 2746 3004 2781 :
3051 2726 3349 2799 Respondit
3375 2727 3595 2784 Samuel
3630 2729 3805 2787 Sauli:

2218 2820 2448 2874 Ascende
2476 2831 2597 2873 ante
2631 2838 2709 2875 me
2736 2822 2789 2875 in
2818 2820 3096 2891 excelsum,
3139 2829 3195 2874 ut
3222 2822 3457 2877 comedas
3488 2838 3693 2877 mecum
3721 2823 3805 2877 ho-

2217 2914 2319 2968 die.
2367 2913 2481 2969 iloc
2510 2914 2658 2981 dicit,
2685 2913 2829 2986 quod
2858 2914 3033 2979 audit;
3085 2922 3140 2970 et
3187 2912 3344 2970 simul
3376 2914 3546 2984 audit,
3578 2923 3637 2972 et
3669 2916 3802 2972 dicit.

2218 3005 2354 3061 Dum
2377 3020 2505 3075 ergo
2532 3022 2724 3077 magna
2753 3007 3101 3064 veneratione
3128 3009 3326 3064 amoris
3357 3009 3525 3076 audit,
3554 3017 3607 3065 et
3640 3009 3803 3081 loqui-

2217 3105 2305 3151 tur
2333 3096 2652 3167 praedicator
2693 3098 2930 3165 electus;
2986 3114 3177 3169 magna
3214 3096 3505 3155 devotione
3532 3099 3805 3155 auditores

2215 3187 2345 3242 boni
2373 3204 2491 3257 quae
2518 3188 2791 3257 dicuntur,
2819 3190 3125 3261 excipiunt';
3175 3188 3303 3246 Saui
3332 3198 3386 3245 et
3415 3190 3633 3247 Samuel
3662 3192 3802 3263 pari-

516 3293 724 3352 repente
752 3284 815 3337 de
843 3284 969 3339 caelo
998 3300 1157 3339 sonus
1188 3294 1434 3355 tauquam
1463 3285 1779 3341 advenientis
1806 3290 1967 3358 219
2001 3290 2109 3358 ερί.
2137 3293 2186 3360 C
2218 3288 2299 3335 ter
2322 3281 2383 3334 in
2412 3281 2625 3336 excelso
2654 3282 2944 3337 comedere
2981 3282 3247 3339 dicuntur.
3287 3280 3418 3338 item
3449 3285 3573 3354 quia
3620 3280 3801 3355 praedi-

514 3377 643 3429 rittts
672 3375 997 3442 vehementis,
1032 3386 1080 3430 et
1108 3378 1318 3445 replevit
1346 3386 1506 3432 totam
1534 3378 1784 3446 domum,
1830 3378 1919 3433 ubi
1957 3390 2108 3434 erant

513 3466 747 3521 sedentes
774 3467 911 3532 (-Act.
950 3483 1007 3535 ιι,
1038 3467 1116 3537 2).
1148 3466 1203 3523 in
1243 3468 1436 3525 eodem
1467 3470 1667 3541 quippe
1694 3470 1885 3541 spiritu
1914 3472 2106 3541 repleti

513 3563 571 3610 et
597 3554 763 3611 locuti
789 3567 933 3619 sunt,
967 3566 1025 3612 ut
1054 3560 1181 3628 hoc,
1208 3560 1353 3629 quod
1375 3561 1687 3627 asserimus,
1716 3562 2101 3633 designarent:

515 3646 643 3715 quia
671 3647 918 3703 videlicet
962 3649 1261 3719 loquendo,
1293 3652 1427 3707 alios
1456 3660 1684 3721 pascunt
1709 3690 1724 3721 ,
1771 3655 1864 3723 qui
1900 3655 1967 3710 de
1995 3670 2061 3711 eo
2084 3694 2102 3725 ,

514 3736 658 3805 quod
684 3738 885 3805 dicunt,
918 3740 1184 3795 audiendo
1209 3752 1523 3812 pascuntur.
1554 3742 1621 3797 Et
1649 3744 1775 3815 quia
1798 3760 1993 3801 sonum
2014 3761 2105 3802 ve-

513 3828 783 3885 hementis
810 3830 1030 3898 spiritus
1056 3832 1327 3898 ardorem,
1358 3834 1472 3889 sive
1502 3834 1862 3902 locutionem,
1892 3845 1988 3893 aut
2012 3853 2101 3894 re-

513 3920 805 3990 pletionem
831 3930 1198 3991 cognoscunt,
1229 3931 1384 3979 tanto
1412 3924 1620 3979 dulcius
1663 3925 1719 3980 in
1760 3926 1915 3983 donis
1944 3928 2101 3997 spiri-

512 4017 746 4074 tualibus
773 4018 1079 4090 epulantur,
1111 4029 1315 4089 quanto
1341 4020 1409 4075 ad
1437 4021 1555 4089 ejus
1575 4022 1873 4078 recubitum
1895 4025 2102 4093 dignius

510 4112 770 4183 assumpti
791 4121 936 4167 sunt.
954 4112 1092 4168 Dicit
1114 4128 1243 4182 ergo
1268 4129 1281 4168 :
1302 4114 1557 4181 Ascende,
1571 4124 1627 4167 ut
1646 4118 1883 4172 comedas
1905 4136 2099 4175 mecum

510 4206 693 4272 hodie;
723 4208 850 4277 quia
887 4208 1062 4263 bonus
1098 4207 1307 4274 doctor,
1339 4208 1470 4263 dum
1498 4209 1743 4274 dulciter,
1774 4227 1892 4280 quae
1930 4214 2096 4282 dicit,

512 4297 568 4351 in
597 4298 940 4353 devotionem
968 4298 1165 4355 mentis
1193 4298 1409 4371 accipit,
1445 4315 1506 4356 se
1549 4308 1605 4357 et
1631 4316 1725 4357 eos
1758 4304 1850 4371 qui
1877 4306 2101 4375 audiunt

512 4384 668 4438 simul
698 4385 892 4453 pascit.

581 4490 671 4546 49.
714 4490 832 4559 Quo
860 4501 1049 4549 contra
1069 4494 1319 4553 doctores
1343 4498 1580 4569 reprobi,
1605 4501 1730 4569 quia
1752 4518 1871 4572 quae
1892 4503 2091 4571 dicunt,

510 4598 619 4639 non
648 4594 849 4653 amant,
880 4603 1003 4644 cum
1026 4591 1160 4647 alios
1180 4593 1347 4649 verbo
1384 4604 1635 4665 pascunt,
1660 4596 1924 4666 jejunant.
1958 4599 2094 4653 Nam

2214 3378 2427 3425 catores
2456 3368 2789 3426 auditoribus
2828 3369 2881 3425 in
2914 3371 3155 3441 ejusdem
3202 3372 3349 3427 verbi
3392 3368 3694 3429 refectione
3734 3373 3797 3429 di-

2213 3464 2429 3534 gniores
2460 3473 2623 3534 atque
2668 3463 3023 3521 ferventiores
3060 3473 3227 3533 sunt;
3280 3481 3387 3521 non
3434 3462 3662 3522 Samuel
3692 3478 3798 3523 cum

2211 3556 2393 3623 Saule,
2425 3557 2519 3612 sed
2561 3552 2689 3612 Saul
2719 3573 2839 3613 cum
2868 3555 3119 3614 Samuele
3149 3567 3487 3615 comesturus
3522 3561 3793 3615 asseritur.

2209 3646 2318 3703 Sed
2346 3657 2401 3703 et
2420 3647 2543 3719 quia
2572 3656 2683 3704 tam
2708 3649 2984 3720 splendida
3008 3651 3204 3707 mentis
3235 3651 3482 3718 eruditio,
3520 3650 3575 3707 in
3608 3654 3795 3721 magna

2210 3739 2330 3796 luce
2360 3741 2653 3811 spiritualis
2682 3742 2803 3797 vitae
2833 3751 2935 3809 est,
2967 3760 3075 3799 non
3104 3744 3267 3799 dicit:
3302 3738 3665 3801 Ut-comedas
3692 3760 3795 3800 me-

2210 3850 2333 3890 cum
2363 3834 2465 3890 hac
2493 3848 2686 3903 nocte;
2718 3835 2813 3891 sed
2837 3836 3010 3891 hodie.
3044 3836 3213 3903 Quem
3236 3838 3399 3893 etiam
3431 3854 3595 3894 mane
3628 3838 3795 3895 dimit-

2210 3927 2295 3982 tit.
2328 3927 2485 3983 Mane
2515 3927 2645 3983 dicit
2676 3928 2888 3985 initium
2928 3929 3034 3985 diei
3064 3930 3355 4000 sequentis.
3390 3928 3642 4002 Sequens
3676 3947 3794 3989 vero

2211 4018 2357 4085 dies,
2381 4028 2463 4074 est
2478 4019 2773 4076 serenalux
2786 4029 2986 4076 sancta:
2998 4022 3443 4079 conversationis.
3467 4021 3611 4080 Dicit
3635 4039 3793 4096 ergo:

2277 4136 2443 4206 220
2469 4134 2646 4206 (νει-ε.
2678 4132 2796 4205 19.)
2832 4135 3109 4191 Dimittunt
3138 4146 3184 4192 te
3206 4154 3379 4193 mane.

2277 4225 2364 4281 50.
2408 4226 2562 4283 Mane
2590 4228 2809 4297 quidem
2837 4229 2905 4283 ab
2934 4230 3151 4285 excelso
3192 4230 3509 4299 dimittitur,
3552 4228 3796 4300 quicum

2204 4320 2269 4375 ad
2300 4320 2504 4381 altioris
2529 4322 2769 4378 scientiae
2811 4322 2992 4378 lumen
3041 4322 3289 4393 proiicit,
3340 4322 3396 4379 in
3444 4336 3648 4392 magna
3686 4322 3794 4376 luce

2200 4413 2329 4467 boni
2356 4414 2535 4483 operis
2563 4430 2622 4469 se
2648 4414 2900 4485 proponit
2920 4415 3218 4470 immorari.
3250 4414 3349 4470 Vel
3383 4430 3543 4471 mane
3570 4414 3788 4470 dimitti-

2203 4513 2310 4574 tur,
2334 4506 2426 4575 qui
2457 4506 2681 4562 verbum
2712 4520 2920 4575 magnte
2946 4508 3216 4572 scientiae,
3257 4508 3401 4578 quod
3429 4500 3789 4576 pnedicatoris

2200 4609 2295 4649 ore
2338 4594 2554 4662 didicit,
2597 4597 2889 4666 przedicare
2934 4598 3054 4655 aliis
3101 4599 3350 4655 intendit.
3381 4598 3614 4666 Quando
3660 4599 3786 4654 enim

510 4690 631 4730 cum
662 4678 852 4734 animm
897 4681 1247 4739 refectionem
1270 4685 1493 4741 verbum
1542 4684 1637 4742 Dei
1668 4702 1788 4744 esse
1833 4690 2092 4745 Dominus
2118 4683 2174 4743 D
2197 4685 2340 4741 bona
2370 4690 2722 4758 proponimus
2744 4730 2761 4758 ,
2788 4691 2940 4759 quasi
2968 4706 3127 4747 mane
3166 4693 3221 4746 in
3249 4690 3405 4747 initio
3434 4690 3543 4747 diei
3570 4707 3782 4753 sumus;

505 4765 723 4834 dixerit,
752 4769 973 4825 verbum
994 4787 1124 4829 vero
1150 4773 1244 4829 Dei
1274 4775 1329 4830 in
1351 4785 1535 4832 mente
1556 4777 1715 4847 plena
1743 4778 1811 4833 sit
1838 4779 2090 4847 eruditio,

502 4857 661 4929 plena
690 4859 939 4930 devotio;
968 4866 1136 4921 verbo
1165 4866 1259 4921 Dei
1287 4882 1395 4923 non
1425 4878 1737 4939 pascuntur,
1763 4871 1855 4940 qui
1872 4871 2089 4941 devote,

504 4951 650 5018 quod
689 4955 1012 5026 loquuntur,
1063 4970 1169 5013 non
1209 4958 1451 5014 audiunt.
1498 4960 1787 5031 Apostolus
1833 4964 2087 5034 quidem,

503 5043 657 5111 quasi
680 5043 790 5113 iam
818 5046 908 5102 illa
938 5048 1088 5103 verbi
1114 5048 1399 5107 dulcedine
1425 5054 1687 5123 repletus,
1711 5055 1786 5111 ait
1816 5072 1830 5108 :
1876 5056 1957 5111 De
1976 5059 2090 5129 pie-

501 5135 740 5192 nitudine
755 5139 868 5209 ejus
890 5157 1069 5196 omnes
1095 5142 1383 5213 accepimus
1413 5144 1593 5215 (Joan.
1625 5162 1663 5211 ι,
1689 5146 1800 5219 16).
1826 5147 1941 5204 Alia
1966 5150 2087 5221 qui-

501 5226 625 5283 dem
655 5237 741 5286 est
784 5232 1061 5302 plenitudo
1086 5235 1260 5302 verbi,
1291 5237 1396 5292 alia
1447 5237 1589 5293 libri.
1635 5239 1712 5296 De
1754 5241 2089 5311 plenitudine

500 5321 721 5389 quidem
739 5324 892 5379 verbi
919 5326 1167 5397 accipere
1190 5329 1403 5384 nonnisi
1428 5329 1584 5386 electi
1613 5341 1862 5402 possunt,
1884 5334 1951 5390 de
1971 5336 2088 5406 ple-

499 5411 745 5469 nitudine
773 5429 907 5471 vero
946 5415 1237 5489 Scriptura:
1278 5431 1505 5493 possunt
1546 5430 1603 5478 et
1647 5426 1881 5496 reprobi.
1925 5427 2087 5484 Liber

500 5514 736 5571 namque
773 5504 917 5562 beati
941 5508 1164 5568 Joannis
1191 5513 1461 5583 apostoli,
1501 5523 1559 5571 et
1585 5516 1720 5573 liber
1747 5519 1889 5575 beati
1927 5519 2081 5581 Pauli

502 5595 731 5664 apostoli
758 5597 1114 5667 plenitudines
1132 5605 1353 5675 quidem
1378 5618 1525 5675 sunt,
1545 5624 1667 5680 qua:
1691 5610 1760 5667 de
1788 5614 1868 5669 eis
1889 5615 2091 5673 baben-

502 5691 611 5742 tur.
640 5686 842 5747 Eorum
869 5694 1121 5752 nimirum
1148 5700 1313 5756 verba
1339 5699 1536 5759 Paulus
1563 5703 1678 5760 sive
1697 5703 1932 5763 Joannes
1953 5709 2088 5765 scri-

500 5779 635 5848 psit,
661 5784 754 5838 sed
783 5787 926 5855 quod
953 5788 1181 5860 quisque
1202 5792 1435 5863 scripsit,
1466 5798 1692 5868 loquens
1742 5798 1797 5854 in
1836 5798 1915 5854 eis
1956 5816 2083 5858 ver-

498 5868 628 5927 bum
652 5875 947 5947 inspiravit.
982 5879 1083 5948 Qui
1114 5896 1244 5953 ergo
1267 5885 1491 5942 verbum
1518 5878 1811 5959 Scriptura:
1842 5892 2039 5964 accipit
2064 5938 2081 5966 ,

2201 4776 2324 4845 quia
2349 4776 2477 4831 boni
2508 4777 2805 4833 claritatem
2851 4779 2963 4849 jam
3009 4782 3252 4852 aspicere
3281 4781 3583 4852 coepimus,
3637 4795 3785 4852 quam

2198 4882 2507 4937 sequamur.
2551 4871 2657 4927 Sed
2700 4871 2805 4927 hoc
2834 4886 2993 4929 mane
3030 4874 3085 4929 in
3129 4874 3348 4944 plenum
3379 4873 3522 4930 diem
3555 4875 3782 4943 crescit,

2198 4960 2413 5030 quando
2436 4962 2498 5029 is,
2530 4963 2620 5031 qui
2649 4976 2843 5032 magna
2873 4963 3017 5020 bona
3046 4979 3225 5034 agere,
3253 4975 3346 5022 aut
3374 4965 3485 5020 alta
3516 4967 3782 5024 aeternita-

2196 5053 2268 5108 tis
2294 5054 2485 5123 gaudia
2512 5056 2806 5125 prmdicare
2835 5058 3151 5127 proposuit,
3201 5058 3254 5113 id
3291 5059 3437 5129 quod
3465 5058 3778 5131 proposuit,

2196 5144 2253 5200 in
2281 5160 2471 5215 magna
2502 5147 2718 5202 exhibet
2758 5147 2878 5203 luce
2912 5148 3145 5205 virtutis.
3182 5148 3338 5205 Mane
3379 5166 3509 5220 ergo
3565 5150 3696 5207 Saul
3721 5148 3780 5204 ab

2195 5237 2411 5293 excelso
2431 5236 2750 5305 dimittitur;
2789 5239 2914 5309 quia
2945 5240 3221 5315 auditores
3246 5240 3668 5311 praedicatorum
3694 5243 3782 5295 bo—

2192 5344 2386 5386 norum
2408 5373 2427 5400 ,
2456 5332 2599 5401 quod
2627 5333 2694 5389 ab
2723 5334 2802 5389 eis
2837 5334 3066 5389 sublime
3094 5336 3356 5403 audiunt,
3398 5349 3661 5391 exercere
3692 5347 3781 5389 su-

2189 5420 2427 5479 blimiter
2468 5439 2578 5479 non
2617 5434 2915 5482 morantur.
2957 5425 3066 5483 Sed
3111 5427 3271 5484 electi
3316 5428 3447 5496 viri,
3492 5428 3646 5484 bona
3673 5436 3784 5494 qua

2189 5517 2409 5585 habent,
2438 5528 2494 5574 et
2518 5520 2847 5577 abscondere
2868 5561 2887 5589 ,
2934 5530 2990 5579 et
3017 5523 3366 5580 manifestare
3390 5524 3592 5579 sciunt.
3645 5523 3781 5577 Abs-

2192 5611 2433 5665 condunt
2459 5611 2688 5681 quippe,
2736 5628 2807 5667 ne
2847 5628 2944 5683 per
2972 5614 3261 5673 elationem
3300 5624 3547 5686 pereant,
3580 5615 3674 5671 sed
3718 5624 3782 5667 ne

2190 5701 2523 5759 infructuosa
2554 5712 2892 5773 remaneant,
2923 5706 3288 5763 manifestant.
3318 5706 3454 5761 Dum
3478 5705 3779 5763 absconde—

2188 5804 2329 5860 runt,
2361 5804 2490 5849 tunc
2515 5795 2858 5863 custodiunt;
2897 5798 2992 5853 sed
3021 5798 3149 5855 dum
3176 5795 3531 5857 manifestam
3548 5837 3567 5869 ,
3593 5793 3780 5870 profe-

2186 5895 2313 5943 runt
2339 5886 2591 5943 fructum.
2621 5884 2753 5945 Nam
2774 5889 3016 5962 seqnltttr
3044 5902 3063 5946 :
