4020 6344
270 383 381 447 969

1105 386 1171 446 IN
1213 387 1476 448 paruum
1514 380 1752 450 necum
1791 365 2306 453 uicesimum.
2343 413 2416 438 —-
2451 395 2579 454 ue.
2621 398 2709 457 1v.

3440 395 3544 463 9:6
3569 390 3574 393 ’

347 487 528 579 (Vers.
558 493 644 571 i9,
671 491 788 575 20.)
827 497 899 559 Et
920 503 1096 560 omnia
1136 521 1250 576 qua:
1291 514 1410 559 sunt
1451 505 1506 560 in
1556 506 1728 561 animo
1776 515 1861 562 tuo
1889 511 1940 572 Α
1967 503 2378 580 absconderant;
2407 510 2475 567 ad
2503 511 2679 568 ilicem
2703 501 2924 582 jdstltiae
2949 513 3206 582 redirent,
3236 516 3291 573 1h
3317 525 3420 590 qua
3443 523 3544 577 viri

190 609 198 612 “
271 591 517 658 indicabo
542 593 667 665 tibi;
705 610 755 654 et
785 596 848 654 de
886 599 1069 667 asinis,
1102 617 1229 669 quas
1270 600 1542 672 perdidisti
1570 601 1862 658 nudiuster-

273 685 399 760 tius,
432 709 495 768 ne
519 691 768 747 sollicitus
795 683 886 755 sis,
912 692 1030 762 quia
1051 691 1268 746 inventa:
1293 702 1430 746 sunt.

347 783 438 839 5i.
478 773 670 840 Celare
715 798 774 839 se
819 783 1035 852 quidem
1067 781 1444 852 prtelicatores
1469 785 1703 856 qualiter
1747 791 1860 843 situs

272 871 462 942 deant,
504 873 749 943 superius
787 865 840 927 in
881 869 1048 928 verbo
1094 871 1356 929 Samuelis
1390 877 1718 946 ostenditur,
1769 877 1863 933 tibi

271 968 470 1023 dicitur
501 985 514 1021 :
563 966 678 1040 Ego
707 984 820 1021 sum
856 965 1069 1021 Videas.
1115 965 1266 1022 Nunc
1302 976 1486 1044 autem
1517 969 1641 1039 quia
1689 969 1857 1025 dicit:

273 1057 468 1114 Omnia
491 1101 508 1127 ,
537 1075 652 1130 quia
688 1065 807 1114 sunt
847 1058 899 1113 in
930 1059 1102 1113 animo
1128 1067 1210 1113 tuo
1236 1100 1250 1127 ,
1296 1059 1537 1115 indicabo
1565 1049 1692 1128 tibi;
1733 1051 1861 1132 quid

269 1150 416 1206 aliud
445 1145 688 1205 tenemus
711 1190 726 1216 ,
761 1146 862 1204 nisi
892 1148 1016 1220 quia
1042 1163 1185 1220 saepe
1213 1149 1315 1204 viri
1357 1150 1556 1220 sancti,
1587 1151 1814 1207 virtutes
1840 1192 1855 1217 ,

269 1259 407 1316 quas
434 1235 653 1309 habent,
705 1248 758 1296 et
790 1237 1128 1297 abscondunt
1155 1249 1208 1297 et
1252 1239 1579 1313 proferunt?
1626 1242 1758 1310 Sed,
1801 1241 1860 1298 ut

266 1325 403 1400 dixi,
437 1326 771 1391 abscondunt
792 1375 808 1402 ,
839 1349 908 1389 ne
937 1333 992 1389 in
1021 1334 1227 1404 magnis
1254 1334 1542 1391 virtutibus
1570 1335 1748 1405 magni
1777 1329 1858 1390 vl-

266 1423 528 1496 deantur;
562 1419 846 1498 proferunt
888 1442 997 1493 eas,
1023 1429 1082 1482 ut
1128 1423 1285 1482 electi
1332 1427 1624 1483 imitentur.
1679 1425 1857 1484 Verbo

265 1521 450 1591 itaque
479 1519 775 1591 sapientiae,
806 1519 900 1572 aut
929 1511 1218 1588 prophetiae
1245 1515 1435 1588 Spiritu
1463 1531 1521 1573 se
1546 1509 1750 1588 pollere
1772 1532 1857 1572 as—

265 1623 474 1679 serunt,
505 1632 612 1672 non
639 1623 697 1670 ut
729 1619 1072 1680 venerentur,
1103 1613 1198 1668 sed
1229 1621 1286 1667 ut
1324 1613 1629 1668 audiantur.
1677 1614 1856 1681 Quare

264 1717 325 1762 et
354 1703 631 1762 Psalmista
653 1705 800 1760 verbi
829 1706 1054 1774 gratiam
1085 1720 1143 1760 se
1171 1705 1373 1760 habere
1405 1705 1706 1773 insinuans,
1736 1705 1811 1762 ait
1837 1725 1850 1761 :

268 1791 441 1871 Super
468 1815 642 1855 omnes
673 1799 909 1853 docentes
954 1816 1032 1853 me
1060 1791 1288 1854 intellexi
1318 1797 1490 1870 (Psal.
1523 1815 1702 1867 oxvnt,
1734 1795 1848 1867 99}.

1964 601 2193 656 inveniri
2219 605 2541 673 potuissent.
2595 606 2708 661 Cur
2735 618 2865 676 ergo
2912 608 3084 664 dicit:
3141 605 3375 669 Inuenta
3401 622 3545 682 sunt,

1962 691 2066 746 nisi
2091 694 2216 762 quia
2245 708 2388 763 saepe
2409 695 2461 749 in
2483 695 2561 750 eis
2581 697 2776 751 summi
2806 697 2905 752 viri
2945 700 3136 755 salutis
3155 699 3361 757 bonum
3389 701 3548 760 facile

1964 783 2193 839 inveniri
2219 793 2379 855 posse
2408 786 2774 857 considerant,
2798 788 2866 843 de
2891 803 3121 860 quorum
3149 793 3261 848 vita
3290 794 3545 851 ineruditi

1965 875 2292 946 desperant?
2338 869 2472 932 Nam
2521 884 2577 934 et
2627 880 2786 949 periti
2817 881 3009 938 medici
3064 899 3374 956 corporum,
3423 887 3547 947 illos
3629 911 3640 917 ι

1964 977 2106 1038 saepe
2135 973 2328 1026 curare
2357 977 2704 1041 praesumunt,
2753 972 2828 1058 de
2847 981 3075 1044 quorum
3108 977 3282 1034 salute
3307 980 3546 1052 imperiti

1963 1069 2289 1131 praesumere
2310 1071 2419 1118 non
2441 1069 2685 1134 possunt.
2747 1064 2838 1120 Sic
2859 1067 3111 1122 nimirum
3138 1071 3285 1125 etab
3312 1070 3545 1127 eruditis

1962 1152 2274 1208 ductoribus
2301 1159 2443 1225 saepe
2470 1155 2499 1192 ⁸
2527 1154 2596 1210 ad
2624 1155 3014 1226 pmnitentiam,
3042 1167 3098 1214 et
3123 1161 3544 1219 satisfactionem

1962 1245 2278 1316 peccatores
2307 1247 2613 1318 trahuntur,
2634 1248 2727 1319 qui
2749 1249 2890 1304 trahi
2917 1251 2984 1306 ab
3011 1251 3291 1310 ineruditis
3318 1255 3544 1314 rudibus

1961 1339 2341 1409 nequiverunt.
2394 1341 2529 1409 Quia
2585 1343 2746 1414 igitur
2789 1349 2900 1401 tam
2939 1348 3323 1420 praedicatione
3376 1366 3541 1424 quam

1961 1426 2211 1502 exemplo
2266 1431 2624 1503 perfecturum
2677 1435 2754 1492 illi
2795 1437 2863 1494 ad
2902 1437 3185 1496 Dominum
3232 1445 3546 1514 ptenite’ndo’

1959 1520 2206 1592 redeunt,
2240 1528 2331 1597 qui
2378 1531 2620 1586 converti
2666 1539 2763 1602 per
2802 1530 3029 1590 aliorum
3061 1535 3415 1594 ministerium
3443 1555 3544 1596 ne-

1960 1617 2274 1685 quiverunt;
2304 1613 2442 1676 bene
2463 1619 2681 1678 Samuel
2709 1623 2954 1682 inventas
2986 1627 3165 1682 asinas
3216 1627 3364 1696 dicit,
3408 1643 3545 1701 quas

1959 1703 2087 1763 Saul
2115 1705 2355 1767 invenire
2407 1725 2513 1767 non
2545 1713 2738 1784 potuit.
2800 1713 2984 1771 Potest
3023 1717 3186 1773 etiam
3208 1719 3312 1775 hoc
3342 1719 3544 1776 dictum

1958 1817 2056 1872 pro
2081 1803 2325 1873 profectu
2347 1803 2635 1861 ordinandi
2656 1808 2883 1862 rectoris
2912 1805 3154 1878 intelligi.
3179 1809 3343 1877 Quasi
3363 1812 3540 1869 dicat:

262 1887 460 1947 Certus
477 1889 685 1963 ergode
707 1891 895 1960 peritia
919 1892 1152 1962 spiritus,
1173 1881 1616 1948 confidenternos
1639 1887 1672 1949 il
1696 1894 1848 1962 vitat,
1882 1893 1932 1966 Β
1956 1893 2092 1949 Dum
2122 1895 2423 1950 eruditione
2461 1897 2516 1951 et
2565 1895 2678 1951 vita
2726 1896 2961 1967 proﬁcis,
2991 1893 3113 1953 illos
3151 1899 3315 1956 etiam
3343 1901 3540 1959 lucrari

263 1981 483 2038 dicens:
513 1979 708 2049 Venite,
727 1982 846 2052 ﬁlii,
865 1983 1039 2036 audite
1059 2000 1158 2049 me,
1177 1984 1410 2038 timorem
1435 1982 1644 2039 Domini
1661 1985 1850 2040 docebo

262 2094 357 2131 vos
385 2071 557 2147 (Psal.
579 2093 765 2142 χχχιιι,
790 2075 898 2146 ii).
924 2075 1191 2148 PrOpheta
1214 2092 1445 2147 namque
1474 2093 1531 2133 se
1549 2077 1852 2133 aliirn‘iabat

263 2159 553 2236 Michaeas,
597 2185 717 2225 cum
746 2167 979 2225 diceret:
1020 2169 1229 2225 Utinam
1252 2187 1354 2226 non
1374 2189 1536 2226 essem
1560 2171 1636 2226 vir
1656 2171 1850 2228 habens

261 2266 539 2336 spiritum;
561 2274 611 2320 et
637 2261 952 2320 mendacium
977 2261 1147 2335 potius
1185 2267 1417 2340 loquerer
1446 2263 1630 2338 (Mica,
1659 2283 1713 2330 ιι,
1736 2263 1845 2334 Η).

261 2355 404 2411 llinc
429 2347 685 2413 Helisaeus
703 2355 768 2412 de
784 2355 1021 2412 Naaman
1037 2356 1173 2428 Syro
1195 2357 1347 2413 dicit:
1383 2351 1568 2412 Veniat
1595 2353 1664 2411 ad
1675 2375 1775 2427 me,
1799 2359 1850 2412 et

259 2443 398 2501 sciat
428 2443 741 2518 Prophetam
779 2465 890 2503 esse
932 2447 987 2502 in
1034 2437 1206 2503 Israel
1234 2445 1343 2520 (IV
1367 2439 1495 2520 Reg.
1526 2465 1581 2514 ν,
1607 2448 1687 2521 8).
1711 2447 1847 2505 Hinc

259 2535 461 2594 Paulus
482 2540 556 2593 ait
579 2558 591 2592 :
623 2533 836 2595 Hebrwi
862 2550 1006 2606 sunt,
1037 2549 1084 2596 et
1110 2559 1200 2612 ego
1223 2559 1239 2606 ;
1265 2558 1434 2595 semen
1460 2539 1685 2597 Abrahw
1707 2550 1844 2610 sunt,

263 2637 323 2688 et
342 2647 458 2706 ego;
489 2625 713 2687 ministri
736 2625 925 2687 Christi
961 2643 1100 2699 sunt,
1125 2643 1172 2687 et
1199 2651 1327 2705 ego;
1357 2643 1414 2687 ut
1432 2636 1603 2688 minus
1637 2635 1845 2702 sapiens

259 2719 380 2781 dico
402 2767 416 2792 ,
447 2723 559 2796 plus
587 2743 680 2797 ego
721 2722 802 2797 (Il
833 2725 952 2781 Cor.
985 2742 1060 2794 ιι,
1087 2719 1189 2790 22,
1237 2725 1352 2798 25).
1381 2715 1421 2780 Ε
1449 2734 1636 2785 contra
1665 2731 1848 2783 autem

257 2808 430 2871 Amos
459 2809 587 2873 dicit
612 2835 625 2871 :
660 2815 784 2872 Non
813 2823 925 2872 sunt
951 2818 1220 2889 propheta,
1256 2817 1347 2872 sed
1378 2819 1721 2872 armentarius
1744 2817 1848 2872 vel-

262 2903 434 2963 licans
457 2926 744 2981 sycomoros
783 2907 980 2980 (Amos.
1005 2925 1098 2975 vn,
1132 2897 1242 2970 i4).
1296 2907 1432 2965 Hinc
1456 2911 1618 2964 etiam
1647 2897 1844 2963 Paulus

259 3018 390 3059 cum
416 3018 472 3057 se
498 3003 608 3057 'vult
636 2993 966 3057 abscondere
1012 2993 1083 3056 ad
1112 3001 1411 3058 custodiam
1437 3043 1453 3069 ,
1506 3001 1636 3057 dicit
1669 3020 1680 3054 :
1719 2999 1845 3057 Non

259 3102 381 3148 sum
410 3093 595 3166 dignus
622 3091 796 3150 vocari
823 3095 1106 3166 apostolus,
1136 3087 1257 3166 quia
1285 3103 1574 3166 persecutus
1595 3111 1707 3149 sum
1736 3094 1842 3149 Ec-

259 3184 476 3242 clesium
505 3181 602 3242 Dei
633 3185 688 3259 (Ι
708 3185 826 3243 Cor.
852 3205 938 3254 xv,
969 3187 1044 3258 9).
1079 3181 1212 3243 Hinc
1234 3188 1592 3259 interrogatus
1612 3185 1847 3245 Joannes

1957 1987 2186 2044 Domino
2215 1983 2439 2061 poteris,
2497 2001 2635 2061 quos
2673 1990 2911 2046 nondum
2948 1990 3192 2061 potuisti.
3230 1993 3362 2049 Tam
3391 2004 3543 2053 certa

1955 2080 2172 2152 quidem
2193 2081 2363 2138 virtus
2384 2081 2734 2152 profectionis
2756 2090 2858 2148 est,
2906 2085 2967 2137 ut
3012 2081 3216 2140 fructus
3265 2082 3401 2156 ejus,
3450 2086 3544 2160 qui

1955 2175 2195 2230 nondum
2227 2183 2479 2231 constant
2502 2175 2557 2231 in
2586 2183 2668 2246 re,
2698 2181 2949 2232 constent
2967 2176 3022 2233 in
3051 2179 3167 2249 spei
3193 2180 3536 2240 certitudine.

1955 2265 2024 2322 Et
2053 2269 2179 2338 quia
2228 2269 2314 2325 his
2365 2269 2544 2325 verbis
2594 2267 2662 2325 ad
2692 2269 3039 2342 perferendos
3088 2272 3302 2332 labores
3341 2286 3541 2334 sanctas

1952 2359 2348 2432 praedicatiOnis
2360 2363 2634 2432 invitatur,
2650 2375 2769 2436 quae
2778 2365 3044 2423 mercedis
3058 2361 3208 2424 lucra
3224 2377 3510 2441 exspectar

1953 2450 2166 2518 debeat,
2198 2453 2438 2525 exponit,
2463 2454 2648 2511 dicens
2677 2472 2691 2509 :
3483 2481 3486 2483 λ

2029 2543 2204 2617 (Vers.
2238 2543 2352 2616 ΞΟ.)
2410 2536 2483 2599 Et
2535 2545 2617 2600 cui
2646 2557 2796 2602 erunt
2842 2561 3056 2622 quisque
3102 2555 3296 2626 optima
3343 2547 3541 2627 Israel,

1951 2636 2122 2690 nonne
2153 2629 2244 2689 tibi
2292 2643 2341 2689 et
2365 2637 2506 2690 omni
2531 2635 2706 2692 domui
2725 2641 2892 2708 patris
2921 2639 3029 2695 t‘ui.’

2023 2719 2112 2780 53.
2143 2717 2332 2795 Israel,
2361 2721 2457 2797 qui
2506 2723 2726 2796 dicitur,
2784 2729 2972 2788 videns
3006 2731 3193 2801 Deum,
3243 2745 3404 2804 quem
3449 2749 3541 2793 re-

1951 2815 2090 2872 ctius
2120 2813 2225 2872 hoc
2254 2818 2372 2874 loCo
2400 2817 2686 2890 signiﬁcat,
2748 2833 2909 2892 quam
2961 2832 3291 2879 aeternorum
3338 2826 3539 2882 civium

1951 2902 2098 2964 illam
2127 2910 2343 2967 beatam
2375 2912 2712 2981 societatem,
2773 2915 2864 2983 qui
2891 2929 2957 2971 ex
2983 2915 3170 2973 labOre
3198 2917 3322 2972 vitae
3357 2917 3538 2988 hujus,

1952 2995 2020 3056 ad
2049 3013 2304 3058 mternam
2328 3006 2711 3075 omnipotentis
2737 3001 2834 3062 Dei
2856 3007 3118 3064 visionem
3139 3012 3538 3080 pervenerunt?

1952 3095 2084 3164 Quae
2131 3109 2260 3169 ergo
2290 3099 2415 3154 sum
2441 3097 2606 3154 Israel
2654 3091 2874 3171 optima,
2931 3101 3033 3156 nisi
3059 3111 3273 3158 teternae
3306 3103 3540 3164 retribu-

1955 3186 2119 3246 tionis
2199 3187 2385 3246 donat
2461 3183 2656 3246 Paulus
2725 3187 2942 3262 quidem
2997 3192 3186 3248 dicit:
3249 3191 3538 3265 Unusquis-

259 3273 505 3352 Baptista
534 3281 647 3335 ait:
701 3279 825 3336 Non
851 3297 964 3336 sum
989 3281 1237 3354 propheta
1281 3275 1460 3353 (Joan.
1491 3299 1532 3351 ι,
1571 3279 1686 3356 2i).
1727 3282 1847 3340 Non
1953 3293 2049 3354 que
2104 3283 2387 3338 mercedem
2436 3285 2654 3353 accipiet
2706 3283 2987 3338 secundum
3017 3284 3244 3340 laborem
3285 3297 3433 3340 suum
3480 3286 3538 3357 (Ι

260 3382 385 3430 erat
414 3375 611 3445 quippe
639 3367 703 3428 ad
727 3367 1036 3442 elationem,
1067 3373 1161 3430 sed
1190 3382 1308 3430 erat
1337 3369 1598 3447 propheta
1621 3387 1674 3431 et
1701 3376 1845 3446 plus-

259 3482 427 3536 quam
459 3465 721 3536 propheta
749 3465 812 3520 ad
842 3463 1217 3521 ministerium.
1249 3463 1467 3522 Samuel
1501 3481 1664 3535 ergo,
1697 3473 1757 3521 ut
1786 3463 1845 3522 se

262 3553 560 3626 custodiat,
590 3557 664 3610 ait
694 3576 707 3610 :
751 3547 862 3628 Ego
885 3574 996 3611 sum
1032 3555 1258 3624 Videas;
1289 3565 1342 3611 et
1370 3559 1430 3612 ut
1455 3572 1514 3612 se
1542 3553 1608 3611 ad
1636 3558 1844 3612 lucrum

261 3651 540 3720 exhibeat,
573 3650 698 3707 dicit
729 3670 742 3711 :
773 3643 961 3706 Omnia
990 3649 1227 3707 indicabo
1253 3652 1362 3707 tibi.
1395 3649 1551 3718 Quod
1578 3647 1622 3707 si
1652 3650 1845 3722 aliquis

261 3744 401 3810 vult,
429 3739 620 3798 eodem
647 3741 804 3799 modo
831 3737 1124 3813 intelligere
1146 3751 1321 3815 potest
1347 3760 1362 3812 ;
1394 3745 1518 3814 quia
1535 3760 1656 3800 cum
1677 3745 1804 3800 dicit
1829 3759 1844 3805 :

261 3829 384 3908 Ego
411 3852 524 3890 sum
568 3833 770 3900 Videas,
801 3835 845 3889 si
873 3833 1140 3890 videntem
1169 3849 1227 3890 se
1253 3831 1462 3902 asserit,
1491 3835 1558 3890 ad
1588 3831 1692 3890 hoc
1713 3833 1845 3891 dicit

262 3934 329 3983 ut
354 3923 576 3992 bonum,
602 3923 746 3996 quod
772 3923 967 3989 habet,
1001 3941 1122 3979 cum
1149 3925 1337 3981 electis
1362 3926 1740 3981 communicet.
1774 3923 1845 3982 Ut

265 4029 404 4084 ergo
434 4017 570 4086 quod
596 4015 814 4081 asserit,
862 4016 1081 4086 probet,
1131 4017 1518 4087 subsequenler
1556 4016 1794 4088 adjungit
1826 4038 1841 4079 :

266 4106 466 4162 Omnia
504 4109 739 4164 indicabo
778 4107 885 4164 tibi.
915 4107 1070 4176 Quod
1095 4117 1294 4165 sancta:
1323 4105 1572 4167 Ecclesia}
1595 4111 1845 4167 doctores

259 4208 430 4270 agunt
454 4217 469 4265 ;
499 4200 622 4269 quia
651 4199 775 4254 dum
805 4200 1027 4254 virtutes
1055 4202 1314 4255 tuentium
1343 4201 1637 4269 intuentur,
1677 4209 1733 4256 et
1762 4201 1844 4255 vi-

262 4291 338 4346 tia
363 4309 383 4360 ;
405 4299 461 4350 et
488 4289 688 4346 mederi
715 4291 874 4358 vitiis,
904 4297 958 4346 et
982 4303 1300 4361 promovere
1325 4292 1550 4348 virtutes
1571 4291 1847 4348 evidenter

257 4381 464 4436 Sciunt.
505 4381 692 4435 Omnia
723 4395 850 4450 ergo
876 4423 891 4450 ,
932 4389 1052 4452 quae
1089 4385 1211 4436 sant
1252 4380 1304 4434 in
1352 4381 1514 4438 corde
1539 4424 1554 4450 ,
1609 4379 1844 4452 indicat,

257 4473 483 4544 quando
513 4473 722 4528 virtutis
749 4473 906 4539 viam,
938 4485 1096 4543 quam
1137 4473 1307 4527 bonus
1347 4469 1559 4528 auditor
1588 4473 1733 4543 cupit
1761 4479 1844 4527 te-

255 4580 417 4631 nere,
451 4563 564 4635 ipse
591 4561 911 4620 decumento
939 4563 1232 4620 manifestae
1257 4563 1574 4619 eruditionis
1597 4563 1846 4632 dignatur

1954 3371 2074 3428 Cor.
2108 3385 2186 3442 ιιι,
2209 3369 2287 3444 8).
2320 3369 2459 3428 Hinc
2485 3375 2613 3428 item
2643 3371 2771 3429 dicit
2800 3391 2812 3426 :
2864 3375 2983 3427 Atia
3036 3384 3113 3428 est
3162 3377 3331 3446 gloria
3387 3377 3530 3444 solis,

1951 3466 2058 3521 alia
2085 3467 2242 3532 (una,
2274 3475 2326 3519 et
2352 3465 2638 3520 stellarum.
2661 3461 2830 3522 Stella
2853 3467 2988 3520 enim
3016 3467 3191 3536 diﬂ'ert
3219 3485 3251 3522 α
3281 3469 3433 3525 stella
3473 3471 3532 3526 in

1952 3557 2189 3611 claritate
2209 3554 2262 3628 (ι
2295 3555 2414 3612 Cor.
2448 3572 2537 3624 xv,
2565 3552 2696 3630 ii).
2733 3552 2987 3612 Omnium
3018 3568 3149 3626 ergo
3177 3556 3413 3616 ﬁdeliora
3444 3575 3532 3617 re-

1953 3645 2292 3713 tributiones,
2327 3653 2383 3702 et
2407 3647 2650 3717 praemia,
2672 3647 2815 3703 bona
2835 3655 2960 3703 sunt
2987 3647 3171 3704 israel.
3237 3649 3373 3717 Quia
3399 3665 3530 3708 vero

1952 3738 2249 3794 electorum
2279 3737 2693 3809 praedicatorum
2727 3747 2938 3795 merces
2967 3753 3172 3794 summa
3206 3750 3311 3808 est,
3341 3755 3533 3798 eorum

1949 3839 2076 3888 sunt
2097 3827 2298 3901 Optima
2326 3830 2510 3887 lsrael.
2559 3829 2637 3887 De
2675 3830 2761 3887 his
2807 3831 3006 3903 quippe
3058 3831 3273 3888 israeiis
3314 3831 3533 3903 optimis

1950 3922 2212 3978 Dominus
2239 3921 2384 3978 fideli
2411 3933 2570 3978 servo
2598 3935 2699 3980 suo
2725 3923 3075 3992 repromittit,
3112 3923 3298 3979 dicens
3323 3940 3339 3976 :
3367 3925 3532 3980 Amen

1949 4013 2065 4068 dico
2085 4012 2246 4080 vobis,
2274 4025 2429 4084 super
2451 4015 2628 4069 omnia
2647 4013 2782 4068 bona
2810 4026 2904 4068 sua
2919 4015 3326 4068 constitueram
3350 4015 3528 4085 (Matt.

1948 4114 2095 4170 xxw,
2126 4104 2239 4175 ιτ).
2269 4104 2368 4172 Qui
2391 4107 2536 4160 enim
2556 4119 2666 4162 non
2690 4106 2746 4160 in
2775 4105 3038 4170 omnibus,
3074 4103 3174 4158 sed
3199 4116 3366 4174 super
3413 4117 3531 4160 om-

1949 4197 2039 4252 nia
2059 4197 2422 4262 constituitur,
2447 4211 2555 4250 non
2593 4202 2802 4249 tantum
2830 4194 2972 4249 bona
2997 4193 3180 4260 israel,
3223 4194 3322 4248 sed
3363 4195 3529 4251 etiam

1950 4291 2152 4359 optima
2172 4290 2373 4344 habere
2396 4288 2721 4344 declaratur.
2751 4287 2908 4341 Dicat
2951 4299 3080 4356 ergo
3117 4285 3336 4342 Samuel
3364 4301 3378 4343 :
3432 4286 3531 4343 Cui

1949 4390 2099 4436 erunt
2124 4396 2332 4454 quaeque
2353 4384 2548 4452 optima
2573 4376 2762 4446 Israel,
2793 4396 2965 4435 nonne
2985 4381 3079 4435 tibi
3101 4391 3154 4434 et
3179 4384 3318 4437 omni
3353 4385 3530 4438 domui

1947 4476 2111 4543 patris
2134 4475 2247 4526 tui?
2267 4473 2429 4539 Quasi
2457 4473 2601 4528 dicat
2633 4490 2646 4526 :
2691 4470 2757 4526 Et
2782 4473 2828 4530 si
2851 4483 3076 4541 magnus
3104 4480 3185 4528 est
3212 4473 3364 4528 labor
3393 4485 3530 4544 prte-

1950 4564 2250 4628 dicationis,
2279 4570 2429 4619 tanto
2454 4565 2701 4622 devotius
2729 4563 2856 4621 ferri
2884 4565 3062 4631 debet,
3087 4573 3293 4634 quanto
3323 4565 3529 4634 majora

256 4675 559 4732 exponere.
589 4659 740 4726 Quod
768 4659 812 4714 si
854 4672 1076 4728 magnus
1104 4665 1202 4723 est,
1253 4663 1308 4713 et
1351 4658 1491 4712 bona
1521 4671 1629 4712 non
1668 4657 1844 4713 solum
1873 4669 1930 4738 ι)
1954 4657 2104 4711 lucra
2143 4655 2405 4711 mercedis
2447 4657 2627 4712 habet.
2686 4657 2926 4712 Sollicita
2968 4672 3097 4727 ergo
3135 4666 3315 4712 mente
3336 4657 3532 4712 doctor

254 4766 430 4823 agere
452 4789 468 4817 ,
497 4748 589 4806 sed
618 4749 780 4806 etiam
809 4747 1102 4820 praedicare
1145 4747 1424 4818 disposuit.
1471 4745 1691 4812 Omnia,
1724 4759 1844 4816 qum

251 4849 392 4900 Sunt
419 4841 476 4896 in
520 4840 634 4911 ejus
675 4833 838 4897 Corde
860 4833 1268 4911 praedicatores,
1301 4837 1574 4905 indicant;
1624 4835 1842 4908 quando

250 4935 455 4992 eorum
499 4925 764 4989 mentibus
809 4925 1094 5003 aperiunt,
1143 4927 1299 5001 221
1337 4929 1592 5000 quidquid
1621 4930 1846 4999 cupiunt

251 5029 327 5083 de
361 5025 626 5082 doctrina.
655 5025 790 5093 Quia
819 5040 948 5080 vero
979 5025 1048 5089 ei,
1089 5023 1175 5078 cui
1205 5022 1460 5092 loquitur,
1491 5035 1615 5076 eum
1642 5021 1845 5090 signina

251 5129 375 5185 cat,
407 5119 498 5190 qui
527 5105 594 5174 ad
622 5117 767 5174 lucra
794 5111 1189 5188 praedicationis
1218 5113 1478 5180 innititur,
1507 5109 1724 5182 subdit,
1763 5125 1844 5170 at-

249 5228 374 5285 que
403 5211 518 5271 ait:
556 5205 623 5265 Et
660 5211 724 5264 de
762 5212 942 5276 asinis,
975 5216 1104 5281 quas
1129 5206 1398 5280 perdidisti
1435 5200 1842 5274 nudiustertius,

249 5323 324 5361 ne
360 5303 612 5360 sollicitus
637 5299 732 5372 sit,
761 5306 880 5376 quia
906 5304 1125 5358 inventu:
1149 5311 1286 5357 sunt.

332 5391 428 5451 52.
470 5387 586 5452 Hoc
627 5397 873 5466 superius
896 5395 949 5450 in
978 5395 1208 5465 persona
1237 5389 1386 5460 Saul,
1425 5393 1660 5463 qualiter
1687 5393 1841 5449 rudi-

247 5489 371 5545 bus
403 5489 840 5556 prtcdicatoribus
870 5486 1176 5555 conveniat,
1227 5485 1534 5556 expositum
1561 5495 1662 5541 est.
1719 5483 1842 5541 Asi-

248 5595 366 5637 nae
394 5577 590 5649 quippe
617 5575 869 5648 perdidit,
903 5577 993 5647 qui
1024 5581 1357 5646 peccatores,
1389 5578 1582 5646 quibus
1611 5575 1835 5632 verbum

247 5675 390 5730 vita:
419 5671 666 5743 praebuit,
727 5665 794 5727 ad
842 5670 1215 5742 ptenitentiam
1266 5683 1606 5740 nequaquam
1652 5671 1838 5724 traxit.

247 5757 538 5822 inveniret
563 5757 800 5834 quidem,
850 5764 899 5820 si
941 5761 979 5818 ii
1021 5761 1111 5832 qui
1158 5775 1218 5818 se
1263 5761 1320 5816 in
1362 5771 1522 5818 nocte
1559 5764 1844 5834 pravitatis

1950 4756 2148 4805 sanctae
2167 4747 2423 4805 Ecclesiae
2447 4763 2676 4820 pensare
2697 4749 2862 4804 debet
2884 4766 2899 4802 :
2928 4749 3054 4820 quia
3071 4747 3236 4805 israel
3258 4764 3365 4802 non
3385 4747 3528 4802 bona

1950 4849 2178 4908 tantum,
2228 4842 2323 4897 sed
2350 4843 2515 4898 etiam
2570 4841 2774 4912 optima
2816 4841 2932 4909 ejus
2957 4848 3107 4910 sunt,
3161 4848 3222 4894 ut
3243 4839 3448 4908 majora
3474 4846 3532 4894 et

1953 4933 2336 4988 excellentium
2366 4943 2490 5004 agat
2508 4947 2747 5003 semper,
2779 4931 2870 5001 qui
2887 4940 3004 4987 tam
3054 4944 3262 4986 summa
3305 4937 3363 4984 et
3383 4930 3529 4999 opti-

1951 5041 2040 5080 ma
2066 5032 2364 5096 exspectat.
2415 5023 2616 5080 Eadem
2645 5023 2845 5093 quippe
2885 5035 3111 5086 summa,
3162 5031 3271 5076 non
3313 5036 3529 5077 summa
3603 5094 3605 5096 η

1949 5117 2127 5174 ordini
2155 5117 2440 5182 debentur.
2465 5117 2562 5172 sed
2583 5128 2798 5198 summo
2827 5114 3020 5169 labori.
3084 5112 3217 5167 Nam
3244 5120 3299 5168 et
3339 5113 3531 5169 doctor
3603 5128 3618 5143 ε

1950 5210 2196 5279 egregius
2220 5222 2328 5264 non
2359 5209 2531 5264 dixit:
2587 5206 2949 5279 Unusquisque
2985 5205 3274 5259 mercedem
3311 5204 3530 5272 accipiet

1941 5302 2098 5374 juxta
2141 5317 2289 5356 suam
2339 5300 2664 5372 dignitatem,
2712 5297 2833 5363 sed,
2883 5297 3039 5367 juxta
3084 5295 3333 5351 laborent.
3387 5294 3524 5350 Cum

1946 5407 2077 5464 ergo
2104 5391 2515 5463 praedicatorum
2569 5401 2783 5445 aeternae
2822 5388 2946 5443 vitae
2967 5387 3170 5456 optima
3197 5386 3524 5454 referuntur,
3589 5377 3607 5425 ί

1947 5498 2171 5553 magnus
2198 5483 2277 5539 eis
2301 5484 2358 5538 in
2387 5483 2490 5538 hac
2513 5482 2622 5536 vita
2647 5479 2802 5535 labor
2829 5478 3124 5548 iniungitur
3155 5496 3168 5531 :
3215 5479 3344 5547 quia
3366 5480 3527 5534 nimi-

1946 5591 2065 5630 rum
2092 5575 2317 5630 meliora
2339 5574 2547 5630 caeteris
2571 5573 2771 5628 habere
2792 5587 2899 5627 non
2921 5569 3194 5640 praevalet,
3223 5569 3314 5638 qui
3337 5570 3528 5626 melior

1949 5683 2068 5723 esse
2095 5683 2204 5731 non
2223 5667 2419 5727 studet.
2449 5665 2514 5720 Et
2539 5665 2664 5734 quia
2703 5665 2808 5720 hoc
2835 5663 3072 5718 omnium
3110 5663 3523 5734 praedicatorum

1953 5764 2112 5834 222
2155 5767 2354 5816 sanctae
2399 5756 2654 5820 Ecclesiae
2694 5771 2986 5814 commune
3027 5763 3130 5823 est,
3182 5770 3292 5812 non
3345 5755 3521 5810 solum

333 5890 367 5921 α
390 5881 579 5954 Aliter,
599 5881 670 5940 ad
687 5876 999 5966 paenitentia
1023 5878 1450 5953 satisfactionem,
1489 5887 1549 5937 ut
1575 5877 1825 5937 observat
1835 5873 2098 5937 Gusssnv.

1745 6045 1796 6056 ,ο
