4020 6344
374 328 411 381 ..\

1220 350 1255 373 ,0

447 402 547 480 “sit

446 539 599 607 Saul,
638 511 735 595 sed
761 508 909 593 omni
936 512 1119 588 domui
1141 528 1318 600 patris
1343 525 1425 582 sui
1472 520 1637 579 Israel
1660 519 1874 593 roptima
1928 523 2048 568 esse
2073 506 2125 568 Α
2151 510 2399 607 Ρυιξιᾝωῖ

450 634 778 690 referuntur.
835 627 1000 694 Quasi
1047 624 1197 681 enim
1251 637 1320 677 ex
1359 626 1517 690 patre
1562 614 1660 669 lilii
1714 615 2047 673 nascuntur,

452 722 755 795 quandoqin
783 720 1032 776 ordinem
1078 714 1495 787 praedicatorum
1526 707 1736 763 noviter
1767 702 1857 758 alii
1906 699 2046 765 aliis,

456 817 648 874 eadem
675 813 961 870 nobilitate
1012 807 1317 868 sanctitatis
1367 800 1635 874 Splendidi
1666 797 2050 864 subrogantur.

458 908 669 977 Domus,
690 920 909 978 quoque
939 900 1307 975 prtedieatoris
1328 904 1411 951 est
1451 889 1744 964 spiritualis
1772 886 1888 955 ejus
1918 898 2054 938 con-

461 974 726 1061 versatio:
746 999 903 1053 Omni
940 974 1073 1064 ergo
1102 992 1287 1048 domui
1317 988 1486 1060 patris
1516 985 1632 1055 ejus
1664 979 1831 1037 Israel
1851 974 2054 1046 optima

460 1103 591 1151 sunt
616 1111 629 1146 :
662 1091 789 1161 quia
816 1088 1141 1155 ubicumque
1168 1076 1521 1137 sacerdotalis
1567 1068 1910 1129 conversatio
1941 1070 2046 1128 est,

462 1186 560 1243 illa
581 1159 836 1239 nimirum
864 1186 965 1241 est,
998 1184 1053 1230 et
1073 1184 1182 1228 tam
1214 1184 1422 1227 summa
1470 1173 1577 1231 est,
1632 1171 1693 1218 ut
1720 1177 1791 1217 ex
1832 1159 2059 1214 celsitu-

466 1280 595 1336 dine
614 1275 815 1339 meriti,
847 1273 903 1326 in
953 1277 1155 1324 :eterna
1180 1265 1288 1319 vita
1322 1276 1420 1318 sua
1445 1259 1555 1315 sint
1589 1255 1795 1326 optima
1824 1249 2059 1306 retribu-

466 1370 651 1426 tionis.
684 1366 742 1421 In
771 1338 877 1419 hoc
903 1374 1032 1430 ergo
1060 1372 1120 1414 se
1166 1354 1433 1410 subtiliter
1483 1346 1865 1421 praedicatores
1912 1338 2063 1408 aspi-

469 1463 660 1519 ciant:
718 1456 843 1528 quia
891 1469 998 1509 nou
1053 1449 1229 1505 solum
1258 1445 1379 1511 sibi,
1434 1441 1530 1497 sed
1564 1437 1712 1496 omni
1739 1431 1923 1490 domui
1946 1428 2065 1498 ejus

472 1554 678 1625 optima
701 1520 863 1606 verunt
889 1532 1053 1599 Israel
1086 1559 1099 1595 :
1132 1539 1259 1610 quia
1290 1538 1335 1592 si
1365 1536 1435 1589 de
1464 1533 1627 1588 domo
1649 1532 1869 1591 exeunt,
1922 1520 2066 1592 opti-

472 1611 564 1700 ma
584 1658 693 1699 non
715 1638 1007 1695 habebunt.
1038 1632 1173 1687 Nam
1196 1629 1242 1684 si
1268 1627 1438 1683 solam
1470 1616 1866 1693 pnedicationis
1894 1611 2066 1669 subli-

474 1738 719 1794 mitatem
748 1737 953 1792 tenent,
986 1724 1193 1794 optima
1220 1734 1329 1774 non
1357 1714 1632 1771 habebunt
1662 1728 1676 1764 :
1733 1709 1858 1779 quia
1884 1704 2067 1759 altitu-

474 1830 654 1884 dinem
674 1826 799 1879 vita:
827 1836 937 1876 non
964 1822 1174 1873 tenent.
1205 1811 1312 1866 Sed
1342 1809 1547 1864 electus
1568 1804 1813 1873 quisque,
1845 1799 1970 1854 dum
2000 1795 2069 1851 de

1641 397 1887 462 SANC'I‘I
1924 377 2258 452 GREGORII
2295 366 2513 436 MAGNI

476 1936 538 1978 se
562 1933 757 1987 magna
786 1914 953 1978 audit,
974 1908 1200 1992 inﬁrma
1228 1918 1326 1959 sua
1372 1901 1441 1956 ad
1468 1898 1787 1954 memoriam
1812 1891 1976 1957 ducit,
2010 1896 2071 1944 ut
2099 1895 2150 1957 Β

475 2026 539 2069 se
567 2011 635 2065 ab
654 1980 893 2063 elatione
920 1980 1213 2065 custodiat,
1243 2010 1312 2050 ne
1340 1994 1504 2060 bona,
1551 2003 1672 2061 quae
1701 1985 1885 2051 habet,
1915 1980 2071 2037 amit-

478 2110 581 2159 tat.
608 2099 762 2155 Unde
790 2105 847 2152 et
869 2092 1113 2150 subditur
1145 2107 1158 2143 :

555 2192 735 2264 (Vers.
766 2188 881 2255 2|.)
933 2180 1273 2251 Respondeas
1299 2177 1455 2243 Saul,
1480 2174 1555 2228 ait
1605 2189 1622 2225 :
1678 2165 1932 2237 Nunquid
1968 2176 2074 2219 non

485 2259 627 2354 ﬁlius
657 2277 861 2334 Gemini
890 2292 980 2347 ego
1022 2288 1133 2327 sum
1158 2271 1221 2323 de
1248 2268 1466 2322 minima
1509 2264 1641 2317 tribu
1674 2259 1865 2321 Israel,
1910 2266 1959 2310 et
1989 2270 2075 2309 co-

487 2375 666 2446 gnatio
695 2387 811 2425 mea
854 2366 1133 2422 novissima
1171 2365 1307 2417 inter
1355 2374 1527 2414 omnes
1579 2354 1809 2426 familias
1848 2352 1911 2404 de
1941 2348 2077 2402 tribu

484 2466 595 2523 Ben
592 2464 789 2537 jamin?
808 2459 980 2526 Quare
991 2474 1112 2528 ergo
1136 2457 1334 2511 locutus
1357 2460 1431 2507 est
1444 2449 1570 2504 milii
1593 2460 1877 2501 sermonem
1892 2439 2077 2495 istum?

562 2533 650 2611 ὄλ.
680 2554 844 2621 Quasi
865 2552 1007 2608 dicat
1034 2568 1048 2604 :
1077 2547 1256 2615 Quare
1278 2544 1409 2601 mihi
1428 2551 1542 2597 tam
1566 2554 1759 2608 magna
1789 2533 2076 2599 adscribis,

488 2664 613 2706 cum
638 2648 740 2703 sim
764 2643 930 2701 nihil?
984 2640 1195 2697 Gemini
1221 2637 1423 2707 quippe
1460 2633 1600 2688 ﬁlius
1628 2637 1733 2697 est,
1787 2626 1879 2698 qui
1904 2622 2078 2692 negli-

487 2749 679 2811 gentes
701 2738 940 2794 imitatur
964 2736 1018 2790 in
1046 2747 1176 2790 cura
1207 2731 1309 2797 sui,
1338 2737 1394 2784 et
1421 2728 1478 2785 in
1519 2721 1770 2792 exemplo
1817 2715 2077 2791 proximi.

487 2807 747 2887 Deminus
773 2827 972 2899 quippe
999 2831 1101 2890 est,
1154 2821 1279 2892 quia
1333 2817 1463 2873 dum
1492 2828 1677 2872 curam
1708 2811 1793 2868 sui
1835 2807 2076 2879 negligit,

488 2924 734 2996 exempla
781 2921 912 2979 boni
958 2918 1140 2991 operis
1167 2916 1286 2971 aliis
1316 2928 1423 2969 non
1480 2906 1761 2981 impendit.
1818 2904 1919 2971 Qui
1948 2913 2081 2971 ergo

490 3016 629 3070 tales
649 2993 917 3077 imitatur,
948 3009 1091 3063 ﬁlius
1110 3004 1323 3061 Gemini
1347 3001 1568 3058 dicitur.
1611 2996 1715 3065 Qui
1767 2995 1834 3051 de
1862 2993 2083 3049 minima

488 3106 633 3161 tribu
661 3103 826 3159 Israel
857 3116 979 3157 esse
1001 3100 1197 3154 dicitur
1228 3114 1243 3150 :
1296 3095 1421 3166 quia
1449 3092 1669 3147 ultimus
1716 3087 1853 3143 ordo
1881 3092 2083 3141 sancta:

490 3196 749 3253 Ecclesia:
777 3204 1165 3251 conversorum
1205 3194 1557 3258 peccatorum
1583 3189 1685 3238 est.
1742 3178 1934 3257 Merito
1984 3176 2083 3245 igi-

491 3297 601 3353 tur,
634 3286 725 3359 qui
753 3290 1096 3357 peccatorem
1125 3294 1185 3335 se
1205 3293 1325 3333 esse
1353 3276 1575 3342 fatetur,
1607 3273 1675 3329 de
1693 3271 1913 3327 minima
1943 3268 2085 3323 tribu
2110 3282 2159 3348 ο

490 3382 657 3440 Israel
686 3396 805 3438 esse
832 3377 1045 3435 dicitur.
1094 3372 1260 3444 Cujus
1284 3371 1451 3428 etiam
1501 3368 1754 3438 cognatio
1789 3364 2083 3419 novissima

491 3478 635 3534 inter
661 3476 793 3532 alias
831 3488 951 3529 esse
980 3471 1293 3544 perhibetur
1317 3485 1330 3520 :
1372 3464 1499 3537 quia
1521 3463 1673 3533 juxta
1702 3460 1958 3516 Veritatis
1986 3473 2085 3513 vo-

493 3587 614 3629 cem
646 3589 661 3625 :
689 3569 791 3634 Qui
814 3569 1082 3622 minimum
1111 3563 1417 3618 mandatum
1440 3558 1612 3624 soluit,
1654 3554 1901 3609 minimus
1928 3559 2004 3605 est
2027 3551 2086 3604 in

493 3681 655 3735 regno
681 3663 920 3717 caelorum
951 3657 1165 3732 (Matth.
1200 3671 1253 3719 v,
1288 3650 1415 3717 19).Δ
1448 3648 1730 3720 Benjamiu
1782 3645 1983 3716 quippe
2010 3642 2087 3697 di-

495 3758 636 3814 citur
660 3753 800 3809 ﬁlius
822 3752 1078 3808 dexterae.
1136 3747 1252 3814 Qua
1283 3745 1530 3816 profecto
1563 3737 1929 3811 appellatione
1959 3749 2085 3790 san-

496 3860 600 3907 ctae
627 3848 882 3906 Ecclesia:
936 3845 1166 3917 populus
1221 3840 1532 3910 designatur
1561 3854 1574 3890 :
1635 3835 1728 3906 qui
1748 3832 1877 3888 dum
1907 3832 1960 3885 in
1983 3829 2089 3885 ﬁde

495 3942 877 4015 Redemptoris
920 3940 1176 4004 nascitur,
1234 3950 1334 4008 per
1386 3933 1531 3988 bona
1556 3943 1721 4000 opera
1764 3926 1831 3982 ad
1854 3924 2090 3982 cmlestis

494 4039 682 4111 patria).
717 4036 861 4092 bona
888 4039 1242 4105 praeparatur.
1298 4027 1533 4083 Dextera
1589 4021 1806 4094 quidem
1854 4018 1949 4074 Dei
1999 4017 2090 4071 illa

494 4142 712 4189 azterna:
746 4131 871 4187 vita:
894 4124 1158 4184 tortitudo
1188 4131 1292 4180 est.
1345 4117 1710 4190 Cognationes
1754 4116 1924 4170 tribus
1951 4112 2093 4168 Ben-

492 4226 666 4296 jamin
696 4262 712 4288 ,
782 4228 911 4279 sunt
967 4218 1193 4275 diversa:
1254 4210 1697 4269 conversationes
1768 4207 2089 4264 electorum.

496 4315 635 4370 Nam
681 4313 830 4368 velut
882 4310 951 4364 ab
990 4322 1098 4364 uno
1152 4302 1513 4376 generationis
1571 4300 1836 4372 principio
1866 4298 2095 4354 diversae

498 4404 859 4474 cognationes
884 4399 1111 4455 veniunt
1137 4414 1150 4450 :
1197 4393 1412 4465 quando
1434 4394 1500 4449 ab
1530 4408 1637 4448 una
1665 4390 1874 4460 origine
1900 4390 2093 4445 ortho-

501 4498 658 4553 doxae
680 4492 826 4560 lidei,
874 4474 1323 4546 lconversationes
1352 4485 1588 4540 ﬁdelium
1611 4484 1794 4554 plures
1823 4481 2091 4536 oriuntur.

502 4588 689 4645 Sancti
712 4601 839 4655 ergo
868 4584 986 4651 viri,
1039 4597 1158 4638 cum
1188 4596 1247 4635 se
1286 4594 1385 4650 per
1424 4577 1785 4632 humilitatem
1807 4572 2089 4642 dejiciunt,

502 4684 627 4753 quia
677 4687 988 4751 peccatores
1041 4692 1101 4731 se
1152 4688 1272 4729 esse
1324 4672 1582 4738 fatentur,
1637 4677 1693 4723 et
1722 4675 1902 4722 tamen
1944 4671 2093 4720 recte
2124 4682 2179 4742 Ι)

504 4781 560 4836 in
582 4778 753 4832 Deum
782 4772 1021 4837 credere,
1052 4769 1205 4840 quasi
1237 4783 1295 4823 se
1324 4774 1381 4821 et
1408 4763 1622 4821 Gemini
1651 4761 1790 4816 ﬁlios
1821 4766 2093 4828 asserunt,

503 4883 560 4931 et
584 4873 651 4928 de
672 4869 963 4927 novissima
990 4865 1153 4920 Israel
1180 4862 1524 4934 cognatione.
1582 4857 1690 4913 Sed
1737 4856 1861 4926 quia
1891 4862 2095 4924 quanto

502 4965 625 5035 plus
653 4977 713 5016 se
752 4957 1057 5021 bumiliant,
1103 4952 1258 5023 juxta
1305 4949 1564 5007 Veritatis
1602 4962 1814 5015 vocem,
1864 4945 2096 5017 amplius

504 5062 813 5119 exaltantur
843 5055 992 5128 (Luc.
1023 5071 1133 5120 xtv,
1160 5052 1246 5120 10,
1278 5053 1388 5121 il),
1420 5051 1663 5121 sequitur
1697 5068 1713 5104 :

577 5157 754 5227 (Vers.
787 5152 901 5221 ‘22.)
948 5149 1223 5204 Assumens
1253 5149 1425 5217 itaque
1465 5144 1681 5200 Samuel
1707 5142 1841 5199 Saul
1886 5150 1935 5197 et
1962 5157 2095 5214 pue-

504 5268 619 5307 rum
639 5251 773 5321 ejus,
805 5242 1095 5301 introduxit
1124 5256 1208 5295 eos
1229 5240 1284 5293 in
1329 5239 1630 5305 triclinium,
1680 5243 1727 5293 et
1756 5236 1895 5292 dedit
1917 5237 1989 5292 eis
2017 5237 2100 5292 lo-

450 5365 457 5429 ξ
502 5363 619 5401 cum
647 5345 702 5399 in
725 5340 894 5411 capite
923 5352 1097 5391 eorum
1126 5333 1212 5405 qui
1240 5334 1447 5405 fuerant
1474 5332 1698 5385 invitati.

446 5467 460 5568 ἐ

578 5433 666 5489 55.
718 5428 937 5486 Samuel
964 5426 1094 5481 Saul
1135 5424 1357 5480 assumit
1377 5422 1592 5494 quando
1620 5423 1943 5492 praedicator
1972 5438 2101 5479 san—

510 5537 607 5585 cta:
658 5522 911 5581 Ecclesiae
936 5522 1112 5576 electo
1139 5517 1371 5573 auditori
1409 5532 1518 5572 suae
1562 5514 1671 5569 alta
1701 5514 2101 5585 praedicationis

511 5618 703 5691 aperit.
737 5615 1044 5671 Assumitur
1072 5613 1273 5683 quippe
1297 5610 1561 5675 subditus,
1610 5608 1824 5679 quando
1849 5621 1947 5678 per
1974 5620 2103 5661 ver-

506 5719 635 5770 bum
666 5709 906 5766 doctoris
936 5708 989 5763 in
1018 5708 1383 5777 cognitionem
1415 5702 1713 5760 caelestium
1745 5698 2004 5755 elevatur.
2024 5698 2103 5769 Et

509 5807 638 5880 quia
660 5819 769 5861 non
796 5801 997 5858 carnali
1020 5800 1318 5854 intentione
1374 5796 1674 5869 spiritualia
1702 5794 1841 5851 scire
1870 5792 2101 5864 appetit,

514 5914 627 5955 non
681 5895 855 5954 solum
896 5893 1071 5963 ipsum
1125 5891 1277 5963 Saul,
1327 5890 1423 5947 sed
1478 5888 1641 5946 etiam
1671 5888 1790 5960 ejus
1812 5887 2105 5958 assumpsit

2140 6008 2188 6048 £-

3638 335 3739 407 ξιιμ.

2440 478 2606 557 Quasi
2631 481 2776 539 enim
2804 478 2922 534 sine
2952 484 3120 545 puero
3142 466 3197 527 in
3224 463 3347 526 imis
3382 474 3735 533 remanserat,

2155 559 2247 659 qui
2274 582 2530 641 dicebat:
2563 575 2665 631 Cor
2683 587 2850 627 meum
2880 566 3148 637 dereliquit
3197 578 3277 616 me
3331 559 3505 631 (Psal.
3538 574 3741 625 xxxvu,

2157 647 2188 733 ί
2194 678 2267 748 1).
2301 674 2408 730 Cor
2434 670 2633 742 quippe
2663 670 2907 719 nostrum
2938 672 3037 713 nos
3061 651 3411 722 derelinquit,
3432 647 3650 731 quando
3667 648 3741 703 sic

2157 784 2189 823 a
2218 737 2672 833 concupiscentiis
2702 750 3008 809 carnalibus
3035 744 3323 809 vincimur,
3368 748 3432 795 ut
3484 737 3741 794 intentio-

2160 876 2285 917 nem
2314 855 2492 913 cordis
2522 854 2577 908 in
2620 846 2869 911 terrenis,
2904 852 2959 898 et
3003 835 3328 898 carnalibus,
3362 842 3524 903 atque
3552 846 3743 903 corpo-

2160 952 2288 1015 reis,
2340 956 2395 1004 et
2422 960 2531 1001 non
2562 942 2615 998 in
2639 936 2970 995 cmlcstibus,
3004 938 3059 986 et
3079 924 3445 999 spiritualibus
3476 922 3745 993 ponimus.

2161 1047 2318 1103 IIunc
2368 1055 2593 1115 puerum
2641 1034 2907 1107 perditum
2960 1028 3275 1088 invenerat,
3335 1017 3428 1089 qui
3473 1015 3683 1071 dicebat
3729 1032 3749 1067 :

2164 1106 2570 1194 Invenieservns
2599 1106 2712 1183 tuus
2762 1142 2851 1180 cor
2879 1138 3026 1178 suum
3084 1114 3172 1189 (II
3204 1113 3331 1185 Reg.
3364 1126 3456 1176 vn,
3479 1108 3592 1179 27).
3646 1106 3758 1160 Cor

2163 1232 2363 1303 quippe
2386 1236 2627 1283 nostrum
2652 1218 2810 1294 223
2847 1214 3169 1275 invenimus,
3205 1203 3420 1279 quando
3448 1215 3547 1272 per
3574 1198 3757 1253 inten-

2164 1326 2368 1380 tionem
2397 1320 2577 1378 cordis
2623 1312 2883 1387 spiritalia
2914 1306 3235 1379 qumrimus;
3287 1294 3503 1370 quando
3548 1294 3689 1347 hanc
3722 1306 3756 1345 a

2168 1416 2399 1475 terrenis
2428 1386 2729 1477 avellimus,
2758 1413 2817 1462 ut
2843 1403 2912 1459 ad
2938 1398 3179 1459 caelestia
3205 1394 3517 1463 dirigamus.
3540 1386 3761 1442 Electus

2168 1524 2298 1579 ergo
2342 1506 2661 1580 praedicator
2702 1502 2787 1568 iis,
2833 1497 2924 1568 qui
2986 1494 3162 1551 adhuc
3209 1486 3454 1546 carnales
3481 1492 3625 1547 sunt,
3657 1489 3763 1533 nec

2168 1573 2621 1669 fortia-imperat,
2680 1608 2782 1649 nec
2821 1585 3085 1661 spiritalia
3143 1578 3474 1637 manifestat.
3519 1573 3650 1629 Nam
3708 1575 3766 1626 et

2171 1693 2370 1749 Paulus
2398 1668 2692 1745 corinthiis
2714 1683 2844 1739 dicit
2875 1698 2889 1736 :
2948 1678 3073 1733 Non
3098 1674 3239 1747 potui
3270 1670 3411 1726 vobis
3458 1668 3590 1739 loqui
3643 1674 3768 1718 tan-

2174 1854 2401 1948 parvulis
2444 1873 2499 1927 in
2541 1869 2743 1925 Christo
2774 1869 2854 1920 lac
2880 1862 3021 1918 vobis
3066 1866 3241 1931 potum
3282 1854 3422 1917 dedi,
3464 1869 3561 1906 non
3588 1863 3767 1905 escam

2179 1936 2233 2039 ll
2257 1966 2375 2019 Cor.
2409 1978 2485 2029 ιιι,
2516 1960 2594 2031 1).
2626 1957 2790 2025 Quasi
2812 1956 2896 2010 his
2919 1951 3096 2009 verbis
3122 1949 3265 2004 dicat
3301 1965 3315 1999 :
3341 1944 3545 2001 Idcirco
3572 1958 3677 1997 vos
3706 1936 3771 1995 ad

2178 2061 2449 2118 excelsum
2480 2072 2587 2112 non
2619 2053 2767 2119 duxi,
2826 2050 2950 2121 quia
2979 2045 3313 2118 spiritualem
3345 2056 3560 2097 sensum
3585 2037 3770 2113 vobis-

2178 2169 2319 2219 cum,
2370 2150 2518 2206 velut
2544 2145 2675 2203 Saul
2704 2109 2952 2215 puerum,
2996 2109 3106 2193 non
3158 2132 3458 2190 habebatis.
3512 2128 3697 2196 Quare
3721 2109 3773 2183 et

2178 2258 2399 2300 causam
2428 2239 2727 2302 insinuans,
2756 2235 2866 2289 ait:
2924 2230 3106 2285 Adhuc
3156 2228 3293 2282 enim
3337 2226 3461 2280 estis
3508 2220 3767 2275 carnales.

2182 2335 2331 2390 Bene
2355 2346 2484 2402 ergo
2514 2328 2734 2387 Samuel
2759 2325 2909 2389 Saul,
2972 2330 3027 2379 et
3050 2336 3277 2393 puerum
3308 2316 3669 2387 assumpsisse
3698 2314 3773 2368 di-

2182 2424 2322 2479 citur
2349 2441 2362 2476 :
2386 2422 2513 2492 quia
2543 2421 2794 2475 doctores
2818 2424 3020 2473 saneta:
3046 2410 3300 2468 Ecclesia:
3326 2409 3434 2464 illis
3463 2407 3616 2462 fortia
3672 2404 3769 2459 im-

2183 2522 2394 2588 perant,
2428 2513 2534 2569 illis
2580 2511 2687 2565 alta
2729 2506 3093 2571 manifestant,
3141 2518 3279 2573 quos
3317 2498 3626 2571 spirituales
3658 2510 3773 2552 esse

2184 2611 2553 2668 considerant.
2586 2605 2689 2673 Qui
2718 2604 2880 2660 etiam
2909 2602 2963 2657 in
2993 2597 3283 2655 triclinium
3316 2593 3733 2650 introducuntur
3758 2604 3776 2642 :

2185 2706 2311 2777 quia
2332 2704 2412 2760 eis
2440 2699 2722 2758 cbaritatis
2770 2696 2997 2754 latitudo
3048 2698 3400 2749 monstratur.
3448 2686 3602 2742 Velut
3631 2684 3775 2740 enim

2184 2804 2242 2860 in
2264 2798 2496 2858 triclinio
2518 2796 2757 2868 ponitur,
2806 2792 2898 2862 qui
2938 2804 3037 2861 per
3072 2790 3148 2858 id,
3198 2785 3347 2857 quod
3374 2783 3537 2837 altum
3564 2780 3778 2846 didicit,

2187 2903 2429 2951 moratur
2457 2890 2512 2946 in
2544 2882 2824 2942 latitudine
2850 2881 3151 2939 cbaritatis.
3206 2877 3303 2933 Vel
3356 2882 3501 2931 certe
3527 2873 3781 2928 introitus

2188 2997 2376 3045 noster
2404 2984 2470 3041 ad
2501 2980 2814 3045 triclinium,
2860 2992 3012 3031 amor
3055 2983 3171 3041 est;
3204 2970 3491 3027 triclinium
3539 2964 3780 3037 pulchri-

2189 3082 2320 3137 tudo
2362 3087 2444 3135 est
2466 3073 2724 3147 spiritalis
2769 3071 2915 3125 vitae.
2948 3066 3101 3123 Unde
3146 3064 3388 3120 Joannes
3439 3059 3562 3116 dicit
3603 3074 3623 3111 :
3675 3053 3784 3120 Qui

2188 3191 2294 3230 non
2324 3171 2514 3243 diligit,
2547 3172 2721 3222 manet
2748 3165 2804 3218 in
2832 3170 2996 3217 morte
3027 3156 3081 3230 (Ι
3109 3157 3267 3213 Joan.
3292 3172 3368 3224 ιιι,
3393 3152 3504 3221 14).
3526 3150 3580 3205 Si
3606 3149 3781 3215 enim,

2189 3267 2282 3338 qui
2321 3240 2435 3320 non
2456 3261 2649 3329 diligit,
2698 3262 2881 3312 manet
2906 3254 2956 3308 in
2979 3258 3175 3316 morte,
3232 3247 3324 3303 ille
3354 3245 3445 3316 qui
3474 3241 3668 3311 diligit,
3726 3240 3778 3294 in

2188 3361 2300 3416 vita
2332 3362 2534 3413 manet.
2557 3352 2617 3407 In
2642 3348 2937 3405 triclinium
2967 3358 3096 3413 ergo
3127 3338 3537 3403 introducimur,
3561 3332 3782 3403 quando

2189 3456 2245 3510 in
2274 3450 2523 3506 affectum
2553 3456 2799 3515 superna:
2826 3433 3255 3497 conversationis
3278 3429 3545 3498 surgimus
3581 3440 3685 3495 per
3707 3419 3780 3476 af-

2190 3545 2389 3601 fectum
2419 3537 2715 3596 cbaritatis.
2771 3533 2829 3587 In
2865 3532 2966 3586 hac
2990 3527 3241 3584 nimirum
3273 3519 3566 3578 mansionis
3594 3517 3783 3571 latitu-

2190 3640 2317 3695 diue
2345 3632 2682 3706 superiorem
2704 3629 2882 3683 locum
2906 3620 3077 3678 sancti
3105 3618 3487 3690 praedicatores
3517 3610 3780 3675 obtinent,

2191 3731 2317 3802 quia
2344 3700 2538 3784 beatus
2592 3720 2829 3776 Joannes
2881 3712 3224 3781 Evangelista
3279 3707 3453 3764 dicit:
3506 3702 3574 3757 Et
3596 3703 3659 3755 in
3685 3700 3785 3753 cir-

2193 3792 2331 3878 euitu
2361 3820 2498 3875 sedis
2523 3814 2708 3872 sedilia
2737 3810 2916 3881 viginti
2946 3815 3183 3880 quatuor,
3243 3810 3293 3856 et
3338 3815 3493 3869 super
3535 3794 3685 3849 sedes
3708 3792 3786 3847 ui-

2193 3915 2323 3988 ginti
2351 3919 2569 3984 quatuor
2596 3903 2825 3959 seniores
2858 3899 3041 3971 (Apoc.
3074 3913 3147 3962 1v,
3174 3892 3250 3964 4).
3304 3890 3556 3945 Seniores
3584 3885 3785 3955 quippe

2194 4004 2366 4063 sancti
2394 4008 2519 4058 sunt
2544 3994 2927 4070 praedicatores
2956 3987 3153 4045 maturi
3191 3999 3372 4048 sensu,
3398 3980 3637 4035 moribus
3665 3988 3789 4047 gra-

2195 4114 2309 4162 ves,
2334 4096 2429 4168 qui
2448 4069 2704 4149 thronum
2729 4086 2828 4142 Dei
2852 4083 3006 4154 juxta
3036 4078 3227 4152 positis
3254 4075 3474 4132 sedibus
3495 4069 3736 4126 ambiunt
3770 4082 3788 4118 :

2196 4158 2324 4262 quia
2352 4158 2445 4258 qui
2470 4200 2580 4257 prae
2609 4180 2819 4239 caeteris
2847 4176 3200 4234 Conditorem
3229 4168 3479 4236 diligunt,
3509 4176 3595 4233 per
3632 4158 3789 4213 altis-

2197 4283 2390 4339 simam
2415 4277 2884 4335 conversationem
2912 4267 2963 4324 ei
2986 4263 3214 4322 vicinius
3243 4260 3613 4330 requiescunt.
3639 4252 3793 4306 Bene

2198 4380 2382 4450 itaque
2410 4374 2539 4432 Saul
2571 4387 2694 4429 cum
2722 4382 2892 4441 puero
2932 4378 3032 4421 suo
3077 4361 3257 4417 locum
3286 4356 3341 4411 in
3373 4351 3548 4423 capite
3576 4358 3792 4407 eorum,

2198 4472 2290 4543 qui
2321 4465 2532 4526 invitati
2559 4464 2793 4527 fuerant,
2853 4456 3119 4519 sortitur;
3168 4449 3294 4521 quia
3323 4446 3375 4501 in
3398 4444 3475 4499 eis
3515 4437 3794 4509 eligendo~

2198 4534 2319 4622 rum
2368 4571 2651 4636 pastorum
2682 4570 2840 4630 typus
2870 4550 3192 4609 ostenditur.
3248 4543 3307 4598 In
3358 4539 3534 4610 capite
3575 4534 3796 4604 quidem

2202 4667 2381 4714 rector
2436 4654 2711 4718 statuitur,
2776 4644 2994 4725 quando
3045 4655 3144 4711 per
3196 4636 3307 4690 vim
3363 4630 3544 4699 magni
3596 4622 3796 4679 amoris

2205 4764 2453 4822 superna:
2503 4748 2629 4801 vita:
2666 4721 2938 4811 singulare
2996 4730 3334 4804 propositum
3383 4721 3612 4793 accipit;
3676 4728 3797 4772 cum

2206 4843 2367 4899 ﬁdem
2415 4837 2736 4896 catholicam
2793 4845 2917 4886 cum
2964 4824 3173 4882 ezcteris
3228 4829 3569 4876 communem
3628 4814 3797 4875 tenet,

2205 4936 2302 4994 sed
2339 4950 2451 5006 prae
2499 4927 2708 4989 caneris
2752 4925 3010 4981 virtutem
3047 4915 3354 4974 sublimem.
3409 4907 3564 4965 Unde
3617 4911 3676 4961 et
3722 4913 3803 4957 se:

2244 5031 2389 5087 uitur
2420 5046 2435 5082 :

2244 5046 2389 5087 uuur
2420 5046 2435 5082 :

2205 5046 2241 5102 (Ι
2282 5125 2458 5197 (Vers.
2488 5120 2603 5189 22.)
2636 5116 2806 5172 Erant
2824 5111 2960 5167 enim
2983 5104 3133 5180 quasi
3161 5103 3379 5174 triginta
3406 5096 3524 5154 uiri.

2282 5190 2373 5273 $6.
2415 5215 2522 5270 Ter
2548 5212 2738 5268 decem
2768 5205 2988 5275 triginta
3018 5201 3173 5254 ﬁunt.
3201 5190 3496 5250 Ternarius
3522 5198 3656 5242 vero
3710 5196 3805 5237 nu-

2208 5328 2394 5372 merus
2416 5310 2575 5365 ﬁdem
2603 5310 2809 5363 sancta:
2831 5307 2887 5355 et
2918 5293 3210 5353 individua:
3236 5284 3516 5344 Trinitatis
3548 5279 3804 5336 insinuat.

2209 5405 2474 5465 Denarius
2502 5416 2634 5456 vero
2663 5412 2763 5469 per
2788 5395 2976 5451 decem
3000 5392 3277 5459 praecepta
3296 5379 3449 5450 legis,
3482 5372 3605 5431 boni
3631 5367 3811 5440 operis

2210 5495 2601 5572 perfectionem
2644 5488 2909 5555 designat.
2971 5475 3318 5535 Tricenarius
3369 5482 3503 5538 ergo
3549 5474 3813 5520 numerus

3689 5550 3785 5572 ,εικ

2215 5550 2599 5658 eosdesignat,
2648 5581 2741 5653 qui
2766 5550 2901 5633 'eam
2940 5572 3103 5628 ﬁdem
3148 5572 3356 5629 tenent,
3402 5574 3522 5629 qua:
3548 5569 3650 5626 per
3681 5550 3813 5653 dile-

2215 5644 2759 5749 ctionemvoperatur.
2809 5669 2868 5725 In
2920 5668 3116 5721 horum
3166 5658 3345 5732 capite
3395 5652 3526 5708 Saul
3564 5644 3815 5717 ponitur,

2215 5776 2433 5849 quando
2461 5746 2560 5843 per
2579 5768 2814 5824 divinam
2844 5760 3071 5831 gratiam
3101 5756 3169 5825 is,
3228 5751 3322 5823 qui
3346 5746 3552 5804 futurus
3594 5747 3690 5794 est
3720 5747 3817 5805 pa-

2216 5833 2334 5931 stor
2362 5833 2632 5931 Ecclesiae,
2663 5858 2944 5920 sublimior
2960 5852 3257 5917 Iitmerito,
3283 5844 3478 5918 quibus
3503 5833 3668 5895 debet
3698 5837 3823 5886 esse

3042 6020 3095 6027 -.η
