4020 6344
303 354 412 412 273

1133 346 1201 402 IN
1240 345 1504 404 PRIMUM
1544 346 1784 406 REGUM
1823 343 2344 414 EXPOSITIONES.
2383 384 2454 401 σι-
2492 358 2623 418 LIB.
2663 360 2753 420 IV.
3490 368 3597 426 ΞΠ»

303 466 557 542 superior
578 463 861 537 dignitate.
919 459 1077 517 Hunc
1127 460 1412 521 sublimem
1470 464 1649 523 locum
1680 462 2079 526 SamuelAtlia
2100 477 2301 540 oportet
2337 480 2387 528 te
2413 491 2733 547 praeparare.
2790 478 2997 538 Similia
3051 482 3195 539 enim
3242 482 3600 554 praeparando

302 563 499 621 tribuit
527 579 541 615 :
593 560 717 629 quia
743 557 835 627 qui
860 563 1064 610 tantam
1092 554 1217 609 vita:
1244 564 1485 611 meretur
1506 556 1904 628 celsitudinem,

300 657 376 713 ad
403 671 524 712 eam
548 652 813 723 majorum
841 647 1055 721 proﬁcit
1082 648 1440 707 institutione.
1497 649 1596 708 Cui
1650 652 1903 708 nimirum

300 749 436 820 quia
471 749 583 817 jam
617 759 835 813 magna,
867 756 986 813 quae
1007 748 1152 813 agat,
1177 748 1235 797 et
1260 757 1371 799 non
1408 742 1629 801 minima
1676 743 1904 802 demon-

299 849 573 908 strantur,
604 838 851 894 subditur
880 855 895 891 :
1614 848 1617 849 '

385 934 567 1007 (Vers.
595 930 685 996 25,
708 930 825 1002 24.)
880 928 1034 985 Dixit
1063 929 1280 987 Samuel
1315 947 1475 1005 coquo
1505 949 1523 987 :
1569 932 1653 987 Da
1681 943 1904 1004 partem,

300 1049 467 1106 quam
493 1028 613 1084 dedi
642 1027 752 1094 tibi,
775 1033 823 1081 et
848 1027 1091 1098 prtecepi,
1114 1034 1171 1080 ut
1197 1044 1474 1099 reponeres
1500 1046 1732 1086 seorsum
1768 1033 1908 1103 apud

310 1134 380 1181 te.
438 1123 578 1177 Tulit
626 1138 748 1193 ergo
793 1136 985 1191 coquus
1017 1137 1239 1185 armum,
1290 1130 1338 1175 et
1388 1125 1559 1194 posuit
1586 1133 1707 1180 ante
1751 1124 1905 1181 Saul.

308 1215 562 1286 Dixitque
590 1212 843 1269 Samuel:
876 1211 1013 1267 Ecce
1038 1213 1178 1284 quod
1217 1217 1488 1282 remansit,
1532 1234 1666 1287 pone
1692 1227 1814 1272 ante
1839 1226 1907 1286 te,

309 1319 360 1364 et
389 1306 595 1363 comede
622 1323 640 1361 :
664 1306 785 1378 quia
813 1305 875 1358 de
897 1305 1160 1360 industria
1182 1317 1437 1362 servatum
1457 1317 1534 1362 est
1558 1309 1669 1373 tibi,
1700 1311 1909 1378 quando

309 1402 560 1474 populum
581 1394 797 1455 uocaui:
829 1406 879 1454 et
905 1399 1123 1454 comedit
1153 1398 1286 1455 Saul
1313 1417 1428 1456 cum
1455 1402 1699 1458 Samuele
1741 1402 1797 1457 in
1826 1401 1911 1458 die

304 1495 429 1553 illa.

385 1584 477 1640 5‘7.
524 1584 663 1653 Quid
686 1584 739 1641 in
762 1599 915 1642 armo
944 1585 1202 1656 pectoris,
1247 1585 1348 1642 nisi
1381 1586 1641 1644 fortitudo
1668 1590 1910 1659 signatur

310 1677 581 1734 actionis?
633 1675 765 1743 Qua:
819 1692 851 1731 a
880 1676 1133 1732 Samuele
1159 1691 1336 1747 coquo
1366 1678 1641 1748 tribuitur,
1692 1682 1909 1751 quando

308 1783 348 1824 a
395 1768 621 1823 summis
656 1765 1098 1839 praedicatoribus
1147 1767 1447 1825 minoribus
1487 1768 1906 1828 demonstratur.

1966 630 1969 634 θ
2008 562 2430 634 manducamus;
2454 568 2583 638 quia
2603 568 2732 624 dum
2760 570 2943 642 fortia,
2974 590 3094 645 qua:
3116 574 3382 641 audimus,
3411 589 3602 646 propo-

1970 722 1973 729 η
2008 653 2187 709 nimus
2216 669 2395 724 agere,
2426 658 2577 713 velut
2594 661 2966 730 comedentes,
2990 663 3046 719 in
3073 665 3255 721 cordis
3285 673 3478 721 ventre
3506 680 3601 721 re-

2010 748 2263 818 ponimus
2293 750 2441 806 cibos
2479 752 2625 809 vitae.
2685 754 2794 810 Sed
2843 757 2974 827 ipsis
3012 760 3237 814 summis
3281 758 3603 815 doctoribus

2011 854 2109 895 vas
2148 842 2430 899 electionis
2475 844 2575 900 sub
2625 847 2785 903 unius
2816 847 3067 920 discipuli
3096 851 3401 906 eruditione
3425 851 3601 920 impe-

2010 938 2114 997 rat,
2138 932 2323 989 dicens
2354 952 2367 986 :
2400 934 2620 990 Manum
2644 938 2744 993 cito
2775 941 2967 994 nemini
2996 942 3236 1013 imponas
3284 940 3340 1014 (ι
3378 940 3516 995 Tim.
3546 956 3602 1007 v,

2011 1022 2124 1095 22).
2169 1024 2303 1092 Quia
2332 1028 2475 1083 enim
2502 1043 2697 1099 magna
2718 1033 3105 1089 retractatione
3129 1033 3342 1090 consilii
3370 1032 3607 1103 eligendi

2011 1125 2155 1184 sunt,
2187 1119 2278 1189 qui
2326 1120 2378 1174 in
2408 1122 2645 1179 culmine
2688 1125 3064 1195 sublimentur,
3120 1136 3247 1197 apte
3298 1128 3606 1197 subjectum

2011 1213 2097 1262 est
2126 1224 2138 1259 :
2171 1205 2305 1272 Quia
2331 1209 2398 1264 de
2423 1210 2685 1267 industria
2711 1224 2966 1269 servatum
2991 1225 3067 1271 est
3098 1216 3208 1286 tibi,
3245 1218 3455 1290 quando
3502 1234 3602 1289 po-

2012 1300 2189 1373 pulum
2223 1304 2418 1358 vocavi.
2454 1305 2619 1372 Quasi
2638 1306 2785 1363 dicat
2818 1326 2833 1363 :
2864 1307 3013 1366 Pone
3039 1319 3166 1366 ante
3193 1318 3268 1375 te,
3325 1311 3471 1382 quod
3500 1325 3604 1366 an-

2014 1402 2232 1466 tequam
2261 1408 2645 1469 apponeretur,
2691 1416 2792 1471 ego
2823 1404 2979 1473 posui
3006 1412 3133 1460 ante
3153 1420 3272 1472 me;
3319 1405 3608 1461 considera

2012 1490 2158 1559 quod
2188 1503 2290 1559 ego
2312 1490 2671 1549 consideravi.
2700 1493 2777 1550 De
2803 1494 3066 1553 industria
3088 1498 3291 1568 quippe
3320 1513 3445 1568 pars
3464 1496 3608 1553 armi

2013 1587 2297 1646 servatur;
2330 1581 2458 1650 quia
2480 1581 2769 1638 fortissima
2799 1585 3169 1654 praedicatoris
3189 1587 3336 1642 actio
3363 1586 3439 1641 illi
3463 1587 3607 1641 bene

2014 1673 2391 1740 committitur,
2414 1675 2553 1745 quia
2570 1677 2793 1732 summis
2814 1676 2943 1732 viris
2963 1692 3156 1747 magna
3171 1677 3610 1734 consideratione

2016 1765 2208 1835 dignus
2252 1772 2406 1821 tanto
2449 1767 2750 1822 ministerio
2804 1767 3097 1837 iudicatur.
3155 1769 3264 1825 Ista
3306 1785 3437 1825 vero
3480 1783 3611 1839 pars

309 1858 492 1931 Coqui
521 1859 724 1916 etenim
752 1860 1066 1916 sacerdOtes
1091 1869 1216 1915 sunt
1246 1878 1259 1914 :
1313 1862 1438 1930 quia
1460 1861 1587 1917 dum
1618 1865 1805 1921 electis
1844 1865 1911 1918 ﬁ-
1944 1849 1993 1910 Β
2020 1866 2151 1914 tunc
2175 1865 2389 1914 servata
2411 1866 2495 1913 est
2519 1859 2588 1914 de
2613 1858 2895 1924 industria,
2940 1859 3156 1930 quando
3184 1862 3418 1930 populus
3440 1875 3612 1916 voca-

310 1950 533 2008 delibus
573 1952 626 2006 in
678 1952 891 2008 fervore
916 1953 1136 2024 spiritus
1176 1953 1489 2024 loquuntur,
1523 1956 1672 2013 cibos
1697 1957 1912 2025 mentis,

318 2045 472 2101 velut
491 2060 589 2115 per
606 2045 784 2114 ignem
809 2055 1068 2116 coquunt.
1099 2045 1206 2102 Sed
1227 2063 1377 2118 pars,
1399 2063 1519 2119 qum
1538 2047 1713 2115 datur,
1736 2051 1914 2121 posita

322 2150 573 2195 seorsum
603 2136 796 2193 dicitur
824 2153 839 2192 :
867 2138 993 2208 quia
1021 2137 1282 2194 fortitudo
1313 2140 1441 2196 boni
1467 2142 1653 2212 operis
1679 2141 1735 2197 in
1772 2158 1912 2212 prae-

322 2231 574 2285 dicatore
621 2228 780 2283 debet
826 2243 949 2284 esse
993 2228 1301 2299 singularis.
1353 2230 1527 2298 Quam
1579 2233 1741 2305 224
1786 2243 1915 2290 ante

316 2322 455 2380 Saul
498 2321 670 2393 ponit,
714 2321 928 2393 quando
983 2322 1339 2378 ordinandum
1393 2332 1670 2394 pastorem
1713 2336 1915 2382 sancta:

303 2413 596 2495 Ecclesiae,
627 2422 843 2484 quantm
870 2414 1198 2470 fortitudinis
1219 2429 1339 2471 esse
1355 2413 1538 2484 debet,
1567 2416 1917 2474 considerare

316 2508 588 2583 prmcipit.
640 2507 749 2563 Sed
795 2515 851 2563 et
899 2510 965 2565 de
997 2523 1084 2575 eo,
1117 2507 1261 2576 quod
1284 2523 1490 2579 coquus
1518 2509 1789 2581 apposuit,
1817 2508 1917 2565 Sa-

314 2602 467 2659 muel
496 2600 625 2656 Saul
654 2601 784 2657 dicit
809 2618 823 2655 :
860 2600 999 2657 Ecce
1033 2603 1170 2670 quod
1194 2603 1461 2668 remansit,
1517 2619 1651 2674 pone
1695 2610 1817 2658 ante
1846 2611 1915 2658 te.

319 2692 604 2751 Remansit
641 2692 880 2763 quidem,
912 2695 1038 2765 quia
1090 2710 1200 2751 non
1228 2695 1410 2749 omnia
1440 2703 1626 2751 nostra
1673 2695 1919 2753 Christus

320 2785 579 2856 explevit,
632 2800 730 2856 per
759 2801 977 2842 crucem
1006 2786 1224 2856 quidem
1271 2801 1425 2842 suam
1449 2802 1638 2842 omnes
1666 2787 1917 2855 redemit,

323 2877 425 2936 sed
445 2877 726 2947 remansit,
777 2886 836 2934 ut
860 2878 954 2947 qui
982 2878 1175 2933 redimi
1212 2886 1268 2933 et
1290 2892 1518 2948 regnare
1542 2895 1664 2935 cum
1692 2894 1759 2935 eo
1788 2881 1917 2936 niti-

326 2974 440 3036 tur,
490 2968 850 3038 cruciligatur.
909 2966 1025 3023 Hoc
1071 2966 1318 3039 profecto
1373 2969 1647 3025 residuum
1685 2970 1917 3039 viderat,

320 3060 418 3131 qui
440 3060 695 3116 dicebat:
758 3061 821 3116 Si
848 3062 1211 3133 compatimur,
1255 3070 1305 3115 et
1350 3063 1781 3134 conregnabimus
1829 3061 1918 3135 (II

323 3154 466 3210 Tim.
496 3156 554 3221 ιι,
587 3154 700 3225 12).
750 3154 915 3222 Quasi
943 3154 1088 3212 dicat
1121 3175 1134 3211 :
1194 3155 1350 3223 Quod
1382 3157 1618 3227 explevit
1647 3157 1913 3223 Christus,

2019 1960 2138 2020 tur;
2185 1952 2312 2022 quia
2340 1967 2464 2009 cum
2492 1951 2561 2007 ad
2588 1952 2988 2023 suscipiendum
3019 1953 3421 2023 praedicationis
3448 1954 3613 2009 mini-

2018 2043 2246 2099 sterium
2274 2044 2472 2100 subditi
2500 2044 2686 2102 ﬁdeles
2709 2046 2952 2112 veniunt,
2977 2046 3136 2102 bonis
3165 2046 3612 2116 praedicatoribus

2018 2152 2130 2193 non
2150 2136 2376 2193 inﬁrmis
2400 2137 2635 2202 inﬁrma,
2668 2138 2763 2194 sed
2792 2138 3022 2195 fortibus
3050 2140 3209 2195 fortia
3239 2140 3611 2211 iniunguntur.

2018 2225 2126 2282 Sed
2167 2228 2261 2298 qui
2295 2229 2436 2285 bene
2486 2230 2797 2300 proﬁciunt,
2848 2231 2905 2286 in
2932 2232 3149 2287 sublimi
3177 2248 3275 2288 sua
3317 2249 3611 2289 conversa-

2020 2318 2169 2375 tione
2194 2327 2321 2375 ante
2370 2321 2552 2375 omnia
2582 2328 2769 2377 tenere
2793 2321 3014 2378 Student
3041 2323 3243 2378 bonum
3266 2322 3610 2380 obedientiae.

2019 2414 2167 2471 Bene
2194 2415 2375 2487 itaque
2394 2416 2738 2486 subiunctum
2767 2425 2853 2473 est
2885 2436 2897 2471 :
2963 2416 3035 2471 Et
3087 2418 3308 2474 comedit
3335 2417 3467 2474 Saul
3489 2434 3608 2473 cum

2019 2506 2265 2563 Samuele
2283 2508 2338 2562 in
2368 2508 2451 2563 die
2476 2508 2593 2564 illa.
2620 2508 2689 2564 Ut
2708 2508 2823 2578 jam
2845 2509 2978 2573 dixi,
3008 2508 3378 2579 promovendo
3398 2508 3614 2565 doctori

2017 2598 2331 2667 comedere,
2390 2608 2472 2655 est
2500 2600 2605 2656 hoc
2632 2601 2779 2671 quod
2800 2601 2901 2657 sibi
2938 2602 3007 2657 de
3043 2601 3244 2656 virtute
3280 2600 3614 2672 praecipitur,

2018 2706 2080 2747 se
2108 2692 2177 2748 ad
2205 2693 2509 2749 faciendum
2549 2710 2877 2765 praeparare.
2928 2694 3075 2751 Bene
3123 2704 3304 2751 autem
3358 2711 3485 2750 cum
3510 2694 3613 2750 Sa-

2019 2783 2199 2839 muele
2250 2785 2551 2841 comedisse
2600 2786 2829 2853 dicitur;
2861 2788 2988 2857 quia
3015 2802 3138 2842 cum
3165 2788 3224 2854 ii,
3271 2786 3363 2856 qui
3402 2784 3615 2842 noviter

2018 2876 2265 2945 veniunt,
2324 2891 2520 2947 magna
2572 2893 2736 2948 agere
2774 2889 3110 2949 proponunt,
3164 2880 3217 2934 in
3256 2880 3456 2935 virtute
3484 2878 3615 2934 boni

2019 2968 2203 3038 operis
2226 2969 2422 3023 summi
2468 2968 2570 3024 viri
2611 2968 2969 3025 ferventiores
3004 2968 3158 3025 ﬁunt.
3215 2969 3403 3026 Potest
3448 2970 3614 3025 etiam

2020 3058 2075 3114 in
2114 3059 2220 3115 ista
2249 3059 2582 3116 comestione
2612 3061 2702 3116 illa
2728 3062 2952 3131 signari,
3003 3062 3071 3117 de
3098 3077 3203 3131 qua
3232 3062 3480 3135 superius
3524 3076 3615 3117 re-

2021 3152 2291 3223 promisit,
2315 3153 2500 3211 dicens
2526 3172 2539 3206 :
2589 3153 2822 3209 Ascende
2860 3162 2981 3221 ante
3009 3171 3109 3221 me,
3159 3162 3216 3208 ut
3245 3155 3483 3209 comedas
3504 3169 3616 3207 me-

322 3262 437 3302 non
460 3245 626 3310 valet,
658 3245 760 3300 nisi
788 3245 860 3313 ci,
907 3246 997 3315 qui
1024 3245 1097 3314 id,
1140 3247 1284 3316 quod
1306 3248 1585 3317 remansit,
1639 3248 1914 3319 adimplet.
1946 3237 1992 3301 C
2022 3259 2137 3298 cum
2160 3243 2333 3298 hodie.
2390 3243 2519 3298 Saul
2549 3259 2678 3314 ergo
2721 3259 2844 3299 cum
2875 3244 3128 3300 Samuele
3167 3245 3442 3311 comedit;
3486 3245 3618 3313 quia

321 3336 467 3396 Hinc
485 3336 678 3393 beatus
707 3335 900 3394 Petrus
926 3338 1204 3409 apostolus
1225 3339 1354 3394 dicit
1384 3358 1398 3393 :
1450 3339 1685 3396 Christus
1732 3359 1919 3411 passus

320 3438 405 3485 est
433 3447 529 3502 pro
553 3429 719 3497 nobis,
742 3429 883 3485 vobis
906 3431 1199 3502 relinquens
1229 3432 1519 3503 exemplum
1545 3442 1602 3487 ut
1630 3435 1921 3504 sequamini

322 3521 548 3592 vestigia
570 3521 682 3593 ejus
711 3520 765 3593 (Ι
786 3521 905 3576 Pet.
939 3537 998 3588 tt,
1026 3521 1138 3593 21).
1163 3522 1301 3577 Hinc
1332 3521 1528 3579 Paulus
1560 3523 1637 3579 ait
1670 3540 1683 3577 :
1736 3524 1920 3578 Adim-

324 3615 445 3686 pleo
468 3631 551 3680 ea,
602 3631 717 3686 qua:
738 3614 922 3670 desunt
956 3615 1188 3684 passioni
1211 3614 1422 3680 Christi,
1480 3617 1537 3670 in
1566 3631 1782 3687 corpore
1807 3632 1919 3672 meo

325 3705 468 3780 (Col.
492 3724 531 3774 ι,
553 3706 672 3777 24).
702 3705 759 3770 /

402 3798 494 3853 58.
542 3797 652 3853 Sed
674 3798 973 3855 notandum
1000 3799 1127 3870 quia
1156 3815 1366 3857 armum
1391 3809 1519 3858 ante
1556 3803 1685 3859 Saul
1714 3820 1919 3876 coquus

325 3891 535 3963 posuit,
592 3898 648 3946 et
668 3898 850 3947 tamen
878 3891 1098 3948 Samuel
1123 3892 1251 3949 Saul
1300 3896 1565 3966 praecipit,
1610 3906 1670 3953 ut
1690 3907 1815 3954 ante
1860 3916 1921 3958 se

330 4004 461 4043 eum
489 4004 691 4057 ponere
720 3988 935 4046 debeat.
979 3990 1118 4058 Quid
1149 3992 1398 4049 esthoc?
1426 3993 1532 4049 Sed
1559 4008 1765 4064 ponere
1792 4004 1921 4051 ante

329 4079 729 4138 discumbentes
755 4082 964 4153 dapifer
993 4082 1047 4137 in
1068 4098 1253 4139 mensa
1275 4082 1535 4140 ferculum
1565 4085 1703 4141 solet
1736 4104 1750 4141 :
1774 4086 1920 4156 quod

324 4174 459 4232 dum
490 4174 553 4241 is,
586 4174 679 4244 qui
702 4174 1008 4242 discumbit,
1036 4176 1197 4231 trahit
1226 4176 1295 4231 ad
1321 4192 1401 4244 se,
1452 4177 1585 4233 illud
1612 4179 1767 4250 ponit
1791 4188 1921 4236 ante

322 4282 389 4323 se
419 4267 666 4334 vicinius,
694 4266 838 4337 quod
860 4267 1022 4338 paulo
1049 4268 1264 4338 longius
1288 4276 1409 4324 erat
1435 4278 1562 4325 ante
1590 4285 1669 4327 se.
1699 4270 1921 4340 Coquus

324 4373 461 4429 ergo
489 4360 641 4430 ponit
666 4374 876 4414 armum
903 4367 1031 4416 ante
1056 4359 1206 4428 Saul,
1249 4359 1467 4417 Samuel
1491 4361 1622 4418 Saul
1648 4363 1914 4433 praecipit,

324 4460 393 4509 ut
415 4460 581 4523 ponat
602 4460 728 4508 ante
748 4467 807 4508 se
838 4469 853 4507 :
912 4452 1038 4523 quia
1077 4452 1184 4508 hoc
1212 4454 1354 4522 quod
1383 4469 1527 4510 novo
1573 4454 1922 4525 prtedicatori

323 4543 629 4613 injungitur
682 4543 749 4599 de
794 4543 1109 4600 fortitudine
1158 4544 1288 4599 boni
1318 4545 1518 4616 operis,
1551 4546 1701 4601 velut
1735 4546 1804 4601 ad
1858 4562 1918 4603 se

2025 3338 2183 3407 225
2205 3349 2326 3390 cum
2355 3334 2499 3390 intus
2522 3335 2846 3404 praedicator
2869 3335 3144 3391 cmlestem
3175 3336 3325 3390 verbi
3355 3336 3451 3389 Dei
3480 3350 3609 3390 sua-

2024 3426 2245 3482 vitatem
2275 3425 2445 3491 audit,
2476 3430 2639 3494 quod,
2668 3425 2922 3495 loquente
2944 3426 3081 3496 ipso,
3120 3426 3318 3482 subditi
3348 3426 3479 3482 foris
3511 3444 3611 3482 au-

2021 3517 2198 3583 diunt,
2224 3517 2294 3575 de
2338 3516 2521 3573 divina
2566 3516 2864 3573 refectione
2887 3525 2910 3554 α
2944 3517 3140 3589 utique
3167 3519 3454 3574 satiantur.
3512 3518 3613 3575 Se-

2021 3614 2203 3683 quitur
2227 3630 2241 3667 :

2091 3708 2268 3781 (Vers.
2303 3706 2416 3779 25.)
2440 3706 2509 3762 Et
2533 3708 2903 3764 descenderunt
2933 3708 2997 3763 de
3020 3709 3222 3764 excelso
3245 3709 3302 3764 in
3335 3709 3579 3781 oppidum
3598 3747 3616 3775 ,

2019 3808 2070 3858 et
2099 3801 2297 3856 locutus
2339 3810 2416 3856 est
2437 3801 2649 3857 Samuel
2677 3818 2792 3856 cum
2824 3801 2955 3858 Saul
2981 3803 3038 3857 in
3076 3802 3290 3857 salario.
3315 3800 3617 3874 Stravitque

2022 3894 2156 3950 Saul
2177 3895 2233 3949 in
2260 3895 2473 3960 salario,
2502 3905 2552 3949 et
2572 3897 2830 3951 dormivit.

2094 3985 2181 4041 59.
2234 3985 2550 4056 Quicunque
2597 3987 2665 4041 ad
2706 3987 3081 4043 celsitudinem
3130 4002 3272 4042 cura:
3325 3987 3618 4058 pastoralis

2021 4081 2329 4143 assumitur,
2362 4080 2413 4132 in
2460 4078 2649 4133 eadem
2691 4079 2893 4132 ordinis
2936 4078 3021 4132 sui
3049 4077 3378 4132 sublimitate
3414 4078 3618 4132 habere

2020 4169 2182 4225 debet
2207 4177 2264 4224 et
2289 4169 2411 4223 vita:
2437 4168 2668 4238 propriae
2690 4167 3026 4222 altitudinem
3044 4209 3059 4234 ,
3092 4174 3142 4222 et
3175 4167 3363 4221 aliena:
3391 4166 3613 4221 inﬁrmi-

2022 4261 2150 4317 tatis
2183 4260 2636 4329 compassioncm.
2683 4257 2952 4313 Ascendat
2997 4273 3125 4328 ergo
3168 4257 3297 4312 Saul
3343 4273 3463 4313 cum
3511 4258 3616 4313 Sa-

2020 4350 2218 4417 muele,
2245 4348 2537 4404 descendat
2558 4348 2610 4402 in
2641 4348 2917 4418 oppidum.
2948 4348 3095 4405 Sciat
3121 4357 3322 4415 rector,
3344 4365 3463 4419 quae
3491 4354 3617 4417 agat

2023 4443 2179 4497 alta:
2236 4442 2370 4497 sciat
2414 4456 2534 4510 qua:
2582 4441 2863 4512 disponat,
2909 4443 3236 4497 communia.
3286 4443 3440 4498 Dicat
3491 4457 3618 4496 cum

2023 4532 2192 4587 Paulo
2217 4550 2231 4585 :
2250 4529 2450 4586 Nostra
2471 4535 2787 4589 conversatio
2807 4535 2861 4588 in
2883 4534 3024 4588 caelis
3045 4541 3119 4588 est
3145 4533 3363 4605 (Philip.
3388 4548 3463 4597 tu,
3487 4532 3576 4597 20)
3592 4550 3614 4587 -:

322 4638 555 4709 propius
585 4636 746 4692 debet
782 4638 1000 4692 trahere
1026 4652 1125 4707 per
1168 4637 1404 4693 studium
1428 4638 1914 4696 Acousiderationis.

2029 4625 2175 4682 dicat
2200 4624 2484 4707 nobiscum
2514 4644 2527 4679 :
2554 4625 2753 4697 Infelix
2785 4644 2879 4699 ego
2910 4628 3089 4693 homo,
3123 4629 3238 4696 quis
3269 4644 3350 4681 me
3377 4626 3617 4679 liberabit

320 4728 489 4798 Quod
515 4730 676 4784 etiam
697 4737 985 4801 postquam
1007 4729 1075 4789 ad
1100 4745 1159 4785 se
1184 4731 1430 4798 traxerit,
1455 4732 1694 4788 comedit
1722 4751 1735 4787 :
1789 4734 1917 4804 quia

318 4822 426 4878 diu
470 4821 870 4877 consideratum
924 4822 1383 4893 ageregdisponit.
1454 4823 1677 4879 Armum
1716 4825 1917 4895 quippe

318 4913 680 4978 manducare,
730 4922 813 4968 est
838 4914 983 4983 quod
1006 4915 1245 4969 exterius
1271 4916 1339 4969 de
1380 4914 1505 4970 forti
1534 4916 1749 4972 actione
1777 4933 1917 4988 prsc-

318 5009 550 5077 cipitur,
606 5023 705 5078 per
725 5009 1063 5079 propositum
1092 5009 1146 5063 in
1179 5016 1359 5063 mente
1380 5009 1699 5064 recondere.
1750 5010 1915 5077 Quasi

318 5103 477 5159 enim
529 5118 736 5157 armum
785 5111 913 5158 ante
942 5118 1001 5159 se
1056 5110 1261 5173 ponere
1310 5110 1367 5156 et
1391 5102 1717 5159 manducare
1744 5104 1918 5160 electo

319 5195 528 5263 cuique
556 5194 862 5262 suadebat;
882 5194 975 5264 qui
1004 5194 1217 5250 dicebat
1246 5213 1258 5249 :
1316 5194 1380 5250 Si
1422 5188 1615 5250 sederis
1671 5196 1739 5249 ad
1776 5213 1920 5251 men-

316 5304 446 5345 sam
468 5287 709 5357 potentis,
739 5288 1001 5357 sapienter
1026 5288 1249 5354 attende,
1284 5303 1397 5360 quae
1422 5296 1750 5358 apponuntur
1776 5290 1867 5344 tibi
1898 5306 1916 5345 :

319 5386 455 5458 quia
485 5383 676 5437 similia
698 5388 900 5451 oportet
940 5390 988 5434 te
1014 5396 1313 5451 praeparare
1342 5380 1524 5453 (Prov.
1550 5397 1701 5444 χχιιι,
1733 5383 1808 5454 1).
1858 5382 1918 5440 In

320 5489 523 5533 mensa
551 5474 750 5545 quippe
778 5472 1015 5543 potentis
1042 5474 1298 5529 virtutem
1335 5477 1470 5532 armi
1501 5477 1820 5546 designavit.
1853 5478 1920 5535 Et

322 5569 464 5625 dum
495 5566 629 5621 dixit
660 5583 672 5619 :
718 5566 995 5637 Sapienter
1024 5568 1250 5631 attende,
1287 5585 1401 5638 qua:
1430 5582 1757 5641 opponuntur
1785 5571 1871 5626 tibi
1897 5590 1916 5629 :

323 5675 547 5721 armum
596 5666 721 5715 ante
765 5674 825 5715 se
852 5674 997 5725 eum,
1027 5659 1113 5714 cui
1157 5648 1537 5733 dixit,ponere
1556 5664 1760 5720 docuit.
1812 5665 1920 5722 Sed

325 5755 663 5814 manducare
686 5769 811 5812 eum
834 5752 1033 5810 debere
1059 5752 1363 5821 insinuavit,
1394 5755 1519 5826 quia
1552 5755 1689 5813 dixit
1717 5774 1731 5811 :
1760 5756 1920 5813 Simi-

417 5883 444 5911 ι
478 5870 666 5942 Gilot.,
694 5867 893 5943 utrique
909 5868 1181 5926 satiantur.

2025 4719 2089 4773 de
2112 4734 2326 4788 corpore
2353 4719 2534 4772 mortis
2562 4709 2751 4788 hujus?
2783 4719 2925 4772 rideo
2952 4720 3110 4773 aliam
3150 4719 3312 4789 legem
3347 4716 3614 4770 contradi-

2025 4817 2221 4865 centem
2250 4808 2349 4879 legi
2378 4809 2561 4862 mentis
2604 4824 2763 4871 mew,
2793 4817 2843 4861 et
2870 4810 3123 4875 captivum
3149 4824 3230 4860 me
3264 4807 3530 4858 ducentem
3557 4806 3615 4858 in

2024 4903 2135 4975 lege
2152 4904 2346 4974 peccati
2361 4902 2383 4975 (
2398 4901 2549 4958 Rom.
2577 4918 2675 4970 vn,
2705 4900 2818 4971 24).
2847 4900 2905 4956 In
2925 4901 3141 4956 excelso
3171 4907 3252 4953 est
3269 4906 3468 4964 rector,
3491 4913 3615 4952 cum

2022 4995 2339 5066 sapientiam
2366 4994 2599 5062 loquitur
2630 4994 2770 5048 inter
2802 4991 3088 5062 perfectos.
3121 4989 3371 5044 Carnalia
3399 4988 3614 5056 quando

2023 5086 2280 5156 disponit,
2305 5084 2583 5142 descendit
2610 5084 2663 5139 in
2692 5083 2970 5154 oppidum,
3000 5081 3218 5136 dicens:
3250 5079 3473 5149 PrOpter
3505 5080 3616 5149 [or-

2022 5180 2333 5234 nicatiouem
2367 5180 2713 5250 unusquisque
2741 5192 2956 5231 uxorem
2993 5173 3200 5241 habeat,
3226 5180 3273 5227 et
3296 5188 3614 5243 unaquaeque

2022 5275 2186 5329 virum
2218 5274 2409 5329 :uxori
2456 5274 2534 5328 vir
2563 5272 2786 5327 debitum
2829 5269 3030 5335 reddat,
3053 5284 3187 5322 uxor
3214 5268 3324 5321 viro
3353 5266 3615 5320 similiter

2028 5367 2048 5437 (
2066 5366 2095 5421 Ι
2127 5365 2247 5421 Cor.
2280 5382 2369 5432 vn,
2396 5364 2476 5434 2).
2523 5364 2582 5419 In
2611 5363 2827 5419 excelso
2853 5370 2965 5429 est,
2992 5359 3208 5430 quando
3235 5358 3365 5414 dicit
3396 5375 3409 5411 :
3444 5356 3614 5411 Nulla

2024 5471 2258 5515 creatura
2286 5459 2472 5528 poterit
2496 5474 2587 5512 nos
2610 5471 2852 5527 separare
2873 5472 2906 5508 a
2933 5453 3184 5507 charitate
3207 5450 3400 5506 Christi
3430 5450 3608 5521 (Rom.

2024 5569 2134 5619 vui,
2165 5551 2277 5623 59).
2308 5550 2365 5605 In
2403 5548 2655 5619 oppidum
2682 5563 2810 5602 vero
2845 5543 3160 5601 descendit:
3192 5545 3318 5627 quia
3345 5542 3570 5612 loquens
3590 5577 3607 5603 ,

2027 5648 2103 5703 ait
2133 5666 2146 5700 :
2182 5646 2374 5700 Factus
2403 5660 2515 5699 sum
2537 5642 2761 5713 infirmis
2783 5642 3042 5711 inﬁrmus,
3063 5648 3119 5693 ut
3141 5639 3377 5709 inﬁmos
3398 5636 3608 5704 lucrifa—
3640 5658 3643 5661 λ

2026 5741 2194 5795 ciam:
2227 5738 2401 5794 omnia
2445 5734 2677 5791 omnibus
2705 5736 2873 5808 factus
2906 5748 3054 5804 sum,
3082 5741 3141 5787 ut
3184 5746 3359 5788 omnes
3387 5730 3609 5802 facerent
