4020 6344
448 349 557 405 275

1660 340 1902 397 SANCTI
1942 340 2268 409 GREGORII
2306 341 2516 400 MAGNI

3618 348 3725 405 276

448 462 618 517 salvas
646 457 711 533 (Ῑ
740 458 857 515 Cor.
904 474 977 523 rx,
1010 456 1129 526 92).
1160 456 1376 511 Samuel
1414 469 1543 525 ergo
1580 454 1709 511 Saul
1756 456 1823 509 ad
1851 455 2032 509 execl-
2060 456 2115 531 Α
2140 459 2522 515 siderationem
2549 460 2832 519 ordinavit.
2864 460 2931 519 Et
2958 462 3083 536 quia
3124 464 3410 535 ordinandi
3439 466 3581 535 regis
3625 483 3724 525 ne-

445 569 565 611 sum
596 552 742 616 tulit,
775 560 829 607 et
858 550 912 605 iu
949 550 1203 618 oppidum
1233 549 1483 619 deposuit
1513 565 1526 601 :
1559 548 1684 617 quia
1713 548 1904 603 summi
1934 547 2033 602 viri

444 660 567 705 cum
596 651 791 705 sancta:
821 642 1077 703 Ecclesia:
1121 643 1333 697 culmen
1362 642 1629 705 ordinant,
1662 642 1781 697 illas
1819 656 1954 710 quos
1979 641 2034 695 in

443 737 637 795 eodem
681 735 917 793 culmine
972 742 1182 805 ponunt
1227 734 1425 789 docent
1469 734 1768 789 sublimiter
1813 734 2029 797 vivere,

441 829 603 901 plana
630 829 951 901 praedicare,
978 828 1081 883 sibi
1109 843 1229 883 esse
1257 828 1480 896 rigidos,
1519 827 1613 882 sed
1647 826 1871 882 subditis
1894 833 2033 881 tem-

442 928 699 993 peratos:
729 920 809 975 sic
837 917 1117 977 attendere
1141 918 1372 988 propria
1414 918 1593 983 saluti,
1626 926 1685 972 ut
1712 933 1833 973 cum
1879 916 2030 971 inlir-

442 1014 548 1067 mis
568 1011 775 1081 possint
796 1008 1058 1069 inﬁrmari
1083 1027 1097 1063 :
1126 1008 1382 1065 inﬁrmari
1407 1008 1631 1064 dixerim
1655 1025 1750 1079 per
1776 1009 2029 1064 aiiectum

443 1103 669 1169 mentis,
695 1118 800 1159 non
822 1118 921 1172 per
942 1102 1252 1169 languorem
1280 1101 1500 1155 internae
1525 1102 1873 1170 aegritudinis.
1898 1101 2030 1156 Nam

442 1198 488 1259 si
518 1212 613 1266 per
642 1197 838 1253 mentis
883 1195 1194 1265 languorem
1223 1194 1412 1249 doctor
1435 1194 1614 1261 jacet,
1645 1210 1834 1249 curare
1859 1209 2032 1263 :egros

441 1294 501 1353 et
526 1286 767 1354 iacentes
796 1286 1006 1352 erigere
1045 1301 1148 1340 non
1181 1292 1377 1353 potest.
1405 1285 1551 1339 Bene
1590 1299 1719 1354 ergo
1758 1303 1879 1340 cum
1926 1286 2031 1341 Sa-

442 1376 623 1437 muele
647 1374 777 1435 Saul
804 1376 857 1429 in
886 1374 1141 1445 oppidum
1165 1374 1524 1441 descendisse,
1550 1385 1604 1430 et
1633 1377 1686 1430 in
1717 1378 1911 1431 salario
1944 1379 2027 1434 lo-

443 1466 553 1533 cuti
584 1480 700 1531 esse
731 1463 1055 1529 referuntur.
1096 1466 1361 1535 Oppidum
1407 1468 1606 1537 quippe
1644 1468 1698 1522 in
1727 1469 1885 1538 plano
1915 1478 2031 1539 est,

442 1557 702 1629 solarium
731 1572 861 1617 vero
890 1558 941 1621 in
966 1557 1205 1621 alto.,Ad
1236 1558 1508 1615 excelsum
1538 1572 1752 1629 quoque
1772 1561 2027 1617 solarium

443 1650 663 1723 planum
689 1656 794 1719 est,
820 1649 887 1705 ad
913 1650 1171 1721 oppidum
1198 1666 1306 1709 non
1336 1649 1575 1719 planum,
1601 1650 1695 1705 sed
1726 1653 1911 1707 altum.
1941 1653 2030 1709 Sic

443 1745 692 1807 nimirum
712 1744 871 1805 electi
894 1744 1290 1815 praedicatores.
1311 1744 1525 1814 quando
1547 1745 1844 1800 minoribus
1861 1762 2029 1801 mem-

2139 554 2341 622 gotium
2394 555 2758 621 tractabatur,
2805 557 2961 611 ambo
3008 558 3305 615 surrexisse
3352 559 3723 628 perhibentur.

2137 644 2317 714 Surgit
2369 647 2585 715 quidem
2641 663 2876 703 summus
2918 648 3261 719 prmdicator,
3308 659 3367 704 ut
3421 650 3723 707 auditorem

2137 750 2291 790 suum
2316 734 2383 789 ad
2414 736 2766 790 ministerium
2796 737 3035 806 ejusdem
3062 736 3459 807 pratdicationis
3485 738 3723 795 ordinet.

2137 825 2318 895 Surgit
2343 828 2432 898 qui
2460 827 2785 884 ordinandus
2810 838 2911 897 est,
2944 838 3001 883 ut
3026 837 3134 882 tam
3158 828 3444 885 sublimem
3476 829 3723 887 ordinem

2136 917 2244 972 imo
2271 918 2448 973 cordis
2479 918 2673 974 aiiectu
2699 918 3064 991 recipiendum
3095 935 3215 975 esse
3258 936 3364 975 non
3392 929 3593 989 speret.
3623 919 3725 975 Pa-

2134 1007 2269 1063 riter
2304 1008 2520 1078 quidem
2551 1019 2807 1079 surgunt,
2839 1010 2965 1079 quia
3008 1010 3235 1065 sublime
3264 1011 3499 1067 cilicium
3545 1011 3723 1078 datur,

2140 1100 2365 1156 sublime
2391 1101 2667 1172 recipitur.
2702 1102 2818 1169 Quo
2847 1102 2898 1156 in
2938 1101 3059 1158 loco
3100 1112 3183 1160 est
3212 1102 3353 1156 aliud
3386 1102 3720 1167 notandum:

2133 1191 2261 1261 quia
2310 1192 2470 1247 ambo
2516 1192 2664 1264 prius
2697 1203 3065 1261 surrexerunt,
3117 1192 3310 1249 deinde
3346 1191 3567 1253 Samuel
3596 1193 3725 1259 Sapl

2131 1284 2369 1350 vocavit,
2393 1282 2579 1339 dicens
2606 1301 2619 1335 :
2650 1284 2834 1355 Surge,
2866 1292 2914 1338 et
2942 1284 3199 1338 dimittam
3225 1292 3295 1338 te.
3327 1283 3434 1339 Sed
3456 1286 3525 1338 ad
3554 1284 3722 1340 histo-

2135 1373 2270 1428 riam
2298 1374 2345 1428 si
2373 1374 2531 1428 ambo
2561 1382 2929 1439 surrexerunt,
2962 1390 2992 1428 a
3038 1390 3228 1429 somno
3258 1372 3408 1443 Saul,
3439 1374 3565 1447 quia
3593 1391 3721 1431 con-

2133 1477 2355 1531 surgere
2394 1462 2722 1533 prmcipitur,
2754 1464 2821 1517 ad
2872 1478 3009 1533 opus
3037 1465 3330 1534 praeparari
3380 1464 3718 1529 admonetur.

2134 1554 2268 1622 Quia
2298 1570 2428 1610 vero
2454 1563 2561 1608 tam
2607 1555 2798 1611 summi
2830 1555 3160 1619 sacerdotes,
3192 1570 3353 1624 quam
3382 1554 3471 1610 ille
3490 1597 3507 1623 ,
3534 1556 3623 1627 qui
3654 1556 3722 1611 ad

2131 1644 2373 1699 ordinem
2426 1642 2822 1714 praedicationis
2879 1642 3199 1712 assumitur,
3248 1644 3387 1697 tanti
3439 1643 3724 1699 ministerii

2131 1751 2269 1791 onus
2294 1744 2500 1791 attente
2519 1734 2882 1795 considerant.
2907 1733 3059 1805 quasi
3088 1733 3289 1804 pariter
3310 1734 3605 1803 dormiunt,
3628 1750 3725 1804 pa-

443 1837 556 1896 bris
581 1836 1000 1907 compatiuntur,
1031 1835 1185 1905 quasi
1215 1835 1484 1890 excelsum
1514 1834 1771 1890 deserunt
1802 1854 1814 1889 :
1851 1837 1944 1891 sed
1976 1837 2028 1891 in
2063 1846 2109 1907 Β
2134 1826 2270 1881 riter
2309 1836 2556 1901 surgunt.
2590 1826 2696 1881 Sed
2732 1826 2823 1895 qui
2873 1825 3082 1880 noviter
3111 1824 3443 1881 ordinandus
3468 1835 3571 1893 est,
3601 1842 3723 1881 sur-

442 1927 698 1999 pppidnm
726 1925 1133 1990 descendentes,
1163 1925 1216 1981 in
1246 1926 1443 1981 salario
1474 1934 1629 1992 sunt;
1661 1926 1783 1995 quia
1822 1928 1889 1981 ab
1918 1929 2029 1983 alto

442 2017 661 2090 quidem
701 2016 959 2083 veniunt,
983 2015 1078 2073 sed
1107 2013 1473 2077 inﬁrmitatem
1501 2016 1831 2073 subditorum
1866 2019 2028 2073 mise-

442 2110 616 2179 rando
635 2116 694 2171 et
717 2106 1069 2172 consulendo,
1098 2122 1204 2169 non
1232 2107 1438 2175 agendo
1459 2115 1515 2162 et
1535 2107 1850 2163 inﬁrmando
1880 2124 2031 2163 assu-

440 2209 617 2265 munt.
641 2197 869 2263 lniirmis
890 2214 1123 2267 namque
1153 2200 1563 2269 compatientes,
1586 2216 1811 2256 uxorem
1835 2202 2031 2259 ducere

440 2293 789 2373 prmdpimit,
816 2306 917 2347 nec
960 2300 1139 2356 tamen
1171 2291 1272 2361 ipsi
1302 2291 1624 2351 iulirmando
1669 2308 1891 2347 uxorem
1934 2293 2030 2347 duv

444 2394 594 2451 cunt.
628 2387 682 2447 In
705 2384 959 2457 oppidum
981 2396 1111 2451 ergo
1136 2382 1545 2448 descendentes,
1569 2384 1622 2437 in
1644 2384 1842 2440 solario
1870 2398 2026 2439 sunt:

440 2480 571 2555 quia
598 2479 698 2545 etsi
729 2477 886 2551 plana
910 2476 1137 2546 jubent,
1172 2475 1226 2539 in
1275 2491 1333 2531 se
1362 2475 1462 2545 ipsi
1506 2476 1715 2531 inlirma
1753 2492 1860 2531 non
1901 2478 2031 2532 reti-

442 2580 597 2633 nent.
626 2570 763 2638 Quia
788 2585 921 2626 vero
949 2584 1056 2625 non
1084 2583 1203 2624 esse
1231 2568 1285 2633 in
1316 2568 1515 2631 solario
1534 2606 1549 2631 ,
1597 2567 1693 2623 sed
1720 2568 1863 2637 loqui
1908 2585 2031 2623 cum

442 2662 575 2721 Saul
601 2660 821 2721 Samuel
845 2659 1061 2727 dicitur,
1095 2658 1199 2714 hoc
1225 2660 1467 2729 proiecto
1498 2658 1782 2725 signiﬁcat,
1806 2659 1929 2727 quia
1951 2658 2033 2713 fu-

444 2763 597 2819 turus
627 2754 816 2809 doctor
846 2751 1027 2815 doceri
1064 2749 1223 2819 debet
1250 2749 1331 2815 sic
1378 2748 1601 2813 inﬁrmis
1627 2749 1853 2805 subditis
1879 2765 2032 2805 com-

442 2846 575 2919 pati,
606 2852 664 2900 ut
693 2844 807 2916 ipse
835 2851 1016 2897 tamen
1047 2849 1229 2901 teneat
1257 2841 1366 2905 alta
1396 2842 1843 2899 conversationis.

516 2935 605 2994 60.
647 2933 713 2999 Et
756 2934 881 3005 quia
912 2934 977 2995 ad
1007 2933 1123 2989 haec
1164 2930 1370 3003 agenda
1403 2931 1567 2987 multa
1601 2931 2033 2995 consideratione

438 3044 617 3097 novus
646 3028 967 3100 praedicator
994 3028 1215 3095 indiget,
1243 3028 1496 3091 stravisse
1522 3027 1623 3084 sibi
1651 3027 1800 3097 Saul,
1830 3037 1883 3083 et
1908 3030 2034 3084 dor-

444 3120 609 3177 misse
635 3118 970 3193 perhibetur.
1010 3118 1255 3181 Dormire
1288 3120 1343 3177 in
1372 3120 1571 3176 solario
1599 3135 1741 3175 novo
1779 3121 2033 3189 praedica-

444 3213 571 3281 tori,
603 3219 686 3268 est
730 3212 787 3277 in
834 3211 1047 3275 sublimi
1086 3227 1185 3275 sua
1236 3212 1670 3269 consideratione
1712 3213 2030 3284 disponere,
2057 3228 2105 3301 ς

444 3305 679 3378 qualiter
699 3303 1033 3363 subditorum
1060 3318 1225 3363 onera
1255 3304 1451 3361 debeat
1476 3313 1714 3375 portare.
1738 3304 1871 3360 Nam
1892 3307 1937 3362 si
1967 3308 2034 3362 ad

444 3398 625 3461 saeculi
649 3398 1003 3461 intentionem
1023 3396 1229 3467 vigilat,
1251 3397 1357 3455 hoc
1380 3396 1621 3467 profecto
1642 3399 1772 3468 agit,
1795 3408 1853 3455 ut
1873 3407 2035 3457 tantm

446 3490 785 3555 discretionis
813 3491 1013 3547 bonum
1042 3490 1098 3545 in
1127 3490 1329 3547 intimis
1354 3505 1465 3547 non
1500 3491 1757 3561 requirat.
1791 3492 2036 3549 Dnrmire

444 3580 609 3653 igitur
636 3581 817 3650 debet,
867 3588 927 3636 ut
960 3581 1243 3643 saecularia
1290 3582 1436 3639 nulla
1474 3585 1717 3653 cogitet:
1751 3585 1875 3655 quia
1921 3586 2033 3655 spi-

447 3672 665 3730 ritualia
719 3673 1007 3743 disponere
1043 3688 1335 3743 oppressus
1376 3675 1717 3731 saecularibus
1761 3692 2032 3746 nunquam

446 3776 650 3851 potest.
681 3765 790 3822 Sed
809 3774 866 3821 et
890 3767 1125 3829 dormire
1150 3783 1258 3823 non
1287 3769 1505 3836 poterit,
1528 3769 1619 3837 qui
1640 3769 1740 3824 sibi
1764 3784 1869 3823 non
1898 3779 2036 3826 ster-

444 3859 529 3925 nit
559 3870 575 3911 :‘
604 3858 731 3931 quia
761 3858 1015 3919 nimirum
1042 3858 1087 3913 si
1128 3858 1393 3919 bonorum
1439 3860 1685 3929 exempla
1706 3900 1721 3925 ,
1753 3862 1864 3916 sive
1894 3862 2035 3918 dicta

453 3963 563 4003 non
593 3947 823 4016 cogitat,
856 3947 1184 4017 imp05sibile
1214 3956 1316 4013 est,
1368 3957 1425 4009 ut
1465 3948 1532 4003 ab
1558 3950 1911 4006 exterioribus
1951 3969 2036 4008 re~

453 4040 714 4110 quiescat.
748 4039 907 4099 Velut
953 4037 1136 4097 mollia
1165 4038 1382 4107 quidem
1420 4038 1575 4094 nobis
1622 4042 1781 4111 228
1818 4042 2037 4111 subjici-

453 4146 595 4201 mus,
621 4130 834 4205 quando
862 4130 1157 4193 electorum
1179 4128 1499 4195 doctrinam,
1530 4139 1622 4187 aut
1646 4132 1809 4187 vitam
1833 4134 2037 4202 cogita-

454 4240 593 4279 mus.
636 4224 695 4280 ln
723 4223 927 4280 eisdem
958 4238 1174 4293 quoque
1204 4223 1512 4278 stramentis
1549 4223 1876 4280 dormimus:
1912 4227 2038 4293 quia

455 4316 735 4385 quiescere
755 4322 884 4369 tunc
904 4314 1040 4368 bene
1058 4312 1490 4377 consideratione
1505 4316 2037 4387 possumus,quando

454 4407 511 4473 in
535 4407 695 4463 rebus
718 4406 1082 4481 spiritualibus
1105 4421 1449 4475 occupamur.
1492 4407 1644 4467 Dicat
1686 4425 1816 4479 ergo
1852 4429 1864 4464 :
1902 4409 2038 4475 Quia

455 4498 749 4565 stravitsibi
770 4497 921 4565 Saul,
944 4506 993 4554 et
1009 4498 1267 4565 dormivit,
1290 4508 1349 4556 ut
1370 4500 1556 4557 electae
1574 4503 1744 4558 menti
1763 4504 1996 4559 insinuet
2020 4522 2034 4558 :

2134 1934 2266 1990 gens
2294 1934 2325 1974 a
2353 1935 2576 1985 somno,
2626 1919 2692 1973 ad
2738 1935 2872 1989 opus
2901 1919 3026 1973 item
3058 1933 3278 1989 surgere
3303 1918 3525 1989 jubetur
3554 1938 3567 1975 :
3600 1920 3725 1995 quia

2133 2011 2200 2064 ad
2252 2008 2591 2064 altitudinem
2643 2008 2849 2063 ordinis
2905 2024 3211 2079 quanquam
3269 2025 3496 2081 pensare
3552 2012 3725 2066 medi-

2132 2100 2296 2158 tando
2326 2100 2563 2168 studuit,
2594 2101 2899 2170 pertingere
2926 2100 3086 2155 debet
3116 2109 3294 2154 tamen
3336 2114 3434 2171 per
3470 2102 3721 2156 meritum

2132 2190 2579 2247 conversationis.
2614 2189 2849 2258 Surgens
2878 2203 3007 2259 ergo
3035 2204 3255 2260 surgere
3278 2188 3519 2259 jubetur,
3554 2198 3612 2244 ut
3634 2207 3724 2245 su-

2133 2281 2353 2347 blimem
2382 2281 2643 2346 ordinem,
2670 2295 2829 2351 quem
2853 2282 3033 2336 subire
3058 2281 3339 2347 deliberat,
3364 2298 3583 2353 sequare
3611 2299 3722 2339 me-

2133 2374 2253 2431 ritis
2300 2380 2586 2443 proponat.
2623 2370 2775 2427 Unde
2803 2380 2857 2428 et
2886 2374 2938 2427 in
2968 2373 3167 2428 solario
3196 2381 3419 2429 vocatur
3452 2392 3464 2427 :
3501 2374 3627 2443 quia
3656 2373 3721 2443 ad

2135 2466 2243 2520 alta
2265 2466 2451 2522 conari
2483 2467 2809 2537 priecipitur.
2840 2466 2942 2533 Qui
2972 2468 3131 2522 etiam
3160 2468 3287 2523 dicit
3313 2487 3325 2521 :
3357 2467 3424 2523 Et
3466 2468 3721 2522 dimittam

2134 2567 2201 2615 te.
2226 2558 2410 2629 Surgit
2454 2559 2650 2630 quippe
2680 2568 2740 2613 ut
2769 2550 3068 2614 dimittatur
3096 2577 3109 2612 :
3143 2560 3265 2631 quia
3306 2560 3396 2615 ille
3440 2560 3579 2614 liber
3608 2575 3723 2614 esse

2136 2648 2191 2706 in
2222 2651 2519 2711 ministerio
2545 2651 2943 2721 przedicationis
2972 2653 3187 2723 poterit,
3221 2653 3309 2724 qui
3349 2655 3401 2708 in
3442 2653 3723 2707 altitudine

2135 2755 2341 2810 magnae
2362 2744 2787 2799 conversationis
2815 2745 3075 2800 excrevit.
3105 2745 3350 2801 Surrexit
3388 2746 3605 2814 quidem
3634 2746 3722 2815 qui

2136 2841 2451 2893 surrexerat
2488 2850 2501 2887 :
2535 2834 2660 2902 quia
2697 2835 2789 2904 qui
2837 2834 3227 2890 considerando
3254 2835 3440 2890 didicit
3484 2836 3721 2891 altitudi-

2136 2940 2261 2983 nem
2307 2925 2601 2996 dignitatis,
2646 2924 2699 2981 in
2758 2926 2946 2981 eadem
2989 2926 3259 2995 dignitatis
3305 2926 3585 2980 altitudine
3624 2926 3719 2982 eri-

2132 3032 2264 3086 gere
2285 3032 2345 3072 se
2368 3017 2573 3072 curavit
2593 3032 2691 3088 per
2717 3017 3097 3073 sublimitatem
3121 3019 3263 3072 vitae.
3290 3014 3443 3075 Unde
3463 3026 3521 3073 et
3538 3016 3712 3073 subdi-

2136 3117 2225 3177 tur
2250 3128 2264 3165 :

2208 3222 2388 3293 (Vers.
2421 3221 2537 3294 26.)
2564 3222 2629 3277 Et
2657 3227 2880 3279 surrexit
2909 3222 3062 3281 Saul.

2212 3316 2414 3372 Deinde
2442 3316 2686 3371 subditur
2713 3336 2724 3370 :
2898 3372 2901 3379 ,

2210 3407 2389 3478 (Vers.
2433 3406 2545 3478 26.)
2576 3405 2886 3480 Egressique
2912 3415 3031 3463 sunt
3060 3407 3246 3477 ambo;
3273 3406 3385 3479 ipse
3419 3405 3653 3463 videlicet
3676 3414 3724 3463 et

2139 3497 2372 3555 Samuel.

2209 3592 2297 3647 62.
2333 3594 2525 3649 Pastor
2548 3592 2841 3662 egreditur,
2875 3593 3087 3663 quando
3110 3608 3139 3647 a
3169 3599 3379 3649 secreto
3418 3590 3727 3647 meditatio-

2138 3689 2223 3743 nis
2250 3689 2398 3742 venit
2424 3686 2488 3741 ad
2518 3687 2788 3757 publicum
2812 3690 3009 3757 operis.
3038 3686 3262 3755 Quando
3292 3687 3436 3741 enim
3466 3685 3723 3757 disponit,

2139 3799 2258 3853 quae
2284 3782 2397 3836 vult
2425 3795 2603 3850 agerc,
2638 3780 2780 3835 intus
2808 3791 2887 3835 est
2915 3798 2927 3833 :
2958 3780 3171 3851 quando
3202 3788 3379 3835 autem
3414 3794 3479 3835 ea
3511 3779 3623 3847 agit
3648 3777 3726 3832 fo-

2140 3875 2237 3943 ris,
2268 3889 2387 3943 qua:
2413 3872 2689 3941 cogitavit,
2721 3872 2875 3942 quasi
2906 3871 3035 3927 exit.
3070 3870 3210 3925 Exiit
3240 3872 3397 3926 etiam
3425 3870 3573 3939 Saul,
3604 3870 3725 3947 quia

2138 3968 2193 4022 in
2224 3965 2478 4020 exteriori
2505 3963 2789 4032 dignitate,
2820 3964 2866 4017 is
2892 3963 2980 4033 qui
3012 3974 3377 4033 promovetur,
3407 3963 3535 4017 illud
3558 3964 3726 4018 susci-

2138 4058 2219 4129 pit
2245 4060 2410 4126 quod,
2443 4071 2511 4109 an
2562 4064 2705 4109 esset
2752 4056 3168 4126 suscipiendum,
3214 4056 3411 4110 diutius
3448 4056 3724 4126 cogitavit.

2142 4149 2316 4205 Ambo
2345 4148 2505 4217 igitur
2529 4147 2778 4202 dicuntur
2807 4147 3027 4216 egressi,
3060 4148 3184 4217 quia
3214 4149 3373 4201 ambo
3404 4147 3614 4202 fuerunt
3640 4148 3722 4200 in-

2140 4248 2271 4296 tus:
2310 4240 2436 4294 dum
2478 4240 2567 4295 ille
2617 4239 2848 4295 sollicita
2886 4247 3065 4294 mente
3106 4240 3428 4310 praevidcrit,
3460 4239 3588 4310 quid
3635 4247 3726 4294 aut

2140 4329 2225 4384 cui
2255 4328 2436 4394 daret;
2469 4328 2557 4382 ille
2586 4329 2713 4382 item
2746 4330 2999 4384 attentius
3027 4330 3314 4397 cogitaret,
3356 4329 3530 4398 qualis
3560 4338 3721 4393 esset,

2140 4421 2233 4491 qui
2282 4430 2389 4475 tam
2432 4436 2639 4475 summa
2669 4421 2990 4490 perciperet.
3032 4419 3164 4486 Quia
3212 4434 3340 4489 ergo
3371 4421 3726 4475 ministerium

2140 4520 2341 4569 sancta:
2396 4511 2792 4582 praedicationis
2837 4527 2958 4567 cum
3008 4527 3211 4567 summa
3255 4511 3583 4565 discretione
3633 4512 3727 4565 tri-

457 4590 582 4659 quia
610 4590 658 4646 si
706 4590 1035 4661 negligenter
1060 4591 1127 4655 ad
1152 4592 1425 4653 exteriora
1453 4608 1513 4649 se
1547 4606 1799 4664 occupat,
1836 4596 2035 4651 intimae
2069 4619 2117 4681 ι)
2141 4604 2407 4660 buendum
2434 4612 2593 4673 atque
2615 4603 2974 4673 recipiendum
2996 4611 3093 4668 cst,
3124 4603 3247 4657 dum
3270 4618 3365 4656 rex
3394 4602 3611 4658 lsraelis
3632 4619 3730 4658 un-

458 4682 655 4752 quietis
677 4682 903 4753 gratiam
924 4698 1030 4741 non
1051 4685 1313 4754 acquirat.
1339 4684 1447 4749 Sed
1467 4688 1558 4755 qui
1578 4688 1876 4758 spiritualia
1901 4690 2038 4745 bene
2076 4692 2109 4707 "
2142 4694 2303 4764 gitur,
2332 4703 2388 4748 et
2416 4708 2512 4747 rex
2540 4700 2594 4746 et
2624 4692 2887 4762 propheta
2917 4700 3172 4747 uncturus
3193 4707 3335 4756 eum,
3368 4693 3573 4760 egressi
3604 4707 3726 4763 per-

458 4776 573 4832 vult
594 4775 984 4837 considerando
1012 4777 1319 4847 disponere,
1346 4777 1518 4835 donec
1543 4792 1607 4834 ea
1635 4780 1776 4837 intus
1801 4780 2040 4852 perfecte

430 4900 433 4903 -
460 4867 690 4937 ordinet,
720 4868 790 4925 ad
814 4884 877 4925 ea
914 4884 1036 4939 quae
1064 4868 1193 4929 foris
1233 4877 1381 4937 sunt,
1412 4870 1678 4941 evigilare
1706 4888 1814 4929 non
1857 4873 2037 4931 debet.

460 4955 600 5029 Apte
628 4974 757 5030 ergo
783 4961 1122 5031 subjungitur
1148 4980 1163 5015 :

538 5048 712 5123 (Vers.
742 5052 859 5123 26.)
891 5053 1114 5127 Cumque
1133 5071 1286 5109 mane
1309 5056 1673 5123 surrexissent,
1698 5064 1748 5111 et
1764 5057 1877 5127 jam
1906 5056 2045 5112 dilu-

462 5150 704 5207 cesceret,
722 5144 914 5205 vocavit
929 5144 1142 5207 Samuel
1162 5144 1297 5201 Saut
1315 5147 1372 5201 in
1389 5146 1601 5214 salaria,
1614 5147 1791 5203 dicens
1810 5163 1829 5203 :
1851 5147 2041 5219 Surge,

462 5239 513 5285 et
541 5230 797 5297 dimittam
821 5242 885 5288 te.

534 5321 625 5377 61.
672 5323 825 5383 Mane
856 5325 1073 5393 quidem
1117 5326 1368 5391 lucescit,
1399 5327 1613 5395 quando
1643 5328 1838 5397 quietae
1875 5330 2045 5385 menti

464 5413 708 5469 veritatis
743 5416 999 5485 splendor
1038 5431 1097 5477 se
1125 5418 1317 5487 aperit.
1364 5417 1607 5477 Humana
1645 5421 1843 5475 etenim
1887 5436 2042 5477 meus

465 5517 565 5572 per
594 5503 946 5572 ignorantiam
977 5507 1278 5573 tenebrosa,
1305 5515 1359 5563 et
1388 5522 1483 5576 per
1508 5507 1917 5565 illustrationem
1951 5526 2043 5565 ve-

467 5590 642 5648 ritatis
673 5594 845 5653 lucida
876 5595 953 5647 lii.
986 5595 1240 5664 Ignorans
1275 5612 1423 5666 ergo,
1458 5598 1509 5653 in
1557 5608 1714 5655 nocte
1763 5610 1872 5666 est;
1919 5618 2039 5657 cum

470 5686 788 5753 illustratur,
833 5688 887 5743 in
932 5689 1036 5744 die.
1083 5689 1237 5745 Mane
1285 5698 1462 5747 autem
1504 5693 1673 5761 surgit
1718 5694 1808 5762 qui
1848 5694 2047 5750 dormit

472 5785 669 5845 nocte:
699 5779 912 5847 quando
941 5780 1007 5836 ad
1036 5781 1239 5859 agenda
1270 5797 1329 5837 se
1355 5783 1512 5852 erigit
1535 5798 1627 5851 ea,
1652 5800 1771 5855 quae
1798 5802 1895 5856 per
1914 5801 2049 5842 con-

2143 4784 2413 4840 bibentur.
2470 4783 2716 4853 Plerique
2768 4792 2953 4836 autem.
2998 4783 3156 4854 227
3213 4782 3427 4837 codices
3479 4782 3725 4837 habent:

2147 4875 2369 4946 Cumque
2407 4890 2559 4928 mane
2603 4875 2972 4941 surrexissent,
3022 4882 3297 4944 antequam
3353 4873 3725 4928 dilucesceret:

2146 4964 2287 5032 quod
2310 4962 2559 5018 nimirum
2581 4962 2803 5031 intelligi
2830 4962 3210 5017 convenienter
3240 4969 3435 5031 potest.
3471 4960 3630 5017 Mane
3650 4970 3726 5017 est

2146 5057 2379 5128 quidem,
2414 5063 2702 5124 antequam
2742 5054 3060 5119 dilucescat,
3091 5054 3306 5123 quando
3334 5054 3727 5124 quodammodo

2147 5146 2385 5214 aspirare
2407 5144 2521 5199 dies
2544 5144 2751 5213 incipit,
2783 5152 2838 5198 et
2859 5151 3036 5198 tamen
3060 5143 3216 5212 plena
3242 5143 3333 5197 lux
3356 5144 3463 5198 diei
3488 5160 3600 5199 non
3626 5153 3722 5199 est.

2148 5234 2531 5297 Pmdicatores
2572 5242 2750 5289 autem
2801 5243 2996 5289 sancta;
3041 5234 3329 5298 Ecclesiae,
3368 5236 3497 5289 dum
3542 5250 3725 5291 eorum

2148 5327 2344 5391 bonam
2395 5326 2858 5381 conversationem
2904 5327 3248 5382 considerant
3294 5342 3432 5396 quos
3479 5328 3725 5382 ordinare

2143 5416 2457 5485 disponunt,
2487 5416 2641 5484 quasi
2691 5432 2846 5472 mane
2874 5426 2974 5473 est.
3015 5418 3119 5473 Sed
3147 5418 3274 5487 quia
3316 5432 3505 5472 eorum
3551 5416 3721 5472 futura

2143 5510 2283 5562 scire
2300 5524 2404 5563 ηοω
2425 5516 2670 5576 possunt,
2688 5524 2846 5564 mane
2867 5517 2966 5575 est,
2993 5511 3085 5564 sed
3107 5518 3395 5580 antequam
3410 5510 3717 5569 dilucescat.

2146 5597 2301 5664 Quod
2332 5600 2466 5653 bene
2492 5600 2544 5653 in
2588 5600 2703 5668 ejus
2732 5601 3313 5669 ordinationedicitur,
3356 5603 3445 5673 qui
3476 5602 3716 5669 omnipoo

2144 5690 2280 5745 tenti
2310 5690 2419 5743 Deo
2445 5698 2629 5759 postea
2660 5692 2993 5762 displicuisse
3018 5702 3367 5748 memoratur.
3398 5692 3564 5759 Quasi
3586 5691 3715 5745 enim

2146 5801 2329 5855 mane,
2366 5792 2654 5855 antequam
2693 5786 3081 5857 dilucesceret,
3105 5788 3367 5858 propheta
3396 5786 3529 5843 vidit
3555 5786 3711 5846 hunc,
