4020 6344
242 360 349 421 277

1070 349 1138 406 IN
1176 348 1443 407 PRIMUM
1482 348 1724 417 BEGUM
1766 348 2290 411 EXPOSITIONES.
2330 380 2401 394 —
2442 352 2576 410 LIB.
2616 352 2704 411 ιν.

3434 363 3544 423 278

244 475 338 551 qui
376 474 427 531 ei
475 473 531 549 in
568 460 691 527 luce
739 468 897 524 bona!
946 466 1374 524 conversationis
1422 466 1690 538 apparuit.
1738 464 1844 525 Sed
1868 466 1928 533 Α
1950 464 2174 520 dicatori
2204 466 2457 522 convenit
2489 483 2501 520 :
2534 482 2659 521 nam
2695 466 2825 523 dum
2854 467 3065 540 pondus
3094 471 3379 540 pastoralis
3405 490 3552 535 cum

244 569 405 641 plena
440 565 546 622 diei
593 563 813 620 claritas
842 559 1079 617 nondum
1128 568 1264 625 erat,
1299 560 1422 630 quia
1454 559 1505 613 in
1537 574 1603 613 eo
1645 559 1855 614 futuras

247 658 504 716 tenebras
524 671 623 729 per
645 660 966 727 prmsentem
987 651 1310 723 cognitionis
1334 653 1509 706 lucem
1531 651 1717 708 videre
1741 668 1855 709 non

244 759 486 826 poterat.
513 746 669 817 Quod
696 745 947 807 nimirum
973 743 1135 801 toties
1158 752 1357 799 sancta:
1380 741 1630 799 Ecclesiae
1654 743 1853 817 agitur,

244 843 462 914 quoties
492 840 617 897 boni
646 847 799 906 sunt,
848 838 938 908 qui
969 837 1240 909 eliguntur
1271 836 1323 891 in
1353 837 1638 908 prtcsenti,
1670 834 1763 891 sed
1800 835 1855 893 in

245 935 438 990 eodem
463 935 606 989 bono
630 930 1023 1004 perseveraturi
1047 944 1151 985 non
1174 937 1317 983 sunt.
1334 926 1654 995 Quasienim
1670 942 1851 984 manes

246 1036 303 1081 et
334 1035 461 1081 ante
490 1025 667 1080 lucem
702 1023 994 1095 egreditur,
1027 1023 1117 1093 qui
1148 1022 1323 1079 lucem
1347 1023 1470 1077 boni
1502 1023 1681 1095 operis
1711 1039 1853 1095 prae-

244 1128 454 1177 scntem
480 1124 764 1182 monstrat,
816 1117 1101 1186 caliginem
1134 1115 1258 1171 vitae
1288 1115 1518 1173 futuram
1546 1116 1708 1185 celat.
1745 1116 1854 1177 Sed

245 1209 375 1283 quid
405 1208 531 1263 inde
558 1216 741 1262 actum
770 1205 862 1272 sit,
896 1206 1141 1275 sequitur
1169 1223 1182 1258 :

321 1302 505 1373 (Vcrs.
564 1300 653 1365 9.7,
703 1300 857 1371 seq.)
886 1299 1109 1373 Cumque
1137 1298 1503 1353 descenderent
1528 1299 1582 1353 in
1622 1308 1853 1359 extrema

246 1404 396 1468 parte
423 1395 669 1459 civitatis,
698 1390 912 1449 Samuel
933 1390 1069 1446 dixit
1093 1391 1159 1444 ad
1182 1392 1344 1445 Saul:
1376 1390 1470 1445 Dic
1490 1408 1649 1462 puero
1674 1402 1726 1444 ut
1756 1409 1853 1446 an-

248 1489 448 1545 tecedat
488 1503 603 1553 nos,
636 1494 685 1539 et
714 1493 948 1543 transeat
973 1501 990 1539 :
1019 1493 1071 1537 tu
1116 1494 1287 1538 autem
1315 1483 1535 1541 subsiste
1565 1487 1850 1556 paulisper,

246 1595 305 1639 ut
335 1582 549 1641 indicem
583 1582 671 1635 tibi
701 1578 908 1637 verbum
952 1577 1184 1634 Domini.
1231 1578 1368 1634 Tulit
1416 1585 1587 1631 autem
1637 1578 1851 1641 Samuel

248 1676 547 1731 lenticulam
579 1673 698 1753 olei,
730 1681 779 1727 et
808 1670 991 1743 elfudit
1028 1688 1183 1745 super
1213 1678 1365 1747 caput
1392 1670 1533 1741 ejus,
1574 1678 1622 1723 et
1651 1670 1852 1726 oscula-

256 1776 339 1821 tus
368 1776 444 1821 est
475 1783 610 1820 eum.

1963 557 2267 627 considerat
2295 567 2347 614 et
2386 556 2749 614 inﬁrmitatem
2781 576 2953 632 suam,
2984 562 3090 618 hoc
3121 562 3222 619 sibi
3264 579 3323 619 se
3347 582 3551 637 praece-

1959 651 2093 707 dens
2124 653 2342 724 spiritus
2387 653 2553 709 dicit:
2584 655 2707 727 quia
2752 664 2957 711 tantum
2986 672 3123 712 onus
3168 665 3277 713 tam
3307 659 3551 717 inlirmus

1961 744 2178 815 indigne
2224 748 2464 817 suscipit.
2503 746 2886 804 Praetermittat
2914 765 3042 820 ergo
3072 766 3181 807 non
3209 752 3388 811 solum
3407 795 3422 821 ,
3455 755 3551 811 sed

1916 858 1929 867 ·
1960 837 2189 893 transire
2217 838 2382 895 faciat
2425 855 2687 911 puerum:
2722 850 2782 895 ut
2810 857 2917 897 non
2966 843 3247 905 arbitrium
3276 860 3433 905 suum
3463 862 3552 901 se-

1959 940 2177 1002 quatur,
2219 934 2313 989 sed
2342 934 2473 993 illud
2512 935 2785 1008 suscipiat,
2820 937 2965 1006 quod
3010 937 3058 993 ei
3089 939 3323 998 melioris
3366 941 3553 1013 provi-

1960 1022 2113 1097 sione
2146 1024 2472 1083 decernitur.
2498 1025 2566 1081 Et
2594 1026 2659 1083 de
2686 1028 3009 1085 subsistente
3031 1030 3278 1101 protinus
3313 1032 3549 1093 additur.

2584 1117 2813 1175 CAPUT
2860 1118 2922 1174 V.

2030 1208 2083 1285 (Ι
2114 1208 2247 1279 Reg.
2277 1227 2330 1277 χ,
2359 1208 2435 1280 l.)
2473 1209 2609 1265 Tulit
2636 1219 2805 1267 autem
2836 1211 3051 1267 Samuel
3078 1212 3380 1273 lenticulam
3414 1213 3547 1282 olei,

1956 1307 2005 1354 et
2032 1300 2213 1371 effudit
2241 1318 2393 1371 super
2419 1311 2571 1373 caput
2598 1302 2731 1373 ejus.

2032 1390 2081 1444 1.
2117 1391 2231 1447 Hoc
2264 1392 2503 1463 profecto
2533 1394 2635 1447 hac
2660 1394 2913 1451 unctione
2939 1394 3274 1468 exprimitur,
3318 1396 3463 1470 quod
3494 1397 3549 1463 in

1956 1493 2144 1539 sancta
2174 1484 2411 1541 Ecclesia
2442 1501 2587 1543 nunc
2616 1488 2776 1543 etiam
2819 1489 3173 1544 materialiter
3219 1490 3545 1557 exhibetur:

1956 1578 2082 1649 quia
2127 1579 2215 1649 qui
2266 1578 2320 1632 in
2368 1578 2603 1634 culmine
2651 1580 2898 1652 ponitur,
2938 1589 3271 1638 sacramenta
3325 1582 3549 1655 suscipit

1956 1668 2245 1745 unctionis.
2275 1668 2410 1736 Quia
2434 1685 2562 1724 vero
2584 1670 2697 1743 ipsa
2728 1671 2909 1726 unctio
2935 1680 3332 1726 sacramentum
3364 1680 3469 1738 est,
3504 1673 3549 1728 is

1956 1758 2048 1831 qui
2077 1768 2449 1831 promovetur,
2482 1760 2620 1815 bene
2650 1761 2779 1815 foris
2825 1762 3069 1832 ungitur,
3097 1763 3143 1816 si
3174 1762 3317 1817 intus
3352 1762 3549 1817 virtute

325 1859 413 1913 63.
444 1857 581 1927 Quid
612 1864 696 1921 est
718 1855 881 1925 enim,
910 1852 1054 1935 quod
1076 1852 1129 1907 in
1160 1862 1401 1910 extrema
1434 1842 1587 1925 parte
1616 1852 1845 1911 civitatis
1874 1858 1925 1929 Β
1956 1850 2284 1905 sacramenti
2312 1851 2617 1905 roboretur.
2650 1850 2798 1921 lpsas
2826 1867 2955 1925 ergo
2984 1853 3092 1908 olei
3136 1854 3360 1909 virtutes
3401 1853 3550 1931 prius

246 1967 349 2009 rex
378 1951 608 2019 ducitur,
639 1956 693 2005 et
722 1949 981 2021 ungitur?
1028 1946 1135 2002 Sed
1178 1956 1418 2002 extrema
1460 1963 1585 2018 pars
1614 1947 1846 2003 civitatis

246 2055 337 2105 est
365 2046 548 2113 ultima
574 2059 694 2117 pars
719 2042 902 2117 populi
931 2041 1178 2113 subjecti.
1214 2040 1316 2109 Qui
1340 2054 1466 2113 ergo
1490 2040 1735 2095 ultimum
1760 2040 1842 2095 lo-

247 2154 377 2197 cum
399 2144 585 2193 tcnent
608 2137 660 2197 in
684 2122 867 2197 sancta
890 2134 1153 2199 Ecclesia,
1176 2134 1325 2195 velut
1353 2134 1404 2189 in
1429 2143 1667 2191 extrema
1691 2144 1845 2205 parte

250 2230 486 2286 civitatis
512 2236 651 2285 sunt.
686 2227 851 2298 Ipsius
878 2235 1058 2282 autem
1088 2225 1343 2283 Ecclesia:
1368 2226 1422 2285 in
1453 2226 1637 2287 ultima
1667 2236 1842 2297 parte,

247 2318 500 2379 conversi
529 2324 841 2389 peccatores
870 2332 989 2375 esse
1016 2316 1286 2371 videntur.
1331 2316 1465 2372 Nam
1487 2316 1615 2388 justi
1644 2318 1845 2387 quique

248 2410 307 2468 in
338 2408 602 2480 superiori
644 2408 729 2463 vel
772 2410 943 2478 prima
975 2415 1101 2464 sunt
1125 2415 1299 2479 parte.
1332 2406 1438 2462 Aut
1475 2407 1701 2463 fortaSse
1730 2408 1843 2480 pri-

249 2519 401 2567 mum
431 2504 607 2559 locum
638 2501 912 2575 virginitas
949 2510 1117 2572 tenet,
1148 2500 1441 2557 secundum
1478 2501 1843 2570 continentia,

252 2594 473 2649 tertium
506 2591 802 2662 conjugalis
830 2592 958 2661 vita,
1003 2592 1253 2647 ultimum
1282 2592 1564 2651 conversio
1590 2600 1845 2663 peccato-

250 2700 393 2741 rum.
429 2684 484 2739 ln
516 2692 756 2740 extrema
789 2683 950 2757 igitur
990 2683 1222 2738 civitatis
1248 2694 1401 2753 parte
1441 2698 1536 2741 rex
1584 2682 1799 2751 ungitur
1828 2701 1840 2737 :

254 2776 381 2847 quia
408 2783 604 2830 sancta:
635 2772 883 2830 Ecclesiae
923 2783 1097 2830 rector
1122 2773 1425 2841 ordinatur,
1459 2790 1556 2844 pro
1592 2782 1847 2845 peccato-

253 2868 427 2932 ribus,
456 2882 562 2921 non
588 2882 685 2939 pro
711 2866 890 2939 justis.
922 2865 1057 2920 llinc
1086 2865 1227 2919 enim
1249 2880 1347 2934 per
1373 2864 1721 2937 semetipsum
1742 2862 1846 2919 Ve—

258 2958 395 3013 ritas
421 2956 585 3013 dicit:
621 2956 742 3011 Non
773 2958 887 3021 veni
932 2972 1111 3009 vorare
1134 2956 1322 3025 justos,
1352 2954 1441 3008 sed
1466 2963 1756 3025 peccatores
1780 2954 1848 3008 ad

254 3051 611 3127 paenitentiam
636 3048 855 3125 (Matth.
885 3064 956 3111 ιχ,
989 3048 1100 3117 15).
1134 3044 1269 3101 llinc
1298 3047 1491 3101 iterum
1523 3046 1650 3100 dicit
1677 3064 1688 3098 :
1722 3044 1847 3101 Non

253 3158 385 3213 Opus
416 3141 604 3197 habent
632 3143 745 3196 sani
772 3140 988 3206 medico,
1006 3140 1095 3193 sed
1116 3139 1249 3192 male
1270 3139 1510 3195 habentes
1529 3138 1715 3210 (Ibid.,
1734 3139 1844 3209 15).

1948 1941 2229 1998 videamus
2274 1943 2551 1996 attentius.
2604 1939 2796 1996 Oleum
2841 1943 3043 2014 quippe
3089 1944 3388 2017 liquoribus
3429 1945 3548 2001 aliis

1948 2034 2303 2108 superfertur,
2333 2036 2509 2090 oleum
2540 2035 2719 2107 ignem
2760 2036 2934 2098 fovet,
2969 2035 3149 2090 oleum
3178 2037 3401 2093 vulnera
3444 2018 3541 2094 cu?

1948 2143 2071 2183 rare
2110 2128 2409 2183 consuevit.
2454 2126 2557 2182 Per
2585 2127 2715 2182 illud
2758 2144 2887 2199 ergo
2918 2128 3301 2183 misericordia:
3340 2129 3544 2186 bonum

1948 2220 2234 2289 signiﬁcat,
2266 2220 2391 2288 quia
2438 2218 2697 2289 scriptum
2727 2218 2793 2273 de
2823 2218 3049 2279 Domino
3082 2227 3165 2274 est
3192 2239 3206 2277 :
3247 2218 3549 2277 Miseratio-

1949 2330 2039 2367 nes
2070 2315 2179 2384 ejus
2205 2330 2357 2383 super
2379 2314 2553 2368 omnia
2578 2330 2734 2383 opera
2763 2313 2874 2383 ejus
2900 2312 3073 2385 (Psal.
3101 2329 3279 2378 cxuv,
3306 2312 3385 2385 9).
3410 2312 3546 2382 Quia

1949 2405 2127 2476 ignem
2175 2405 2339 2473 fovet,
2390 2405 2787 2476 prmdicationis
2831 2407 3056 2477 gratiam
3104 2408 3373 2481 designat,
3427 2423 3546 2478 qua:

1950 2502 2245 2561 electorum
2292 2511 2502 2559 mentes
2532 2501 2817 2556 illuminat.
2850 2501 2983 2569 Quia
3033 2517 3162 2559 vero
3198 2502 3417 2559 vulnera
3446 2517 3543 2572 per

1949 2595 2128 2649 oleum
2161 2602 2421 2648 curantur
2445 2634 2459 2658 ,
2498 2594 2601 2648 hoc
2630 2593 2877 2665 profecto
2906 2593 3162 2658 insinuat,
3196 2594 3339 2663 quod
3368 2593 3548 2648 deter-

1950 2684 2122 2759 genda
2151 2692 2274 2738 sunt
2303 2683 2523 2739 vulnera
2554 2692 2921 2757 peccatorum.
2961 2681 3203 2754 Ungatur
3230 2698 3358 2759 ergo
3382 2691 3544 2753 caput

1950 2772 2111 2840 regis,
2145 2772 2268 2843 quia
2304 2771 2568 2842 spirituali
2600 2773 2771 2845 gratia
2811 2788 2966 2831 mens
3007 2780 3089 2827 est
3117 2772 3373 2849 replenda
3418 2773 3547 2831 doc-

1952 2864 2101 2923 toris.
2134 2862 2343 2918 Habeat
2372 2864 2425 2918 in
2456 2864 2711 2919 unctione
2737 2879 2834 2927 sua
2874 2864 3073 2931 oleum,
3106 2864 3304 2920 habeat
3338 2865 3549 2921 miseri-

1951 2956 2190 3010 cordiam
2218 2956 2604 3025 abundantem,
2635 2971 2753 3027 quae
2782 2954 2882 3010 sibi
2906 2956 3192 3013 virtutibus
3215 2956 3333 3010 aliis
3354 2954 3549 3026 praefe-

1954 3058 2125 3104 ratur.
2152 3048 2360 3104 Habeat
2383 3049 2584 3115 olenm,
2611 3057 2669 3104 ut
2693 3048 2819 3103 dum
2846 3047 3096 3103 ardorem
3118 3048 3288 3103 sancti
3318 3046 3551 3118 Spiritus

1952 3140 2008 3199 in
2057 3158 2115 3198 se
2157 3142 2356 3209 nutrit,
2394 3142 2573 3201 lucere
2617 3142 2966 3197 vehementer
3013 3142 3130 3196 aliis
3180 3157 3277 3212 per
3326 3142 3546 3197 verbum

330 3232 419 3287 (Si.
451 3232 556 3287 Sed
602 3247 827 3304 puerum
866 3230 1041 3285 Saulis
1072 3230 1404 3301 spiritualem
1446 3245 1665 3285 sensum
1703 3231 1845 3288 desi-
1875 3235 1923 3301 C
1953 3237 2143 3309 possit.
2177 3237 2384 3297 Habeat
2413 3237 2756 3293 nihilominus
2803 3237 2981 3293 oleum
3024 3235 3323 3301 medicina.
3353 3243 3412 3289 ut
3458 3250 3547 3297 sa-

253 3339 426 3393 gnare
458 3321 708 3381 diximus.
766 3321 905 3389 Quid
934 3329 1016 3375 est
1065 3335 1213 3391 ergo,
1246 3320 1390 3389 quod
1439 3320 1745 3391 przccedere
1794 3331 1850 3378 et

257 3415 493 3471 transire
540 3430 570 3467 a
607 3413 856 3467 Samuele
895 3412 1225 3491 imperatur?
1254 3412 1359 3467 Sed
1388 3411 1644 3483 praecedit
1683 3429 1845 3483 puer,

256 3507 479 3579 quando
533 3505 635 3559 hoc
678 3506 871 3575 agitur,
915 3504 1058 3581 quod
1104 3519 1135 3559 a
1186 3504 1451 3575 spirituali
1495 3521 1657 3561 sensu
1695 3506 1851 3561 nobis

258 3598 587 3667 suggeritur,
628 3613 735 3652 non
764 3596 906 3669 quod
934 3612 965 3651 a
994 3605 1140 3661 motu
1173 3599 1373 3652 carnali
1403 3599 1716 3670 imperatur.
1746 3598 1852 3657 Sed

257 3689 523 3765 quosdam
564 3688 817 3759 prmcedit
862 3694 916 3742 et
956 3688 1166 3751 transit,
1210 3687 1471 3759 quosdam
1515 3688 1770 3760 prmcedit
1800 3695 1855 3745 et

256 3800 370 3840 non
400 3784 610 3837 transit.
642 3781 757 3836 Non
788 3780 979 3835 transit
1007 3780 1221 3851 quidem
1252 3780 1561 3851 prtecedens
1590 3796 1723 3852 puer
1766 3797 1853 3834 ar-

260 3883 540 3945 rogantes,
573 3873 764 3926 transit
788 3871 1018 3926 humiles
1050 3888 1061 3923 :
1097 3886 1220 3925 nam
1246 3871 1369 3925 dum
1401 3879 1711 3940 arrogantis
1737 3886 1851 3924 ma-

259 3983 371 4041 gna
414 3976 468 4021 et
494 3965 793 4036 spiritualia
825 3973 1009 4036 agunt,
1053 3965 1107 4019 in
1136 3964 1305 4019 oculis
1343 3965 1451 4020 suis
1482 3964 1659 4033 magni
1708 3973 1854 4019 sunt.

266 4058 436 4131 Quasi
472 4057 607 4112 enim
632 4072 815 4113 secum
848 4056 1048 4111 habent
1070 4072 1318 4128 puerum,
1346 4071 1509 4127 quem
1537 4065 1857 4126 sequuntur,

265 4152 364 4223 qui
408 4150 460 4204 in
490 4150 884 4221 spiritualibus,
916 4164 1037 4219 qua:
1086 4157 1269 4219 agunt,
1298 4148 1605 4219 spirituales
1635 4165 1693 4205 se
1741 4165 1861 4207 esse

267 4243 589 4314 gloriantur.
620 4241 823 4308 Quibus
850 4240 1094 4310 proiecto
1122 4240 1380 4313 propinata
1423 4241 1733 4310 exprobrat,
1781 4239 1862 4293 di-

265 4349 399 4389 cens
424 4352 436 4386 :
473 4332 560 4387 Va:
581 4334 663 4402 qui
694 4333 950 4404 sapientes
980 4333 1100 4387 estis
1125 4332 1179 4385 in
1206 4332 1367 4387 oculis
1394 4333 1588 4397 vestris,
1616 4339 1666 4385 et
1686 4348 1861 4384 coram

266 4424 650 4496 nobismetipsis
686 4424 959 4495 prudentes
1006 4421 1149 4495 (Isa.
1194 4439 1244 4490 ν,
1276 4422 1388 4493 21).
1420 4422 1593 4479 Electi
1634 4437 1762 4491 ergo
1810 4423 1863 4477 in

267 4515 526 4570 omnibus
554 4530 673 4584 qua:
694 4523 857 4584 agunt
881 4554 895 4579 ,
927 4529 1045 4569 esse
1068 4513 1283 4583 quidem
1314 4514 1617 4585 spirituales
1656 4522 1862 4580 curant,

1954 3331 2167 3405 pienter
2193 3330 2461 3399 disponat,
2484 3329 2715 3400 qualiter
2735 3337 3079 3405 peccatorum
3100 3326 3317 3382 lectores
3346 3333 3540 3396 tergat,

1956 3430 2012 3481 et
2038 3434 2209 3489 :cgras
2237 3429 2445 3477 mentes
2475 3420 2634 3474 saluti
2675 3419 2940 3475 restituat.
2987 3416 3089 3471 Sed
3124 3415 3379 3469 lenticula
3417 3414 3546 3470 Saul

1956 3509 2194 3577 ungitur,
2225 3525 2333 3563 non
2378 3524 2475 3578 pro
2518 3506 2886 3578 prtesignanda
2918 3506 3183 3571 doctrina,
3222 3504 3314 3569 sed
3358 3503 3423 3557 ad
3453 3519 3547 3565 ex-

1958 3598 2239 3669 primenda
2268 3600 2466 3654 futura.
2500 3598 2778 3653 Lenticula
2806 3596 3021 3667 quidem
3044 3611 3268 3667 parvum
3307 3603 3388 3649 est
3414 3608 3508 3647 vas
3533 3610 3548 3647 :

1957 3691 2083 3760 quid
2111 3702 2238 3758 ergo
2266 3698 2377 3753 est,
2415 3689 2557 3759 quod
2588 3688 2842 3743 lenticula
2874 3688 2977 3743 olei
3006 3686 3134 3741 Saul
3173 3686 3409 3759 ungitur,
3444 3683 3549 3739 nisi

1957 3782 2082 3852 quia
2114 3782 2165 3834 in
2198 3779 2313 3834 ﬁne.
2333 3780 2690 3850 reprobatur?
2720 3778 2851 3833 Nam
2876 3779 3000 3847 quia
3044 3776 3269 3833 obedire
3302 3776 3412 3831 Deo
3442 3789 3548 3863 po-

1959 3884 2074 3930 stea
2108 3874 2297 3940 noluit,
2336 3888 2367 3927 a
2404 3872 2657 3927 Samuele
2687 3871 2925 3925 audivit:
2968 3869 3101 3934 Quia
3131 3868 3395 3940 projecisti
3441 3883 3552 3921 ser-

1960 3982 2160 4020 monem
2182 3963 2412 4031 Domini,
2437 3964 2651 4035 projecit
2676 3973 2721 4016 te
2750 3962 3023 4023 Dominus,
3048 3979 3111 4014 ne
3136 3960 3207 4015 sis
3229 3977 3321 4013 rex
3342 3957 3398 4031 (Ι
3421 3958 3553 4030 Reg.

1962 4073 2051 4123 xv,
2076 4055 2191 4125 ΞΘ).
2222 4056 2378 4111 Velut
2406 4057 2548 4111 enim
2578 4056 2830 4111 lenticula
2857 4054 2961 4108 olei
2987 4068 3175 4125 parum
3214 4051 3427 4114 habuit,
3461 4049 3554 4117 qui

1961 4147 2294 4219 spiritualem
2340 4148 2565 4216 gratiam
2610 4144 2971 4214 projiciendus
3026 4141 3253 4210 accepit.
3305 4140 3459 4207 Quod
3502 4140 3556 4195 in

1963 4240 2263 4295 rectoribus
2285 4253 2501 4307 quoque
2520 4246 2716 4291 sancta:
2740 4234 2992 4290 Ecclesia:
3013 4235 3399 4289 convenienter
3418 4233 3558 4289 acci-

1964 4331 2125 4401 pitur.
2158 4328 2481 4399 Plerumque
2504 4328 2645 4381 enim
2668 4326 2881 4382 culmen
2905 4326 3230 4401 praelationis
3253 4326 3556 4396 accipiunt,

1966 4424 2056 4493 qui
2089 4424 2141 4477 in
2189 4421 2450 4477 charitate
2479 4421 2573 4475 Dei
2614 4427 2668 4475 et
2714 4421 2945 4491 proximi
2984 4420 3209 4492 perfecti
3254 4438 3362 4476 non
3408 4429 3554 4476 sunt.

1969 4513 2265 4581 Quemdam
2316 4528 2547 4585 namque
2595 4512 2843 4567 allectum
2884 4513 3164 4568 charitatis
3207 4514 3428 4582 habent,
3461 4513 3557 4569 sed

266 4614 328 4664 et
375 4615 559 4661 tenere
587 4621 645 4663 se
693 4605 997 4675 spirituales
1035 4606 1225 4659 vitant.
1266 4603 1443 4675 Magni
1484 4605 1697 4673 quidem
1740 4612 1864 4658 sunt
1889 4623 1943 4688 ι)
1968 4603 2353 4677 plenitudinem
2377 4602 2493 4671 ejus
2525 4618 2632 4658 non
2662 4604 2879 4659 habent.
2911 4604 3005 4660 Illa
3042 4619 3174 4675 ergo
3203 4607 3350 4661 rudis
3379 4615 3433 4661 et
3461 4605 3563 4659 im-

267 4700 491 4766 merito,
544 4698 774 4754 humiles
815 4697 1174 4754 aestimatione
1200 4715 1212 4751 :
1243 4698 1371 4767 quia
1419 4712 1633 4769 semper
1674 4712 1865 4767 magna

269 4800 475 4863 agunt,
507 4790 599 4845 sed
648 4791 701 4845 in
744 4789 945 4844 eisdem
989 4788 1192 4857 magnis
1237 4803 1297 4843 se
1343 4802 1566 4857 magnos
1594 4803 1865 4858 nunquam

270 4881 565 4951 aspiciunt.
617 4881 780 4949 Quasi
828 4895 957 4950 ergo
1004 4895 1264 4950 puerum,
1306 4893 1466 4949 quem
1511 4880 1863 4949 praemittunt,

271 4975 515 5029 transire
543 4974 767 5042 faciunt,
797 4990 917 5029 cum
946 4972 1276 5044 spiritualem
1307 4987 1519 5026 sensum
1548 4980 1869 5041 praesentem

270 5064 483 5121 habent
506 5064 559 5118 in
583 5078 768 5135 opere,
799 5064 890 5119 sed
914 5064 1073 5131 longe
1100 5063 1166 5118 ab
1187 5061 1560 5117 :cstimatione.
1582 5060 1718 5127 Quid
1741 5076 1869 5117 vero

271 5162 386 5219 est,
409 5154 551 5227 quod
579 5156 850 5227 paulisper
877 5155 1169 5213 subsistere
1198 5152 1533 5225 przccipitur,
1574 5160 1629 5205 ut
1657 5153 1705 5205 ei
1747 5168 1869 5205 vcr-

270 5250 412 5305 bum
441 5248 653 5304 Domini
678 5249 985 5304 indicetur?
1012 5248 1118 5303 Sed
1146 5247 1415 5318 paulisper
1449 5245 1709 5313 subsistit,
1736 5258 1873 5315 prte-

272 5339 451 5395 rui‘sso
478 5354 665 5410 puero,
692 5323 783 5410 qui
826 5341 893 5394 ad
922 5341 1111 5395 horam
1142 5354 1200 5393 se
1229 5338 1447 5408 proprio
1490 5336 1709 5391 arbitrio
1742 5336 1871 5391 sub-

273 5433 470 5497 trahit,
514 5441 570 5488 et
608 5433 838 5489 alienam
880 5435 1213 5488 voluntatem
1254 5432 1399 5487 facit.
1448 5430 1701 5487 Transire
1743 5444 1870 5500 ergo

276 5525 415 5580 facit
444 5541 688 5595 puerum,
726 5535 781 5581 et
826 5529 988 5601 228
1028 5527 1296 5599 paulisper
1345 5524 1613 5591 subsistit,
1665 5524 1757 5595 qui
1806 5525 1873 5577 ad

279 5626 617 5691 praeceptum
646 5619 866 5690 majoris
896 5620 987 5673 illa
1016 5620 1197 5684 etiam,
1224 5634 1343 5691 quae
1370 5626 1524 5689 putat
1551 5617 1868 5689 spiritualia,

283 5710 531 5765 deserit:
575 5710 798 5777 deserit,
828 5717 891 5765 ut
929 5725 992 5765 ea
1014 5751 1027 5775 ,
1058 5725 1177 5779 quae
1206 5709 1305 5763 sibi
1345 5709 1709 5778 injunguntur,
1758 5704 1874 5761 elﬁ-

284 5807 416 5859 Cere
441 5805 823 5862 convenienter
848 5804 1036 5878 possit.
1062 5802 1215 5871 Quod
1244 5809 1389 5859 certe
1412 5800 1709 5859 ordinando
1738 5814 1871 5870 pra:-

1974 4698 2207 4770 perlecta
2234 4698 2429 4753 mentis
2458 4696 2692 4765 aﬂectio,
2716 4699 2841 4772 quid
2873 4708 2956 4753 est
2985 4698 3088 4754 nisi
3131 4698 3383 4753 lenticula
3421 4697 3561 4752 olei?

1972 4788 2106 4845 Nam
2139 4790 2264 4843 dum
2296 4788 2446 4861 ungit
2483 4795 2662 4859 caput,
2705 4795 2760 4841 et
2790 4804 2896 4841 non
2940 4788 3113 4859 replet
3146 4805 3157 4841 :
3194 4796 3304 4841 tota
3343 4784 3560 4856 quidem

1973 4881 2287 4949 eli'unditur,
2318 4879 2410 4934 sed
2436 4895 2624 4955 parum
2652 4878 2887 4933 exhibet.
2918 4877 2956 4930 Ε
2995 4887 3181 4933 contra
3213 4885 3395 4955 autem
3435 4891 3558 4929 cum

1971 4974 2175 5028 electus
2218 4987 2345 5039 rex,
2378 4971 2505 5039 ungi
2542 4970 2880 5041 prmcipilur,
2927 4969 3097 5023 eidem
3145 4968 3420 5041 prophetae
3464 4968 3563 5022 Do-

1975 5065 2153 5123 minus
2195 5063 2312 5116 ait:
2368 5061 2535 5132 Imple
2566 5077 2723 5114 cornu
2755 5068 2895 5113 tuum
2937 5060 3078 5126 oleo,
3118 5066 3167 5111 et
3215 5059 3325 5110 veni
3364 5059 3562 5112 mittam

1978 5163 2024 5205 te
2054 5153 2120 5204 ad
2152 5150 2262 5205 Isai
2300 5151 2714 5205 Belhlehemitcm
2746 5166 2762 5202 :
2804 5149 3002 5218 providi
3032 5148 3166 5203 enim
3208 5149 3261 5201 in
3296 5148 3419 5218 ﬁliis
3450 5148 3562 5217 ejus

1976 5244 2099 5298 mihi
2126 5260 2295 5313 regem
2318 5241 2370 5313 (Ι
2397 5242 2523 5313 Reg.
2554 5258 2661 5305 xvt,
2693 5240 2768 5311 1).
2802 5239 2937 5293 lline
2964 5252 3066 5306 est,
3092 5238 3233 5309 quod
3258 5237 3397 5291 idem
3421 5237 3563 5290 elec-

1976 5343 2059 5390 tus
2084 5350 2175 5390 rex
2206 5334 2588 5406 plenitudinem
2623 5332 2889 5387 unctionis
2928 5347 3038 5386 sua:
3076 5332 3169 5384 Dei
3192 5330 3442 5384 laudibus
3470 5328 3562 5381 im-

1975 5435 2188 5497 putans,
2218 5426 2292 5480 ait
2325 5443 2336 5478 :
2372 5424 2717 5495 Impinguasti
2746 5425 2795 5475 in
2836 5424 2944 5475 olco
2974 5430 3126 5492 caput
3154 5437 3350 5484 meum,
3382 5426 3430 5472 et
3458 5436 3553 5490 po-
3630 5420 3647 5487 λλ

1975 5518 2143 5572 culum
2164 5533 2330 5570 meum
2346 5514 2606 5569 inebrians
2646 5530 2797 5586 quant
2818 5512 3123 5582 prwclarum
3138 5520 3214 5564 est
3232 5509 3401 5581 (l’sal.
3428 5523 3559 5573 xm,

1976 5609 2065 5681 5).
2100 5608 2200 5675 Qui
2231 5624 2359 5678 ergo
2403 5606 2627 5676 gratiam
2665 5606 2931 5660 unctionis
2972 5620 3079 5659 non
3119 5609 3558 5675 perseveraturus

1976 5700 2206 5769 accepit,
2239 5698 2580 5768 dispensante
2622 5698 2730 5752 Deo
2753 5738 2766 5764 ,
2804 5712 2899 5767 per
2944 5696 3084 5751 illius
3113 5694 3254 5750 vasis
3293 5692 3556 5763 liquorem

1976 5794 2211 5861 ungitur,
2241 5806 2349 5860 quo
2379 5789 2524 5843 uncti
2547 5788 2774 5844 defectio
2804 5774 3128 5857 Signaretur.
3154 5785 3409 5855 Sequitur
3430 5797 3448 5833 :

3597 1144 3607 1171 δ
