4020 6344
463 377 574 438 279

1682 368 1928 427 SANCTI
1969 364 2298 424 GREGORII
2336 364 2549 423 MAGNI

3647 340 3756 425 ssc

539 490 718 565 (νει-ε.
743 489 821 562 1.)
851 488 923 546 Et
941 480 1208 548 osculatus
1235 495 1312 545 est
1347 506 1496 555 eum,
1526 495 1575 543 et
1602 488 1674 543 ait
1701 502 1719 542 :
1748 485 1884 543 Ecce
1911 489 2063 543 unxit
2087 486 2135 547 Α
2168 482 2221 539 id
2262 483 2409 553 quod
2437 482 2698 542 Dominus
2737 498 2846 541 non
2874 483 3088 556 qumrit,
3120 491 3232 542 tota
3260 484 3625 543 sollicitudine
3669 488 3756 546 in-

466 593 516 639 te
544 582 684 638 Deus
715 600 870 655 super
894 584 1246 640 [nereditatem
1274 600 1424 637 suam
1448 584 1501 637 in
1531 582 1831 653 principem,
1864 590 1913 636 et
1941 582 2060 637 libe-

465 674 607 730 rabis
644 675 888 748 papulum
916 679 1027 748 ejus
1065 676 1128 730 de
1164 693 1323 731 manu
1368 676 1691 732 inimicorum
1718 677 1860 748 ejus,
1892 677 1977 747 qui
2002 677 2059 731 in

466 767 683 821 circuitu
710 769 823 839 ejus
845 776 983 822 sunt.

538 861 701 933 229
744 859 798 914 2.
840 860 923 914 Ad
950 860 1161 916 culmen
1184 867 1386 917 sanctzc
1415 859 1668 916 Ecclesiae
1698 866 1879 915 rector
1904 858 2059 915 duci-

466 964 575 1021 tur,
600 964 659 1011 ut
682 956 787 1012 hoc
816 954 1053 1012 ofﬁcium
1082 956 1300 1023 habeat,
1330 970 1437 1027 quo
1461 955 1601 1010 inter
1622 954 1790 1009 Deum
1813 960 1868 1009 et
1890 953 2062 1010 homi-

466 1066 565 1108 nes
588 1065 775 1123 pacem
797 1058 985 1122 ponat.
1018 1048 1303 1107 Peccando
1326 1049 1548 1116 etenim,
1578 1047 1885 1103 inimicitias
1904 1046 2061 1103 Crea-

468 1142 604 1199 toris
636 1141 983 1200 incurrimus.
1038 1142 1175 1197 Dum
1214 1155 1343 1211 ergo
1373 1140 1438 1196 ad
1482 1147 1828 1210 peccatorum
1872 1153 2060 1194 corre-

465 1236 709 1308 ptionem
740 1243 925 1291 rector
952 1235 1193 1306 ponitur,
1238 1232 1371 1288 illud
1400 1232 1467 1288 de
1495 1231 1675 1287 medio
1719 1230 1876 1297 tollit,
1914 1230 2061 1303 quod

466 1328 566 1385 Dei
596 1344 695 1386 nos
724 1328 968 1385 inimicos
998 1326 1147 1384 fecit.
1176 1326 1324 1383 Bene
1346 1342 1476 1398 ergo
1504 1326 1722 1381 Samuel
1745 1324 1877 1381 Saul
1898 1330 2063 1397 caput

468 1420 746 1477 osculatus
777 1418 937 1476 luisse
960 1420 1293 1491 perhibetur.
1326 1418 1613 1489 Prophetze
1640 1433 1875 1489 namque
1900 1434 2061 1476 oscu-

465 1510 583 1568 lum
610 1510 843 1568 defixum
867 1512 955 1567 ille
977 1520 1159 1583 portat
1179 1511 1234 1567 in
1255 1512 1455 1583 capite,
1483 1510 1572 1581 qui
1605 1510 2063 1567 reconciliationis

469 1611 667 1660 nostra:
694 1601 1005 1671 sull‘ragium
1031 1611 1214 1674 portat
1242 1602 1296 1659 in
1322 1610 1505 1659 mente
1532 1619 1543 1655 :
1577 1618 1699 1657 cum
1727 1601 1978 1658 videlicet
2007 1601 2061 1657 in

468 1708 532 1751 se
552 1693 697 1750 nulla
723 1693 861 1763 gerit
882 1695 1119 1751 fomenta
1148 1694 1342 1749 divina:
1364 1694 1665 1763 discordias,
1690 1694 1781 1765 qui
1804 1694 1857 1749 in
1880 1701 2063 1750 mente

466 1784 591 1859 paci
614 1783 841 1841 reddere
888 1784 1165 1841 discordes
1201 1784 1401 1839 studet.
1454 1784 1712 1841 Osculato
1742 1799 1872 1855 ergo
1912 1784 2062 1855 prin-

2165 575 2423 642 tendunt;
2461 584 2517 630 et
2544 575 2689 646 quod
2714 576 2888 632 solum
2917 577 3131 647 quaerit,
3161 592 3409 649 quaerere
3448 579 3748 649 negligunt.

2163 665 2369 721 Dicitur
2397 680 2547 737 ergo,
2568 668 2621 721 in
2644 682 2752 738 quo
2773 684 2833 723 se
2853 669 3187 739 negligentes
3208 670 3511 740 aspiciant;
3533 670 3757 741 dicitur,

2162 756 2217 812 in
2239 772 2345 826 quo
2373 757 2501 812 boni
2530 758 2783 814 meliores
2805 757 2938 814 ﬁant
2963 777 2976 813 :
3012 758 3176 815 Unxit
3205 768 3277 830 te,
3306 760 3499 832 inquit,
3537 760 3677 815 Deus
3705 763 3760 817 in

2163 852 2465 907 hereditate
2492 869 2587 907 sua
2616 852 2669 907 in
2699 853 3006 924 principem.
3035 852 3151 920 Qua
3187 852 3378 909 sidicat
3403 870 3416 905 :
3460 851 3759 907 Heredita-

2162 952 2273 1000 tem
2293 960 2443 1000 suam
2473 954 2622 1001 tuam
2652 944 2811 1015 fecit,
2843 946 2966 1002 vide
2994 954 3054 1001 ut
3080 954 3136 1001 tu
3166 945 3220 1001 in
3251 960 3316 1001 ea
3345 946 3503 1001 aliter
3532 962 3643 1000 non
3675 961 3762 1002 re-

2162 1054 2315 1113 gnes.
2350 1039 2627 1097 Liberabis
2658 1055 2789 1111 ergo
2818 1041 3074 1112 populum
3104 1041 3172 1095 de
3198 1055 3360 1095 manu
3391 1038 3762 1109 inimicorum,

2162 1132 2258 1204 qui
2286 1132 2341 1187 in
2370 1132 2599 1188 circuitu
2628 1132 2746 1202 ejus
2772 1140 2919 1188 sunt.
2968 1132 3205 1188 Grandis
3230 1131 3388 1185 labor
3416 1130 3764 1201 prmdicatori

2162 1222 2479 1296 prmeipitur
2505 1238 2604 1293 per
2631 1223 2760 1287 hoc,
2785 1223 2929 1293 quod
2960 1223 3163 1279 inimici
3193 1223 3246 1277 in
3274 1222 3504 1277 circuitu
3532 1236 3655 1277 esse
3686 1236 3766 1276 re-

2163 1315 2429 1372 feruntur.
2475 1314 2621 1371 Satis
2648 1316 2794 1371 enim
2832 1330 2998 1386 grave
3024 1314 3271 1386 prmlium
3310 1322 3477 1382 esset,
3499 1313 3543 1369 si
3576 1314 3631 1367 in
3658 1329 3764 1367 una

2164 1419 2319 1483 parte
2370 1410 2729 1479 malignorum
2770 1410 3057 1481 spirituum
3105 1409 3369 1465 saevitiam
3428 1408 3754 1463 tolerarent.

2165 1503 2302 1559 Hinc
2326 1519 2425 1575 per
2456 1503 2777 1576 prophetam
2798 1504 3142 1571 denuntians,
3172 1504 3334 1576 230
3363 1503 3493 1559 dicit
3519 1520 3533 1557 :
3571 1502 3637 1558 In
3668 1506 3767 1557 cir-

2164 1597 2303 1650 cuitu
2323 1596 2469 1667 impii
2490 1594 2759 1649 ambulant
2789 1594 2965 1666 (Psal.
2992 1612 3068 1663 ιι,
3100 1594 3177 1667 9).
3205 1593 3343 1651 Hinc
3362 1595 3553 1651 beatus
3572 1594 3767 1652 Petrus

2166 1688 2485 1754 exhortans,
2517 1688 2593 1743 ait
2620 1705 2634 1741 :
2662 1689 3005 1743 Adversarius
3036 1697 3201 1744 vester
3225 1687 3487 1757 diabolus,
3516 1698 3767 1761 tanquam

2166 1780 2245 1836 leo
2270 1781 2499 1853 rugiens,
2527 1782 2711 1835 circuit
2737 1797 2973 1853 quterens
3002 1798 3153 1852 quem
3177 1780 3404 1844 devoret,
3436 1783 3517 1835 cui
3545 1783 3768 1836 resistite

465 1876 611 1948 cipe,
626 1875 820 1932 dicitur
849 1894 862 1929 :
890 1875 1055 1931 Unxit
1089 1884 1136 1929 te
1166 1873 1304 1929 Deus
1326 1875 1380 1929 in
1410 1877 1692 1946 principem
1718 1893 1872 1946 super
1898 1876 2064 1931 luere-
2091 1884 2140 1945 B
2167 1874 2327 1946 fortes
2365 1874 2418 1927 in
2449 1874 2553 1945 fide
2595 1872 2647 1945 (1
2676 1872 2821 1929 Petr.
2847 1891 2901 1940 v,
2934 1873 3011 1946 8).
3060 1873 3267 1930 Inimici
3300 1874 3465 1943 igitur
3505 1875 3684 1929 nostri
3713 1874 3768 1930 in

465 1970 681 2025 ditatem
709 1985 878 2023 suam.
930 1968 1096 2035 Quasi
1129 1969 1291 2025 rebus
1323 1984 1446 2025 eum
1486 1969 1794 2039 admoneat,
1834 1971 2057 2027 dicens:

467 2062 569 2129 Qui
600 2070 656 2115 te
684 2059 753 2113 ad
782 2058 887 2114 hoc
914 2057 1149 2129 positum
1191 2058 1354 2129 nosti,
1402 2068 1461 2115 ut
1498 2062 1707 2131 peccati
1752 2062 2063 2119 inimicitias

465 2150 667 2204 debeas
687 2148 921 2218 solvere,
944 2150 1089 2221 quod
1110 2150 1165 2206 in
1195 2149 1314 2207 aliis
1335 2152 1592 2220 destruis,
1624 2153 1677 2206 in
1700 2158 1753 2207 te
1775 2168 1880 2207 non
1898 2152 2063 2210 debes

464 2238 724 2293 retinere.
772 2237 1024 2294 Nonnulli
1049 2242 1248 2296 etenim
1292 2249 1348 2296 et
1369 2251 1665 2312 unguntur,
1715 2252 1771 2298 et
1815 2244 2062 2299 osculum

465 2346 579 2389 non
606 2330 909 2404 accipiunt;
953 2332 1183 2391 liberare
1218 2334 1477 2406 populum
1523 2335 1737 2390 Domini
1784 2344 2060 2407 satagunt,

466 2426 564 2484 sed
592 2442 650 2482 se
678 2426 1017 2483 inimicorum
1034 2427 1165 2498 jugo
1179 2428 1447 2499 subjicere
1464 2445 1571 2484 non
1590 2437 1904 2498 pavescunt.
1928 2429 2063 2484 Nam

468 2516 563 2588 qui
592 2517 710 2572 aliis
735 2519 875 2573 bona
899 2518 1175 2589 praedicat,
1204 2533 1324 2590 qua:
1352 2534 1461 2574 non
1484 2520 1613 2589 agit,
1642 2520 1795 2589 quasi
1818 2521 2062 2575 osculum

466 2606 581 2675 dat,
622 2607 766 2678 quod
796 2624 905 2664 non
936 2610 1153 2680 accipit.
1196 2609 1415 2667 Amicos
1443 2610 1643 2665 etenim
1675 2610 1770 2665 Dei
1801 2612 1937 2666 alios
1978 2610 2063 2666 fa-

467 2712 596 2755 cere
623 2701 833 2770 quaerit,
865 2709 919 2756 et
939 2701 1057 2772 ipse
1086 2701 1338 2758 inimicus
1368 2717 1487 2757 esse
1509 2717 1617 2757 non
1644 2701 1857 2757 desinit.
1880 2700 2065 2757 Inimi-

467 2789 624 2847 citias
662 2792 873 2863 peccati
903 2792 957 2846 in
986 2807 1046 2847 se
1084 2791 1333 2859 aediﬁcat,
1366 2806 1501 2864 quas
1537 2792 1591 2846 in
1633 2791 1753 2847 aliis
1782 2791 2063 2849 destruere

466 2894 569 2950 per
596 2883 818 2938 verbum
849 2890 1042 2937 tentat.
1087 2882 1223 2950 Quia
1248 2897 1378 2951 ergo
1418 2883 1507 2939 ille
1536 2883 1710 2939 solum
1750 2883 2065 2953 praeeminet

464 2972 688 3039 utiliter,
714 2974 805 3042 qui
831 2988 929 3045 per
956 2973 1208 3029 aﬂ‘ectum
1232 2975 1723 3043 magnaecharitatis
1740 2974 1833 3029 Dei
1856 2976 2064 3031 amicus

468 3072 573 3129 est,
603 3064 821 3119 Samuel
848 3075 1009 3135 caput
1031 3066 1171 3134 regis
1195 3067 1468 3121 osculatus
1496 3066 1661 3122 fuisse
1682 3065 1899 3121 dicitur.
1927 3066 2064 3124 Hinc

464 3152 586 3223 ipsa
615 3153 826 3209 Veritas
854 3155 1003 3225 prius
1040 3155 1335 3221 osculatur,
1386 3170 1524 3224 quos
1563 3156 1814 3210 ordinat:
1864 3156 2062 3213 deinde

468 3249 537 3305 ad
566 3249 875 3306 liberandos
906 3250 1041 3306 alios
1069 3250 1250 3304 mittit.
1305 3249 1407 3305 Vos
1426 3292 1441 3319 ,
1474 3251 1579 3317 ait,
1604 3250 1760 3304 amici
1787 3254 1882 3306 mei
1911 3253 2057 3319 estis;
2089 3275 2135 3340 ρ

468 3341 666 3399 deinde
686 3342 904 3408 addidit,
935 3343 1120 3397 dicens
1148 3361 1162 3396 :
1193 3342 1354 3398 Posui
1376 3360 1483 3410 uos,
1507 3352 1564 3396 ut
1586 3344 1738 3411 catis,
1758 3353 1805 3399 et
1834 3346 2058 3415 fructum

467 3435 725 3505 offeratis,
751 3443 800 3488 et
829 3436 1023 3506 {ructus
1047 3444 1212 3489 vester
1230 3446 1441 3489 maneat
1464 3434 1645 3507 (Joan.
1669 3452 1757 3501 xv,
1788 3435 1896 3506 14).
1923 3436 2060 3493 Hinc

472 3524 606 3580 item
634 3540 921 3594 resurgens
960 3541 991 3580 a
1020 3526 1246 3580 mortuis
1275 3525 1403 3581 dicit
1429 3542 1442 3579 :
1492 3525 1613 3580 Pax
1642 3526 1821 3593 vobis;
1864 3527 2059 3582 deinde

468 3616 690 3672 subdit:
726 3614 956 3680 Quorum
983 3618 1285 3671 remiserilis
1313 3626 1553 3688 peccata,
1596 3620 1920 3672 remittentur
1942 3621 2055 3674 eis:

464 3716 517 3764 et
546 3726 763 3781 quorum
790 3712 1125 3779 retinueritis,
1154 3720 1349 3765 retenta
1376 3720 1494 3764 sunt
1525 3710 1704 3782 (Joan.
1731 3728 1821 3778 xx,
1853 3712 1968 3781 23).
1990 3712 2061 3768 Ut

468 3800 624 3858 velut
663 3802 908 3858 osculum
936 3804 1084 3872 pacis
1114 3803 1169 3857 in
1216 3817 1403 3859 eorum
1451 3811 1633 3857 mente
1682 3802 1890 3872 ﬁgeret,
1924 3821 2060 3875 quos

465 3893 681 3966 peccati
711 3894 834 3949 odia
860 3894 1071 3949 solvere
1097 3894 1461 3965 prmcepisset.
1487 3892 1771 3949 Osculatus
1800 3909 1931 3964 ergo
1962 3911 2058 3951 rex

464 4000 632 4057 super
659 3986 977 4041 haereditate
1006 3985 1220 4041 Domini
1268 3985 1632 4052 constituitur,
1683 3986 1807 4056 quia
1855 3988 2060 4044 electus

464 4076 660 4135 doctor
688 4077 930 4147 eligitur,
970 4086 1027 4133 ut
1056 4076 1302 4133 fidelibus
1352 4077 1579 4134 subditis
1612 4077 1871 4147 dignitate
1917 4095 2057 4151 pne-

465 4168 722 4234 emineat,
740 4168 835 4224 sed
856 4168 923 4223 de
951 4168 1266 4244 praelatione
1282 4182 1379 4223 sua
1404 4183 1509 4223 non
1532 4184 1707 4235 suum,
1731 4170 1825 4224 sed
1846 4169 2057 4225 Domini

465 4260 678 4317 lucrum
708 4270 934 4329 quaerat.
978 4261 1157 4327 Quare
1184 4262 1253 4317 ad
1281 4264 1386 4318 hoc
1414 4263 1740 4318 constitutus
1777 4265 2054 4331 asseritur,

466 4360 529 4407 ut
557 4353 650 4422 qui
680 4353 781 4407 sub
804 4367 871 4407 eo
899 4360 1044 4418 sunt,
1073 4352 1141 4408 de
1173 4353 1513 4410 inimicorum
1543 4356 1791 4412 manibus
1821 4357 2059 4411 liberen-

464 4451 577 4499 tur.
608 4443 905 4499 Hazreditas
927 4445 1137 4500 Domini
1166 4445 1451 4503 multitudo
1476 4447 1713 4502 ﬁdelium
1742 4457 1843 4503 est.
1869 4447 2057 4506 Omnis

466 4549 599 4605 ergo
649 4537 922 4592 saecularis
967 4538 1192 4595 intentio
1232 4549 1562 4610 removetur,
1611 4559 1732 4597 cum
1761 4559 1855 4598 rex
1892 4558 2057 4615 super

2164 1964 2395 2020 circuitu
2428 1972 2617 2020 nostro
2654 1972 2812 2033 sunt,
2852 1965 2979 2035 quia
3002 1965 3263 2020 immundi
3296 1965 3519 2034 spiritus
3557 1966 3768 2034 cogita-

2165 2056 2303 2111 tioni
2330 2064 2549 2120 nostrae,
2582 2056 2749 2111 verbo
2772 2062 2827 2112 et
2854 2057 3161 2127 operationi
3182 2071 3399 2128 semper
3418 2056 3764 2112 insidiantur.

2164 2144 2299 2202 Nam
2329 2146 2458 2202 dum
2487 2162 2652 2217 prava
2680 2147 2837 2204 nobis
2883 2161 3172 2218 suggerere
3214 2155 3500 2219 appetunt,
3550 2148 3620 2203 ab
3660 2163 3767 2203 una

2163 2248 2320 2309 parte
2347 2246 2509 2294 sunt:
2543 2254 2666 2294 cum
2700 2238 2768 2294 ad
2796 2238 2938 2293 mala
2968 2238 3319 2308 pertrahunt,
3352 2254 3541 2295 eorum
3573 2240 3762 2310 prmlio

2166 2331 2235 2385 ab
2260 2330 2365 2387 alia
2396 2339 2551 2401 parte
2575 2330 2853 2402 pulsamur
2878 2348 2891 2384 :
2916 2346 3040 2387 cum
3062 2330 3130 2385 ad
3156 2331 3298 2386 mala
3319 2346 3486 2403 opera
3507 2318 3767 2403 invitant,

2166 2437 2235 2477 ex
2260 2432 2415 2494 parte
2443 2422 2652 2493 reliqua
2699 2423 2902 2479 bellum
2932 2425 3190 2479 excitant.
3248 2421 3307 2478 ln
3353 2422 3585 2478 circuitu
3633 2436 3765 2492 ergo

2166 2512 2357 2568 hostes
2382 2512 2668 2582 habemus,
2696 2514 2788 2583 qui
2810 2514 2865 2569 in
2889 2514 3055 2580 omni,
3080 2512 3223 2585 quod
3244 2512 3569 2583 cogitamus,
3594 2514 3768 2585 loqui-

2166 2618 2287 2657 mur
2313 2611 2367 2658 et
2397 2618 2708 2673 operamur,
2741 2605 3100 2674 malignorum
3123 2604 3408 2675 spirituum
3444 2606 3596 2661 bella
3625 2606 3767 2675 pati-

2166 2709 2305 2749 mur.
2340 2695 2449 2750 Sed
2478 2695 2604 2766 quia
2629 2710 2737 2750 non
2765 2711 2795 2750 a
2824 2695 2992 2765 bello,
3025 2696 3118 2751 sed
3144 2694 3211 2751 de
3239 2697 3489 2751 manibus
3518 2696 3767 2752 inimico-

2165 2804 2284 2845 rum
2309 2788 2543 2844 liberare
2562 2790 2819 2860 populum
2837 2790 3053 2855 dicitur,
3078 2804 3271 2860 magna
3293 2790 3510 2845 virtutis
3534 2790 3767 2859 insignia

2166 2880 2605 2954 praedicatoribus
2634 2881 3051 2937 adscribuntur:
3088 2882 3214 2952 quia
3255 2898 3363 2937 non
3408 2886 3591 2939 solum
3621 2882 3758 2939 libe-

2166 2984 2281 3037 ros,
2305 2986 2374 3026 ne
2398 2970 2699 3041 capiantur,
2723 2970 2922 3027 debent
2942 2979 3250 3043 protegere,
3270 2970 3365 3027 sed
3388 2974 3554 3027 etiam
3577 2982 3769 3043 captos

2166 3062 2235 3119 de
2264 3078 2454 3117 eorum
2485 3062 2749 3119 servitute
2777 3062 3026 3119 liberare.
3059 3062 3177 3119 Hoc
3206 3071 3388 3120 autem
3413 3073 3543 3119 tunc
3563 3081 3593 3120 a
3618 3066 3767 3134 regi-

2164 3154 2266 3210 bus
2294 3156 2498 3211 nostris
2526 3156 2724 3223 agitur,
2771 3155 2988 3226 quando
3035 3155 3109 3209 illi
3143 3170 3241 3225 per
3269 3170 3460 3211 eorum
3503 3155 3764 3226 praedica-

2166 3246 2368 3301 tionem
2400 3246 2740 3317 resipiscunt,
2771 3248 2861 3316 qui
2888 3262 2985 3316 per
3012 3246 3292 3302 audaciam
3320 3248 3763 3317 transgressionis

2163 3338 2391 3409 subjecti
2430 3347 2557 3394 sunt
2579 3338 2711 3410 jugo
2743 3340 3023 3396 diabolica:
3066 3344 3369 3412 potestatis.
3420 3342 3581 3411 Quod
3631 3361 3761 3416 pro-

2160 3431 2307 3486 iecto
2336 3445 2497 3499 agere
2526 3431 2604 3485 illi
2628 3432 2968 3487 solummodo
2992 3433 3375 3503 praedicatores
3402 3444 3650 3506 possunt,
3674 3436 3763 3508 qui

2161 3523 2230 3577 ad
2259 3523 2474 3578 culmen
2504 3523 2786 3592 regiminis
2814 3523 2994 3579 divina
3025 3524 3367 3581 ordinatione
3407 3529 3755 3597 perveniunt.

2160 3614 2294 3671 Nam
2340 3631 2477 3686 quos
2518 3617 2863 3687 omnipotens
2910 3617 3053 3674 Deus
3100 3618 3336 3684 ordinat,
3367 3618 3436 3673 ad
3476 3619 3759 3675 toleranda

2160 3708 2345 3778 praelia
2375 3708 2584 3777 antiqui
2620 3708 2792 3763 hostis
2822 3708 3017 3777 mittit,
3045 3709 3139 3765 sed
3171 3724 3266 3765 eos
3294 3709 3435 3764 inter
3475 3710 3593 3779 ipsa
3622 3710 3761 3765 bella

2160 3814 2271 3855 non
2316 3800 2538 3869 deserit,
2582 3801 2708 3870 quia
2739 3800 2938 3857 milites
2965 3818 3093 3858 suos
3142 3804 3396 3873 protegit,
3446 3811 3503 3857 et
3527 3804 3763 3860 victores

2160 3888 2309 3947 facit.
2334 3890 2441 3947 Sed
2472 3907 2594 3946 cum
2626 3893 2799 3948 sancti
2823 3893 2922 3947 viri
2947 3893 3012 3948 ad
3034 3894 3323 3964 primatum
3345 3906 3547 3949 sancta:
3570 3894 3765 3950 Eccle-

2166 3984 2261 4039 siae
2304 3983 2687 4051 sustolluntur,
2716 3985 3065 4040 vehementer
3091 3995 3477 4055 expavescunt,
3526 4002 3595 4042 ne
3622 4002 3761 4042 onus

2160 4077 2297 4131 tanti
2322 4076 2530 4131 ordinis
2560 4076 2659 4131 sibi
2680 4076 2884 4145 judicio
2907 4077 3184 4131 hominum
3206 4078 3276 4131 sit
3298 4077 3629 4149 impositum,
3651 4092 3763 4133 non

2159 4166 2503 4223 ordinatione
2528 4165 2860 4224 Conditoris.
2885 4168 2965 4222 Ad
2990 4170 3155 4224 robur
3175 4184 3306 4239 ergo
3327 4171 3603 4225 humilium
3626 4171 3763 4225 dan-

2159 4271 2245 4316 tur
2272 4261 2443 4329 signa,
2475 4262 2669 4332 quibus
2697 4278 2755 4319 se
2785 4278 2814 4317 a
2844 4261 2955 4317 Deo
2977 4305 2992 4331 ,
3024 4278 3133 4317 non
3162 4263 3229 4318 ab
3269 4264 3614 4329 hominibus,
3647 4264 3761 4320 ele-

2162 4360 2282 4409 ctos
2312 4353 2506 4408 sciant.
2539 4352 2720 4421 Quare
2748 4361 2804 4409 et
2830 4352 3048 4409 Samuel
3082 4354 3433 4425 subjungens,
3464 4356 3580 4409 ait:

2231 4446 2410 4520 (Vers.
2437 4447 2519 4519 2.)
2560 4447 2631 4501 Et
2673 4448 2768 4503 hoc
2800 4449 2890 4503 tibi
2932 4451 3161 4522 signum,
3191 4452 3312 4522 quia
3353 4449 3504 4503 unxit
3547 4458 3593 4502 te
3622 4448 3761 4504 Deus

2156 4542 2211 4596 in
2234 4543 2541 4613 principem.
2596 4540 2725 4595 Cum
2750 4542 2938 4597 abieris
2967 4559 2998 4596 α
3024 4560 3105 4597 me
3146 4542 3331 4609 hodie,
3372 4543 3601 4596 inuenies
3632 4542 3761 4598 duos

464 4625 784 4683 haereditate
808 4628 1021 4683 Domini
1054 4638 1248 4687 unctus
1280 4632 1555 4687 asseritur.
1613 4632 1890 4690 Unctionis
1924 4651 2054 4705 ergo
2085 4660 2140 4723 Β
2162 4632 2295 4687 uiros
2310 4632 2466 4702 juxta
2488 4632 2780 4701 sepulcrum
2812 4631 3026 4699 Rachel,
3059 4634 3111 4686 in
3140 4632 3331 4703 ﬁnibus
3364 4630 3675 4701 Benjamin,
3707 4632 3760 4684 in

465 4719 676 4776 fructus
700 4728 806 4791 est,
829 4721 1005 4777 cultus
1032 4723 1226 4779 divina:
1255 4724 1606 4781 haereditatis.
1640 4726 1733 4782 ille
1762 4741 1891 4797 ergo
1934 4729 2056 4782 olli-

467 4808 612 4863 cium
640 4810 916 4866 unctionis
945 4813 1278 4883 exsequitur,
1310 4815 1401 4883 qui
1426 4815 1538 4871 sola
1560 4816 1740 4885 quaerit
1772 4816 1919 4872 lucra
1943 4819 2058 4873 ani-

467 4913 701 4954 marum.
739 4899 915 4971 Super
941 4901 1255 4958 haereditate
1293 4905 1491 4975 quippe
1520 4905 1732 4961 Domini
1761 4907 1813 4962 in
1852 4908 2057 4979 princi-

466 5002 591 5058 pem
630 5004 689 5044 se
718 5000 940 5046 unctum
970 4992 1250 5059 meminit,
1280 4994 1373 5063 qui
1400 4993 1506 5051 hoc
1546 4996 1718 5051 solum
1746 4996 1814 5052 de
1842 5005 2058 5054 terrena

463 5076 725 5147 dignitate
754 5082 967 5151 quaerit,
998 5083 1143 5152 quod
1184 5098 1283 5154 per
1310 5100 1465 5140 suum
1506 5085 1858 5141 ministerium
1901 5087 2057 5144 Chri-

464 5178 581 5225 stus
619 5172 883 5241 quaesivit.
917 5172 1031 5227 Hoc
1064 5175 1226 5243 igitur
1254 5177 1423 5232 verbo
1467 5176 1853 5246 negligentium
1882 5188 2057 5235 recto-

462 5276 584 5315 rum
612 5261 839 5319 intentio
869 5265 1211 5333 reprobatur.

536 5351 590 5404 '5.
632 5352 869 5408 Audiunt
895 5368 1145 5425 namque,
1170 5355 1297 5427 quia
1319 5371 1483 5427 super
1503 5356 1820 5415 htcreditate
1844 5359 2055 5417 Domini

464 5444 617 5497 uncti
652 5454 814 5500 sunt:
864 5448 990 5515 quia
1020 5450 1089 5505 de
1130 5459 1274 5507 terra
1304 5451 1564 5507 Dominus
1592 5455 1809 5510 nonnisi
1848 5458 2051 5515 electos

466 5535 693 5600 quaerit;
750 5548 949 5593 norunt
993 5543 1136 5613 quod
1185 5560 1294 5599 non
1341 5550 1503 5598 terrae
1550 5544 1911 5611 latitudinem.
1943 5566 2051 5606 non

467 5624 587 5678 auri
617 5628 849 5700 copiam,
881 5648 987 5689 non
1018 5634 1327 5691 divitiarum
1357 5633 1712 5704 affluentiam,
1744 5640 1837 5695 sed
1867 5640 2052 5698 ﬁdeles

467 5728 595 5771 suos
639 5716 1005 5782 haereditatem
1055 5743 1209 5784 suam
1253 5728 1401 5794 dicit,
1450 5737 1504 5785 et
1543 5737 1724 5785 tamen
1774 5739 2049 5788 terrenum

465 5822 724 5883 Quaerere,
751 5824 805 5872 et
831 5820 979 5890 quod
1000 5823 1142 5893 perit
1161 5835 1497 5894 congregare
1526 5839 1636 5881 non
1666 5822 1937 5895 desinunt,
1967 5824 2050 5899 Ad

2161 4723 2377 4776 meridie
2403 4722 2647 4777 salientes
2678 4740 2893 4795 magnas
2936 4726 3145 4794 foveas,
3179 4723 3448 4791 dicentque
3493 4722 3622 4774 tibi:
3668 4720 3763 4775 In-

2160 4824 2324 4870 venta:
2351 4825 2469 4868 sunt
2503 4814 2696 4881 asinaz,
2730 4815 2798 4869 ad
2823 4832 2951 4888 quas
2982 4816 3117 4869 ieras
3146 4811 3551 4885 perquirendas,
3584 4822 3637 4866 et
3674 4814 3761 4866 in-

2163 4908 2433 4973 termissis,
2459 4918 2609 4977 pater
2633 4918 2769 4978 tuus,
2790 4911 2975 4975 asinis,
3003 4909 3254 4964 sollicitus
3286 4916 3359 4962 est
3378 4925 3473 4979 pro
3501 4905 3677 4975 vobis,
3708 4917 3759 4963 et

2161 4996 2326 5053 dicit:
2358 4998 2495 5063 Quid
2525 5000 2718 5070 faciam
2744 5000 2806 5053 de
2834 5001 2945 5070 ﬁlio
2965 5016 3078 5055 meo
3102 5001 3127 5053 ἱ)

2231 5090 2284 5147 4.
2327 5090 2491 5157 Quasi
2538 5092 2683 5146 enim
2722 5092 2910 5146 humili
2948 5092 3172 5163 pastori,
3217 5098 3271 5146 et
3306 5090 3373 5145 de
3403 5098 3557 5145 tanto
3592 5089 3758 5144 mini-

2158 5186 2325 5243 sterio
2349 5185 2638 5256 trepidanti
2668 5184 2853 5243 dicat:
2886 5185 2968 5241 Tu
2998 5186 3202 5241 idcirco
3235 5183 3491 5254 trepidas,
3532 5183 3659 5254 quia
3689 5199 3759 5237 an

2159 5275 2231 5331 sit
2259 5291 2327 5331 ex
2355 5276 2468 5331 Deo
2514 5276 2637 5342 hoc,
2667 5275 2817 5347 quod
2854 5274 2921 5331 de
2953 5283 3007 5331 te
3035 5284 3216 5331 actum
3259 5280 3364 5341 est,
3397 5273 3611 5351 nescis;
3660 5271 3759 5327 sed

2159 5367 2283 5437 quia
2314 5366 2418 5422 hoc
2439 5367 2581 5423 scire
2609 5376 2789 5439 potes,
2821 5366 3089 5437 trepidare
3110 5382 3215 5421 non
3239 5364 3425 5419 debes.
3450 5363 3567 5419 Hoc
3591 5364 3759 5433 igitur

2158 5458 2255 5513 tibi
2283 5458 2528 5531 signum,
2558 5460 2683 5530 quia
2714 5467 2769 5515 te
2800 5474 2905 5514 non
2938 5459 3131 5524 homo,
3164 5456 3256 5512 sed
3290 5457 3433 5511 Deus
3464 5457 3518 5510 in
3546 5456 3758 5525 princi-

2155 5567 2278 5623 pem
2310 5553 2561 5608 unxerit:
2595 5553 2701 5607 duo
2730 5550 2981 5605 videlicet
3010 5550 3110 5604 viri
3140 5548 3214 5603 illi
3246 5546 3339 5601 tibi
3382 5548 3601 5601 dicent:
3657 5544 3758 5599 1n-

2154 5654 2318 5700 venta:
2344 5656 2461 5699 sunt
2505 5646 2686 5711 asinte,
2720 5643 2789 5698 ad
2817 5660 2944 5716 quas
2972 5644 3106 5695 ierns
3144 5639 3538 5711 perquirendas.
3583 5636 3757 5704 Quasi

2155 5734 2299 5791 dicat
2325 5753 2337 5790 :
2371 5735 2427 5791 Si
2458 5736 2576 5791 illos
2598 5735 2733 5791 duos
2760 5735 2904 5790 viros
2933 5732 3221 5799 inveneris,
3248 5739 3303 5785 et
3331 5731 3435 5786 hoc
3464 5730 3562 5785 tibi
3591 5728 3752 5783 dixe-

2154 5826 2284 5907 rint,
2311 5826 2469 5895 scito,
2494 5825 2619 5897 quia
2650 5833 2705 5884 te
2732 5825 2875 5883 Deus
2903 5824 3220 5897 principem,
3246 5837 3357 5879 non
3401 5834 3504 5892 ego
3536 5818 3754 5879 conSti-
