4020 6344
258 400 359 461 281

1920 328 1947 336 sv.

1074 398 1142 457 IN
1176 397 1447 460 panum
1481 349 1729 457 necuit
1765 399 2287 465 EXPOSITIONES.
2310 397 2398 452 :—
2436 407 2567 467 Lte.
2610 409 2702 469 1v.

3428 424 3541 484 282

256 518 355 576 tui.
407 513 549 585 Quid
595 525 727 616 ergo
775 511 1026 616 duo‘viri
1066 514 1153 571 isti
1198 517 1376 616 nobis,
1420 516 1545 616 nisi
1569 514 1842 616 perfectos
1869 519 1921 581 Α
1946 518 2028 576 lus
2057 527 2186 579 tunc
2213 524 2485 616 quaesivit,
2525 527 2743 598 quando
2786 514 2969 589 videre
3006 532 3225 593 Petrum
3261 533 3539 616 Je‘rosoly-

256 623 502 682 quosque
538 614 739 663 sanctae
791 604 1043 663 Ecclesiae
1086 607 1469 678 praedicatores
1516 610 1843 681 designant?

254 701 371 757 Duo
399 700 617 770 quidem
642 706 789 765 sunt,
819 699 943 770 quia
971 698 1197 771 perfecti
1227 701 1280 756 in
1312 708 1544 772 utroque
1568 710 1843 776 praecepto

254 795 569 861 charitatis;
600 794 721 860 viri,
747 794 873 863 quia
895 793 949 848 in
970 804 1157 850 sancta
1178 797 1589 853 conversatione
1610 798 1839 855 robusti.

253 888 359 956 Qui
402 886 556 956 juxta
599 885 900 957 sepulcrum
949 885 1152 942 Rachel
1197 888 1425 944 inveniri
1466 890 1842 960 perhibentur,

254 983 382 1052 quia
412 997 511 1052 per
540 980 972 1050 contemplativa:
1009 981 1131 1036 vitae
1160 982 1397 1037 studium
1436 983 1590 1039 divisi
1618 992 1745 1041 sunt
1772 985 1840 1042 ab

252 1075 556 1131 intentione
585 1075 801 1142 s:eculi;
830 1082 885 1130 et
908 1075 1035 1129 dum
1064 1075 1367 1131 animarum
1392 1077 1541 1133 lucra
1565 1087 1837 1150 quierunt,

252 1186 363 1226 non
388 1170 748 1240 suntsepulti.
784 1169 886 1225 Per
918 1168 1121 1225 Rachel
1160 1172 1362 1243 quippe
1405 1174 1840 1245 contemplativa:

250 1263 375 1317 vitae
403 1262 803 1332 speciositatcm
844 1262 1043 1331 signari
1075 1264 1460 1320 venerabilium
1501 1275 1714 1336 patrum
1752 1267 1840 1323 in-

249 1354 494 1410 dubitata
523 1355 791 1410 sententia
822 1363 927 1410 est.
956 1353 1115 1410 Juxta
1137 1357 1441 1426 sepulcrum
1468 1373 1597 1428 ergo
1639 1359 1841 1415 Rachel

248 1456 397 1504 stant
423 1447 557 1513 viri,
583 1447 710 1517 quia
738 1446 817 1503 sic
844 1462 1091 1515 superna:
1132 1449 1579 1519 contemplationi
1616 1450 1840 1522 perfecti

249 1540 503 1595 doctores
545 1549 771 1605 vacant,
812 1549 871 1595 ut
898 1548 1099 1600 sancta:
1129 1539 1377 1596 Ecclesiae
1423 1542 1838 1599 sollicitudinem

247 1641 461 1702 gerant.
504 1630 667 1687 Juxta
705 1633 1009 1703 sepulcrum
1042 1633 1246 1689 Rachel
1274 1643 1453 1699 stant,
1485 1636 1609 1706 quia
1638 1645 1838 1693 statum

246 1723 379 1778 boni
409 1723 589 1794 operis
629 1722 867 1793 dirigunt
896 1739 992 1794 per
1019 1724 1277 1780 virtutem
1319 1727 1793 1797 contemplationis
1820 1746 1834 1782 :

247 1829 306 1876 et
325 1821 450 1891 quia
473 1820 604 1875 nihil
625 1828 819 1889 gerunt
842 1820 896 1875 in
919 1834 1105 1889 opere,
1129 1820 1233 1876 nisi
1254 1821 1396 1891 quod
1420 1823 1837 1894 contemplando

1949 627 2091 668 mam
2118 615 2294 683 venit,
2325 624 2523 674 etcum
2552 636 2646 690 eo,
2677 630 2734 680 et
2757 625 2968 682 caeteris
2989 629 3248 699 apostolis
3284 615 3538 704 Evange-

1945 704 2074 761 lium
2128 708 2374 764 contulit.
2452 710 2570 767 Non
2620 714 2764 770 enim
2820 718 2888 773 ab
2942 718 3163 777 homine
3216 737 3393 793 neque
3437 740 3537 796 per

1944 799 2239 869 hominem,
2270 802 2365 858 sed
2394 817 2426 858 a
2448 805 2609 870 caelo,
2635 818 2868 866 vocante
2897 809 3124 869 Domino
3143 811 3289 883 Jesu,
3313 826 3537 888 aposto-

1943 888 2111 946 latum
2157 902 2469 965 susceperat
2520 894 2663 968 (Gal.
2717 901 2787 970 1);
2839 908 2896 957 et
2947 911 3123 960 tamen
3174 908 3534 969 ministerium

1943 986 2215 1043 unctionis
2242 1004 2352 1043 suae
2372 1004 2468 1060 per
2487 993 2920 1063 coapostolorum
2944 1011 3165 1053 suorum
3185 1001 3532 1059 collationem

1941 1079 2226 1150 probabat.
2258 1080 2391 1135 Nam
2420 1081 2489 1138 de
2515 1084 2697 1155 seipso
2725 1086 2801 1141 ait
2825 1104 2838 1142 :
2873 1086 3080 1144 Contuli
3095 1107 3210 1146 cum
3234 1093 3341 1148 illis
3357 1092 3535 1150 Evan-

1940 1172 2151 1242 gelium,
2180 1188 2245 1226 ne
2266 1172 2322 1226 in
2350 1189 2565 1229 vacuum
2590 1190 2866 1247 currerem,
2897 1190 2988 1235 aut
3016 1185 3356 1239 cucurrissem
3383 1184 3530 1257 (Gal.

1939 1278 2001 1332 ιι,
2030 1262 2110 1336 2).
2156 1262 2465 1322 Praecursor
2495 1268 2657 1323 etiam
2688 1268 3071 1343 Redemptoris
3103 1274 3396 1346 discipulos
3426 1294 3531 1333 un-

1941 1364 2119 1426 xerat,
2145 1357 2242 1413 sed
2272 1365 2330 1414 ut
2351 1358 2503 1429 signa
2533 1376 2642 1417 sua:
2671 1364 2941 1421 unctionis
2970 1378 3347 1437 agnoscerent,
3374 1371 3531 1441 quasi

1939 1450 2006 1504 ad
2027 1450 2310 1506 salientem
2336 1465 2559 1523 magnas
2586 1453 2773 1511 foveas
2812 1457 3078 1524 mittebat,
3110 1458 3294 1517 dicens
3320 1478 3334 1515 :
3366 1461 3442 1516 Tu
3469 1480 3523 1519 es

1938 1544 2026 1616 qui
2044 1552 2284 1599 venturus
2310 1562 2384 1612 es,
2412 1562 2481 1600 an
2518 1547 2681 1601 alium
2711 1557 3064 1619 exspectamus
3092 1550 3307 1623 (Matth.
3333 1569 3407 1621 xl,
3433 1554 3533 1626 5)?

1939 1633 2160 1690 Sciebat
2205 1636 2351 1690 enim
2394 1634 2654 1704 Joannes,
2703 1654 2865 1709 quem
2909 1640 3319 1710 praedicaverat,
3365 1659 3527 1715 quem

1938 1724 2338 1797 baptizaverat;
2361 1728 2457 1783 sed
2483 1728 2775 1800 discipulos
2804 1729 3077 1799 mittebat,
3108 1737 3168 1785 ut
3189 1732 3314 1788 visis
3339 1733 3526 1804 signis,

1938 1832 2048 1888 quo
2087 1816 2295 1874 ﬁrmius
2322 1819 2627 1885 crederent,
2671 1820 2952 1876 electionis
2994 1837 3104 1877 suae
3135 1822 3330 1879 indicia
3369 1840 3525 1882 secu-

244 1908 558 1983 disponunt.
597 1910 665 1964 Et
705 1911 829 1980 quia
862 1911 913 1966 in
941 1912 1055 1982 ipsa
1086 1912 1370 1970 altitudine
1409 1928 1655 1985 supernae
1699 1931 1832 1977 con:
1858 1903 1908 1965 Β
1934 1907 2047 1964 rius
2078 1908 2394 1963 tenuissent.
2442 1908 2545 1976 Qui
2584 1923 2714 1980 ergo
2746 1910 2814 1964 ad
2841 1910 3239 1981 praedicationis
3281 1914 3527 1972 ordinem

244 2004 615 2075 templationis
636 2019 746 2059 non
765 2005 1239 2075 praesumptionem
1256 2021 1429 2073 suam,
1454 2006 1547 2062 sed
1570 2008 1835 2063 rationem

242 2104 452 2151 sanctae
478 2092 729 2150 Ecclesiae
778 2101 964 2150 tenere
994 2095 1243 2161 student,
1273 2097 1583 2167 sepulcrum
1630 2097 1835 2154 Rachel

245 2187 306 2242 in
353 2186 545 2241 ﬁnibus
580 2184 854 2254 Benjamin
893 2201 1015 2241 esse
1054 2185 1400 2242 describitur.
1450 2187 1521 2243 Ut
1558 2188 1671 2259 jam
1700 2190 1831 2258 dixi,

242 2278 408 2350 231
435 2277 488 2331 in
512 2276 805 2346 Benjamin,
831 2277 924 2347 qui
952 2278 1091 2333 ﬁlius
1112 2278 1348 2334 dextera:
1367 2280 1580 2346 dicitur,
1611 2280 1836 2338 Redem-

246 2379 379 2442 ptor
420 2370 640 2424 humani
670 2370 884 2439 generis
927 2370 1256 2440 designatur.
1307 2370 1468 2428 Fines
1511 2389 1640 2443 ergo
1688 2374 1833 2430 Ben-

236 2463 411 2533 jamin
438 2461 635 2531 regulae
662 2470 967 2517 sanctarum
998 2462 1398 2534 Scripturarum
1426 2474 1551 2521 sunt
1576 2484 1588 2519 :
1620 2464 1687 2521 de
1714 2467 1835 2538 qui-

241 2557 345 2612 bus
372 2555 614 2627 profecto
638 2555 832 2612 ﬁnibus
854 2557 1112 2627 scriptum
1144 2566 1227 2613 est
1250 2576 1264 2610 :
1316 2556 1402 2614 Ne
1429 2562 1833 2628 transgrediaris

240 2651 513 2717 terminos,
542 2666 667 2723 quos
692 2661 972 2721 posuerunt
1000 2660 1174 2721 patres
1217 2654 1294 2707 tui
1323 2652 1509 2725 (Prov.
1541 2671 1670 2722 xxn,
1698 2655 1827 2726 28).

242 2745 383 2812 Quia
410 2758 540 2815 ergo
568 2745 741 2800 sancti
771 2744 1168 2815 praedicatores,
1199 2761 1319 2801 cum
1346 2761 1553 2801 summa
1581 2754 1829 2803 contem-

241 2837 444 2909 plando
470 2837 675 2903 vident,
702 2851 731 2890 a
762 2835 885 2891 ﬁdei
912 2837 1095 2907 regula
1123 2851 1233 2892 non
1265 2838 1612 2903 discordant;
1644 2838 1829 2909 sepul-

241 2946 421 2997 crum,
462 2930 615 3001 juxta
662 2930 806 3001 quod
851 2938 1017 2996 stant,
1049 2945 1170 2986 esse
1219 2932 1273 2991 in
1322 2931 1516 2988 ﬁnibus
1546 2932 1829 3004 Benjamin

240 3030 398 3079 recte
424 3024 635 3079 dicitur.
687 3022 787 3090 Qui
832 3023 1083 3093 proiecto
1112 3023 1213 3077 viri
1260 3023 1315 3079 in
1356 3025 1580 3081 meridie
1606 3040 1829 3095 magnas

237 3113 430 3170 foveas
458 3115 673 3180 saliunt,
700 3114 825 3185 quia
847 3130 945 3184 per
966 3114 1233 3171 fervorem
1255 3116 1503 3187 perfecta:
1524 3118 1825 3189 charitatis,

236 3207 297 3263 in
331 3221 436 3276 qua
475 3208 736 3278 assumpti
765 3215 907 3272 sunt,
940 3217 1150 3275 cuncta,
1189 3223 1310 3279 quae
1342 3209 1612 3276 videntur,
1642 3213 1825 3269 saeculi
1864 3264 1869 3267 ς

1940 2000 2120 2056 idonei
2145 2001 2525 2071 providentur,
2556 2002 2611 2058 in
2641 2002 2851 2071 signum
2889 2017 3001 2060 suae
3028 2002 3312 2060 electionis
3336 2006 3525 2063 inven-

1937 2101 2022 2148 tas
2063 2108 2185 2149 esse
2213 2105 2583 2165 peccatorum,
2635 2110 2771 2166 quas
2810 2106 3077 2167 quaerunt,
3126 2100 3334 2156 animas
3371 2117 3527 2159 reco-

1936 2195 2220 2255 gnoscant.
2254 2184 2320 2241 Et
2346 2188 2476 2257 quia
2508 2188 2852 2258 omnipotens
2876 2189 3016 2246 Deus
3042 2205 3152 2245 non
3181 2190 3356 2246 solum
3387 2207 3528 2262 pm:-

1937 2276 2228 2344 dicatione,
2272 2278 2367 2334 sed
2416 2280 2581 2334 etiam
2627 2281 3043 2337 conversatione
3086 2282 3245 2338 electi
3289 2282 3531 2339 doctoris

1935 2370 2152 2439 gaudet,
2177 2371 2378 2439 subdit,
2404 2380 2569 2443 atque
2615 2373 2724 2429 ait:
2754 2374 2827 2427 Et
2854 2376 3183 2442 intermissis,
3208 2385 3358 2446 pater
3384 2387 3520 2445 tuus,

1933 2463 2136 2530 asinis,
2166 2463 2418 2518 sollicitus
2442 2472 2519 2519 est
2546 2481 2640 2535 pro
2681 2465 2843 2532 vobis,
2870 2476 2920 2521 et
2948 2467 3113 2522 dicit:
3165 2464 3303 2531 Quid
3330 2470 3525 2539 faciam

1933 2556 1998 2611 de
2018 2557 2131 2627 ﬁlio
2152 2559 2302 2614 meo?
2330 2557 2548 2615 Patrem
2578 2559 2708 2616 Saul
2729 2561 2838 2629 Cis,
2869 2563 2963 2632 qui
2997 2562 3165 2619 durus
3190 2570 3379 2619 nostro
3403 2565 3523 2621 elo-

1932 2646 2061 2718 quio
2102 2647 2322 2716 dicitur,
2369 2664 2464 2704 eos
2513 2649 2797 2720 designare
2826 2652 3079 2720 diximus,
3121 2654 3215 2723 qui
3261 2653 3430 2709 verbo
3468 2662 3526 2710 et

1931 2740 2183 2809 exemplo
2212 2740 2411 2796 docent
2454 2750 2667 2797 terrena
2695 2742 3005 2815 despicere,
3035 2752 3092 2801 et
3136 2744 3204 2799 ad
3242 2745 3520 2801 caelestem

1930 2831 2161 2901 patriam
2192 2846 2291 2901 per
2318 2832 2508 2887 duram
2538 2840 2595 2889 et
2621 2848 2869 2905 asperam
2891 2837 3359 2892 conversationem
3379 2835 3525 2892 festi-

1931 2936 2083 2977 nare.
2126 2919 2278 2977 Hanc
2322 2937 2541 2993 quoque
2569 2924 2806 2980 caelestis
2851 2926 2976 2980 vita:
3000 2925 3253 2980 duritiam
3278 2935 3416 2980 ,tam
3466 2927 3522 2981 in

1929 3012 2098 3068 verbo
2116 3055 2134 3083 ,
2159 3028 2319 3083 quam
2350 3015 2403 3069 in
2432 3016 2543 3072 vita
2572 3017 2747 3072 nostri
2770 3016 3152 3090 Redemptoris
3182 3018 3520 3090 agnovimus.

1929 3106 2089 3177 232
2133 3105 2193 3162 Si
2228 3120 2360 3177 ergo
2400 3106 2469 3162 ad
2496 3122 2763 3163 summam
2793 3117 2994 3164 nostrae
3033 3108 3349 3164 eruditionis
3378 3110 3525 3180 aspi-

1930 3198 2134 3264 cimus,
2181 3197 2277 3253 ﬁlii
2316 3196 2696 3269 Redemptoris
2719 3215 2925 3256 sumus.
2956 3198 3121 3254 Pater
3151 3213 3280 3270 ergo
3315 3210 3521 3268 noster,

236 3303 353 3359 alta
378 3302 697 3373 despiciunt.
746 3300 1013 3372 Quidquid
1046 3303 1189 3357 enim
1214 3302 1271 3357 in
1301 3303 1409 3359 hoc
1431 3304 1627 3360 saeculo
1656 3305 1827 3361 altum

1936 3288 2167 3345 dimissis
2194 3288 2378 3355 asinis,
2408 3289 2669 3345 sollicitus
2698 3299 2782 3347 est
2804 3306 2902 3361 pro
2934 3290 3122 3357 nobis;
3151 3290 3274 3360 quia
3293 3290 3525 3347 Redem-

236 3396 503 3462 cernitur,
533 3410 641 3449 non
671 3401 756 3449 est
780 3409 908 3450 vera
936 3395 1182 3461 altitudo,
1214 3395 1312 3451 sed
1352 3394 1530 3462 fovea,
1557 3411 1677 3467 qua:
1712 3413 1830 3453 om-

237 3505 363 3555 nes,
390 3503 525 3559 quos
555 3488 609 3542 in
635 3502 731 3542 sua
760 3488 1054 3542 ambitione
1075 3488 1288 3554 recipit,
1322 3487 1389 3541 ad
1419 3486 1627 3542 inferna
1657 3488 1829 3559 depo-

238 3582 343 3637 nit.
373 3580 492 3635 Alta
524 3593 651 3649 ergo
680 3578 859 3634 saeculi
889 3579 1019 3635 viris
1046 3578 1417 3648 spiritualibus
1449 3578 1687 3644 vitanda,
1719 3594 1829 3634 non

235 3671 545 3744 appetenda
570 3681 724 3742 sunt,
751 3671 877 3743 quia
900 3686 967 3726 ex
988 3671 1204 3726 occulto
1230 3684 1290 3725 se
1317 3670 1588 3739 aperiunt,
1614 3678 1670 3726 et
1691 3684 1830 3738 quos

235 3763 579 3819 absorbendo
620 3764 907 3833 recipiunt,
958 3762 1025 3817 ad
1081 3760 1291 3816 inferna
1343 3761 1665 3831 perducunt.
1714 3759 1830 3817 Viri

236 3870 373 3925 ergo
397 3855 701 3926 spirituales
728 3854 911 3910 foveas
947 3853 1185 3919 saliunt;
1212 3852 1338 3924 quia
1364 3852 1491 3907 dum
1513 3866 1573 3908 se
1600 3866 1699 3923 per
1726 3867 1831 3910 cat-

234 3949 383 4005 leste
409 3948 733 4004 desiderium
761 3948 990 4017 erigunt,
1024 3954 1239 4002 terrena
1265 3953 1639 4001 contemnunt.
1672 3944 1831 4001 Velut

238 4041 394 4097 enim
429 4041 552 4097 visis
599 4041 769 4097 foveis
815 4040 1012 4095 saltum
1042 4040 1190 4106 dant,
1241 4038 1456 4110 quando
1506 4046 1567 4094 ut
1611 4047 1831 4095 terrena

236 4143 627 4202 contemnant,
660 4134 728 4189 ad
755 4141 960 4189 aeterna
994 4133 1136 4189 bona
1172 4132 1603 4204 concupiscenda
1632 4147 1694 4188 se
1719 4131 1831 4187 ele-

234 4235 390 4283 vant.
433 4224 492 4281 In
520 4225 748 4281 meridie
775 4240 905 4295 ergo
935 4223 1118 4282 ioveas
1146 4224 1376 4291 saliunt;
1422 4224 1547 4293 quia
1573 4224 1829 4281 sacculum

236 4334 353 4375 non
383 4326 609 4389 possunt
651 4325 1025 4383 contemnere,
1070 4316 1172 4371 nisi
1200 4315 1294 4384 qui
1331 4316 1541 4386 plenam
1572 4315 1743 4371 lucem
1774 4322 1834 4370 et

235 4411 495 4467 ardorem
522 4426 769 4481 superna:
793 4410 1072 4465 charitatis
1102 4410 1326 4464 habent.
1370 4408 1519 4464 Tunc
1543 4422 1672 4478 ergo
1701 4407 1832 4462 Saul

235 4510 465 4559 unctum
489 4514 519 4556 a
551 4501 777 4558 Domino
805 4502 859 4557 in
890 4500 1189 4572 principem
1215 4514 1275 4555 se
1295 4498 1582 4567 intelligat,
1612 4496 1831 4569 quando

234 4594 330 4651 isti
362 4595 461 4651 sibi
488 4593 703 4650 dicent:
738 4592 971 4648 Iuventa:
1004 4599 1122 4646 sunt
1153 4592 1349 4656 asinaz,
1387 4596 1513 4661 quas
1540 4587 1828 4661 quwrebas.

1933 3388 2060 3452 ptor
2082 3388 2268 3437 noster
2290 3381 2370 3435 sic
2395 3382 2511 3436 vult
2528 3397 2628 3437 nos
2656 3397 2901 3453 quaerere
2925 3382 3155 3437 salutem
3179 3382 3434 3449 alienam,
3468 3391 3527 3437 ut

1934 3488 2045 3527 non
2077 3472 2408 3541 negligamus
2429 3480 2693 3528 nostram.
2725 3472 2874 3540 Vult,
2906 3482 2965 3527 ut
2985 3480 3248 3528 vocentur
3273 3482 3527 3543 peccato-

1934 3576 2025 3617 res
2054 3561 2121 3615 ad
2150 3561 2550 3632 paenitentiam,
2579 3561 2673 3616 sed
2710 3577 2817 3616 non
2846 3560 2962 3617 vult
3008 3568 3068 3616 ut
3095 3569 3320 3631 pereant
3354 3561 3391 3616 ii
3428 3562 3522 3633 qui

1934 3651 2083 3723 ipsos
2104 3660 2422 3723 peccatores
2444 3661 2662 3709 vocant.
2694 3652 2840 3721 Vult,
2869 3660 2931 3709 ut
2950 3667 3246 3709 conversus
3269 3664 3528 3723 peccator

1931 3744 2219 3814 justitiam,
2241 3759 2402 3815 quam
2431 3761 2540 3800 non
2569 3744 2780 3814 habuit,
2806 3744 3002 3800 habeat
3022 3762 3036 3809 ;
3059 3743 3155 3799 sed
3176 3758 3285 3798 non
3314 3744 3450 3812 vult,
3467 3751 3528 3800 ut

1929 3835 2109 3907 justus
2136 3851 2259 3893 eam
2287 3851 2450 3907 quam
2481 3836 2666 3904 habet,
2689 3834 2913 3906 justitize
2939 3836 3170 3905 palmam
3197 3835 3411 3905 perdat.
3434 3834 3526 3891 ln-

1935 3932 2204 3989 termissis
2226 3946 2357 4002 ergo
2385 3933 2553 3989 asinis
2572 3942 2673 4004 pro
2694 3932 2805 3989 lilio
2832 3933 3099 3990 sollicitus
3121 3940 3226 4003 est,
3248 3935 3374 4004 quia
3400 3950 3531 4005 prae-

1937 4026 2209 4083 dicatores
2250 4040 2379 4080 suos
2426 4024 2542 4079 vult
2588 4023 2656 4079 ad
2704 4025 2895 4080 horam
2925 4024 2995 4079 ab
3027 4024 3256 4079 aliorum
3298 4024 3531 4081 sollicita

1935 4115 2239 4172 intentione
2258 4116 2561 4185 quiescere,
2584 4123 2644 4169 ut
2671 4114 2772 4168 sibi
2788 4114 2918 4185 ipsis
2945 4128 3043 4184 per
3057 4114 3295 4183 quietem
3312 4114 3530 4171 valeant

1934 4209 2127 4264 melius
2149 4206 2453 4279 providere.
2485 4207 2554 4261 Et
2573 4206 2695 4276 quia
2720 4206 2837 4275 ipsa
2861 4204 3173 4261 sollicitudo
3203 4214 3402 4260 sancta:
3431 4204 3526 4262 Eo-

1937 4300 2117 4356 clesiae
2145 4316 2175 4355 a
2212 4301 2359 4355 bono
2385 4306 2601 4354 rectore
2646 4296 2972 4352 resumenda
3008 4305 3111 4364 est,
3154 4297 3526 4353 intermittitur

1934 4391 2090 4462 quies
2130 4398 2347 4456 nostra;
2385 4388 2511 4459 quia
2547 4387 2807 4458 praevenit
2835 4387 2977 4443 hanc
3017 4386 3322 4442 sollicitudo
3360 4388 3527 4457 prior,

1937 4482 2231 4536 comitatur
2271 4478 2562 4551 posterior.
2592 4476 2809 4533 Electus
2847 4492 2980 4547 ergo
3006 4476 3329 4548 praedicator
3372 4485 3541 4535 vacet

1936 4570 2157 4626 utilitati
2202 4569 2542 4625 subditorum
2562 4611 2577 4636 ,
2620 4575 2777 4624 vacet
2811 4584 2952 4636 sure;
2978 4568 3072 4623 sed
3101 4570 3180 4624 sic
3203 4584 3313 4624 sua:
3342 4584 3529 4625 curam

232 4687 493 4744 Inventas
518 4687 717 4757 quippe
745 4685 925 4739 asinas
952 4682 1081 4737 Saul
1111 4682 1319 4751 dicunt,
1344 4659 1560 4751 quando
1590 4679 1657 4733 ad
1685 4678 1833 4733 colli-

1936 4661 2156 4729 babeat,
2187 4667 2248 4714 ut
2266 4659 2450 4714 statim
2480 4660 2547 4715 ad
2578 4675 2718 4724 eam,
2741 4674 2904 4729 quam
2933 4659 3155 4727 deserit,
3186 4660 3417 4715 alienam
3449 4674 3529 4715 re-

232 4777 417 4849 genda
438 4778 738 4832 animarum
765 4776 912 4832 lucra
938 4774 1192 4829 idoneum
1216 4779 1461 4828 cernunt.
1486 4770 1651 4838 Quasi
1674 4770 1832 4826 aliter

234 4871 389 4927 dicat
415 4887 429 4924 :
461 4868 700 4925 Electum
726 4875 778 4923 te
798 4882 829 4922 a
849 4867 960 4921 Deo
982 4866 1037 4921 in
1057 4864 1413 4919 ministerium
1436 4860 1835 4932 praedicationis

232 4977 355 5019 non
382 4960 449 5015 ab
478 4958 785 5015 hominibus
810 4956 1033 5022 credas,
1058 4955 1104 5009 si
1133 4954 1209 5008 illi
1244 4954 1349 5008 hoc
1378 4953 1445 5009 de
1473 4960 1530 5007 te
1567 4950 1829 5017 indicant,

232 5054 337 5125 qui
364 5053 488 5108 dum
516 5052 614 5107 Dei
642 5050 835 5122 spiritu
857 5048 1003 5121 pleni
1026 5055 1170 5112 sunt,
1195 5061 1313 5118 qua:
1340 5046 1549 5111 dicunt,
1587 5060 1697 5098 non
1727 5044 1832 5099 hu-

232 5162 426 5212 mana,
456 5144 555 5201 sed
578 5144 758 5200 divina
784 5158 905 5199 esse
931 5138 1255 5197 sentiuntur.
1278 5138 1413 5207 Quia
1435 5153 1563 5209 ergo
1586 5137 1653 5193 de
1675 5138 1833 5194 nobis

232 5254 357 5297 non
401 5238 593 5306 nobis,
640 5237 737 5293 sed
780 5235 936 5291 nobis
973 5233 1287 5290 melioribus
1334 5230 1666 5287 credendum
1718 5238 1831 5299 est,

232 5338 370 5404 apte
409 5329 537 5385 Saul
574 5345 604 5383 a
633 5329 762 5384 viris
790 5329 845 5383 in
887 5328 1115 5383 meridie
1144 5340 1366 5397 magnas
1410 5322 1596 5380 foveas
1633 5325 1833 5381 salien-

233 5422 407 5487 tibus,
439 5435 497 5475 se
518 5436 548 5474 a
579 5419 808 5474 Domino
829 5427 1050 5474 unctum
1074 5417 1125 5471 in
1146 5417 1446 5489 principem
1468 5416 1827 5484 recognoscit.

234 5514 352 5572 Sed
380 5514 516 5570 alius
538 5522 621 5570 est
647 5530 676 5569 a
698 5528 806 5583 quo
833 5514 1071 5582 ungitur,
1095 5512 1185 5567 alii
1206 5514 1298 5581 qui
1321 5512 1494 5582 ipsam
1517 5510 1831 5565 unctionem

234 5624 272 5662 a
322 5608 550 5663 Domino
598 5623 722 5664 esse
766 5613 1122 5673 attestantur;
1173 5605 1299 5675 quia
1347 5620 1507 5660 omne
1554 5604 1831 5675 negotium

235 5710 447 5760 sanctae
477 5700 757 5765 Ecclesiae,
791 5700 932 5755 sicut
951 5697 1240 5755 collatione
1276 5706 1583 5753 sanctorum
1612 5704 1829 5767 patrum

237 5794 420 5865 magis
444 5794 725 5865 probatur,
756 5792 829 5847 ita
861 5797 917 5846 et
937 5790 1108 5858 magis
1134 5789 1418 5845 robustum
1447 5796 1547 5845 est.

320 5887 373 5944 5.
413 5887 579 5957 Quasi
615 5887 760 5947 enim
787 5886 998 5957 signum
1027 5897 1139 5942 suae
1165 5881 1433 5940 unctionis
1460 5882 1651 5941 beatus
1687 5880 1832 5939 Pau-

1938 4762 2158 4821 currat;
2187 4752 2314 4822 quia
2342 4760 2471 4807 tunc
2507 4751 2769 4809 Conditor
2806 4760 2994 4808 noster
3029 4768 3154 4820 nos,
3203 4753 3358 4823 quasi
3387 4752 3527 4807 filios

1935 4845 2129 4914 diligit,
2178 4859 2302 4901 cum
2349 4851 2405 4900 et
2440 4843 2685 4909 subditos
2728 4852 2981 4910 nostros,
3032 4852 3291 4912 tanquam
3335 4841 3528 4896 fratres

1937 4936 2230 5005 diligimus,
2262 4942 2318 4990 et
2346 4935 2519 5005 ipsum
2548 4934 2704 5004 quasi
2734 4943 2945 5005 patrem
2977 4950 3241 4999 amamus,
3274 4936 3401 4987 dum
3430 4947 3528 5002 per
3599 4994 3607 5001 ι

1937 5025 2189 5083 affectum
2220 5025 2599 5082 sollicitudinis
2620 5025 2734 5079 istis
2758 5025 3051 5095 jungimur,
3077 5032 3133 5080 et
3162 5024 3227 5079 ad
3259 5024 3407 5078 illum
3430 5039 3529 5094 per
3602 5030 3605 5033 '

1935 5119 2172 5190 quietem
2213 5127 2476 5184 nostram,
2527 5132 2691 5188 quam
2748 5116 2941 5185 diligit,
2994 5115 3149 5185 quasi
3198 5114 3266 5169 ad
3319 5122 3530 5185 patrem
3606 5102 3611 5119 ⁴

1934 5210 2272 5269 festinamus.
2306 5211 2432 5267 Haec
2461 5226 2694 5281 namque
2721 5209 2942 5264 dilectio
2978 5207 3179 5278 quietis
3210 5215 3409 5262 nostra:
3436 5222 3532 5261 ex-

1935 5304 2186 5377 primitur
2214 5305 2268 5359 in
2304 5303 2411 5360 hoc
2436 5342 2450 5369 ,
2483 5302 2627 5375 quod
2657 5302 2885 5359 dicitur:
2922 5297 3060 5365 Quid
3096 5300 3288 5371 faciam
3322 5299 3385 5352 de
3416 5297 3529 5368 ﬁlio

1935 5400 2089 5455 meo?
2114 5397 2230 5455 Hoc
2254 5397 2500 5469 profecto
2531 5406 2685 5469 pater
2711 5396 2863 5465 dicit,
2886 5396 2977 5467 qui
3002 5404 3190 5450 tenere
3215 5394 3381 5449 ﬁlium
3408 5393 3530 5450 dili-

1938 5503 2036 5573 git.
2067 5501 2182 5558 Hoc
2206 5502 2369 5571 igitur
2393 5517 2501 5557 non
2529 5500 2724 5556 dicitur
2751 5499 2819 5554 de
2847 5504 3113 5569 praesente
3140 5497 3272 5563 ﬁlio,
3301 5496 3395 5554 sed
3427 5496 3522 5553 ab-

1937 5605 2113 5653 sente.
2135 5596 2241 5653 Sed
2267 5598 2392 5667 quia
2419 5596 2657 5667 perditas
2679 5596 2860 5650 asinas
2881 5594 3049 5665 patris
3069 5594 3277 5663 quaerit,
3300 5593 3352 5649 ei
3373 5593 3529 5650 valde

1935 5691 2163 5748 dilectus
2192 5700 2308 5758 est;
2338 5690 2464 5761 quia
2492 5689 2585 5760 qui
2608 5696 2954 5758 peccatorum
2982 5687 3189 5742 animas
3208 5694 3529 5743 convertere

1936 5775 2279 5854 prtedicando
2321 5782 2534 5853 nititur,
2565 5769 2917 5853 Redemptoii
2954 5786 3143 5837 nostro
3166 5779 3278 5850 jam
3308 5778 3362 5833 in
3409 5792 3528 5830 ma-

1932 5889 2038 5949 gna
2063 5875 2328 5934 charitate
2354 5873 2663 5947 copulatur.
2693 5873 2799 5943 Qui
2825 5881 2975 5933 certe
2995 5886 3093 5945 per
3118 5869 3346 5928 aliorum
3368 5865 3525 5921 solli-
