4020 6344
469 302 577 361 9.85

1683 295 1927 363 SANCTI
1970 290 2293 349 cnceonu
2336 294 2553 369 uacui

3648 302 3767 361 984

468 414 761 473 citudinem
789 415 856 471 ab
895 426 962 470 eo
988 410 1146 487 quasi
1184 410 1349 482 longe
1377 417 1483 481 est,
1524 423 1623 483 per
1649 409 1897 480 quietem
1937 423 2067 463 con-
2097 412 2141 481 Α
2173 407 2371 481 quippe
2400 408 2623 464 veniens
2651 406 2831 467 lumen
2857 407 3263 485 interpretatur.
3305 409 3513 477 Lumen
3556 416 3765 475 etenim

469 509 860 582 templationis,
890 514 946 563 et
972 506 1222 563 allectum
1251 506 1513 562 orationis
1546 521 1732 576 prope.
1767 504 1904 572 Quia
1935 517 2065 573 ergo

472 621 573 660 nos
593 604 695 658 sibi
718 601 922 657 vicinos
951 615 1069 655 esse
1102 607 1157 654 et
1188 615 1283 668 per
1307 596 1841 667 contemplationem,
1868 604 1922 650 et
1944 612 2069 653 ora-

473 700 672 754 tionem
720 696 941 771 appetit,
971 694 1126 764 quasi
1156 692 1385 762 diligens
1412 702 1567 769 pater
1608 692 1775 745 dicit:
1812 690 1949 755 Quid
1979 692 2065 763 {a-

471 791 605 843 riam
632 789 696 843 de
724 788 835 859 ﬁlio
865 790 1013 841 meo?
1052 785 1215 854 Quasi
1245 784 1387 839 dicat
1412 802 1424 835 :
1472 783 1754 851 Quomodo
1784 784 2064 838 absentem

472 882 644 947 illum,
672 882 801 935 mihi
832 887 1152 950 praesentem
1184 877 1453 933 exhibebo
1476 877 1498 929 ?
1526 874 1662 943 Quia
1690 890 1821 930 vero
1865 875 2061 945 prmdi-

475 973 705 1028 cationis
734 979 932 1026 nostra:
955 968 1368 1024 sollicitudinem
1390 965 1569 1035 magni
1591 975 1790 1020 sancta:
1808 964 2063 1020 Ecclesia:

471 1065 568 1119 viri
589 1064 845 1132 laudant,
862 1062 958 1117 sed
974 1060 1351 1117 sollicitudinis
1373 1059 1701 1114 nimietatem
1734 1060 2061 1129 vituperant,

469 1157 545 1211 illi
570 1158 659 1226 qui
688 1156 933 1210 inventas
950 1154 1119 1225 patris
1140 1154 1319 1209 asinas
1336 1151 1536 1216 dicunt,
1554 1150 1837 1211 sollicitum
1858 1157 2063 1219 patrem

472 1262 570 1318 pro
598 1247 705 1303 ﬁlio
736 1255 1001 1302 asserunt.
1036 1244 1258 1314 Signum
1288 1258 1417 1312 ergo
1440 1258 1551 1298 suae
1576 1240 1845 1297 unctionis
1865 1254 2065 1310 cogno-

469 1356 622 1397 scere
665 1341 825 1396 electi
874 1346 1135 1408 possunt;
1183 1337 1308 1409 quia
1338 1338 1590 1391 nimirum
1640 1344 1769 1390 tunc
1799 1350 1827 1388 a
1858 1333 1967 1387 Deo
1997 1332 2066 1388 ad

469 1443 670 1491 sancta:
693 1433 947 1489 Ecclesiae
974 1433 1187 1488 culmen
1210 1430 1603 1501 perducuntur,
1627 1445 1746 1485 cum
1778 1444 1875 1499 per
1899 1426 2064 1481 verba

469 1538 525 1585 et
560 1528 802 1597 exempla
834 1524 1014 1580 idonei
1057 1530 1182 1578 sunt
1213 1522 1280 1577 ad
1310 1523 1538 1578 salutem
1584 1522 1845 1587 alienam,
1885 1528 1940 1573 ct
1969 1533 2067 1591 per

468 1620 707 1691 quietem
756 1615 987 1673 studiosi
1035 1614 1103 1670 ad
1148 1629 1333 1681 suam;
1383 1621 1437 1668 et
1480 1629 1603 1668 cum
1646 1620 1963 1683 peccatores
1995 1611 2063 1667 ad

442 1690 669 1768 caelum
709 1718 993 1783 qumrunt,
1024 1709 1346 1779 semetipsos
1382 1706 1449 1761 ad
1477 1705 1730 1761 sreculum
1761 1720 1869 1767 non
1899 1704 2066 1759 relin-

465 1811 659 1875 quunt.
685 1803 943 1873 Sequitur
971 1818 985 1855 :

542 1895 717 1969 (Vers.
747 1896 799 1961 3,
831 1894 911 1962 4.)
955 1892 1083 1947 Cum
1121 1892 1244 1947 inde
1273 1890 1485 1954 abieris,
1514 1898 1563 1943 et
1592 1889 1729 1942 ultra
1769 1888 2064 1953 transieris,

470 1999 522 2043 et
549 1990 748 2043 veneris
776 1986 843 2038 ad
863 2001 1103 2057 quercum
1132 1983 1358 2049 Thabor,
1382 1982 1640 2037 invenient
1663 1990 1710 2033 te
1731 1989 1831 2033 tres
1857 1978 1925 2033 ibi
1948 1980 2063 2045 viri,

472 2078 811 2135 ascendentes
830 2077 910 2129 ad
933 2075 1211 2129 Dominum
1240 2076 1295 2128 in
1326 2073 1522 2139 Bel/iet,
1554 2090 1687 2126 unus
1716 2081 1933 2143 portans
1963 2080 2065 2125 tres

471 2170 668 2235 hwdos,
704 2177 753 2223 et
778 2168 912 2221 alius
944 2176 1043 2220 (res
1073 2174 1235 2220 tortas
1257 2167 1431 2235 panis,
1464 2164 1661 2217 elatius
1684 2162 2063 2234 lagenamvini.

472 2260 700 2332 Cumque
746 2268 794 2312 te
834 2257 1194 2325 salutarerint,
1246 2254 1443 2309 dabunt
1484 2253 1572 2308 tibi
1612 2255 1741 2309 duos
1789 2270 1971 2325 panes,
2019 2262 2071 2307 et

471 2354 693 2425 accipies
723 2352 785 2405 de
813 2367 973 2405 manu
1002 2366 1199 2404 eorum.

546 2447 599 2501 6.
623 2446 755 2501 Cum
779 2446 916 2499 bene
933 2444 1194 2515 prolicere
1211 2442 1262 2497 in
1284 2450 1470 2497 sancta
1488 2440 1897 2495 conuersatione
1923 2439 2071 2494 volu-
2120 2450 2125 2453 '

476 2554 617 2605 mus,
639 2535 1004 2591 necessarium
1033 2535 1185 2588 nobis
1201 2541 1303 2598 est,
1330 2542 1386 2587 ut
1406 2532 1699 2586 electorum
1718 2528 2069 2599 plurimorum

479 2630 635 2686 nobis
665 2627 915 2697 exempla
960 2626 1307 2697 colligamus;
1341 2640 1463 2678 nam
1496 2632 1550 2678 et
1589 2638 1719 2693 apes
1742 2638 2074 2694 componere.

478 2723 640 2777 mella
670 2726 966 2789 nequeunt,
1008 2720 1050 2773 si
1082 2733 1144 2773 ea
1186 2718 1238 2772 in
1277 2714 1497 2771 ﬂoribus
1525 2715 1686 2769 variis
1731 2730 2071 2785 nequaquam

480 2815 681 2884 legunt.
714 2812 859 2868 Bene
881 2827 1009 2899 ergo
1038 2812 1165 2867 Saul
1193 2827 1222 2865 a
1248 2810 1375 2865 viris
1403 2809 1519 2864 aliis
1541 2809 1607 2863 ad
1636 2810 1771 2863 alios
1800 2808 2071 2879 pervenit;

479 2908 605 2978 quia
654 2905 902 2975 exempla
951 2913 1285 2971 sanctorum,
1335 2919 1443 2973 quo
1472 2903 1744 2972 copiosius
1780 2903 2072 2967 cernimus,

481 2998 676 3052 melius
692 2997 1002 3052 edocemur.
1024 2995 1206 3051 Flores
1224 2996 1421 3065 quippe
1440 3005 1761 3050 aeternorum
1785 2994 2072 3060 fructuum,

482 3097 610 3144 sunt
635 3102 799 3156 opera
822 3095 1151 3151 sanctorum,
1187 3101 1307 3155 qua:
1336 3086 1460 3140 dum
1484 3085 1701 3161 superni
1724 3086 1925 3139 amoris
1953 3099 2077 3139 rore

2172 500 2336 564 venit,
2367 500 2582 572 quando
2630 500 2818 557 electa:
2864 502 3030 561 menti
3086 518 3144 558 se
3193 505 3406 561 interna
3453 502 3767 569 Conditoris

2171 596 2386 650 claritas
2426 596 2619 667 aperit.
2672 595 2914 665 Quercus
2940 610 3068 665 ergo
3113 595 3329 659 Thabor
3359 597 3556 659 dicitur
3590 617 3605 654 :
3636 602 3766 672 quia

2170 696 2379 743 secreta
2412 689 2753 743 conversatio
2780 732 2794 759 ,
2839 698 3057 747 terrena
3096 688 3443 760 despiciendo
3473 692 3618 761 agit,
3653 707 3767 762 quo

2170 781 2409 841 intimam
2444 781 2755 841 Conditoris
2804 783 2980 847 lucem
3018 783 3215 853 clarius
3260 784 3499 855 aSpiciat.
3552 784 3767 842 Seereti

2169 889 2403 945 namque
2430 891 2633 940 sumus,
2661 876 2878 945 quando
2908 892 3097 939 sensus
3120 886 3337 933 nostros
3365 877 3417 934 in
3448 878 3542 936 Dei
3567 880 3769 935 timore

2170 958 2519 1020 custodimus.
2544 965 2610 1020 Et
2633 975 2761 1022 tunc
2785 967 2999 1038 quidem
3024 968 3245 1023 veniens
3266 971 3445 1025 lumen
3467 969 3765 1033 cernimus,

2170 1058 2291 1126 quia
2341 1074 2462 1113 cum
2510 1061 2649 1114 bene
2694 1046 2955 1129 reguntur
2999 1062 3239 1127 membra
3282 1063 3560 1132 corporis,
3592 1064 3768 1119 menti

2170 1158 2368 1204 nostra:
2417 1150 2718 1207 refunditur
2758 1152 2929 1223 gratia
2967 1152 3293 1209 Conditoris.
3340 1151 3403 1213 Et
3440 1153 3765 1221 notandum,

2170 1241 2293 1311 quia
2317 1241 2383 1295 ad
2404 1258 2659 1313 quercum
2690 1244 2906 1305 Thabor
2927 1244 3111 1299 venire
3140 1244 3355 1309 dicitur,
3388 1246 3477 1316 qui
3501 1262 3532 1300 a
3561 1247 3768 1301 salien-

2171 1334 2313 1387 tibus
2338 1333 2523 1389 foveas
2554 1335 2840 1390 sollicitum
2871 1351 2969 1407 pro
3012 1352 3071 1391 se
3118 1346 3326 1407 patrem
3370 1352 3489 1395 esse
3530 1337 3763 1399 sciebat.

2172 1425 2305 1479 Nam
2334 1426 2710 1495 prredicatores
2735 1437 2935 1483 sanctae
2966 1427 3219 1483 Ecclesiae
3258 1427 3575 1499 plerumque
3598 1430 3769 1485 virtu-

2173 1524 2255 1571 tes
2285 1518 2523 1583 lauelant,
2555 1519 2751 1591 quibus
2798 1520 2896 1590 ipsi
2926 1534 3121 1574 vacare
3170 1536 3273 1573 non
3324 1528 3572 1591 possunt.
3623 1519 3772 1576 Con—

2173 1610 2494 1680 templativze
2536 1609 2751 1680 quidem
2800 1611 2923 1664 vita:
2973 1618 3241 1666 secretum
3285 1610 3612 1685 prmdieant;
3670 1609 3768 1665 sed

2174 1699 2302 1754 dum
2333 1700 2551 1754 solliciti
2581 1708 2705 1754 sunt
2735 1715 2833 1770 pro
2856 1700 3191 1755 Subditorum
3222 1700 3488 1768 custodia,
3519 1700 3662 1755 illius
3688 1698 3772 1753 vi-

2100 1805 2148 1865 B
2176 1805 2243 1850 uc
2271 1795 2545 1849 adhaerere
2575 1795 2799 1849 secretis
2829 1795 3016 1849 vitam.
3059 1794 3222 1863 Quasi
3259 1810 3387 1864 ergo
3428 1792 3650 1849 Samuel
3684 1793 3769 1848 di-

2173 1898 2261 1945 cat
2293 1907 2305 1941 :
2340 1888 2449 1942 Viri
2497 1888 2571 1942 illi
2610 1888 2704 1942 tibi
2744 1888 3217 1959 contemplationis
3247 1888 3480 1943 studium
3512 1886 3767 1951 laudant;

2173 1983 2266 2038 sed
2297 1981 2421 2052 quia
2455 1980 2598 2052 quod
2629 1980 2879 2045 laudant,
2911 1989 3095 2034 tenere
3138 1996 3243 2039 non
3289 1987 3540 2051 possunt,
3569 1978 3622 2033 in
3654 1978 3772 2031 aliis

2173 2073 2519 2145 quazrendum
2546 2079 2645 2127 est.
2680 2071 2806 2127 lnde
2836 2086 2965 2143 ergo
2994 2071 3059 2125 ad
3082 2086 3341 2139 quercum
3359 2068 3578 2131 Thabor
3601 2078 3772 2124 trans-

2175 2166 2347 2234 imus,
2408 2163 2624 2234 quando
2654 2178 2682 2217 a
2720 2163 2920 2218 sanctis
2959 2161 3401 2235 praedicatoribus
3431 2159 3767 2230 contempla-

2179 2260 2299 2313 tiva:
2323 2258 2442 2311 vitae
2471 2257 2707 2312 studium
2739 2256 3005 2311 laudabile
3028 2257 3332 2319 noscimus;
3365 2254 3460 2309 sed
3483 2252 3771 2324 perfectio-

2178 2366 2300 2407 nem
2331 2350 2448 2419 ejus
2476 2351 2528 2404 in
2560 2350 2666 2404 illis
2692 2349 2978 2422 qumrimus
3001 2389 3015 2415 ,
3060 2348 3151 2429 qui
3182 2348 3248 2402 ad
3278 2362 3397 2401 eam
3423 2346 3773 2421 Spiritualiter

2179 2444 2486 2500 intendunt.
2541 2443 2675 2499 Tres
2722 2459 2852 2513 ergo
2889 2443 3019 2510 viri,
3062 2443 3154 2514 qui
3204 2451 3426 2497 unctum
3478 2456 3662 2513 regem
3706 2441 3774 2497 ad

2178 2552 2437 2608 quercum
2467 2534 2686 2591 Thabor
2715 2535 2996 2590 inveniunt
3019 2574 3033 2595 .
3068 2533 3189 2589 illos
3236 2534 3519 2603 designant
3547 2575 3560 2599 ,
3587 2533 3681 2607 qui
3717 2530 3773 2591 in

2179 2632 2616 2701 contemplativte
2656 2632 2781 2685 vita:
2829 2630 3007 2685 studio
3038 2630 3261 2701 perfecti
3292 2638 3435 2687 sunt.
3490 2612 3776 2697 Qui'bene

2180 2740 2286 2779 non
2320 2724 2545 2778 inveniri
2573 2738 2601 2777 a
2635 2737 2780 2792 rege,
2812 2723 2905 2776 sed
2944 2736 3124 2791 regem
3157 2722 3265 2776 illic
3302 2720 3547 2776 invenire
3586 2720 3772 2791 perbi-

2181 2815 2399 2870 bentur.
2435 2814 2549 2869 Non
2570 2815 2711 2869 enim
2744 2814 3122 2879 inveniuntur;
3154 2814 3278 2885 quia
3302 2812 3603 2868 absconditi
3630 2819 3770 2867 sunt.

2180 2908 2287 2979 Ipsi
2330 2924 2460 2963 vero
2508 2923 2607 2962 nos
2646 2906 2953 2975 inveniunt;
3003 2906 3127 2976 quia
3171 2905 3345 2962 lucem
3399 2921 3510 2960 sua:
3552 2915 3775 2960 secretae

2183 2999 2611 3056 conversationis
2637 2998 2794 3053 nobis
2846 2997 3120 3069 aperiunt,
3153 3012 3273 3053 cum
3315 2996 3624 3069 dignantur.
3658 2996 3778 3050 Non

2186 3092 2563 3158 inveniuntur;
2615 3090 2739 3162 quia
2784 3092 2949 3145 vitam
2988 3107 3139 3145 suam
3189 3090 3256 3144 ab
3304 3090 3450 3145 omni
3496 3088 3775 3144 hominum

485 3180 894 3251 perfunduntur,
928 3194 995 3234 ex
1017 3179 1095 3234 eis
1123 3180 1425 3250 carpimus,
1454 3177 1597 3243 unde
1619 3178 1684 3232 ad
1707 3186 1948 3233 nostram
1978 3178 2076 3237 do-
2102 3195 2149 3265 ς
2182 3183 2493 3238 testimonio
2521 3182 2791 3236 auferunt.
2816 3180 2921 3235 Sed
2957 3197 3057 3235 nos
3082 3181 3391 3245 inveniunt;
3423 3179 3548 3261 quia
3578 3196 3677 3251 per
3696 3178 3776 3234 af-

484 3274 750 3341 ctrinam,
794 3281 851 3328 et
897 3274 963 3329 ad
1010 3274 1238 3329 aliorum
1266 3272 1549 3328 utilitatem
1579 3271 1900 3343 repleamur.
1953 3271 2080 3327 Inde

485 3366 684 3422 etenim
716 3365 848 3433 abit,
874 3374 928 3421 et
952 3366 1088 3419 ultra
1119 3364 1310 3420 transit
1337 3363 1486 3430 Saul;
1520 3363 1738 3435 quando
1763 3363 1911 3423 rudis
1941 3377 2079 3433 pne-

484 3457 694 3514 dicator
715 3474 811 3528 per
830 3458 1126 3513 electorum
1146 3456 1391 3528 exempla
1415 3457 1644 3527 proiicit,
1668 3464 1720 3510 et
1741 3471 1770 3509 a
1793 3463 2081 3527 conspecta

487 3544 687 3605 virtute
720 3548 902 3611 unius,
939 3549 1003 3601 ad
1040 3548 1425 3619 explorandam
1465 3548 1684 3603 alterius
1716 3549 2084 3603 conversatio-

493 3654 616 3694 nem
641 3640 806 3694 vadit.
838 3639 1008 3705 Quem
1048 3654 1190 3709 smpe
1230 3639 1461 3693 delectat
1499 3638 1551 3691 in
1577 3639 1695 3692 aliis
1721 3640 1905 3693 mirari
1934 3639 2084 3696 labo-

491 3746 607 3785 rem
637 3730 1035 3801 prmtlicationis
1058 3768 1074 3794 ,
1108 3730 1265 3807 233
1299 3745 1440 3800 sazpe
1471 3730 1522 3783 in
1554 3729 1671 3786 aliis
1719 3728 2083 3784 fortitudinem

489 3819 621 3875 boni
668 3820 886 3889 operis;
923 3818 1042 3872 illos
1090 3818 1373 3887 loquentes
1418 3828 1723 3885 veneratur,
1783 3820 1913 3875 istos
1953 3835 2083 3890 ope-

492 3919 678 3967 rantes
705 3910 900 3964 imitari
928 3910 1133 3964 nititur.
1166 3908 1291 3964 lllos
1318 3910 1529 3979 aspicit,
1562 3925 1663 3978 qua
1688 3910 2084 3980 pulchritudine

493 4002 626 4060 foris
655 4003 911 4074 fulgeant,
940 4002 1165 4057 istorum
1195 4002 1539 4079 splendorem
1577 4018 1684 4057 non
1731 4004 1785 4058 in
1828 4005 2084 4061 exteriori

494 4098 937 4160 conversatione,
971 4095 1069 4150 sed
1109 4096 1164 4150 in
1204 4096 1391 4150 intima
1422 4106 1807 4166 perscrutatur.
1853 4095 2003 4151 Unde
2031 4106 2088 4151 et

494 4191 635 4246 bene
661 4207 782 4245 cum
806 4188 1023 4255 transit,
1057 4187 1122 4242 ad
1153 4203 1410 4257 quercum
1442 4186 1659 4243 Thabor
1687 4190 1871 4244 venire
1902 4189 2083 4265 perbi-

494 4277 675 4334 betur.
706 4278 947 4344 Quercus
977 4278 1118 4331 enim
1149 4277 1400 4331 umbrosa
1430 4286 1511 4331 est
1536 4278 1715 4341 arbor,
1740 4286 1795 4333 et
1826 4277 1999 4332 fortis.
2029 4278 2087 4334 in

499 4386 605 4440 qua
636 4372 876 4440 profecto
904 4370 1099 4423 arbore
1121 4371 1385 4431 secretior
1408 4371 1746 4427 conversatio
1776 4380 2087 4427 sanctorum

498 4462 837 4531 exprimitur.
871 4460 1039 4529 llujus
1068 4475 1299 4530 namque
1327 4463 1754 4521 conversationis
1783 4464 1916 4532 viri,
1959 4462 2085 4521 dum

2185 3275 2383 3331 fectum
2412 3276 2693 3330 cbaritatis
2739 3275 2896 3330 nobis
2944 3274 3010 3345 ad
3054 3274 3369 3329 imitandum
3422 3274 3625 3343 aliquid
3672 3289 3778 3328 sua:

2187 3370 2318 3425 lucis
2368 3371 2681 3425 ostendunt.
2742 3369 2844 3437 Qui
2892 3370 3018 3424 item
3068 3368 3353 3425 imitandas
3380 3366 3610 3423 virtutes
3657 3382 3780 3423 suas

2186 3478 2295 3516 non
2329 3462 2627 3532 proferunt,
2660 3462 2762 3517 nisi
2804 3462 2887 3527 iis,
2919 3462 3012 3531 qui
3038 3477 3233 3533 magno
3263 3460 3534 3516 desiderio
3566 3476 3659 3515 eas
3680 3461 3777 3514 ob.

2184 3554 2360 3609 tinere
2424 3562 2479 3609 et
2535 3569 2790 3609 exercere
2841 3554 3253 3627 concupiscunt.
3308 3553 3465 3608 Prius
3507 3542 3639 3623 ergo
3684 3567 3779 3609 nos

2187 3653 2406 3715 oportet
2433 3644 2499 3700 ad
2526 3660 2783 3714 quercum
2814 3643 3029 3703 Thabor
3053 3645 3256 3710 venire,
3280 3653 3338 3698 ut
3364 3658 3393 3697 a
3417 3644 3545 3701 viris
3568 3643 3672 3703 illis
3690 3643 3780 3697 tri-

2186 3738 2287 3793 bus
2316 3738 2593 3791 valeamus
2621 3737 2867 3791 inveniri.
2913 3735 3045 3791 Nam
3075 3736 3219 3789 velut
3244 3734 3355 3813 jam
3386 3736 3439 3788 in
3472 3734 3665 3789 umbra
3692 3749 3779 3788 ve-

2186 3830 2384 3885 nientis
2442 3828 2656 3883 luminis
2709 3844 2928 3893 smnus,
2984 3828 3244 3899 quando“
3300 3827 3505 3897 magnis
3561 3840 3780 3882 summa:

2187 3919 2659 3989 contemplationis
2689 3917 2969 3973 desideriis
3000 3918 3413 3973 inﬂammanmr.

2261 4012 2311 4064 '7.
2357 4012 2508 4066 Tunc
2550 4025 2678 4079 ergo
2720 4010 2875 4064 nobis
2916 4019 3026 4065 tres
3058 4011 3154 4065 viri
3195 4019 3460 4082 apparent
3493 4029 3505 4063 :
3536 4010 3664 4080 quia
3694 4011 3783 4079 qui

2188 4117 2249 4158 se
2287 4104 2443 4157 nobis
2485 4102 2916 4157 desiderantibus
2939 4102 3228 4170 dignantur
3255 4102 3574 4170 ostendere,
3602 4103 3654 4156 in
3686 4119 3781 4157 cu.

2190 4198 2365 4251 stodia
2394 4195 2681 4250 locutionis
2704 4235 2716 4258 ,
2745 4194 3087 4264 cogitatioois
3129 4202 3183 4248 et
3222 4194 3399 4261 operis
3439 4194 3607 4248 fortes
3638 4202 3779 4248 sunt.

2190 4291 2322 4347 Nam
2354 4290 2664 4347 secretioris
2690 4290 2813 4344 vita:
2844 4304 2964 4345 esse
2994 4305 3101 4345 non
3123 4294 3378 4359 possunt,
3403 4289 3448 4343 si
3479 4290 3783 4355 oculorum,

2196 4384 2379 4440 cordis
2400 4392 2453 4438 et
2489 4384 2598 4438 oris
2627 4383 2763 4438 ostia
2795 4392 2983 4453 aperta
3009 4381 3329 4437 tenuissent.
3363 4380 3496 4449 Quia
3538 4395 3669 4451 ergo
3698 4397 3785 4435 cor

2192 4476 2261 4530 ab
2308 4476 2488 4545 inepta
2518 4473 2845 4543 cogitatione
2866 4515 2880 4541 ,
2907 4488 2968 4528 os
2999 4472 3065 4528 ab
3092 4474 3268 4533 otioso
3309 4488 3595 4536 sermone,
3629 4470 3785 4549 235

501 4554 569 4609 ad
599 4554 868 4608 exteriora
900 4568 1065 4625 opera
1104 4553 1291 4608 activze
1310 4553 1434 4608 vita:
1464 4569 1569 4607 non
1600 4562 1817 4620 exeunt,
1849 4555 2000 4628 quasi
2033 4556 2086 4611 in
2114 4569 2166 4637 ι)
2193 4576 2365 4623 totum
2408 4582 2606 4639 corpus
2633 4581 2663 4621 a
2695 4578 2875 4637 prava
2904 4566 3225 4640 operatione
3274 4566 3588 4621 custodiunt
3609 4608 3623 4630 ,
3680 4572 3783 4617 tres

499 4644 691 4699 umbra
720 4652 874 4709 sunt;
906 4644 1031 4713 quia
1077 4644 1325 4699 incendia
1366 4645 1723 4700 tentationum
1752 4647 1951 4701 sentire
1978 4663 2086 4701 non

421 4790 429 4809 ,
501 4744 748 4809 possunt.
782 4737 915 4803 Quia
942 4738 1085 4792 enim
1107 4738 1162 4793 in
1192 4737 1397 4793 ccelesti
1421 4738 1690 4795 desiderio
1722 4741 2085 4815 requiescunt,

404 4824 427 4871 τ’
503 4842 611 4897 quo
641 4826 853 4895 longius
874 4828 1041 4883 amoti
1070 4836 1194 4885 sunt
1222 4828 1291 4884 ab
1318 4844 1503 4885 amore
1529 4831 1732 4898 mundi,
1766 4846 1830 4885 eo
1861 4840 1914 4887 et
1938 4832 2091 4903 quie-

507 4921 674 4976 tiores
704 4930 925 4975 manent
964 4922 1015 4976 in
1047 4924 1234 4985 umbra
1279 4924 1562 4994 refrigerii.
1614 4922 1720 4979 Sed
1747 4925 1933 4980 umbra
1978 4927 2091 4983 [nec

502 5010 658 5065 fortis
686 5020 769 5067 est
798 5014 1035 5080 arboris,
1068 5016 1192 5085 quia
1233 5017 1573 5070 conversatio
1600 5026 1913 5072 sanctorum
1940 5029 2091 5075 tanto

504 5101 736 5157 validius
774 5110 989 5161 terrena
1034 5106 1293 5177 despicit,
1323 5114 1526 5177 quanto
1554 5113 1741 5178 purius
1768 5110 1818 5163 in
1852 5126 2092 5166 amorem

499 5196 803 5253 caelestium
827 5201 1014 5269 surgit.
1047 5200 1222 5259 Fortis
1262 5209 1345 5256 est
1377 5200 1571 5267 etiam,
1602 5203 1725 5272 quia
1770 5204 1949 5258 saeculi
1992 5205 2090 5259 ad-

497 5304 654 5343 versa
693 5296 945 5359 potenter
986 5291 1251 5358 tolerant,
1281 5292 1372 5361 qui
1413 5292 1525 5347 sola
1568 5294 1804 5350 caelestia
1826 5337 1840 5360 ,
1869 5309 1987 5363 quze
2014 5274 2093 5350 vi-

502 5378 657 5447 dent,
687 5390 889 5436 amant.
924 5380 987 5437 Et
1008 5382 1130 5452 quia
1156 5384 1208 5437 in
1235 5396 1427 5451 magno
1456 5383 1657 5438 lumine
1687 5385 1881 5439 interni
1914 5387 2093 5455 Splen-

505 5467 654 5524 doris
683 5480 828 5540 sunt,
857 5475 947 5543 qui
989 5483 1203 5529 terrena
1246 5474 1513 5545 respicere
1542 5491 1638 5545 per
1666 5492 1907 5532 amorem
1936 5479 2087 5534 dedi-

500 5569 755 5633 gnantur,
786 5580 1019 5635 quercus
1062 5565 1177 5635 ipsa
1220 5565 1438 5622 Thabor
1466 5583 1585 5659 esse
1612 5568 1826 5624 dicitur.
1874 5569 2091 5628 Thabor

571 5793 602 5823 ⁸
640 5782 903 5849 Cassam.
934 5797 988 5843 et
1015 5785 1214 5852 Vatic.,
1246 5790 1420 5860 magni
1445 5805 1690 5861 summie,
1717 5798 1822 5853 etc.

2195 4672 2355 4727 sunt;
2389 4661 2485 4716 viri
2515 4670 2714 4727 autem,
2747 4659 2873 4730 quia
2902 4657 3466 4715 eamdem'custodiam
3496 4655 3783 4711 fortissime

2196 4754 2503 4810 observant.
2528 4751 2661 4807 Tres
2687 4765 2816 4820 ergo
2843 4750 2943 4805 viri
2975 4750 3127 4804 nobis
3166 4756 3427 4818 apparent
3458 4764 3471 4800 :
3503 4748 3633 4821 quia
3666 4762 3783 4805 cum

2196 4845 2332 4903 tales
2372 4843 2640 4901 cernimus
2661 4887 2675 4911 ,
2708 4844 2761 4898 in
2803 4842 2881 4898 eis
2930 4840 3095 4895 robur
3123 4839 3335 4894 virtutis
3364 4838 3657 4892 intuemur.
3688 4834 3783 4900 Qui

2200 4946 2347 4992 certe
2372 4936 2423 4990 in
2454 4935 2643 4993 umbra
2666 4933 2932 4989 venientis
2961 4938 3085 4986 sunt
3133 4928 3379 4994 luminis;
3433 4927 3561 5001 quia
3605 4926 3787 4981 videre

2200 5025 2471 5089 internam
2524 5025 2699 5083 lucem
2737 5020 3046 5077 Conditoris
3097 5026 3247 5074 tanto
3291 5018 3491 5074 clarius
3541 5022 3784 5087 possunt,

2200 5127 2403 5189 quanto
2425 5116 2716 5179 studiosius
2739 5114 2995 5170 mundum
3017 5128 3112 5167 cor
3140 5126 3170 5165 a
3200 5109 3384 5165 mundi
3414 5109 3785 5179 inquinatione

2203 5209 2528 5264 custodiunt.
2560 5207 2777 5262 Talibus
2807 5204 3027 5276 quidem
3055 5218 3085 5257 a
3122 5200 3351 5257 mortuis
3376 5212 3667 5267 resurgens
3696 5214 3788 5267 ap-

2200 5300 2379 5379 paruit
2416 5299 2673 5355 Dominus
2693 5338 2707 5364 ,
2751 5297 2889 5351 tales
2918 5294 3146 5365 replevit
3182 5292 3414 5363 Spiritus
3442 5297 3685 5346 sanctus.
3714 5285 3791 5341 De

2201 5390 2293 5447 illo
2319 5395 2515 5448 etenim
2542 5400 2754 5455 secreto
2776 5391 2971 5447 dicitur
2994 5406 3007 5442 :
3034 5388 3156 5443 Cum
3180 5403 3294 5441 sero
3315 5394 3447 5440 esset
3467 5400 3577 5437 una
3602 5380 3792 5437 sabba-

2198 5494 2385 5553 torum,
2418 5492 2467 5539 et
2496 5486 2632 5555 fores
2653 5489 2820 5538 essent
2852 5484 3075 5548 clausae,
3100 5480 3185 5533 ubi
3214 5485 3361 5532 erant
3392 5475 3633 5547 discipuli
3661 5488 3789 5545 pro-

2193 5586 2310 5653 pter
2344 5584 2532 5635 metum
2576 5575 2880 5631 Judazorum
2911 5572 3092 5648 (Joan.
3118 5588 3209 5640 xx,
3243 5569 3353 5642 19).
3404 5570 3472 5625 Et
3520 5580 3736 5623 rursum
3770 5581 3787 5616 :
