4020 6344
229 337 336 396 285

1055 345 1124 404 IN
1163 348 1428 410 rerum!
1462 349 1703 442 necuit
1741 356 2256 446 exposuimus.
2291 395 2365 412 —
2400 370 2530 431 ue.
2569 373 2656 434 tv.

3403 393 3510 456 εδδ

224 455 360 576 ,εἴτε
408 454 518 510 dies
564 460 680 563 octo
716 456 925 576 iterum,
948 469 1100 568 aaut
1140 464 1381 576 discipuli
1419 468 1528 542 ejus
1572 471 1742 540 intus,
1771 481 1824 538 et
1843 478 1900 550 Α
1925 482 2014 542 tur
2040 486 2221 544 autem
2264 481 2406 552 Deus
2432 500 2532 558 per
2567 490 2883 570 speculum,
2925 497 3271 574 cognoscitur
3297 454 3512 576 per—se-

231 547 450 603 Thomas
481 565 593 602 eum
614 551 708 616 eis,
732 552 869 607 venit
893 553 1043 609 Jesus
1068 555 1249 628 junuis
1275 560 1488 624 clausis,
1520 573 1569 618 et
1597 567 1738 619 stetit
1762 567 1816 623 in

155 627 163 644 ί
227 639 414 705 medio,
447 648 499 694 et
528 642 660 696 dixit
684 642 758 698 eis
787 660 805 698 :
844 643 961 700 Pax
986 627 1143 702 vobis.
1187 648 1262 704 De
1306 653 1412 708 alio
1442 653 1570 719 item
1603 666 1814 714 secreto

213 731 485 801 scriptum
524 741 608 788 est
639 752 652 787 :
682 733 818 789 Dum
865 740 1242 809 complerentur
1290 743 1397 799 dies
1446 745 1810 818 Pentecostes,

223 833 372 879 erant
400 842 576 881 omnes
601 828 842 900 discipuli
871 832 1066 906 pariter
1091 835 1147 890 in
1176 836 1354 898 eodem
1395 839 1536 904 loco,
1569 850 1618 896 et
1645 845 1814 916 factus

222 927 297 973 est
320 928 528 990 repente
573 921 637 974 de
682 923 808 978 caelo
855 941 1012 994 sonus
1062 927 1381 998 advenientis
1421 934 1632 1004 spiritus
1660 936 1811 990 velte—

221 1012 437 1079 mentis,
477 1019 527 1065 et
553 1014 763 1084 replevit
806 1025 965 1071 totum
994 1017 1221 1088 domum,
1252 1021 1336 1096 ubi
1361 1032 1510 1092 erant
1555 1025 1808 1089 sedentes.

223 1102 290 1158 Et
314 1123 604 1177 apparuere
639 1109 742 1186 illis
784 1111 1069 1184 dispertita:
1114 1115 1334 1192 linguae,
1369 1128 1611 1192 tanquam
1639 1123 1808 1198 ignis,

220 1198 451 1270 seditque
479 1217 634 1281 super
676 1205 904 1280 singulos
948 1225 1143 1282 eorum,
1171 1222 1218 1264 et
1249 1213 1433 1284 repleti
1476 1225 1596 1278 sunt
1633 1233 1811 1273 omnes

223 1288 423 1360 Spiritu
451 1303 630 1349 sancto
666 1297 802 1370 (Aet.
828 1314 885 1366 ιι,
914 1299 988 1372 1).
1019 1299 1242 1370 Clausas
1265 1305 1483 1374 quidem
1500 1306 1694 1378 januas
1721 1309 1812 1364 ba-

218 1378 376 1447 bent,
408 1383 499 1462 qui
531 1396 719 1460 contra
751 1387 968 1464 humani
1001 1390 1182 1478 lapsus
1225 1396 1600 1468 negligentiam
1631 1399 1807 1463 officia

217 1474 492 1550 corporis,
532 1478 632 1536 sub
670 1478 794 1548 forti
824 1474 1066 1550 custodia
1121 1486 1308 1552 stricta
1359 1489 1611 1553 retinent.
1660 1490 1808 1548 Intus

216 1566 376 1621 etiam
402 1576 557 1642 sunt;
586 1571 712 1640 quia
742 1572 797 1626 in
826 1573 1037 1650 interna
1067 1576 1358 1642 dilectione
1399 1595 1646 1652 superna:
1682 1583 1806 1639 vita:

212 1657 573 1728 requiescunt.
609 1661 812 1728 Quibus
840 1663 1084 1743 profecto
1108 1653 1396 1740 resurgens
1431 1657 1690 1735 Dominus
1717 1689 1808 1754 ap-

210 1760 397 1834 paret,
429 1754 553 1824 quia
603 1756 723 1832 ejus
778 1758 1004 1844 gloriam
1061 1769 1212 1836 tanto
1255 1765 1454 1836 clarius
1509 1767 1800 1849 aspiciunt.

1917 568 2114 670 ipsum.
2147 570 2252 636 Per
2292 576 2572 646 speculum
2592 568 2723 648 hic,
2754 598 2850 656 per
2873 568 3224 668 semetipsum
3340 592 3504 660 coelo.

1917 661 2210 736 Speculum
2234 683 2363 730 vero
2392 679 2475 726 est
2503 671 2594 736 illa
2622 674 2738 744 lux,
2771 693 2932 750 quam
2963 663 3171 746 habitat
3197 661 3367 754 Deus;
3393 689 3510 764 ipse

1918 765 2100 822 autem
2130 759 2222 823 lux
2245 758 2353 827 illa,
2382 778 2500 834 quae
2529 764 2644 838 ipse
2669 775 2753 832 est
2781 768 2835 841 (I
2858 769 2978 828 Cor.
3007 789 3123 846 xui,
3147 774 3260 847 i2).
3292 758 3505 852 Moyses

1915 859 2094 912 autem
2124 853 2216 923 qui
2260 853 2399 913 facie
2428 857 2495 912 ad
2537 857 2729 920 faciem
2768 861 2936 920 Deum
2966 865 3148 930 videre
3184 868 3408 938 dicitur,
3451 879 3506 938 et

1915 939 2035 1036 eius
2052 940 2242 998 faciem
2262 944 2328 1006 ad
2350 947 2635 1010 videndum
2659 953 2934 1030 postulare
2962 955 3158 1029 (Exod.
3182 975 3366 1030 xxxiii,
3387 961 3501 1036 15),

1914 1034 2047 1128 quid
2061 1037 2258 1098 rectius
2285 1037 2548 1109 designat,
2573 1057 2734 1113 quam
2765 1047 3151 1128 perfectionem
3181 1034 3500 1120 electorum,

1912 1123 2003 1194 qui
2027 1123 2136 1195 iam
2168 1128 2447 1200 speculum
2484 1130 2628 1194 illius
2655 1123 2878 1198 summa;
2907 1136 3040 1214 lucis
3069 1138 3376 1218 intuentur.
3405 1142 3503 1206 sed

1915 1225 2091 1276 tamen
2122 1220 2190 1276 ad
2221 1221 2391 1291 ipsam
2420 1222 2554 1286 lucis
2578 1225 2861 1298 veritatem
2885 1230 3190 1308 pertingere
3212 1233 3499 1310 vei-remen-

1913 1319 1994 1366 ter
2024 1311 2279 1388 cupiunt?
2322 1312 2431 1378 Ista
2473 1315 2686 1387 quidem
2729 1319 2963 1390 cognitio
3019 1321 3153 1385 lucis
3200 1322 3499 1386 electorum

1911 1401 2175 1458 desideria
2218 1405 2418 1461 satiare
2451 1423 2561 1464 non
2602 1407 2785 1474 novit,
2818 1411 2913 1468 sed
2947 1414 3215 1480 excitare;
3247 1413 3336 1490 illa
3367 1429 3497 1478 vero

1912 1503 1968 1550 et
1992 1497 2215 1562 satiare,
2246 1505 2301 1552 et
2329 1498 2588 1560 excitare.
2619 1499 2751 1556 Nam
2783 1510 2892 1558 tam
2912 1501 3147 1572 jucunda
3179 1519 3264 1566 res
3294 1513 3406 1572 est,
3438 1511 3497 1562 ut

1909 1586 2252 1652 ineiiabiliter
2281 1593 2729 1663 concupiscatur;
2755 1603 2811 1652 et
2840 1605 2948 1662 tam
2977 1597 3154 1670 plena,
3182 1607 3240 1664 ut
3268 1600 3360 1680 qui
3384 1600 3496 1671 iam

1907 1699 2124 1756 semper
2151 1687 2289 1752 hanc
2326 1687 2380 1746 in
2428 1703 2624 1759 magno
2666 1690 2935 1756 desiderio
2969 1693 3253 1763 viderunt,
3281 1709 3499 1768 semper

1907 1775 2165 1848 inetiabili
2209 1778 2547 1848 plenitudine
2590 1781 2874 1848 satientur.
2927 1782 3041 1850 Yiri
3089 1798 3250 1862 (περ,
3293 1785 3384 1864 qui
3428 1784 3500 1848 ad

211 1855 412 1948 quanto
441 1851 746 1956 permundi
773 1863 1141 1956 contemptum
1173 1860 1441 1938 passionis
1463 1861 1579 1939 eius
1606 1873 1801 1936 myste-
1832 1883 1881 1956 β
1905 1867 2191 1936 Dominum
2222 1871 2544 1942 ascendunt,
2575 1872 2629 1928 in
2663 1872 2853 1936 Bethel
2890 1851 3182 1946 ascendere
3211 1851 3493 1942 dicuntur;

208 1937 344 1992 rium
388 1941 643 2044 strictius.
669 1953 986 2044 sequuntur.
1040 1946 1107 2012 ili
1153 1950 1315 2014 etiam
1345 1937 1544 2024 repleri
1593 1955 1798 2028 Spiritu
1833 1937 1877 1956 Γ
1903 1963 2028 2033 quia
2077 1980 2198 2028 cum
2252 1937 2495 2022 multum
2530 1937 2589 2020 in
2641 1965 2743 2031 ista
2774 1967 2885 2032 vita
2935 1937 3282 2044 proﬁcimus,
3307 1969 3495 2030 videre

206 2036 418 2096 sancto,
450 2031 682 2114 quasi
713 2033 875 2104 domo
909 2029 1169 2114 possunt;
1223 2042 1350 2128 quia
1390 2043 1464 2098 illi
1499 2047 1801 2124 percipiunt

204 2119 552 2178 abundanter
579 2125 868 2206 gratiaer
916 2129 1034 2202 ejus
1078 2119 1270 2204 dona;
1299 2135 1392 2208 qui
1433 2119 1508 2204 ad.
1531 2153 1594 2200 ea
1622 2141 1796 2209 perci-

201 2211 408 2303 pienda
439 2230 576 2296 sese,
602 2217 825 2294 visibiiia
856 2227 1271 2297 contemnendo,
1302 2240 1651 2300 paraverunt.

269 2343 325 2404 8.
370 2344 476 2414 Qui
502 2347 640 2406 bene
667 2349 737 2406 ad
766 2351 1053 2414 Dominum
1079 2358 1134 2413 in
1162 2358 1354 2417 Bethel
1383 2364 1680 2420 ascendere
1709 2355 1792 2422 di-

199 2444 417 2498 cuntur.
473 2436 664 2510 Bethel
703 2443 906 2515 quippe
950 2446 1147 2503 dicitur
1188 2449 1382 2508 domus
1426 2453 1543 2509 Dei.
1591 2455 1792 2513 Domus

200 2540 330 2582 vero
386 2528 480 2585 Dei
529 2545 648 2601 qua:
678 2541 782 2599 est,
811 2536 913 2594 nisi
942 2537 1137 2596 domus
1165 2541 1254 2596 illa
1274 2583 1289 2609 ,
1334 2559 1494 2613 quam
1526 2546 1790 2603 inhabitat

199 2617 288 2676 lux
319 2620 738 2694 inaccessibilis?
768 2625 883 2700 Lux
906 2631 1070 2702 etiam
1114 2632 1502 2710 inaccessibilis
1549 2648 1666 2709 est,
1714 2658 1794 2698 re-

197 2713 395 2769 velatio
449 2716 741 2792 divinitatis
795 2721 932 2791 eius,
985 2723 1100 2798 Lux
1151 2727 1352 2806 quippe
1405 2739 1523 2797 est;
1580 2733 1705 2804 quia
1756 2749 1790 2795 a

198 2807 416 2880 mundis
456 2811 708 2882 cordibus
749 2816 1194 2890 qualitercnnque
1234 2820 1404 2888 videri
1434 2831 1633 2893 potest.
1669 2825 1789 2890 Ple-

193 2897 418 2990 pissima
474 2903 688 2982 quidem
742 2906 798 2966 in
849 2909 1143 2980 semetipsa
1194 2913 1368 2990 replet
1419 2916 1635 2982 omnia,
1691 2918 1789 2986 sed

192 2989 532 3058 abundanter
559 2997 773 3078 replens
800 2998 1052 3064 universa
1075 3042 1090 3069 .
1138 2989 1269 3068 non
1293 3005 1522 3075 capitur.
1566 3006 1790 3078 Capitur

189 3081 438 3150 quidem,
471 3095 528 3148 ut
563 3089 802 3168 repleat,
833 3091 930 3160 sed
969 3094 1186 3168 replens
1223 3113 1332 3164 non
1374 3099 1615 3168 capitur,
1666 3116 1788 3173 qua:

191 3173 416 3243 repletis
463 3179 745 3250 omnibus,
791 3197 898 3248 non
959 3185 1229 3262 expletur.
1281 3186 1562 3250 Revelatio
1607 3192 1789 3262 itaque

1901 2054 2070 2125 ipsam
2100 2055 2277 2116 lucem
2299 2055 2608 2120 Conditoris
2645 2073 2742 2134 per
2776 2057 3058 2130 speculum
3089 2075 3407 2138 possumus,
3433 2061 3488 2121 in

1899 2149 2129 2220 seipsam
2161 2158 2340 2210 autem
2380 2150 2601 2216 minime
2625 2151 2888 2208 valemus.

1973 2284 2024 2337 9.
2071 2281 2136 2337 Et
2177 2285 2302 2353 quia
2331 2283 2413 2352 fad
2459 2285 2598 2341 hanc
2650 2286 2932 2342 sublimem
2966 2286 3240 2343 visionem
3275 2287 3490 2343 nonnisi

1899 2375 2130 2432 humiles
2160 2376 2497 2441 exaltantur,
2531 2378 2671 2432 bene
2711 2377 2779 2433 de
2823 2379 3025 2435 eisdem
3063 2378 3195 2436 viris
3243 2378 3482 2434 dicitur:

1902 2465 2037 2532 Quia
2058 2484 2190 2522 unus
2226 2477 2328 2523 tres
2355 2468 2562 2537 Ittedos,
2595 2469 2729 2524 alius
2760 2478 2862 2524 tres
2889 2478 3051 2524 tortas
3081 2472 3233 2541 panis
3267 2468 3487 2542 ferebat.

1897 2559 2033 2615 Tres
2062 2559 2294 2629 denique
2322 2560 2508 2617 haedos
2537 2571 2736 2633 portat,
2769 2563 2860 2632 qui
2886 2577 3003 2633 ore,
3026 2562 3210 2633 corde,
3237 2571 3301 2617 et‘
3319 2577 3484 2633 opere

1896 2665 1956 2706 se
1984 2649 2276 2719 deliquisse
2316 2651 2631 2722 pmnitendo
2672 2653 2995 2709 considerat.
3030 2653 3164 2720 Quia
3211 2653 3354 2709 enim
3390 2669 3488 2724 per

1899 2739 2114 2806 haedos,
2146 2748 2461 2811 peccatores
2491 2744 2859 2813 signiﬁcantur
2881 2787 2898 2814 ,
2933 2746 2970 2800 ii
3007 2746 3098 2816 qui
3140 2747 3194 2801 in
3239 2753 3484 2802 extremo

1898 2833 2145 2888 examine
2172 2834 2240 2888 ad
2279 2834 2551 2892 sinistram
2581 2838 2770 2892 aeterni
2805 2837 3002 2907 judicis
3029 2838 3300 2893 statuendi
3329 2851 3451 2894 sunt
3470 2882 3485 2908 ,

1895 2920 2177 2999 haedorum
2208 2923 2429 2988 nomine
2453 2925 2848 2996 exprimuntur.
2880 2925 3012 2996 Tres
3041 2940 3170 2995 ergo
3199 2925 3384 2992 haedos
3417 2925 3484 2980 ad

1897 3013 2191 3082 Dominum
2217 3023 2422 3093 portat,
2451 3017 2544 3087 qui
2573 3026 2795 3088 peccata
2823 3019 3022 3090 operis,
3051 3017 3219 3084 verbi,
3253 3026 3308 3074 et
3332 3018 3482 3088 cogi-

1895 3105 2118 3170 tationis
2151 3107 2467 3178 ptenitendo
2507 3108 2853 3174 considerare
2895 3125 3003 3172 non
3041 3109 3254 3176 desinit.
3301 3109 3369 3172 Et
3405 3109 3487 3164 vir

1895 3200 2114 3272 quidem
2143 3209 2244 3268 est,
2277 3209 2334 3256 et
2375 3210 2553 3268 tamen
2599 3203 2784 3268 haedos
2827 3208 3038 3280 portat;
3079 3203 3202 3276 quia
3256 3216 3484 3276 peccare

191 3265 519 3338 Conditoris,
543 3274 669 3346 quia
700 3283 847 3347 tanta
872 3277 1204 3354 immensitas
1224 3281 1360 3347 lucis
1382 3292 1486 3354 εει,
1509 3292 1566 3344 ut
1588 3285 1784 3351 illumi-
1813 3269 1862 3332 (ἶ
1896 3265 2109 3358 fortiter
2131 3265 2308 3366 cavet,
2340 3293 2433 3356 sed
2462 3265 2617 3366 quasi
2656 3265 2911 3364 peccaior
2945 3265 3053 3350 non
3085 3265 3305 3352 desinit
3325 3293 3484 3350 satis-

189 3372 281 3431 pet
318 3367 538 3442 omnia,
567 3376 622 3432 et
662 3378 978 3446 angustatur
1014 3373 1067 3440 in
1115 3375 1293 3443 nullo;
1337 3375 1464 3442 dum
1496 3377 1706 3443 videtur
1731 3388 1788 3435 et

190 3468 296 3516 non
324 3458 825 3530 comprehenditur,
856 3461 947 3524 lux
969 3470 1051 3526 est
1071 3463 1477 3533 inaccessibilis.
1512 3465 1626 3524 Viri
1655 3483 1785 3537 ergo

187 3543 242 3617 hi
276 3558 390 3608 tres
415 3548 483 3614 ad
516 3547 801 3626 Dominum
837 3553 1184 3626 ascendunt;
1229 3556 1357 3628 quia
1384 3557 1474 3626 qui
1520 3573 1580 3634 se
1611 3557 1666 3612 in
1694 3574 1783 3622 se.-

188 3639 408 3714 cretiori
438 3639 549 3703 vita
577 3643 915 3716 custodiunt,
947 3644 1002 3708 in
1046 3645 1240 3712 divinae
1280 3647 1413 3714 lucis
1443 3650 1781 3720 contempla-

1897 3382 2098 3448 facere.
2142 3383 2274 3448 Nam
2317 3385 2398 3449 vir
2424 3393 2558 3453 erat,
2594 3393 2648 3442 et
2693 3384 2875 3452 haedos
2916 3384 3186 3455 portabat,
3216 3384 3307 3454 qui
3336 3385 3481 3440 dice-

1891 3474 2027 3540 bat:
2062 3475 2128 3542 In
2175 3476 2348 3532 multis
2395 3477 2705 3547 offendimus
2752 3493 2929 3540 omnes
2971 3475 3110 3548 (Jac.
3153 3492 3244 3546 ut,
3284 3477 3364 3548 2).
3415 3475 3484 3538 Et

1890 3569 2018 3642 quia
2039 3576 2283 3644 peccata,
2307 3584 2427 3640 qua:
2451 3569 2798 3636 confitentur.
2813 3569 2994 3634 delere
3023 3569 3336 3640 paenitendo
3361 3576 3476 3642 63t-

1886 3669 2056 3735 aguynt
2090 3678 2103 3715 :
2139 3677 2280 3724 unus
2324 3670 2434 3725 tres
2461 3660 2668 3730 haedos,
2702 3663 2838 3728 alius
2867 3677 2997 3726 vero
3028 3670 3135 3728 tres
3169 3671 3340 3724 tortas
3375 3679 3474 3735 pa-

187 3729 334 3802 tione
364 3731 747 3800 sublimantur.
779 3734 888 3804 Sed
924 3737 1052 3810 quia
1090 3739 1158 3794 ad
1191 3740 1364 3811 ipsam
1400 3739 1496 3802 Dei
1533 3741 1784 3810 omnipov

189 3825 354 3888 tentis
381 3827 620 3905 speciem
652 3829 828 3896 adhuc
847 3832 1153 3902 pertingere.
1180 3848 1287 3900 non
1319 3842 1571 3904 possunt.
1596 3835 1650 3898 in
1675 3835 1780 3902 Ber-

1888 3752 1974 3809 nis
2000 3760 2201 3824 portat.
2232 3751 2428 3816 Tortas
2455 3754 2653 3824 quippe
2675 3755 2827 3824 panis
2855 3755 3102 3824 superius
3132 3755 3200 3812 ad
3228 3753 3480 3812 aﬂlictio-

1885 3860 2010 3912 nem
2040 3847 2371 3918 paenitentia:
2409 3847 2721 3916 retulimus;
2763 3847 2888 3917 quia
2926 3847 2969 3910 si
3001 3847 3156 3918 panis
3184 3847 3474 3918 aliquando

186 3916 297 3992 thel
326 3920 618 3994 ascendere
646 3922 912 3992 dicuntur,
943 3925 1211 3997 Quidquid
1240 3932 1385 3990 enim
1423 3929 1491 3986 de
1521 3931 1776 4002 omnipoa-
1882 3916 2300 4004 delectationem
2321 3939 2603 4010 presentis
2629 3940 2751 3998 vitae
2777 3916 3234 4010 signiﬁcanpaﬂis
3255 3916 3476 4010 ttorque"

184 4018 338 4078 tents
372 4012 482 4080 Deo
527 4016 762 4082 humana
807 4033 958 4083 mons
1001 4027 1183 4090 potest
1209 4021 1471 4090 cogitare,
1502 4023 1644 4088 Deus
1668 4040 1778 4086 non
1883 4036 2006 4096 tur,
2040 4045 2164 4086 cum
2210 4045 2309 4101 pro
2351 4031 2620 4100 praeterita
2660 4031 2840 4096 carnis
2869 4029 3227 4092 delectatione
3265 4029 3472 4084 crucia-

181 4112 286 4160 est.
333 4103 438 4172 Sed
479 4105 606 4176 dom
651 4109 942 4178 cogitando
989 4121 1184 4170 cuncta
1236 4115 1602 4182 transcendit,
1649 4115 1778 4174 dum
1883 4137 2024 4178 mur.
2084 4119 2239 4176 Unde
2290 4131 2345 4176 et
2395 4138 2491 4184 rex
2537 4120 2791 4184 Ezechias
2831 4136 2952 4185 cum
2993 4119 3300 4190 Pmnitendo
3330 4135 3473 4176 οοηισ

182 4197 438 4270 quidquid
469 4207 650 4270 potest
677 4202 881 4267 intimae
904 4204 1069 4272 lucis,
1097 4205 1359 4277 quidquid
1394 4207 1620 4265 internae
1653 4224 1779 4264 sua-
1880 4211 2153 4292 pungitur,
2177 4212 2566 4278 delectationes
2590 4211 2764 4279 regias
2782 4225 2842 4268 se
2874 4217 3138 4278 turturum
3171 4208 3461 4280 promittit.

179 4290 362 4353 vitatis
385 4300 443 4346 et
481 4292 805 4368 dulcedinis,
845 4297 1102 4369 quidquid
1136 4299 1430 4370 spi‘ritualis
1459 4300 1776 4378 delectatio-
1881 4290 2066 4370 dicens
2097 4322 2110 4358 :
2139 4304 2456 4376 Recogitabo
2485 4318 2659 4362 omnes
2703 4302 2811 4366 dies
2840 4318 2976 4368 meo;
3019 4302 3074 4366 in
3123 4301 3471 4368 amaritudine

181 4383 266 4440 nis
291 4383 396 4444 sibi
428 4382 664 4454 ﬁngere,
687 4387 866 4450 minus
890 4389 982 4446 illa
1025 4405 1145 4448 esse
1184 4392 1452 4456 creditur,
1485 4393 1552 4448 ad
1583 4408 1776 4462 quam-
1879 4399 2070 4456 animus
2098 4413 2225 4461 metu
2255 4395 2412 4466 (lsai.
2444 4410 2664 4461 xxmn,
2699 4393 2809 4463 15).
2857 4392 3083 4464 Quando
3120 4395 3318 4463 etenim
3347 4411 3471 4452 car-

179 4473 302 4538 dam
329 4475 506 4541 lucem
537 4484 716 4541 tamen
755 4480 1032 4550 pervenit,
1074 4496 1194 4552 qua":
1220 4499 1330 4539 non
1365 4491 1450 4538 est
1477 4483 1648 4550 Deus,
1679 4484 1776 4540 sed
1882 4489 2020 4549 nalis
2049 4504 2200 4550 mens
2244 4489 2295 4546 in
2330 4489 2500 4558 culpae
2536 4485 2928 4554 delectationes
2964 4488 3281 4555 resolvitur,
3316 4489 3486 4562 quasi

178 4581 342 4636 quam
369 4568 638 4642 inhabitat
663 4570 826 4632 Deus.
859 4571 927 4632 Et
949 4574 1075 4644 quia
1115 4583 1243 4631 tunc
1273 4575 1434 4631 electi
1463 4576 1642 4631 anima
1674 4576 1776 4631 mi-
1877 4581 2018 4646 diem
2071 4580 2264 4655 habet;
2312 4579 2440 4648 quia
2485 4578 2590 4642 hoc
2635 4578 2782 4650 quod
2829 4579 2970 4650 alit,
3009 4581 3255 4644 lmtanter
3299 4581 3466 4646 videt.

177 4656 424 4712 rabiliter
450 4656 843 4728 inﬂammatur,
883 4663 1200 4728 mirabiliter
1237 4663 1503 4732 reficitur,
1535 4665 1783 4724 inetl'abi-
1807 4671 1858 4734 υ
1886 4671 2011 4728 Dies
2039 4685 2169 4740 ergo
2192 4671 2386 4736 mentis
2415 4671 2659 4741 reprobus
2705 4680 2832 4736 sunt
2859 4671 3246 4736 delectationes
3288 4673 3461 4730 malae.

177 4745 303 4813 liter
333 4748 692 4817 delectatione
727 4752 944 4826 fruitur,
973 4757 1214 4828 cogitare
1240 4758 1586 4830 compellitur
1613 4775 1777 4831 quam
1879 4761 2078 4826 Omnes
2105 4775 2235 4830 ergo
2265 4763 2384 4826 dies
2409 4778 2538 4828 suos
2580 4774 2836 4834 peccator
2861 4765 3160 4834 recogitat;
3190 4766 3314 4834 quia
3343 4779 3464 4826 cum

175 4838 462 4906 ineﬂabilis
508 4844 633 4912 lus,
671 4845 926 4916 dulcedo,
966 4857 1022 4904 et
1051 4849 1339 4906 delectatio
1363 4851 1463 4918 sit,
1503 4865 1623 4920 qua:
1660 4852 1778 4922 ipse

175 4941 275 4999 est,
308 4933 359 5000 si
390 4942 500 5002 tam
537 4936 799 5006 immensa
829 4939 920 5006 lux
942 4949 1025 5002 est
1052 4940 1166 5010 illa,
1198 4955 1359 5011 quam
1388 4941 1685 5012 inhabitat,
1714 4952 1770 5006 et

176 5038 286 5094 non
313 5033 400 5092 est
424 5025 560 5096 ipse,
587 5028 666 5094 Ad
701 5028 986 5094 Dominum
1017 5031 1218 5102 quippe
1241 5032 1295 5095 in
1325 5031 1516 5094 Betbel
1557 5032 1768 5104 Moyses

174 5117 531 5187 ascenderat,
565 5120 780 5191 quando
809 5137 930 5178 cum
973 5137 1040 5180 eo
1083 5124 1136 5190 in
1190 5132 1376 5192 monte
1423 5124 1763 5195 loquebatur.

176 5205 283 5264 Sed
310 5209 402 5279 qui
424 5209 493 5274 ad
519 5211 692 5278 lucem
721 5224 1080 5288 pervenerat,
1110 5231 1274 5287 quam
1304 5217 1566 5282 inhabitat
1593 5218 1764 5288 Deus,

172 5299 389 5365 lucem,
423 5318 544 5374 qum
594 5305 710 5375 ipse
770 5305 912 5372 Deus
964 5317 1117 5378 erat,
1169 5311 1482 5380 quaerebat,
1535 5310 1761 5376 dicens:

180 5390 414 5460 Ostende
432 5395 558 5456 milii
589 5397 775 5468 faciem
805 5408 945 5466 tuam
976 5398 1172 5476 (Exod.
1203 5418 1390 5469 xxxur,
1411 5400 1525 5472 15).
1555 5402 1632 5458 De
1657 5419 1766 5474 quo

172 5483 341 5544 etiarn
388 5486 648 5558 scriptum
693 5497 809 5568 est,
841 5491 998 5561 quia.
1042 5491 1367 5566 Loqueba'ur
1393 5495 1564 5568 Μουδί
1603 5497 1762 5570 235

179 5570 444 5630 Dominus
472 5577 610 5650 facie
632 5579 700 5632 ad
721 5581 910 5656 faciem
938 5579 1150 5652 (Ibid.).
1191 5583 1325 5651 Quid
1357 5593 1479 5654 est,
1509 5587 1652 5656 quod
1681 5585 1764 5641 fa:

170 5663 260 5719 cie
283 5664 355 5718 ad
386 5663 574 5730 faciem
613 5668 827 5742 Moyses
861 5688 983 5734 cum
1027 5673 1254 5730 Domino
1299 5677 1563 5754 loquitur,
1595 5688 1650 5742 et
1682 5689 1764 5734 ta-

174 5771 313 5822 men
347 5756 634 5828 Dominum
671 5762 949 5834 obsecrat,
992 5771 1052 5826 ut
1092 5765 1284 5828 faciem
1319 5783 1470 5836 suam
1506 5769 1765 5832 Dominus

172 5849 476 5920 ostendat?
503 5852 611 5922 Sed
638 5853 804 5924 facies
828 5853 923 5924 Dei
943 5856 1180 5937 cognitio
1200 5857 1316 5936 eius
1345 5868 1445 5928 est.
1477 5857 1765 5934 Cognosci-

1879 4871 1980 4927 per
2009 4855 2242 4922 divinam
2282 4856 2509 4927 gratiam
2539 4857 2842 4928 resipiscit,
2873 4856 3186 4923 satisfacere
3215 4871 3313 4926 pro
3343 4854 3466 4912 uni.-

1877 4947 2047 5004 versis
2075 4946 2229 5016 malis
2260 4961 2368 5009 non
2413 4945 2630 5012 desinit.
2688 4945 2847 5009 Prius
2893 4947 3036 5012 enim
3084 4946 3280 5011 dicitur
3319 4960 3460 5002 unus

1873 5045 2092 5109 portare
2121 5047 2231 5100 tres
2257 5038 2474 5104 haedos,
2510 5037 2703 5105 deinde
2748 5038 2883 5103 alius
2933 5047 3044 5102 tres
3075 5045 3246 5104 tortas
3273 5037 3459 5107 panis;

1873 5138 1933 5186 ut
1971 5130 2129 5186 electi
2159 5129 2421 5201 cujusque
2447 5130 2618 5192 virtus
2663 5137 2953 5202 appareat,
2995 5129 3087 5198 qui
3116 5128 3270 5195 tortis
3295 5138 3379 5192 est
3406 5131 3460 5189 in

1871 5222 2017 5280 bono
2046 5238 2231 5294 opere,
2260 5223 2476 5282 humilis
2507 5239 2603 5294 per
2627 5223 3038 5282 aestimationem
3061 5262 3077 5289 ,
3107 5220 3338 5278 amictus
3364 5237 3462 5292 per

1872 5319 2252 5385 contritionem
2284 5318 2630 5389 pmnitentite.
2663 5316 2730 5382 Et
2758 5316 2886 5388 quia
2915 5324 3077 5374 tantae
3107 5315 3454 5385 perfectionis

1874 5425 1993 5468 esse
2014 5418 2307 5480 nequeunt,
2340 5410 2444 5466 nisi
2474 5408 2563 5480 qui
2593 5425 2778 5466 amore
2815 5416 3142 5466 aeternorum
3164 5407 3456 5474 bonorum,
3515 5435 3526 5492 ς

1873 5501 2252 5570 temporalium
2283 5501 2436 5559 obliti
2478 5507 2632 5566 sunt,
2664 5501 2857 5562 tertius
2894 5501 3139 5569 lagenam
3166 5499 3277 5556 vini
3323 5515 3454 5571 por-

1868 5599 1987 5648 tare
2006 5593 2216 5650 dicitur.
2253 5591 2520 5663 Lagenam
2552 5593 2752 5664 quippe
2779 5593 2889 5648 vini
2928 5601 3136 5663 portat,
3167 5593 3257 5664 qui
3301 5609 3453 5650 men-

1869 5691 1977 5738 tem
2012 5683 2240 5754 replevit
2262 5685 2442 5740 calore
2467 5683 2697 5754 Spiritus
2723 5683 2923 5743 sancti.
2955 5698 3062 5754 quo
3090 5693 3148 5742 et
3181 5686 3452 5742 anteriora

1865 5774 2078 5831 fortiter
2099 5776 2366 5831 currendo
2393 5783 2647 5846 appetat,
2676 5782 2733 5831 et
2759 5789 2824 5830 ea
2846 5790 2967 5845 quae
2991 5784 3138 5832 retro
3177 5786 3319 5843 sunt,
3349 5791 3449 5832 ve-

1868 5863 1948 5920 lut
1973 5865 2026 5929 iu
2055 5877 2249 5934 magna
2277 5865 2557 5929 ebrietatis
2595 5864 2868 5924 oblivione
2909 5866 3266 5936 derelinquat.
3313 5865 3446 5921 Nam
