4020 6344
519 411 625 469 287

1716 395 1959 456 SANCTI
1993 390 2320 453 GREGORII
2358 391 2573 450 MAGNI

3672 391 3779 449 288

520 528 700 587 haedos
734 524 1006 598 portabat,
1034 521 1125 594 qui
1152 520 1361 577 dicebat
1392 536 1405 573 :
1463 516 1614 573 Venit
1654 515 1885 570 Christus
1924 524 2107 567 vocare
2128 516 2183 572 Α
2207 524 2341 567 sexu
2367 507 2615 565 foecunda
2653 514 2736 563 est
2762 506 3068 578 paenitentis
3105 504 3357 573 afﬂictio;
3399 505 3525 578 quia
3554 522 3664 577 quo
3684 522 3785 564 sar-

520 627 831 693 peccatores,
856 631 1069 688 quarunt
1098 614 1294 685 primus
1323 628 1416 683 ego
1440 626 1553 665 sum
1582 606 1636 678 (Ι
1663 606 1797 660 Tim.
1820 621 1857 667 ι,
1893 603 2003 674 15).
2034 600 2101 656 Ει

520 712 645 781 quia
666 711 827 765 etiam
859 717 1054 763 tortam
1084 706 1239 776 panis
1260 703 1531 774 portabat,
1561 700 1689 754 dicit
1715 697 1956 765 :Castigo
1985 712 2100 750 cor-

523 820 615 873 pus
639 820 825 869 meum,
848 810 897 856 et
921 803 976 855 in
1003 801 1292 854 servitutem
1320 797 1497 867 redigo
1529 794 1580 864 (l
1613 792 1731 848 Cor.
1759 809 1831 857 rx,
1859 790 1972 860 2'7).
1994 790 2100 844 Sed

523 894 676 965 quasi
724 893 996 962 amphora:
1034 891 1160 945 vino
1201 888 1383 944 ebrius
1405 929 1420 953 ,
1474 884 1601 941 dicit
1631 904 1643 939 :
1673 884 1799 948 Qua:
1826 893 1959 937 retro
1983 891 2104 935 sunt

524 985 839 1051 obliviscens,
867 984 935 1037 ad
964 1000 1026 1037 ea
1064 999 1179 1036 vero
1200 1020 1216 1048 ,
1250 996 1362 1051 qua:
1407 988 1524 1033 sunt
1570 979 1776 1047 priora,
1822 974 2101 1029 extendens

526 1079 795 1147 meipsum,
823 1077 891 1129 ad
921 1076 1234 1129 destinatum
1260 1089 1535 1145 persequor
1564 1072 1723 1142 236
1760 1070 1987 1123 bravium
2017 1085 2105 1121 su-

526 1184 703 1239 pernae
734 1168 1014 1221 vocationis
1044 1164 1161 1230 Dei,
1194 1166 1247 1218 in
1279 1162 1482 1217 Christo
1527 1161 1654 1217 Jesu
1688 1161 1851 1234 (Phil.
1882 1178 1961 1229 ιιι,
1987 1161 2102 1231 15).

528 1261 643 1316 Viri
672 1274 799 1329 ergo
826 1269 933 1314 tres
954 1258 1017 1312 ad
1045 1258 1326 1312 Dominum
1348 1255 1665 1320 ascendunt,
1690 1263 1743 1310 et
1766 1265 1873 1309 tres
1900 1254 2103 1318 luedos,

531 1358 589 1405 et
616 1358 726 1403 tres
755 1349 907 1419 panis
947 1356 1113 1403 tortas
1132 1388 1147 1413 ,
1179 1355 1233 1403 et
1256 1348 1364 1403 vini
1397 1348 1641 1415 lagenam
1670 1346 1916 1401 deferunt
1945 1365 1956 1398 :
1982 1346 2107 1416 quia

533 1442 838 1497 remotioris
862 1441 983 1495 vita:
1019 1429 1209 1495 studiis
1237 1439 1436 1505 dediti,
1482 1438 1547 1493 ad
1595 1439 2109 1509 contemplationem

534 1535 649 1590 veri
674 1534 889 1587 luminis
920 1540 1145 1600 surgunt
1173 1547 1239 1587 ex
1268 1533 1459 1587 merito
1483 1531 1818 1586 humilitatis.
1851 1530 1954 1584 Sed
1975 1546 2109 1601 qua-

530 1625 609 1681 les
632 1633 754 1682 suut
780 1626 833 1680 in
861 1640 942 1692 se,
966 1627 1150 1695 quales
1172 1640 1298 1679 vero
1326 1625 1433 1678 sint
1462 1624 1577 1679 aliis
1606 1624 1851 1694 exponit,
1882 1624 2065 1678 dicens
2091 1638 2106 1676 :

528 1718 752 1791 Cumque
776 1728 823 1772 te
849 1719 1212 1782 salutaverint,
1250 1716 1446 1770 dabunt
1482 1716 1571 1771 tibi
1601 1725 1702 1770 tres
1733 1725 1895 1770 tortas
1926 1716 2106 1786 panis,

529 1817 581 1866 et
602 1811 825 1880 accipies
854 1809 919 1863 de
951 1826 1107 1863 manu
1133 1824 1329 1863 eorum.
1368 1807 1613 1861 Salutant
1649 1822 1749 1861 nos
1776 1806 1876 1860 viri
1906 1806 2107 1869 sancti,

2201 602 2323 675 pius
2360 601 2588 673 quisque
2626 601 3000 670 compungitur
3022 642 3038 668 ,
3068 613 3134 655 eo
3168 610 3225 654 et
3272 599 3501 669 largiora
3531 600 3581 655 ei
3611 600 3783 672 lacry-

2201 708 2410 747 marum
2432 691 2629 745 ﬂuenta
2651 690 3037 745 ministrantur.
3070 688 3199 743 Saul
3228 702 3357 759 ergo
3386 705 3493 744 non
3523 706 3663 745 unus
3689 706 3787 761 pa-

2203 785 2307 847 nis,
2341 783 2436 839 sed
2463 782 2569 837 duo
2617 782 2843 847 dantur,
2872 781 2997 851 quia
3038 779 3167 836 ﬁere
3211 780 3550 851 prmdicatori
3590 799 3687 852 pro
3724 799 3786 841 se

2203 878 2321 934 solo
2346 892 2454 931 non
2483 874 2695 931 suﬂicit.
2737 874 2980 945 Accipiat
3014 888 3143 944 ergo
3184 874 3251 929 de
3276 874 3512 929 virorum
3543 876 3789 934 manibus

2204 967 2339 1022 duos
2378 981 2573 1037 panes;
2605 974 2665 1020 ut
2691 965 2939 1021 videlicet
2976 964 3106 1021 ﬂere
3146 966 3395 1036 exemplo
3422 966 3791 1036 perfectorum

2204 1058 2396 1121 discat,
2430 1058 2524 1112 sed
2564 1055 2748 1111 ﬂetum
2774 1057 3137 1112 necessarium
3164 1057 3286 1121 sibi,
3310 1066 3365 1112 et
3392 1073 3490 1127 pro
3519 1074 3579 1113 se
3608 1059 3794 1115 subdi-

2206 1150 2278 1205 tis
2306 1156 2677 1217 rccognoscat.
2704 1146 2773 1202 Et
2809 1148 2932 1217 quia
2961 1149 3015 1203 in
3044 1164 3205 1203 manu
3235 1148 3521 1216 aliquando
3550 1157 3795 1220 potestas

2208 1244 2491 1311 accipitur,
2521 1240 2621 1295 viri
2652 1249 2761 1296 tres
2789 1255 2957 1310 panes
2983 1240 3187 1295 habent
3232 1240 3288 1293 in
3331 1254 3523 1307 manu;
3551 1240 3677 1307 quia
3704 1241 3796 1311 qui

2210 1333 2452 1403 provecti
2483 1339 2606 1386 sunt
2635 1331 2688 1385 in
2730 1346 2906 1386 arcem
2938 1330 3410 1400 contemplationis
3433 1370 3448 1396 ,
3480 1330 3665 1386 ﬂetum
3694 1331 3794 1385 ha-

2209 1424 2341 1479 bent
2388 1424 2439 1477 in
2468 1423 2665 1477 virtute
2712 1422 3012 1493 potestatis.
3064 1422 3201 1489 Quia
3247 1423 3392 1479 enim
3434 1423 3627 1479 nolunt
3655 1439 3794 1479 vana

2212 1515 2396 1569 laetitia
2440 1514 2659 1569 dissolvi
2708 1530 2831 1571 cum
2880 1522 3137 1583 possunt,
3166 1521 3391 1584 possunt
3430 1514 3627 1569 merito
3668 1512 3799 1570 ﬂcre

2213 1623 2335 1664 cum
2361 1608 2567 1664 volunt.
2601 1606 2710 1664 Nos
2737 1608 2937 1679 quippe
2958 1606 3156 1662 inﬁrmi
3183 1615 3237 1663 et
3272 1608 3571 1663 custodiam
3596 1609 3800 1665 mentis

2212 1708 2412 1756 nostra:
2436 1700 2792 1770 negligentes,
2818 1700 2979 1755 etiam
3003 1716 3122 1755 cum
3154 1701 3441 1771 compungi
3462 1711 3518 1757 et
3547 1700 3679 1757 ﬂere
3704 1718 3801 1772 pro

2212 1792 2447 1864 peccatis
2488 1791 2686 1846 nostris
2713 1791 2963 1846 volumus
2986 1833 3009 1858 ,
3047 1806 3154 1846 non
3184 1791 3445 1847 valemus.
3492 1791 3630 1859 Quia
3660 1794 3802 1848 enim

532 1900 751 1970 quando
780 1900 933 1955 nobis
979 1899 1124 1955 bona
1164 1907 1365 1953 mterna
1417 1899 1601 1953 salutis
1640 1898 1978 1953 annuntiant.
2011 1898 2113 1966 Qui

2224 1901 2285 1942 ex
2312 1898 2506 1953 magno
2533 1883 2745 1939 fervore
2767 1884 3007 1955 spiritus,
3028 1884 3333 1950 spirituales
3361 1885 3515 1956 237
3549 1886 3805 1957 lacryma'.

532 2010 665 2051 vero
696 2009 794 2049 nos
818 2008 915 2065 per
938 2007 1135 2061 corpus
1162 1991 1418 2057 salutant,
1446 1999 1605 2061 caput
1627 1991 1919 2054 inclinant,
1944 2000 2003 2046 ut
2031 2007 2117 2046 re-

534 2084 835 2140 verentiam
866 2082 1113 2138 salutatis
1150 2082 1457 2137 exhibeant.
1490 2081 1631 2135 Viris
1660 2089 1839 2135 autem
1866 2081 2117 2151 spiritua-

533 2174 674 2229 libus
697 2180 859 2243 caput
885 2172 1163 2238 inclinare,
1189 2179 1272 2226 est
1304 2179 1540 2226 mentem
1570 2186 1601 2225 a
1634 2186 1844 2226 summa
1884 2179 2120 2226 contem-

535 2264 773 2335 platione
826 2262 1113 2333 deponere.
1170 2261 1301 2317 Nam
1355 2262 1401 2316 si
1455 2269 1616 2331 caput
1662 2276 1769 2316 non
1826 2261 2116 2327 inclinant,

534 2354 771 2410 salutare
817 2369 925 2409 non
968 2361 1194 2424 possunt
1225 2370 1238 2406 :
1272 2353 1397 2423 quia
1424 2368 1525 2408 nos
1561 2353 1783 2413 salutari
1817 2353 2119 2409 eruditione

536 2460 645 2500 non
670 2445 972 2508 instruunt,
1003 2444 1048 2498 si
1077 2453 1311 2498 mentem
1346 2458 1377 2497 a
1413 2458 1620 2497 summa
1661 2442 2120 2513 contemplatione

536 2532 838 2590 cmlestium
861 2548 967 2589 non
991 2531 1285 2602 deponunt.
1318 2531 1468 2588 Tunc
1505 2532 1650 2587 enim
1688 2532 1841 2589 nobis
1868 2546 2118 2601 magnam

537 2622 897 2680 reverentiam
946 2622 1205 2678 exhibent
1246 2638 1259 2675 :
1299 2622 1425 2691 quia
1471 2636 1597 2687 eos,
1652 2636 1750 2691 pro
1804 2622 1996 2691 quibus
2048 2622 2119 2677 ab

540 2715 651 2771 alto
672 2730 770 2770 suo
800 2714 1033 2771 culmine
1059 2713 1387 2770 descendere
1415 2712 1734 2784 dignantur,
1766 2728 1965 2787 parvos
2000 2729 2120 2770 esse

541 2821 651 2862 non
680 2814 886 2862 tenent.

612 2945 700 3000 10.
740 2944 847 2999 Sed
877 2943 1004 2999 dum
1033 2942 1241 3000 futurus
1278 2958 1374 2998 rex
1417 2944 1711 3009 salutatur,
1744 2942 1850 2999 duo
1876 2943 1927 2999 ei
1952 2957 2120 3013 panes

543 3038 867 3093 tribuuntur.
912 3037 1027 3091 Duo
1062 3037 1204 3090 enim
1233 3052 1401 3106 panes
1446 3037 1743 3092 ordinando
1781 3035 2120 3107 prtedicatori

542 3128 756 3193 dantur,
780 3126 997 3196 quando
1026 3128 1156 3181 ﬂere
1175 3127 1399 3182 docetur
1423 3136 1646 3198 peccata
1668 3144 1777 3183 non
1803 3128 1977 3183 solum
2001 3143 2117 3196 sua,

544 3221 639 3277 sed
658 3221 849 3275 aliena.
880 3219 1053 3274 Habet
1081 3233 1210 3288 ergo
1232 3234 1425 3289 panem
1465 3206 1629 3274 unum
1660 3227 1882 3286 tortum,
1906 3220 2120 3288 quando

2218 1976 2617 2049 producuntur,
2646 1975 2737 2046 qui
2782 1976 3121 2046 negligentia:
3171 1985 3370 2032 nostra:
3419 1976 3619 2047 frigore
3668 1994 3802 2034 con—

2219 2068 2569 2137 stringimur,
2614 2067 2941 2123 incalescere
2987 2068 3096 2123 cito
3133 2067 3201 2122 ad
3248 2068 3510 2139 lacrymas
3551 2070 3805 2141 prohibe‘

2218 2174 2359 2214 mur.
2403 2158 2547 2213 Bene
2577 2173 2706 2228 ergo
2733 2173 2903 2229 panes
2932 2159 2984 2213 in
3011 2160 3258 2215 manibus
3298 2160 3494 2215 habere
3534 2162 3802 2228 dicuntur,

2220 2253 2311 2322 qui
2335 2251 2401 2305 ad
2428 2266 2685 2321 quercum
2729 2249 2946 2305 Thabor
2970 2250 3151 2306 futuro
3178 2251 3293 2319 regi
3334 2266 3597 2322 apparere
3625 2254 3804 2323 perlue

2220 2343 2446 2407 bentur;
2498 2342 2623 2411 quia
2674 2341 2766 2410 qui
2812 2341 2869 2395 in
2910 2340 3367 2411 contemplatione
3410 2342 3534 2397 vita:
3584 2343 3803 2412 privata:
3872 2388 3875 2391 .

2221 2433 2449 2506 perfecti
2477 2441 2620 2502 sunt,
2643 2433 2852 2489 lucrum
2894 2433 3097 2490 habent
3122 2433 3457 2490 subditorum
3484 2450 3588 2507 pro
3616 2434 3805 2491 obser-

2221 2525 2441 2580 vatione
2468 2524 2746 2579 virtutum.

2294 2649 2381 2704 11.
2422 2648 2489 2703 Et
2534 2648 2851 2719 notandum,
2880 2649 3006 2720 quia
3036 2659 3200 2707 uncto
3228 2651 3341 2721 regi
3369 2651 3591 2709 Samuel
3620 2656 3809 2725 przeci-

2220 2746 2321 2818 pit,
2351 2746 2576 2801 dicens:
2606 2744 2676 2800 Et
2702 2748 2921 2817 accipies
2952 2746 3015 2801 de
3040 2763 3195 2801 manu
3222 2763 3415 2801 eorum.
3449 2746 3616 2817 Cujus
3643 2748 3808 2815 verbi,

2221 2854 2343 2907 quae
2373 2838 2563 2893 melior
2599 2838 2739 2893 ratio
2770 2838 2947 2908 colligi
2977 2846 3175 2908 potest,
3204 2853 3366 2907 quam
3394 2853 3458 2892 ea
3485 2853 3606 2909 qua:
3635 2840 3810 2910 palam

2222 2930 2647 2999 cerniturzquia
2689 2929 2941 2985 videlicet
2984 2930 3037 2984 in
3081 2930 3281 2985 sanctis
3307 2930 3434 2985 viris
3466 2930 3813 2989 afﬂictionem

2223 3035 2333 3077 non
2380 3021 2613 3076 libenter
2658 3020 3011 3075 aemulamur?
3041 3020 3173 3074 Nam
3202 3020 3295 3090 qui
3323 3020 3587 3077 honorem
3626 3024 3816 3094 prmia-

2225 3112 2409 3180 tionis,
2460 3121 2516 3167 et
2561 3112 2875 3181 dignitatem
2926 3114 3184 3180 ambiant,
3232 3114 3499 3169 innumeri
3536 3116 3816 3183 suntzqui

2224 3218 2354 3258 vero
2404 3202 2643 3257 laborem
2693 3202 2993 3268 ministerii,
3040 3210 3094 3257 et
3121 3202 3467 3257 aﬂlictionem
3518 3204 3700 3260 carnis
3748 3204 3815 3260 de

545 3328 645 3386 pro
674 3312 908 3382 peccatis
936 3311 1044 3365 suis
1067 3284 1336 3379 afﬂigitur,
1369 3309 1531 3365 habet
1554 3310 1737 3376 alium,
1761 3284 1975 3379 quando
1996 3312 2117 3364 sub-

2224 3294 2413 3349 eadem
2442 3294 2750 3365 prmlatione
2778 3301 3051 3365 appetant,
3086 3295 3263 3364 pauci.
3298 3294 3554 3349 Libenter
3596 3294 3814 3365 quidem

544 3402 778 3459 ditorum
806 3408 1030 3471 peccata
1056 3400 1310 3469 plangere
1340 3406 1584 3455 conatur.
1624 3398 1731 3453 Sed
1759 3408 1815 3453 et
1851 3398 1994 3453 hunc
2025 3414 2121 3468 pa-

548 3510 671 3551 nem
712 3493 994 3549 Psalmista
1024 3492 1219 3548 clarius
1248 3492 1545 3557 insinuans,
1578 3491 1654 3545 ait
1683 3508 1696 3544 :
1723 3489 1952 3561 Surgite,
1984 3500 2124 3561 post-

545 3603 697 3658 quam
726 3586 989 3649 sederitis,
1017 3585 1105 3656 qui
1146 3584 1471 3637 manducetis
1499 3600 1687 3651 panem
1728 3583 1921 3637 doloris
1951 3582 2122 3649 (Psal.

547 3691 725 3740 cxxvr,
751 3675 826 3744 2).
877 3672 1013 3729 Hinc
1056 3674 1283 3729 Domino
1334 3672 1641 3738 conﬁtetur,
1665 3673 1850 3727 dicens
1882 3671 2123 3727 :Cibabis

547 3784 641 3823 nos
668 3783 800 3837 pane
820 3766 1197 3835 lacrymarum,
1228 3773 1277 3817 et
1301 3774 1477 3836 potum
1516 3762 1661 3817 dabis
1689 3762 1833 3817 nobis
1861 3764 1917 3817 in
1950 3765 2123 3834 Iacry-

546 3857 644 3911 mis
672 3872 785 3909 cum
811 3870 1051 3909 mensura
1082 3853 1447 3924 (Psal.t.xx1x,
1473 3851 1550 3923 9).
1591 3850 1753 3909 Panis
1792 3868 1921 3922 ergo
1959 3862 2121 3918 torta,

544 3948 699 4019 panis
722 3955 805 4003 est
834 3946 1062 4013 doloris,
1092 3954 1147 4001 et
1183 3945 1338 4017 panis
1375 3945 1754 4017 lacrymarum.
1794 3944 2128 4002 Et-fortasse

547 4043 746 4100 idcirco
766 4042 858 4099 ille
882 4042 965 4097 vir
988 4056 1123 4096 unus
1154 4048 1263 4095 tres
1292 4039 1445 4110 panis
1476 4047 1646 4095 tortas
1680 4039 1926 4110 portabat
1958 4057 1970 4092 :
2000 4041 2125 4109 quia

545 4143 656 4191 tres
688 4142 872 4201 erant,
906 4133 995 4203 qui
1025 4131 1182 4187 simul
1208 4129 1519 4202 pergebant,
1548 4137 1605 4183 ut
1631 4144 1752 4185 cum
1788 4130 1927 4184 inter
1945 4146 2004 4185 se
2032 4145 2125 4185 eos

544 4226 883 4292 dividerent,
918 4224 1111 4293 singuli
1148 4222 1388 4292 singulos
1429 4238 1598 4294 panes
1644 4223 1924 4278 haberent.
1972 4224 2127 4290 Quod

547 4318 710 4373 etiam
737 4318 805 4371 de
828 4315 992 4370 haedis
1031 4315 1253 4384 intelligi
1280 4315 1665 4370 convenienter
1694 4322 1890 4383 potest.
1924 4314 2040 4381 Qua
2069 4316 2123 4371 in

548 4424 609 4465 re
637 4408 763 4480 quid
792 4408 1082 4462 notandum
1108 4416 1221 4471 est,
1251 4407 1353 4462 nisi
1393 4408 1517 4477 quia
1545 4407 1851 4462 remotioris
1868 4408 2002 4461 vita:
2029 4408 2126 4461 viri

549 4499 674 4555 dum
702 4499 1022 4567 singularem
1053 4499 1515 4553 conversationem
1550 4507 1735 4555 tenent
1757 4541 1773 4567 ,
1803 4500 2125 4557 sollicitudi-

550 4604 674 4643 nem
701 4589 927 4643 aliorum
972 4603 1080 4643 non
1119 4588 1358 4644 habent?
1393 4588 1567 4644 Unum
1618 4605 1747 4660 ergo
1795 4592 2040 4659 haedum,
2070 4601 2123 4647 et

2224 3383 2474 3438 volumus
2502 3399 2665 3453 super
2709 3383 2843 3437 alios
2889 3383 3188 3453 sublimari,
3220 3383 3312 3439 sed
3340 3399 3529 3439 eorum
3558 3385 3817 3454 plangere

2224 3483 2449 3544 peccata
2497 3475 2750 3529 vitamus.
2800 3472 2950 3529 Tunc
2996 3475 3138 3529 enim
3186 3490 3355 3546 panes
3399 3475 3555 3531 nobis
3604 3476 3817 3531 oblatos

2224 3566 2487 3634 videmus,
2517 3567 2611 3623 sed
2640 3558 2707 3623 de
2735 3567 2983 3622 manibus
3023 3566 3362 3624 oﬂ’erentium
3388 3568 3634 3640 recipere
3664 3569 3817 3624 nolu-

2225 3675 2347 3716 mus
2378 3676 2392 3715 :
2421 3661 2549 3730 quia
2601 3661 2655 3714 in
2704 3660 2891 3715 electis
2934 3660 3065 3715 viris
3110 3659 3454 3717 alﬂictionem
3502 3663 3815 3728 cernimus,

2225 3767 2387 3822 quam
2437 3768 2544 3806 non
2595 3751 2885 3806 imitamur.
2937 3749 3217 3823 Praecipiat
3243 3767 3372 3824 ergo
3414 3754 3704 3824 propheta,
3737 3754 3817 3809 di-

2226 3857 2356 3898 cens
2382 3860 2394 3896 :
2416 3843 2649 3911 Accipies
2679 3841 2742 3895 de
2781 3858 2937 3896 manu
2967 3859 3162 3897 eorum.
3210 3841 3280 3897 Ut
3325 3844 3415 3913 qui
3443 3842 3671 3900 idoneus
3699 3859 3815 3899 esse

2225 3934 2432 4004 appetit
2459 3941 2638 3987 rector
2666 3930 2939 3997 Ecclesiae,
2970 3931 3118 4003 quod
3146 3932 3351 3987 dictum
3396 3942 3498 3997 est,
3538 3949 3817 3989 assumere

2226 4039 2566 4094 nequaquam
2596 4024 2748 4077 vitet.
2781 4023 2926 4078 Bene
2966 4038 3181 4093 quoque
3226 4024 3354 4079 Saul
3400 4025 3551 4094 prius
3579 4025 3647 4080 ad
3674 4026 3817 4080 viros

2225 4115 2481 4170 salientes
2509 4129 2729 4184 magnas
2758 4115 2941 4169 foveas
2967 4114 3198 4181 ducitur,
3244 4115 3440 4171 deinde
3469 4116 3536 4171 ad
3564 4132 3677 4181 eos,
3724 4118 3819 4185 qui

2226 4224 2414 4280 panes,
2441 4208 2642 4271 bardos,
2691 4216 2747 4263 et
2788 4208 2971 4262 vinum
2998 4215 3218 4278 portant
3246 4226 3259 4261 :
3295 4217 3352 4263 ut
3379 4208 3529 4264 rudis
3556 4208 3817 4279 prtedica-

2227 4305 2313 4353 tor
2339 4298 2391 4352 in
2421 4298 2538 4351 aliis
2565 4298 2753 4363 discat,
2806 4297 2991 4353 surculi
3038 4297 3146 4353 alta
3192 4298 3489 4370 despicere,
3519 4308 3575 4354 et
3613 4300 3668 4353 in
3700 4300 3817 4354 aliis

2226 4388 2404 4444 carnis
2431 4388 2771 4453 aﬂlictionem
2794 4430 2810 4455 ,
2862 4397 2918 4444 et
2967 4388 3326 4460 lacrymarum
3372 4390 3577 4446 hostias
3605 4407 3708 4461 pro
3733 4406 3815 4459 se,

2226 4486 2282 4533 et
2329 4478 2555 4534 subditis
2593 4478 2948 4549 omnipotenti
2978 4478 3088 4535 Deo
3117 4480 3330 4535 offerre.
3378 4480 3486 4535 Sed
3537 4490 3594 4536 et
3643 4482 3817 4537 adhuc

2224 4568 2501 4639 profectus
2529 4569 2647 4639 ejus
2673 4585 2938 4625 summam
2969 4569 3243 4627 insinuans
3271 4573 3559 4643 propheta,
3588 4574 3816 4643 subjun-

550 4696 712 4735 unum
741 4696 934 4751 panem
961 4680 1183 4747 habent,
1213 4681 1304 4751 qui
1324 4698 1422 4752 pro
1441 4682 1569 4738 solis
1595 4655 1705 4739 suis
1727 4686 1962 4754 peccatis
1982 4655 2126 4739 com-
2152 4655 2206 4716 D
2228 4658 2326 4730 δίεν
2354 4660 2538 4715 dicens
2567 4676 2581 4713 ³

547 4779 876 4843 punguntur,
908 4779 963 4826 et
983 4771 1169 4827 alienis
1198 4788 1294 4842 per
1313 4774 1583 4843 pastorale
1607 4772 1842 4831 ofﬁcium
1873 4792 1980 4831 non
2004 4791 2125 4847 gra-

548 4873 763 4920 vantur.
812 4862 879 4917 Et
904 4865 1057 4935 quia,
1086 4864 1179 4935 qui
1207 4865 1449 4935 ejusdem
1476 4866 1728 4936 perfectae
1754 4870 2123 4925 conversatio-

548 4956 633 5011 nis
659 4963 818 5025 suut,
849 4956 902 5011 in
944 4956 1133 5027 seipsis
1165 4956 1509 5013 afﬂictionem
1553 4960 1731 5015 carnis
1774 4961 2122 5028 aemulantur;

548 5047 689 5104 bene
718 5058 825 5104 tres
850 5064 1015 5119 panes
1038 5064 1192 5114 unus,
1218 5057 1273 5103 et
1293 5048 1430 5104 alius
1459 5057 1568 5104 tres
1608 5049 1820 5118 haedos,
1852 5060 1906 5105 et
1936 5051 2124 5106 tertius

548 5138 657 5194 vini
704 5140 946 5207 lagenam
990 5148 1189 5210 portat.
1219 5139 1379 5195 Velut
1408 5142 1549 5196 enim
1576 5157 1711 5197 unus
1738 5149 1952 5211 portat,
1982 5142 2123 5211 quod

550 5231 779 5288 oblaturi
800 5274 815 5300 ,
845 5239 936 5285 aut
955 5230 1241 5286 comesturi
1278 5238 1402 5285 sunt
1429 5246 1642 5297 omnes;
1679 5240 1733 5286 et
1762 5248 1947 5288 omnes
1974 5248 2128 5287 man-

551 5324 748 5381 ducant
776 5324 858 5379 vel
901 5322 1148 5391 oﬂerunt,
1177 5323 1321 5394 quod
1368 5332 1547 5393 portat
1575 5339 1744 5390 unus,
1778 5324 1994 5394 quando
2037 5325 2126 5395 pia

553 5416 891 5470 mulatione
939 5431 1124 5470 eorum
1166 5416 1394 5485 quisque
1439 5430 1757 5483 succensus,
1789 5416 1842 5471 in
1872 5432 1930 5472 se
1966 5417 2127 5472 habet

554 5505 694 5559 bona
739 5506 980 5576 exempla
1009 5521 1107 5575 pro
1135 5506 1285 5574 aliis,
1317 5516 1371 5560 et
1415 5507 1585 5571 bona,
1631 5521 1749 5575 qum
1788 5508 1986 5562 habent
2014 5508 2123 5575 alii,

554 5612 664 5651 non
696 5598 910 5667 negligat
940 5599 1151 5652 imitari.
1184 5596 1248 5651 Et
1274 5599 1399 5668 quia
1422 5598 1677 5654 feminino
1706 5615 1904 5669 genere
1934 5600 2125 5657 dicun-

556 5694 645 5741 tur
666 5694 815 5741 tortas
839 5688 990 5759 panis
1010 5724 1027 5752 ,
1056 5687 1160 5741 hoc
1199 5690 1441 5759 proiecto
1483 5689 1747 5756 insinuat;
1792 5691 1914 5759 quia
1939 5692 2028 5760 qui
2059 5706 2127 5747 ex

557 5779 942 5833 consuetudine
966 5779 1368 5849 compungitur,
1406 5781 1456 5837 ei
1496 5781 1744 5836 nimirum
1772 5797 1835 5839 ex
1878 5783 2126 5854 lacrymis

559 5866 678 5923 aliis
723 5868 839 5923 alia».
884 5867 1064 5938 plures
1099 5869 1364 5926 oriuntur.
1413 5869 1575 5937 Quasi
1616 5874 1758 5929 enim
1802 5874 1856 5929 in
1895 5874 2127 5933 femineo

2300 4771 2491 4842 (Vers.
2540 4770 2590 4838 5,
2623 4770 2719 4842 6.)
2760 4770 2886 4825 Post
2914 4772 3023 4827 haec
3050 4774 3218 4827 venies
3258 4774 3327 4827 ad
3363 4773 3548 4828 collem
3582 4772 3814 4841 Domini,

2226 4861 2314 4916 ubi
2342 4870 2417 4916 est
2445 4863 2599 4917 statio
2630 4861 3057 4916 Philisthinorum
3081 4903 3097 4929 ,
3146 4872 3195 4917 et
3222 4880 3333 4917 cum
3364 4865 3626 4934 ingressus
3658 4865 3817 4933 [ueris

2226 4953 2423 5018 urbem,
2474 4954 2671 5007 obvium
2712 4952 2916 5007 habebis
2942 4970 3149 5023 gregem
3173 4955 3556 5025 prophetarum,
3602 4956 3815 5008 desren-

2228 5047 2428 5102 dentem
2456 5046 2519 5100 de
2566 5046 2766 5100 excelso
2791 5084 2808 5111 ,
2855 5054 2904 5098 et
2931 5053 3050 5097 ante
3074 5061 3159 5098 eos
3187 5044 3504 5115 psalterium,
3533 5054 3582 5099 et
3611 5054 3816 5117 tympa-

2225 5156 2347 5194 num
2365 5180 2380 5205 ,
2428 5148 2477 5191 et
2508 5137 2683 5191 tibiam
2705 5177 2719 5202 ,
2771 5144 2820 5189 et
2848 5136 3134 5199 citharam;
3161 5136 3397 5205 ipsosque
3421 5135 3810 5203 prephetantes.

2226 5230 2296 5285 Et
2322 5231 2514 5285 insiliet
2553 5231 2609 5283 in
2639 5239 2686 5283 te
2726 5229 2935 5299 spiritus
2981 5226 3219 5294 Domini,
3269 5237 3318 5282 et
3340 5228 3670 5299 prophetabis
3699 5245 3816 5282 cum

2223 5323 2318 5390 eis,
2347 5330 2396 5375 et
2420 5318 2695 5375 mutaberis
2719 5319 2773 5374 in
2800 5320 2960 5373 virum
2987 5320 3166 5374 alium.

2298 5420 2384 5475 l2.
2424 5419 2609 5487 Collis,
2638 5418 2865 5476 altitudo
2908 5428 2990 5475 est
3015 5419 3235 5475 montis.
3268 5417 3408 5485 Quid
3435 5432 3564 5473 vero
3594 5417 3648 5472 in
3674 5416 3818 5473 colle

2228 5511 2335 5567 hoc
2362 5512 2560 5567 rectius
2585 5511 2861 5581 accipitur,
2914 5527 3074 5581 quam
3105 5518 3287 5567 sancta
3317 5510 3545 5566 intentio
3572 5509 3819 5581 Scriptu—

2230 5618 2408 5659 rarum
2432 5604 2455 5657 ‘l
2500 5604 2737 5660 Altitudo
2767 5603 2979 5674 quidem
3008 5604 3206 5658 montis
3233 5610 3315 5659 est
3340 5620 3351 5655 :
3380 5603 3502 5673 quia
3532 5618 3640 5657 non
3668 5602 3819 5671 jacet

2230 5694 2284 5749 in
2315 5696 2473 5765 plano
2505 5695 2708 5761 litterae,
2740 5696 2835 5750 sed
2862 5696 3019 5749 nimis
3049 5704 3227 5750 erecta
3255 5704 3335 5751 est
3363 5696 3414 5749 in
3452 5692 3817 5764 spiritualium

2232 5799 2485 5841 sensuum
2532 5785 2877 5840 sublimitate.
2927 5784 3097 5841 Recto
3142 5785 3304 5853 igitur
3340 5783 3596 5839 virtutum
3632 5782 3818 5837 itineri

2230 5876 2377 5934 rudis
2429 5874 2671 5933 innititur
2704 5876 3081 5948 praedicator,
3132 5876 3178 5935 si
3227 5882 3514 5950 postquam
3562 5872 3816 5947 publicos
