4020 6344
217 5458 228 5485 Ι

277 398 379 469 989

1090 400 1156 462 IN
1196 399 1458 462 PRIMUM
1496 394 1733 462 REGUM
1772 395 2286 459 EXPOSI'I'IONES.
2325 428 2396 441 -—
2431 400 2561 458 LIB.
2603 401 2697 464 IV.

3428 400 3534 464 290

276 526 654 599 pmlicatores
681 529 737 579 et
763 531 999 579 remotos
1036 523 1390 580 anachoretas
1428 522 1641 591 viderit,
1671 520 1851 591 Scrip-
1874 518 2030 581 Atio
2073 515 2533 587 Philisthinorum,
2581 517 2917 574 ascendunt:
2946 516 3040 574 sed
3085 518 3210 588 quia
3248 524 3537 591 proiiheta-

275 627 409 674 tura:
452 614 786 671 altitudinem
831 613 1012 668 videat
1038 621 1092 669 et
1119 624 1391 683 agnoscat.
1424 612 1538 679 Qua
1567 613 1619 667 in
1649 626 1709 667 re
1748 626 1850 667 no-

276 708 494 764 tandum
543 714 648 771 est,
697 707 823 774 quia
870 703 998 759 Saul
1043 703 1099 758 in
1146 718 1212 759 eo
1261 703 1408 774 quod
1450 705 1518 759 ab
1543 703 1768 758 humero
1798 708 1854 757 et

273 812 485 853 sursum
532 811 695 866 supra
742 810 955 850 omnem
985 794 1242 865 populum
1292 794 1508 860 eminet,
1560 793 1851 861 eruditum,

272 899 328 944 et
353 902 562 957 magna:
589 886 1013 942 conversationis
1030 886 1203 939 virum
1226 885 1437 955 signare
1467 884 1716 939 diximus.
1745 884 1854 961 Cur

272 1000 400 1055 ergo
429 985 495 1039 ad
522 984 714 1039 collem
743 981 951 1038 Domini
980 979 1237 1047 ascendit,
1270 988 1330 1035 ut
1358 982 1426 1035 ad
1453 979 1853 1049 Scripturarum

273 1077 607 1131 altitudinem
637 1076 837 1143 veniat,
863 1090 1023 1144 quam
1044 1075 1355 1144 cognoscit?
1383 1072 1487 1128 Sed
1512 1073 1669 1127 simili
1692 1070 1853 1128 modo

272 1170 341 1225 de
370 1186 437 1225 eo
466 1168 632 1240 quaeri
656 1168 848 1238 potuit,
877 1166 1024 1237 quod
1051 1167 1117 1222 ad
1145 1167 1403 1222 videndos
1429 1166 1574 1221 viros
1599 1166 1855 1221 salientes

270 1276 495 1332 magnas
532 1262 714 1317 foveas
741 1261 882 1327 ierit,
913 1260 1004 1331 qui
1032 1274 1240 1330 magnae
1269 1258 1698 1315 conversationis
1735 1271 1854 1313 esse

271 1354 570 1409 dicebatur.
619 1352 702 1408 Ad
749 1352 893 1423 quod
940 1352 1225 1407 dicendum
1257 1370 1269 1405 :
1297 1352 1421 1421 quia
1451 1365 1673 1421 magnos
1710 1349 1855 1404 viros

269 1450 549 1518 designare
577 1455 825 1504 ostensus
854 1455 937 1503 est
958 1447 1012 1502 in
1040 1446 1470 1513 conversatione,
1496 1444 1589 1501 sed
1619 1443 1854 1499 ministe-

267 1543 349 1597 rio
395 1540 793 1612 praedicationis
840 1539 1026 1596 rudes.
1061 1539 1163 1607 Qui
1191 1553 1320 1607 ergo
1346 1554 1443 1609 per
1468 1536 1710 1605 exempla
1739 1548 1854 1590 me-

267 1632 465 1687 liorum
508 1631 789 1702 proﬁcere,
836 1638 892 1687 et
934 1631 985 1684 in
1032 1628 1502 1699 contemplationis
1548 1627 1779 1698 puritate
1799 1632 1856 1680 et

266 1722 447 1779 ofﬁcio
493 1723 890 1794 praedicationis
934 1730 1134 1793 potest,
1182 1720 1356 1776 redire
1403 1719 1470 1773 ad
1519 1716 1853 1771 altitudinem

265 1815 662 1885 Scripturarum
709 1813 1055 1882 debetzquia
1102 1827 1210 1882 quo
1255 1810 1432 1866 altiori
1462 1809 1569 1864 vita
1617 1807 1851 1879 proiicit,

1954 623 2071 663 rum
2108 622 2323 679 gregem
2367 610 2568 665 habent
2605 609 2841 677 obvium,
2880 609 3026 680 ipsos
3064 610 3401 671 Philistlueos
3442 629 3538 672 ne-

1954 714 2221 769 quaquam
2249 708 2513 756 metuunt.
2545 699 2645 767 Qui
2673 716 2803 755 vero
2830 708 2957 757 sunt
3000 701 3054 756 hi
3094 703 3390 774 prophetae,
3432 705 3538 761 nisi

1952 793 2133 862 magni
2197 792 2579 863 praedicatores
2642 802 2842 849 sanctae
2897 792 3197 851 Ecclesia}?
3254 795 3537 867 Prophetas

1955 897 2189 951 namque
2215 884 2570 941 ministerium
2599 893 2680 940 est
2707 885 2920 941 occulta
2949 886 3191 942 revelare
3211 925 3228 953 ,
3279 894 3330 942 et
3359 877 3539 943 futura

1954 972 2266 1043 praedicere.
2321 974 2580 1030 Doctores
2626 982 2804 1030 autem
2856 983 3057 1032 sancta:
3110 975 3361 1033 Ecclesiae
3411 977 3539 1034 dum

1954 1065 2197 1121 occultos
2243 1064 2637 1138 Scripturarum
2676 1084 2865 1126 sensus
2891 1070 2961 1126 ad
2986 1086 3327 1128 communem
3357 1073 3537 1129 scien-

1952 1154 2085 1210 tiam
2116 1156 2370 1223 trahunt,
2418 1168 2650 1225 secreta,
2696 1177 2814 1231 quae
2852 1163 3199 1229 nesciuntur,
3249 1166 3535 1235 aperiunt:

1952 1255 2009 1302 et
2047 1247 2172 1302 dum
2214 1260 2416 1304 mterna
2456 1251 2652 1320 gaudia
2691 1252 3017 1322 praedicant,
3057 1255 3237 1311 futura
3274 1257 3536 1313 revelant.

1954 1334 2234 1408 Propheta
2262 1353 2390 1408 ergo
2417 1340 2572 1396 nobis
2614 1341 2826 1397 obviam
2858 1345 3074 1399 veniunt
3099 1362 3111 1398 :
3136 1346 3260 1415 quia
3288 1345 3540 1403 doctores

1953 1437 2151 1484 sanctae
2178 1427 2453 1495 Ecclesim,
2502 1428 2791 1501 Scriptura:
2837 1443 3036 1489 sancta:
3063 1436 3343 1492 veritatem
3382 1437 3541 1493 nobis

1954 1521 2264 1576 ostendunt.
2317 1523 2451 1578 Dum
2500 1525 2641 1579 enim
2690 1540 2794 1592 ea,
2840 1540 2961 1595 quae
3009 1528 3077 1581 de
3120 1542 3275 1584 sacro
3323 1529 3540 1599 eloquio

1954 1613 2095 1670 scire
2122 1615 2387 1682 volumus,
2436 1616 2594 1673 nobis
2640 1616 2845 1684 dicunt,
2896 1632 2993 1687 per
3019 1618 3177 1684 viam,
3207 1634 3309 1688 qua
3339 1620 3404 1675 ad
3430 1620 3542 1676 col-

1954 1702 2061 1758 lem
2112 1704 2321 1759 Domini
2375 1706 2616 1776 pergitur
2637 1744 2652 1769 ,
2686 1706 2934 1762 euntibus
2966 1716 3274 1764 occurrunt.
3305 1708 3382 1763 ibi
3411 1724 3540 1779 ergo

1956 1809 2055 1864 per
2083 1810 2366 1851 occursum
2412 1798 2793 1867 prophetarum
2837 1800 3012 1855 securi
3049 1816 3270 1870 sumus,
3298 1802 3387 1858 ubi
3416 1801 3544 1857 Phi-

264 1907 647 1962 sublimitatem
696 1905 833 1961 sacri
875 1904 1071 1974 eloquii
1116 1903 1273 1958 valde
1315 1901 1566 1957 subtilius
1603 1898 1851 1954 attendit.
1886 1895 1932 1955 Β
1958 1886 2150 1943 “sumi
2177 1892 2486 1961 διωιείίυίέι
2525 1907 2623 1961 Per
2649 1893 3025 1949 δυθίοτίῑεῐεῐη
3068 1904 3377 1953 εδηθιοτυῐη
3407 1912 3543 1968 ἱππ·-

263 1998 422 2055 Dicat
450 2013 577 2067 ergo
607 2000 869 2069 propheta
895 2016 907 2051 :
932 1998 1061 2053 Post
1105 1998 1213 2053 Ιιωσ
1240 1998 1406 2051 venies
1436 1997 1505 2049 ad
1532 1995 1710 2049 collem
1740 1993 1852 2049 Do-

260 2091 416 2143 mini.
447 2089 611 2155 Quasi
641 2089 781 2144 dicat
805 2107 818 2142 :
842 2088 978 2143 Cum
1021 2088 1407 2159 perfectionem
1436 2095 1743 2143 sanctorum
1771 2086 1853 2141 vi-

258 2193 452 2235 rorum
494 2178 729 2249 perfecta
773 2179 1071 2234 imitatione
1099 2178 1528 2249 comprehendis,
1561 2178 1615 2233 in
1647 2184 1852 2231 tantam

258 2270 555 2342 Scripturse
582 2288 744 2327 sacra:
772 2272 1179 2341 intelligentiam
1207 2272 1485 2345 proﬁcies;
1534 2279 1595 2327 ut
1633 2270 1852 2342 planum

255 2360 371 2429 jam
402 2375 521 2417 esse
553 2360 751 2428 videas,
784 2361 926 2432 quod
966 2362 1020 2416 in
1049 2376 1114 2418 ea
1142 2370 1197 2419 te
1223 2362 1525 2419 sublimiter
1552 2360 1735 2417 videre
1758 2374 1853 2416 co-

259 2451 493 2519 gitabas.

332 2560 422 2615 15.
460 2559 538 2616 lbi
560 2569 645 2618 est
670 2563 831 2618 statio
852 2560 1255 2621 Philistinorum
1281 2583 1295 2620 :
1318 2564 1447 2635 quia
1470 2564 1562 2636 qui
1589 2562 1851 2635 superbia:

258 2659 396 2721 potu
425 2652 491 2707 de
517 2654 655 2709 (uelo
683 2654 1010 2723 ceciderunt,
1038 2653 1237 2712 Judzeis
1266 2665 1427 2727 atque
1456 2656 1723 2712 haereticis
1752 2669 1853 2726 per

260 2742 572 2813 Scripturas
610 2745 861 2803 illudunt.
911 2748 1070 2803 Stant
1095 2764 1223 2819 ergo
1252 2750 1306 2804 in
1336 2749 1472 2805 colle
1500 2766 1513 2803 :
1539 2750 1699 2820 238
1724 2748 1850 2817 quia

258 2847 455 2890 eorum
483 2836 668 2906 corda,
698 2853 819 2907 quae
846 2839 1143 2909 possident,
1174 2840 1229 2895 in
1254 2840 1547 2909 Scripturis
1578 2840 1854 2908 decipiunt

260 2923 626 2993 intelligentiae
650 2925 904 2983 falsitate.
935 2928 1158 2995 Quoties
1186 2944 1314 2999 ergo
1342 2929 1509 2985 Judaei
1546 2930 1612 2985 ad
1657 2930 1852 2985 collem

260 3013 478 3070 Domini
532 3018 825 3074 ascendere
883 3030 1253 3091 praesumunt,
1314 3037 1348 3076 a
1407 3021 1725 3077 Philisthteis
1777 3021 1852 3077 ibi

255 3110 529 3167 stantibus
571 3113 929 3183 captivantur.
974 3114 1113 3170 Dum
1142 3117 1287 3172 enim
1311 3116 1605 3186 Scriptum
1632 3131 1850 3173 sensum

254 3215 317 3256 se
342 3201 645 3257 sublimiter
672 3204 970 3274 intelligere
997 3206 1283 3273 aestimant,
1316 3207 1396 3262 eis
1421 3207 1477 3261 in
1498 3223 1722 3263 ascensu
1747 3222 1845 3263 suo

1956 1983 2256 2040 dicatorum
2283 1984 2573 2056 Scriptura:
2602 1987 2933 2043 intellectum
2963 1990 3320 2057 agnoscimus,
3354 1991 3407 2045 in
3436 2006 3541 2062 qua

1954 2075 2144 2146 Judaei,
2174 2087 2230 2134 et
2258 2079 2498 2135 hmretici
2524 2096 2771 2136 errorum
2817 2096 3036 2137 suorum
3076 2080 3255 2151 gladio
3284 2098 3317 2136 a
3343 2082 3542 2138 dzemo-

1954 2170 2111 2226 nibus
2156 2172 2514 2242 perimuntur.
2566 2172 2707 2229 Ecce
2732 2173 2876 2229 enim
2924 2174 2970 2228 si
3014 2174 3080 2230 ad
3129 2175 3322 2244 Legem
3370 2174 3543 2247 Moysi

1953 2267 2302 2333 recurrimus,
2343 2267 2536 2323 collem
2585 2266 2828 2338 profecto
2875 2268 3085 2325 Domini
3114 2269 3436 2324 invenimus.
3463 2268 3543 2324 lbi

1952 2365 2102 2413 certe
2130 2357 2197 2412 de
2226 2358 2595 2428 tabernaculo,
2626 2360 2699 2414 ibi
2726 2359 2793 2413 de
2819 2373 3013 2430 magno
3044 2360 3293 2429 pontifice
3317 2404 3332 2426 ,
3373 2360 3445 2416 ibi
3474 2359 3545 2416 de

1952 2448 2223 2505 hircorum
2253 2459 2307 2504 et
2334 2451 2625 2507 vitulorum
2657 2450 2837 2519 simul,
2864 2459 2919 2506 et
2946 2452 3083 2522 Agni
3114 2452 3385 2523 paschalis
3413 2467 3541 2508 san-

1951 2545 2111 2614 guine
2138 2545 2383 2614 legimus.
2415 2544 2581 2601 Judmi
2625 2545 2731 2600 hoc
2777 2561 2875 2600 suo
2907 2546 3096 2616 spiritu
3122 2544 3275 2615 juxta
3304 2546 3539 2601 litteram

1950 2636 2274 2707 intelligunt,
2325 2638 2376 2697 in
2406 2653 2511 2707 quo
2540 2637 2666 2707 quia
2692 2637 2895 2692 nullum
2927 2638 3311 2708 prophetarum
3356 2652 3540 2693 secum

1950 2731 2169 2799 habent,
2225 2734 2545 2789 moriuntur.
2599 2731 2711 2801 Ego
2740 2736 2783 2789 si
2811 2735 2878 2789 ad
2907 2735 3050 2790 hunc
3084 2744 3322 2791 montem
3354 2751 3545 2793 ascen-

1950 2825 2081 2880 dere
2119 2825 2242 2881 volo
2267 2867 2284 2893 ,
2321 2833 2448 2880 ante
2492 2823 2881 2881 descendentes
2916 2826 3207 2896 prophetas
3249 2822 3438 2892 video,
3488 2832 3543 2880 et

1951 2933 2174 2975 securus
2199 2918 2455 2975 ascendo.
2480 2917 2549 2972 Et
2572 2927 2628 2972 ut
2649 2934 2820 2973 novos
2840 2918 3051 2972 interim
3083 2917 3349 2983 deseram,
3382 2917 3545 2973 Isaias

1950 3010 2259 3067 ascendenti
2290 3011 2433 3080 prius
2463 3010 2717 3077 occurrit,
2745 3010 2930 3066 dicens
2956 3026 2970 3064 :
2998 3006 3159 3073 Quasi
3180 3010 3287 3064 ovis
3316 3009 3385 3062 ad
3411 3008 3547 3063 occi-

1949 3103 2147 3157 sionem
2187 3103 2436 3169 ducetur,
2475 3110 2524 3156 et
2563 3103 2711 3174 quasi
2751 3118 2916 3171 agnus
2963 3116 3140 3155 coram
3186 3100 3427 3155 tondente
3467 3115 3541 3167 se,

1950 3210 2054 3249 non
2084 3196 2277 3264 aperiet
2306 3210 2363 3249 os
2391 3211 2540 3248 suum
2571 3191 2726 3260 (Isai.
2761 3208 2869 3258 LIII,
2903 3192 2978 3263 7).
3020 3192 3155 3247 Hinc
3184 3191 3383 3248 Paulus
3427 3192 3541 3246 ait:

256 3291 534 3349 daemones
580 3267 871 3365 obviam;
899 3305 956 3352 ει
1007 3267 1335 3369 αεοίρίεηίθε
1381 3310 1597 3356 necant.
1654 3299 1845 3357 Merito
1875 3267 1918 3329 (ἶ
1950 3281 2183 3338 Christus
2229 3285 2476 3338 assistens
2526 3286 2760 3354 pontifex
2800 3286 3092 3354 futurorum
3139 3283 3404 3349 bonorum,
3453 3299 3546 3353 per

257 3399 391 3454 ergo
428 3385 560 3442 Saul
593 3403 701 3444 non
743 3391 924 3445 statim
949 3431 965 3457 ,
1012 3392 1107 3447 sed
1150 3392 1327 3462 prius,
1372 3394 1501 3451 visis
1536 3394 1851 3451 salientibus

257 3480 466 3547 foveas,
513 3490 569 3537 et
608 3497 775 3552 panes
808 3492 865 3538 et
908 3484 1090 3540 vinum
1138 3486 1514 3556 portantibus,
1552 3487 1620 3541 ad
1656 3486 1849 3542 collem

258 3570 477 3627 Domini
519 3573 599 3627 ire
644 3574 1142 3644 prtecipiturzquia
1184 3576 1285 3629 viri
1334 3575 1519 3631 ﬁdeles
1554 3590 1746 3643 magna
1796 3584 1852 3632 et

260 3662 523 3717 doctrinas
572 3665 853 3720 meliorum
882 3672 937 3721 et
965 3666 1335 3735 exemplorum
1384 3666 1550 3721 tutela
1599 3668 1852 3723 muniun-

257 3765 372 3810 tur.
425 3754 579 3811 Unde
620 3763 676 3811 et
722 3756 901 3812 eidem
946 3756 1077 3813 Saul
1125 3757 1319 3813 dicitur
1347 3775 1360 3810 :
1390 3758 1607 3812 Obvium
1644 3758 1851 3813 habebis

256 3864 470 3918 gregem
526 3847 890 3918 prophetarum
941 3849 1248 3904 venientium
1295 3849 1359 3903 de
1405 3850 1626 3905 excelso.
1687 3848 1852 3917 Quasi

258 3938 411 3992 dicat
437 3955 450 3990 :
475 3936 914 3995 Philisthinorum
944 3940 1233 3995 stationem
1278 3942 1466 3997 timere
1496 3950 1645 3997 tanto
1674 3943 1851 4001 minus

260 4028 533 4101 poteris,
561 4037 763 4097 quanto
814 4030 882 4084 ad
934 4032 1275 4087 securitatem
1323 4032 1511 4088 obvios
1553 4034 1850 4104 prophetas

260 4116 508 4174 habebis.
552 4117 617 4174 Et
652 4122 777 4190 quia
814 4134 945 4191 grex
982 4123 1366 4192 prophetarum
1413 4122 1623 4191 dicitur,
1655 4140 1849 4195 magna

257 4209 606 4267 defensorum
653 4222 959 4268 nostrorum
1005 4215 1289 4272 multitudo
1331 4217 1590 4291 signatur.
1639 4216 1852 4273 Timeat

257 4317 397 4374 ergo
421 4302 637 4359 Judaeus
661 4321 674 4359 :
701 4306 828 4375 quia
860 4306 985 4362 dum
1014 4310 1160 4364 solus
1186 4309 1449 4379 ascendit,
1481 4310 1682 4365 interit.
1711 4309 1850 4377 Quid

257 4396 411 4450 enim
454 4395 620 4451 iidem
664 4398 943 4468 prophetae
988 4399 1142 4454 nobis
1188 4400 1401 4455 obviam
1442 4401 1722 4457 venientes
1762 4401 1847 4457 di-

256 4487 435 4541 cunt?
482 4486 573 4542 Va:
607 4488 723 4554 soli,
762 4490 881 4560 quia
923 4492 969 4544 si
1012 4491 1270 4559 ceciderit,
1318 4509 1421 4548 non
1460 4502 1535 4547 est
1574 4496 1658 4565 qui
1684 4495 1851 4566 erigat

255 4594 380 4633 eum
424 4578 621 4647 (Eccte.
652 4597 722 4647 ιν,
755 4581 867 4653 10).
914 4582 1073 4639 Solus
1100 4599 1335 4654 namque
1370 4594 1472 4648 est,
1520 4588 1612 4655 qui
1656 4601 1687 4641 a
1732 4587 1846 4644 Deo

253 4670 605 4739 relinquitur.
636 4670 789 4726 Hunc
815 4680 961 4728 certe
987 4674 1269 4730 cadentem
1297 4677 1474 4731 nullus
1502 4678 1677 4746 erigit,
1720 4679 1845 4749 quia

255 4760 514 4815 relictum
546 4776 576 4815 a
602 4761 714 4817 Deo
743 4772 1053 4818 sanctorum
1097 4765 1287 4837 aliquis
1317 4783 1422 4822 non
1451 4770 1695 4825 assumit.
1725 4768 1849 4825 Ele-

256 4858 387 4906 ctus
431 4865 560 4921 ergo
605 4853 832 4923 quisque
857 4869 1082 4910 securus
1111 4857 1354 4911 ascendit
1379 4875 1392 4910 :
1415 4858 1540 4927 quia
1566 4858 1712 4914 solus
1740 4874 1849 4916 non

256 4950 369 4999 est.
399 4940 502 5008 Qui
530 4942 673 4997 enim
701 4960 798 5015 per
824 4960 924 5000 nos
947 4945 1205 5014 loquitur,
1238 4946 1516 5002 nobiscum
1560 4956 1663 5003 est.
1712 4948 1845 5005 Nam

256 5040 319 5088 et
360 5033 713 5103 repromittit,
737 5034 920 5092 dicens
944 5053 957 5090 :
981 5036 1116 5090 Ecce
1139 5053 1234 5108 ego
1260 5037 1515 5090 vobiscum
1539 5055 1652 5092 sum
1680 5041 1851 5094 omni-

256 5126 359 5179 bus
388 5125 585 5193 diebus,
616 5143 773 5197 usque
801 5130 870 5182 ad
912 5132 1400 5184 consummationem
1426 5131 1603 5185 saeculi
1634 5131 1847 5203 (Matth.

257 5230 457 5285 xxvm,
503 5215 616 5287 20).
665 5217 824 5275 Solus
866 5221 1065 5290 quippe
1112 5237 1219 5276 non
1266 5229 1405 5291 erat,
1458 5222 1547 5292 qui
1595 5223 1849 5279 dicebat:

258 5305 425 5359 Solus
452 5321 557 5362 non
583 5325 717 5373 sum,
742 5310 833 5363 sed
859 5313 944 5382 qui
975 5313 1115 5366 misit
1140 5329 1222 5367 me
1241 5355 1256 5381 ,
1293 5330 1487 5368 mecum
1527 5322 1604 5368 est
1653 5313 1850 5384 (Joan.

259 5410 391 5464 vm,
436 5395 561 5467 16).
607 5397 763 5455 Solus
800 5400 928 5455 item
967 5418 1073 5457 non
1110 5412 1243 5468 erat,
1275 5405 1367 5473 qui
1395 5404 1732 5474 exquirebat,
1767 5405 1853 5461 di-

258 5501 396 5541 cens
422 5505 435 5539 :
458 5487 541 5542 An
568 5491 967 5560 experimentum
993 5494 1102 5563 ejus
1122 5495 1370 5564 quceritis,
1393 5497 1479 5564 qui
1505 5497 1561 5551 in
1587 5513 1667 5550 me
1689 5495 1855 5567 loqui-

262 5587 354 5631 tur
380 5577 613 5635 Christus
643 5581 730 5653 (ΙΙ
774 5583 894 5639 Cor.
943 5600 1057 5649 xm,
1105 5585 1203 5657 5)?
1253 5586 1407 5653 Quod
1434 5603 1543 5643 non
1581 5589 1756 5644 solum
1785 5588 1854 5644 de

265 5670 485 5727 Domini
520 5675 746 5743 spiritali
786 5678 1089 5747 prmsentia,
1133 5679 1225 5733 sed
1262 5686 1318 5734 et
1355 5680 1619 5735 materiali
1647 5681 1852 5736 electo—

262 5779 393 5819 rum
433 5764 677 5823 doctrina
725 5770 947 5840 intelligi
991 5772 1377 5828 convenienter
1420 5774 1854 5845 potest..Sancti

262 5855 491 5929 quidem
538 5859 915 5932 pradicatores
939 5862 996 5919 in
1024 5862 1219 5921 collem
1244 5862 1480 5938 Domini,
1516 5866 1607 5924 ubi
1634 5874 1717 5925 est
1740 5877 1853 5927 sta-

1871 4634 1924 4696 D

1952 3375 2172 3445 amplius
2200 3383 2251 3428 et
2277 3375 2550 3445 perfectius
2582 3374 2985 3438 tabernaculum,
3016 3389 3115 3426 non
3143 3389 3298 3426 manu
3328 3375 3543 3443 factum,

1950 3464 2007 3517 id
2028 3473 2102 3518 cst
2132 3480 2235 3517 non
2259 3464 2411 3535 hujus
2440 3464 2716 3517 creationis
2741 3505 2757 3531 ,
2789 3479 2947 3535 neque
2974 3481 3064 3533 per
3092 3465 3392 3535 sanguinem
3432 3466 3545 3519 hir-

1951 3573 2127 3610 corum
2171 3565 2260 3609 aut
2304 3557 2618 3624 vitulorum,
2666 3557 2758 3611 sed
2800 3573 2890 3626 per
2930 3556 3195 3627 praprium
3240 3558 3545 3629 sanguinem

1950 3649 2179 3705 introivit
2217 3651 2374 3705 semel
2402 3651 2456 3704 in
2487 3658 2668 3705 sancta
2688 3692 2703 3717 ,
2738 3658 2934 3706 aeterna
2961 3651 3310 3723 redemptione
3338 3654 3544 3709 inventa

1955 3739 2142 3812 (Hebr,
2176 3759 2251 3811 1x,
2286 3742 2374 3810 11,
2405 3741 2515 3813 12).
2560 3744 2720 3814 239
2746 3742 2852 3799 Sed
2880 3744 2924 3799 si
2954 3744 3133 3815 plures
3163 3745 3364 3803 habere
3391 3747 3546 3804 volu-

1952 3849 2074 3889 mus
2117 3836 2169 3889 in
2220 3836 2325 3891 isto
2374 3837 2537 3905 colle,
2570 3852 2758 3892 omnes
2787 3838 3075 3909 prophetas
3101 3842 3436 3912 requirentes
3463 3841 3546 3898 in-

1950 3928 2195 3982 venimus
2228 3946 2240 3980 :
2270 3928 2393 3997 quia
2437 3928 2581 3997 quod
2617 3937 2831 3985 veteres
2865 3929 3119 3988 doctores
3160 3932 3541 4003 promiserant,

1951 4017 2058 4073 hoc
2088 4018 2141 4073 in
2171 4017 2537 4090 Rcdemptore
2564 4028 2753 4077 nostro
2783 4020 2909 4076 novi
2937 4023 3319 4093 praedicatores
3349 4024 3543 4096 imple-

1953 4116 2066 4163 tum
2093 4124 2212 4165 esse
2244 4110 2635 4167 demonstrant.

2024 4222 2112 4277 14.
2169 4222 2348 4291 Quare
2393 4233 2449 4279 et
2495 4225 2650 4281 collis
2697 4224 2915 4281 nomine
2954 4224 3281 4296 Redemptor
3322 4226 3544 4282 humani

1952 4309 2164 4377 generis
2208 4311 2598 4366 convenienter
2642 4309 2912 4378 designari
2955 4318 3153 4380 potest.
3198 4310 3350 4368 Unde
3378 4311 3545 4370 Isaias

1950 4400 2252 4455 vaticinans
2273 4440 2289 4464 ,
2319 4400 2486 4455 dicit:
2514 4398 2632 4454 Erit
2657 4401 2713 4454 iu
2743 4402 3030 4457 novissimis
3059 4402 3235 4458 diebus
3272 4419 3545 4475 prwpara-

1953 4500 2033 4545 tus
2061 4508 2210 4546 mons
2240 4491 2420 4546 domus
2451 4490 2661 4545 Domini
2702 4494 2758 4547 in
2800 4494 2983 4547 vertice
3020 4496 3267 4549 montium
3296 4494 3452 4568 (Isai.
3483 4511 3542 4561 II,

1952 4583 2031 4654 2).
2064 4583 2230 4639 Collis
2257 4585 2473 4652 quidem
2505 4584 2697 4640 dicitur
2717 4602 2817 4657 pro
2843 4587 3172 4643 sublimitate
3200 4588 3542 4644 sanctitatis:

1950 4673 2165 4729 Domini
2189 4688 2339 4739 vero,
2367 4674 2495 4744 quia
2525 4677 2719 4730 summi
2746 4684 2832 4731 est
2860 4676 3001 4731 ﬁlius
3023 4675 3318 4733 Genitoris.
3346 4678 3405 4732 In
3434 4692 3545 4747 quo

1951 4766 2203 4821 nimirum
2250 4766 2388 4821 colle
2434 4765 2596 4821 statio
2641 4765 3079 4823 Philisthinorum
3131 4784 3250 4825 esse
3300 4769 3542 4825 dicitur:

1952 4857 2079 4927 quia
2107 4866 2161 4911 et
2186 4855 2240 4911 in
2268 4844 2477 4925 signum
2507 4865 2665 4911 natus
2693 4863 2795 4924 est,
2843 4856 2928 4913 cui
2957 4858 3374 4913 contradicatur.
3415 4857 3544 4913 Sta-

1952 4949 2031 5003 tio
2076 4946 2290 5017 quidem
2330 4945 2767 5002 Philisthinorum
2807 4956 2890 5004 est
2926 4949 3281 5003 contrarietas
3327 4947 3545 5005 haereti-

1952 5056 2159 5097 corum.
2192 5039 2353 5095 Velut
2380 5039 2521 5094 enim
2550 5038 2604 5092 in
2630 5038 2769 5094 colle
2794 5046 3020 5105 stantes,
3042 5037 3112 5092 ad
3141 5038 3333 5093 collem
3363 5054 3547 5095 ascen-

1956 5132 2207 5187 dentibus
2237 5131 2554 5186 insidiantur
2583 5148 2596 5184 :
2624 5138 2679 5185 et
2707 5129 2833 5184 dum
2862 5129 3168 5199 Scripturas
3197 5144 3379 5184 sacras
3404 5130 3546 5185 male

1956 5222 2280 5293 exponendo
2305 5228 2636 5292 pervertunt,
2666 5218 2733 5275 ad
2763 5217 3195 5290 cognoscendum
3215 5218 3547 5289 Redempto-

1956 5329 2073 5371 rem
2102 5314 2434 5383 negligenter
2462 5313 2813 5369 ascendentes
2840 5311 3130 5382 perimunt.
3173 5310 3389 5367 Electus
3416 5324 3545 5381 ergo

1958 5423 2031 5463 ne
2059 5404 2306 5477 trepidet,
2339 5420 2553 5476 gregem
2582 5406 2969 5476 prophetarum
3000 5401 3297 5459 ascendens
3327 5402 3544 5458 obvium

1958 5500 2123 5555 habet
2149 5517 2158 5549 :
2184 5499 2307 5568 quia
2338 5498 2387 5553 ei
2414 5498 2589 5568 ipsum
2639 5496 3053 5567 Redemptorem
3086 5495 3404 5550 annuntiaut
3429 5511 3547 5551 om-

1961 5608 2060 5648 nes
2103 5592 2477 5662 praedicatores
2523 5590 2855 5645 Testamenti
2903 5591 3101 5646 veteris
3148 5597 3204 5645 et
3251 5588 3399 5646 novi.
3443 5587 3546 5657 Qui

1960 5685 2212 5741 nimirum
2261 5683 2329 5739 de
2375 5682 2589 5738 excelso
2636 5682 2858 5736 veniunt
2904 5698 2917 5734 :
2962 5681 3088 5750 quia
3137 5695 3255 5749 quae
3293 5679 3346 5734 in
3401 5686 3546 5734 terra

1960 5777 2289 5849 praedicant,
2341 5775 2393 5829 in
2442 5774 2577 5831 coelo
2617 5775 2818 5829 vident.
2871 5772 3025 5829 Unde
3062 5780 3119 5830 et
3163 5771 3358 5830 Joanni
3394 5769 3545 5839 quasi

1958 5882 2091 5928 vero
2128 5883 2196 5925 ex
2233 5869 2408 5924 eiecto
2445 5879 2605 5939 grege
2642 5866 3027 5939 prophetarum
3064 5881 3095 5922 a
3132 5864 3270 5925 coelo
3307 5861 3542 5920 dicitur:
