4020 6344
557 467 654 523 θοι

1760 454 2002 513 SANCTI
2041 455 2366 511 GREGORII
2410 455 2625 513 MAGNI

3727 448 3826 514 992

555 582 786 638 Ascende
813 581 929 647 huc,
956 587 1006 634 et
1033 575 1299 633 ostendam
1349 574 1438 630 tibi
1467 572 1591 646 quid
1617 580 1850 643 oporteat
1878 572 1994 642 ﬁeri
2020 578 2136 642 post
2164 562 2204 633 Α
2237 572 2291 627 in
2339 582 2671 629 mortuorum
2716 568 2995 628 hominum
3042 560 3285 640 exequiis
3320 567 3504 625 haberi
3536 566 3730 635 soleat,
3769 564 3829 629 de

556 674 665 727 Iure
697 673 876 743 (Apoc.
909 686 977 730 tv.
1014 668 1089 739 i).
1118 666 1217 734 Qui
1241 682 1360 721 cum
1390 664 1735 730 ascendisset,
1766 676 1960 730 agnum
1980 676 2138 732 quem

556 762 766 832 Moyses
806 758 1155 815 occidendum
1203 756 1560 826 tiguraverat,
1612 760 1666 808 et
1716 753 1831 821 ipse
1879 753 1931 806 in
1984 765 2144 806 cruce

556 852 795 906 oblatum
830 849 1057 915 viderat,
1098 847 1205 915 jam
1246 854 1553 914 regnantem
1584 844 1865 915 conspexit
1893 852 1947 898 et
1979 856 2143 911 agno-

554 947 756 1001 vit:et
802 951 1033 1012 quantas
1092 940 1291 1009 gratias
1347 945 1564 1006 agerent
1617 937 1665 992 ei
1718 937 1753 991 ii
1806 951 1903 1007 pro
1950 937 2143 1005 quibus

556 1036 763 1093 occisus
786 1036 977 1097 fuerat,
1006 1031 1212 1084 didicit.
1236 1029 1311 1084 De
1340 1028 1552 1083 excelso
1580 1027 1740 1096 igitur
1764 1026 2143 1097 praedicatores

554 1128 777 1183 veniunt
802 1144 815 1178 :
839 1126 961 1193 quia
997 1122 1138 1191 quod
1169 1120 1461 1175 minoribus
1490 1118 1785 1190 prtedicant
1805 1156 1820 1182 ,
1853 1118 1905 1172 in
1936 1117 2142 1173 calesti

557 1217 1011 1287 contemplatione
1043 1216 1362 1269 didicerunt.

629 1308 715 1364 15.
758 1309 903 1363 Bene
931 1307 1090 1361 etiam
1121 1320 1247 1374 grex
1293 1304 1676 1374 prophetarum
1726 1301 1853 1357 Saul
1885 1316 2144 1357 occursus

558 1403 613 1458 in
660 1402 901 1469 ingressu
946 1397 1090 1453 urbis
1138 1394 1429 1459 asseritur;
1465 1394 1589 1464 quia
1617 1408 1856 1448 summos
1886 1391 2143 1462 praedica-

559 1499 704 1548 tores
750 1499 947 1546 sancta:
992 1487 1245 1542 Ecclesia:
1294 1486 1399 1539 illic
1447 1486 1630 1539 videre
1679 1500 1998 1554 possumus,
2051 1481 2143 1537 ubi

556 1583 906 1647 descendunt,
924 1596 1031 1637 non
1050 1580 1139 1634 ubi
1169 1578 1544 1632 sublimantur.
1578 1575 1650 1631 Ea
1672 1577 1834 1640 enim,
1854 1591 1970 1647 qua:
1988 1574 2143 1631 nobis

555 1678 789 1747 parvulis
837 1674 1059 1739 dicunt,
1112 1671 1360 1727 audimus
1406 1670 1543 1725 :sed
1596 1686 1658 1723 ea
1704 1684 1821 1737 qua:
1869 1668 2050 1723 vident
2088 1668 2141 1723 in

554 1768 858 1824 crrleslibus
881 1806 897 1833 ,
928 1766 1196 1836 quomodo
1228 1764 1474 1829 videant,
1525 1770 1617 1817 aut
1661 1761 1889 1816 dulciter
1936 1768 2138 1823 ament,

553 1878 661 1917 non
700 1862 960 1915 videmus.
1004 1857 1200 1911 Paulus
1241 1869 1470 1923 namque
1513 1852 1788 1923 apostolus
1830 1860 2013 1921 raptus
2060 1857 2143 1905 est

2247 662 2536 731 Evangelio
2563 664 2882 719 didicimus:
2909 662 3033 733 quia
3076 660 3202 715 dum
3233 661 3491 716 Dominus
3523 650 3831 731 archisvna-

2242 760 2362 828 gogi
2416 760 2575 813 tiliam
2607 760 2928 814 resuscitare
2956 755 3134 820 vellet,
3190 754 3256 809 de
3287 754 3447 809 domo
3480 746 3620 810 illius
3652 754 3826 814 tibici-

2241 866 2337 905 nes
2368 850 2546 918 ejecit,
2591 859 2646 904 et
2676 849 2881 904 turbam
2916 847 3326 901 tumultuantem
3355 847 3566 917 expulit
3598 849 3616 918 (
3643 834 3829 905 Matth.

2243 959 2318 1008 ιχ,
2349 942 2461 1009 25).
2514 941 2649 1007 Quid
2698 956 2826 1012 ergo
2876 940 2929 993 in
2980 940 3127 1002 tibia,
3164 939 3261 994 nisi
3301 947 3609 995 sanctorum
3665 939 3834 995 luctus

2244 1033 2593 1103 exprimitur?
2640 1032 2771 1087 Nam
2800 1031 2924 1085 dum
2955 1045 3012 1086 se
3044 1030 3111 1085 ab
3142 1031 3230 1084 illa
3269 1030 3376 1085 vita
3408 1039 3630 1095 (eterna,
3677 1046 3831 1100 quam

2244 1131 2544 1193 appetunt,
2606 1122 2872 1192 projectm
2935 1120 3242 1190 aspiciunt,
3305 1121 3627 1190 semetipsos
3686 1123 3835 1190 quasi

2243 1225 2485 1270 mortuos
2511 1215 2790 1285 plangunt.
2822 1208 3037 1268 Cithara
3067 1220 3245 1268 autem
3274 1212 3433 1267 valde
3460 1212 3643 1267 laetum
3672 1212 3834 1267 musi-

2243 1322 2363 1362 cum
2409 1316 2490 1361 est
2540 1307 2970 1360 instrumentum.
3023 1305 3141 1372 Quo
3187 1305 3436 1359 nimirum
3478 1305 3834 1361 instrumento

2242 1398 2461 1451 verbum
2492 1397 2667 1451 solatii
2699 1398 2994 1451 electorum
3046 1406 3169 1467 apte
3218 1395 3511 1464 ﬁguratur:
3538 1395 3665 1467 quia
3696 1397 3836 1452 velut

2244 1489 2309 1543 ad
2350 1505 2539 1543 sonum
2580 1488 2795 1543 cithara:
2840 1487 3239 1554 bilarescimus,
3279 1480 3495 1557 quando
3537 1504 3639 1545 nos
3683 1487 3835 1543 electi

2244 1581 2623 1651 prrcdicatores
2655 1582 2795 1635 inter
2820 1594 3084 1634 azrumnas
3127 1578 3406 1651 prmsentis
3436 1574 3611 1633 exsilii
3644 1594 3837 1633 conso-

2244 1673 2439 1727 lantur.
2506 1670 2823 1727 Psalterium
2882 1687 3014 1741 ergo
3070 1672 3300 1745 primum
3367 1668 3419 1728 in
3480 1670 3837 1743 promissione

2246 1765 2650 1834 prtudicatorum
2704 1764 2921 1833 ponitur
2968 1764 3139 1833 :quia
3193 1771 3318 1819 ante
3370 1760 3550 1819 omnia
3602 1764 3837 1821 caelestis

2245 1857 2393 1924 regni
2426 1855 2591 1924 gloria
2626 1853 2956 1925 prmdicanda
2986 1864 3101 1921 est;
3132 1864 3191 1909 ut
3218 1855 3343 1910 dum
3366 1855 3565 1910 bonum
3591 1854 3837 1927 agnosci-

554 1954 607 2008 in
639 1953 977 2023 paradisum,
1017 1957 1071 2003 et
1111 1956 1412 2016 assumptus
1448 1954 1531 2001 est
1559 1945 1625 1999 ad
1656 1945 1872 1998 tertium
1916 1943 2140 2008 coelum,
2176 1958 2222 2019 Β
2250 1962 2365 2000 mus
2396 1945 2538 2014 quod
2568 1962 2829 2012 amemus,
2862 1943 3112 2006 laborare
3162 1963 3261 2017 pro
3308 1946 3498 2002 eodem
3544 1942 3695 2005 hono
3727 1946 3832 2003 adi-

553 2044 757 2099 audivit
796 2044 958 2097 etiam
1007 2055 1199 2095 arcana
1232 2038 1421 2102 verba,
1466 2052 1585 2105 qua:
1634 2052 1739 2090 non
1786 2035 1912 2089 licet
1942 2033 2144 2089 homini

551 2135 699 2203 loqui
750 2132 837 2204 (ΙΙ
886 2132 1003 2187 Cor.
1061 2148 1154 2197 xu,
1201 2129 1283 2198 4).
1332 2128 1462 2195 Quis
1511 2143 1638 2197 ergo
1672 2126 1910 2181 invenire
1942 2134 2147 2179 tantum

553 2224 959 2297 prtcdicatorem
998 2224 1167 2294 possit
1196 2222 1248 2277 in
1279 2220 1585 2291 paradisum
1635 2226 1847 2288 raptum
1878 2257 1892 2281 ,
1942 2226 2034 2270 aut
2081 2216 2146 2270 ad

554 2316 771 2370 tertium
820 2317 1013 2370 caelum
1047 2314 1421 2383 assumptum?
1468 2311 1571 2367 Sed
1604 2311 1703 2367 ista
1742 2311 1807 2366 de
1837 2326 1895 2365 se
1925 2320 2147 2366 coaetus

549 2408 743 2463 beatus
772 2406 965 2462 Paulus
1012 2406 1165 2461 dixit.
1200 2404 1349 2459 Unde
1378 2414 1432 2460 et
1480 2402 1532 2459 in
1565 2404 1668 2459 line
1696 2403 1955 2473 exposita:
1983 2402 2145 2458 subli-

552 2500 753 2554 mitatis
780 2514 839 2553 se
869 2498 1186 2562 humilians,
1226 2497 1301 2551 ait
1328 2516 1340 2549 :
1368 2486 1561 2549 Factus
1598 2513 1709 2550 sum
1746 2495 2028 2562 insipiens,
2060 2510 2147 2548 vos

552 2609 634 2645 me
662 2592 897 2662 coegistis
943 2588 1032 2661 (ΙΙ
1062 2588 1181 2644 Cor.
1222 2606 1314 2654 xn,
1348 2588 1456 2657 ii).
1492 2589 1703 2655 Quanta
1753 2602 1883 2657 ergo
1928 2587 2147 2642 fuerunt

550 2685 660 2747 illa,
692 2699 811 2753 qua:
839 2683 1016 2738 dicere
1048 2682 1239 2749 noluit,
1266 2682 1309 2735 si
1339 2682 1403 2734 ad
1437 2681 1549 2735 lucc
1571 2679 1957 2735 manifestanda
1990 2695 2148 2735 coac-

556 2786 643 2831 tus
673 2776 854 2831 venit?
890 2773 1020 2828 Nam
1069 2782 1124 2827 ct
1167 2773 1258 2842 qui
1291 2766 1495 2827 audivit
1523 2780 1578 2827 et
1621 2788 1741 2841 qua:
1788 2771 1992 2826 homini
2036 2787 2146 2825 non

552 2868 676 2925 licet
706 2869 886 2939 loqui,
933 2866 1063 2923 vidit
1092 2882 1210 2937 qua:
1241 2864 1445 2921 homini
1477 2882 1583 2919 non
1615 2864 1740 2921 licet
1781 2865 1942 2920 scire.
1987 2864 2145 2918 Dicas

550 2959 777 3014 fortasse
804 2978 815 3011 :
842 2958 897 3012 Si
947 2957 1129 3024 vellet,
1170 2956 1405 3011 humana
1437 2964 1622 3010 tamen
1665 2955 1937 3025 quomodo
1967 2954 2146 3010 dicere

549 3060 733 3123 posset
760 3052 1069 3114 locutione,
1122 3049 1263 3105 illius
1312 3050 1453 3104 tertii
1494 3048 1614 3104 cmli
1666 3048 2141 3118 pulchritudinem,

552 3141 756 3196 intimae
801 3141 944 3195 illius
994 3140 1252 3195 claritatis
1302 3137 1478 3205 lucem
1533 3138 1777 3204 referre,
1829 3138 2142 3206 angelorum

550 3235 811 3303 fulgorem
842 3230 1276 3297 inenarrabilcm,
1299 3238 1353 3285 et
1374 3228 1792 3285 inaccessibilem
1816 3226 2137 3294 claritatem,

552 3340 712 3396 quam
740 3323 969 3379 dulciter
997 3321 1063 3376 de
1095 3320 1423 3391 plenitudine
1453 3320 1594 3375 illius
1625 3318 1781 3375 eleCti
1809 3327 1862 3375 et
1894 3316 2034 3409 beati
2064 3318 2138 3373 illi
2166 3344 2214 3409 ο

550 3414 736 3471 ωιθτηὶ
786 3414 930 3470 cives
976 3428 1164 3467 omnes
1213 3410 1505 3480 accipiant,
1560 3425 1721 3479 quam
1772 3406 2141 3463 desideranter

550 3518 793 3573 sumant,
828 3523 986 3576 quam
1029 3504 1259 3575 pleniter
1293 3503 1606 3574 repleantur
1634 3543 1651 3572 ,
1698 3518 1856 3574 quam
1904 3502 2141 3557 suaviter

549 3600 742 3654 divina:
772 3597 1026 3651 bonitatis
1072 3590 1406 3649 dulcedinem
1436 3601 1670 3663 gustent,
1718 3608 1877 3662 quam
1907 3592 2140 3646 delecta-

548 3684 641 3744 bili
670 3686 1000 3759 plenitudine
1037 3682 1450 3753 satienturzqui
1499 3682 1813 3753 splendores
1860 3688 1983 3736 sunt
2028 3681 2139 3735 sin-

554 3781 691 3851 gulis
721 3782 788 3834 de
819 3795 923 3832 una
954 3772 1205 3832 inell'abili
1258 3776 1346 3830 illa
1393 3776 1514 3829 luce
1560 3774 1886 3843 Conditoris,
1915 3790 2031 3845 qua:
2059 3773 2134 3828 si-

550 3872 662 3928 mul
710 3870 947 3928 omnium
996 3869 1062 3923 de
1109 3883 1215 3922 una
1266 3862 1354 3921 illa
1407 3860 1573 3935 gloria
1623 3866 2135 3937 pulchritudozqua

550 3962 866 4021 excellentia
914 3958 1186 4029 dignitatis
1237 3957 1325 4012 alii
1381 3956 1764 4027 prmemineant
1814 3958 1972 4027 aliis,
2028 3974 2135 4028 qua

549 4064 673 4112 sunt
720 4053 847 4110 boni
891 4049 1203 4109 melioribus
1232 4047 1759 4119 inell'abilisjustititc
1798 4050 2135 4120 jucunditate

548 4146 810 4218 subjecti?

622 4234 706 4292 16.
769 4235 848 4291 Ad
892 4234 998 4291 hoc
1050 4248 1179 4304 ergo
1233 4232 1505 4288 excelsum
1555 4231 1777 4288 Paulum
1822 4232 1976 4301 sequi
2027 4248 2134 4287 non

549 4338 854 4396 possumus,
898 4324 994 4379 sed
1038 4326 1225 4378 urbem
1256 4324 1604 4392 ingredimur,
1652 4324 1705 4378 in
1755 4337 1860 4392 qua
1890 4322 2035 4377 velut
2065 4322 2133 4379 ab

554 4417 663 4472 alto
694 4415 1047 4481 descendens,
1080 4413 1230 4469 nobis
1260 4414 1472 4469 obviam
1500 4416 1664 4470 venit.
1699 4412 1829 4468 Nam
1875 4413 1965 4484 qui
2010 4426 2130 4469 cer-

548 4520 678 4565 nere
730 4518 835 4562 non
881 4518 1164 4577 possumus
1210 4505 1316 4561 alta
1362 4520 1479 4575 qua:
1523 4506 1903 4576 prtcdicatores
1926 4505 2131 4571 vident,

548 4597 926 4653 venerabiliter
974 4596 1157 4651 audire
1202 4596 1458 4653 debemus
1504 4597 1693 4667 plana,
1742 4611 1861 4665 qum
1907 4596 2126 4651 docent.

549 4688 709 4763 2&0
737 4688 841 4744 Sed
870 4704 989 4743 cum
1020 4688 1367 4756 descendunt,
1399 4698 1523 4743 ante
1548 4704 1605 4745 se
1630 4690 1963 4759 psalterium,
1987 4695 2131 4761 tym-

549 4797 787 4854 panum,
838 4781 1038 4848 tibiam,
1090 4789 1145 4837 et
1193 4780 1451 4838 citharam
1498 4779 1762 4836 deferunt.
1809 4780 2129 4837 Psalterium

548 4876 743 4945 quippe
772 4873 987 4940 habent,
1042 4875 1167 4944 quia
1216 4887 1436 4943 regnum
1481 4874 1738 4928 caelorum
1768 4873 2128 4926 annuntiaut:

547 4974 853 5040 tympanum
892 4968 1112 5036 habent,
1161 4967 1284 5037 quia
1329 4965 1623 5037 praedicant
1664 4963 2129 5020 mortificationem

551 5062 726 5115 carnis
750 5081 761 5113 :
794 5061 973 5117 tibiam
1002 5059 1225 5130 habent,
1255 5061 1377 5130 quia
1404 5058 1533 5116 ﬂere
1560 5059 1802 5117 subditos
1821 5059 2008 5131 iubent
2029 5074 2131 5132 pro

547 5153 899 5223 acquisitione
945 5164 1159 5209 αξιοι-ηπ
1208 5153 1404 5208 ltetitite
1434 5153 1726 5210 :citbaram
1766 5166 1981 5224 quoque
2026 5153 2129 5207 ha-

545 5244 692 5310 bent,
728 5246 847 5315 quia
876 5246 1109 5316 gaudere
1150 5248 1265 5317 pios
1304 5264 1403 5318 pro
1446 5250 1764 5306 certitudine
1800 5259 2125 5305 :eternorum

546 5335 807 5392 bonorum
838 5339 1082 5394 edocent.
1114 5338 1429 5397 Psalterium
1475 5343 1710 5411 quidem,
1756 5345 1846 5415 qui
1893 5358 1923 5397 a
1969 5357 2129 5413 supe-

548 5427 675 5481 riori
730 5436 883 5498 parte
928 5436 1185 5499 resonat,
1237 5432 1396 5487 etiam
1445 5442 1767 5490 aeternorum
1818 5432 2128 5504 gaudiorum

550 5518 977 5586 prmdicationem
1026 5522 1455 5595 designatzquia
1502 5527 1626 5581 dum
1676 5542 1904 5597 superna
1951 5541 2131 5583 amare

551 5609 806 5676 suggerit,
854 5613 1003 5680 quasi
1035 5628 1064 5668 a
1094 5615 1357 5684 superiori
1404 5623 1555 5686 parte
1584 5632 1691 5672 suae
1720 5617 2015 5673 dulcedinis
2043 5631 2132 5674 so-

554 5715 679 5753 num
709 5702 890 5758 mittit.
919 5704 1251 5777 Tympanum
1282 5723 1429 5777 vero,
1460 5708 1583 5780 quia
1606 5710 1673 5764 de
1698 5710 1892 5765 mortui
1921 5710 2131 5765 anima-

554 5790 619 5845 .is
647 5792 795 5848 corio
840 5795 1112 5864 tenditur,
1164 5798 1217 5853 in
1248 5814 1313 5853 eo
1357 5817 1462 5858 non
1488 5803 1929 5858 inconvenienter
1954 5805 2130 5862 carnis

555 5888 753 5937 nostrae
798 5882 1141 5944 mortiﬁcatio
1187 5888 1464 5960 ﬁguratur.
1508 5892 1715 5950 Tibiam
1752 5903 1957 5968 autem,
2004 5896 2131 5969 quia

2248 2028 2503 2108 piscendo
2533 2038 2833 2107 cupiamus.
2867 2035 3000 2092 llinc
3029 2046 3113 2093 est
3140 2038 3283 2108 quod
3313 2055 3434 2093 cum
3465 2040 3517 2093 in
3546 2034 3835 2109 Evangelia

2250 2120 2529 2182 Matthmus
2576 2128 2834 2198 principia
2872 2128 3159 2183 Dominica:
3208 2126 3603 2185 Incarnationis
3631 2145 3833 2185 assere-

2247 2230 2347 2286 ret,
2380 2218 2513 2276 dixit
2540 2239 2551 2275 :
2580 2220 2741 2292 Coepit
2770 2220 2999 2277 Joannrs
3027 2223 3331 2293 prwdicare,
3362 2232 3410 2276 et
3436 2222 3607 2277 dicere
3626 2242 3644 2277 :
3673 2218 3833 2278 Perni-

2250 2315 2461 2369 tentiam
2482 2316 2639 2385 agite,
2666 2312 3096 2387 appropinquabit
3121 2332 3333 2388 regnum
3357 2313 3597 2370 cazlorum
3624 2312 3830 2387 (Matth.

2247 2424 2320 2475 tv,
2354 2409 2464 2478 i7).
2516 2406 2620 2463 Sed
2666 2409 2789 2477 quia
2822 2425 2941 2464 cum
2973 2408 3211 2465 coelestia
3239 2410 3516 2467 noscimus
3541 2452 3556 2472 ,
3606 2409 3654 2464 si
3684 2410 3750 2463 ad
3777 2424 3835 2464 ea

2246 2498 2529 2569 pervenire
2557 2497 2827 2562 volumus,
2856 2514 3076 2558 necesse
3104 2508 3207 2566 est,
3254 2509 3316 2555 ut
3357 2502 3638 2570 passiones
3668 2496 3836 2557 carnis

2247 2586 2633 2643 mortiﬂcemus
2659 2630 2672 2653 ,
2724 2580 3101 2659 praedicatores
3146 2597 3347 2646 sanctae
3393 2587 3654 2646 Ecclesiae
3697 2592 3835 2647 velut

2247 2686 2369 2749 post
2396 2676 2734 2750 psalterium,
2764 2692 2951 2736 sonum
2986 2683 3224 2753 tympani
3252 2682 3475 2738 faciunt.
3507 2682 3631 2754 ipsa
3662 2688 3834 2738 autem

2246 2768 2591 2824 mortiﬁcatio
2619 2771 2861 2840 corporis
2885 2769 3010 2839 quid
3033 2778 3113 2827 est
3134 2770 3295 2839 aliud,
3326 2780 3486 2842 quam
3516 2764 3835 2842 mando

2246 2866 2461 2915 artemo:
2488 2860 2870 2917 beatitudinis?
2896 2860 3145 2918 leestia
3170 2876 3299 2934 ergo
3324 2864 3620 2935 praeparari
3669 2850 3833 2933 diligi-

2245 2962 2386 3021 mtts,
2416 2955 2478 3008 'et
2518 2952 2903 3010 ardentissimis
2929 2952 3141 3013 ﬂetibus
3169 2970 3232 3013 ea
3261 2959 3536 3028 postulare
3562 2950 3829 3028 iubemur.

2247 3043 2411 3111 Quasi
2440 3044 2581 3099 enim
2634 3045 2758 3099 tibia
2808 3054 3049 3103 mortuos
3076 3046 3400 3118 plangimus,
3432 3038 3644 3116 quando
3673 3048 3833 3103 vehe-

2243 3140 2453 3189 menter
2483 3132 2747 3201 dolemus,
2798 3136 2921 3206 quia
2959 3134 3135 3194 adhuc
3160 3138 3214 3193 in
3240 3136 3333 3194 illa
3360 3144 3562 3193 aeterna
3589 3137 3705 3193 vita
3732 3150 3832 3193 non

2244 3222 2491 3280 vivimus.
2523 3222 2650 3281 POSt
2676 3230 2989 3297 tympanum
3022 3240 3149 3297 ergo
3171 3270 3186 3295 ,
3235 3222 3621 3300 praedicatores
3669 3228 3830 3285 nostri

2245 3316 2431 3372 tibiam
2464 3316 2683 3385 habent,
2714 3319 2928 3387 quando
2952 3322 3005 3376 et
3027 3322 3264 3377 membra
3296 3318 3481 3377 nostra
3511 3334 3611 3377 nos
3642 3318 3831 3377 docent

2240 3405 2590 3473 mortiﬁcata,
2624 3416 2680 3462 et
2708 3421 2807 3477 pro
2838 3416 3021 3465 amore
3048 3418 3263 3466 aeterne
3288 3412 3415 3466 vita:
3456 3410 3826 3480 ingemiscere.

2241 3499 2513 3557 Citharam
2550 3508 2765 3572 queque
2798 3510 2923 3572 poSt
2965 3502 3149 3559 tibiam
3186 3502 3389 3560 ditcth
3432 3522 3447 3559 :
3486 3506 3611 3575 quia
3650 3501 3828 3575 praeci-

2238 3595 2388 3664 piunt
2416 3594 2494 3650 sic
2519 3591 2716 3649 deflere
2744 3610 3009 3651 terumnas
3036 3597 3315 3666 pnesentis
3346 3595 3521 3653 eXsilii
3545 3640 3560 3665 ,
3616 3600 3681 3651 ut
3708 3608 3827 3665 gau-

2239 3684 2460 3740 deamus
2508 3680 2574 3739 de
2627 3684 2984 3755 promissione
3030 3696 3245 3743 mternaa
3296 3682 3651 3743 luereditatis.
3704 3686 3825 3741 Nam

2238 3774 2551 3846 psalterium
2596 3775 2884 3831 insonabat
2930 3776 3191 3847 propheta
3232 3786 3481 3848 magnus,
3512 3792 3638 3834 cum
3689 3777 3827 3832 dice-

2237 3867 2333 3921 bat
2357 3885 2369 3919 :
2397 3864 2526 3920 Oves
2554 3876 2681 3922 mea:
2722 3878 2891 3922 vocem
2936 3878 3104 3923 meam
3149 3869 3385 3938 audiant,
3415 3879 3465 3924 et
3490 3868 3650 3924 vitam
3681 3878 3825 3924 cter-

2236 3974 2359 4012 nam
2383 3958 2447 4012 do
2471 3959 2544 4012 eis
2570 3957 2749 4030 (Joan.
2781 3975 2834 4024 x,
2860 3957 2975 4029 ‘27).
3002 3958 3314 4015 Psalterium
3342 3960 3470 4015 item
3498 3957 3824 4031 percutiens,

2237 4051 2348 4104 ait:
2375 4047 2618 4104 Exaltari
2660 4058 2859 4120 Oportet
2905 4048 3071 4121 ﬁlium
3119 4051 3381 4118 hominis,
3426 4058 3485 4105 at
3531 4049 3702 4105 munis
3747 4048 3825 4115 aii

2236 4141 2396 4195 credit
2424 4142 2477 4195 in
2507 4156 2653 4202 eum.
2698 4154 2801 4196 non
2832 4152 3028 4211 pereat,
3060 4136 3151 4198 sed
3180 4142 3368 4198 habent
3393 4145 3553 4197 uitam
3578 4151 3824 4196 turritam

2239 4230 2425 4304 (Joan.
2471 4250 2559 4297 m,
2603 4230 2728 4305 14).
2763 4230 3098 4305 Tympanum
3142 4234 3401 4302 sonabat,
3441 4232 3533 4304 qui
3572 4228 3822 4287 dicebat:

2236 4324 2554 4396 Mortiﬁcate
2590 4324 2819 4381 membra
2861 4330 3061 4395 uestra,
3102 4334 3215 4399 quis
3252 4334 3371 4380 sunt
3413 4332 3570 4395 δυρινγ
3599 4328 3825 4376 terram:

2239 4418 2662 4489 fornicationem,
2691 4414 3071 4471 immunditiam
3090 4460 3103 4484 ,
3135 4414 3398 4472 libidinem
3420 4460 3432 4480 ,
3464 4414 3822 4483 concupiscen-

2237 4508 2361 4560 tiam
2393 4506 2629 4580 (Cotoss.
2660 4518 2743 4572 τη,
2791 4505 2879 4578 5).
2910 4502 3115 4563 Tiblam
3157 4510 3403 4573 sonabat,
3444 4507 3537 4575 qui
3564 4504 3777 4560 dicebat
3804 4520 3817 4555 :

2234 4597 2414 4653 Miseri
2442 4607 2619 4663 estote,
2651 4600 2834 4671 lugete,
2860 4601 2995 4655 risus
3020 4610 3182 4656 vester
3208 4606 3435 4654 vertatur
3458 4598 3513 4651 in
3542 4596 3756 4661 luctum,
3777 4602 3819 4649 et

2236 4689 2477 4761 gaudium
2506 4691 2560 4744 in
2587 4700 2855 4744 marrorem
2885 4688 3022 4761 (Jac.
3052 4700 3125 4755 tv,
3157 4688 3233 4759 9).
3282 4685 3619 4758 Tympsnmn
3670 4692 3822 4740 ςσηη.

2240 4782 2353 4848 bat,
2400 4783 2489 4852 qui
2537 4782 2786 4837 dicebat:
2817 4779 3037 4852 Propter
3083 4788 3131 4834 te
3172 4779 3548 4849 mortiﬁcamur
3587 4780 3700 4831 tota
3725 4775 3819 4840 die,

2241 4876 2482 4930 aestimati
2510 4890 2704 4941 sumus,
2734 4878 2865 4930 sicut
2886 4890 3000 4930 oves
3030 4874 3299 4930 occisionis
3326 4870 3499 4943 (Psal.
3530 4885 3683 4934 mu,
3716 4868 3819 4938 22).

2239 4959 2445 5021 Tibiam
2496 4980 2623 5023 vero
2670 4974 2793 5021 ante
2834 4982 2893 5021 se
2931 4965 3114 5032 habet,
3145 4965 3235 5034 qui
3267 4962 3393 5019 item
3424 4962 3538 5018 Deo
3567 4963 3819 5030 inanitur,

2237 5058 2420 5114 dicens
2444 5074 2458 5113 :
2482 5055 2687 5112 Cibabis
2716 5072 2809 5113 nos
2836 5066 2968 5129 pane
2994 5055 3359 5127 tacrymarum.
3391 5063 3441 5108 et
3467 5058 3649 5124 potant
3683 5050 3820 5106 dabis

2236 5147 2382 5202 trabis
2409 5146 2465 5201 in
2494 5158 2732 5201 mensura
2780 5144 2951 5219 (Psal.
2993 5158 3183 5211 txxrx,
3232 5142 3309 5215 6).
3361 5143 3571 5197 Tibia‘m
3613 5146 3822 5197 autem

2234 5239 2467 5293 habebat
2509 5237 2803 5303 Dominus,
2849 5248 2972 5292 cum
3018 5234 3449 5292 dicebat:Amen
3498 5232 3619 5287 dico
3662 5228 3817 5290 nebit.

2233 5330 2353 5401 quia
2381 5328 2648 5400 plorabitis
2677 5334 2726 5383 et
2753 5328 2940 5398 ﬂebitis
2976 5338 3082 5391 vos,
3112 5325 3331 5381 mandas
3360 5329 3528 5379 autem
3557 5320 3819 5401 gaudebit,

2235 5436 2323 5476 vos
2348 5436 2487 5476 vero
2511 5418 2939 5475 contristabimirti
2969 5416 3146 5489 (Joan.
3198 5430 3308 5484 ιη,
3353 5414 3467 5485 20).
3516 5408 3625 5469 Sed
3678 5410 3822 5470 velut

2237 5510 2459 5567 cithara!
2486 5522 2679 5567 sonum
2706 5511 3050 5580 subjungens,
3096 5510 3171 5565 ait
3198 5526 3212 5563 :
3244 5508 3479 5564 Tristitia
3506 5515 3679 5561 uestra
3706 5518 3821 5558 eer-

2241 5612 2371 5659 tetur
2397 5606 2450 5660 in
2472 5604 2719 5676 gaudium
2750 5598 2962 5675 (Ibid).
2994 5602 3154 5669 Quasi
3182 5603 3439 5659 citharam
3470 5599 3629 5654 nobis
3655 5608 3819 5651 sona-

2236 5694 2349 5765 bat,
2400 5696 2492 5767 qui
2537 5696 2750 5751 dicebat
2777 5712 2791 5749 :
2817 5694 3047 5751 Gaudete
3077 5692 3232 5766 24],
3262 5694 3315 5749 in
3344 5690 3569 5747 Domino
3598 5702 3819 5758 semper,

2231 5787 2417 5844 iterum
2464 5789 2599 5855 dico,
2622 5785 2837 5861 gaudete
2863 5803 2881 5844 :
2909 5788 3159 5844 modestia
3204 5793 3367 5842 vestra
3405 5790 3529 5841 noto
3557 5784 3625 5838 sit
3650 5779 3821 5835 omni-

2234 5877 2326 5936 bus
2355 5878 2641 5938 hominibus
2661 5894 2684 5949 ξ
2708 5876 2965 5938 Μαι
2988 5888 3151 5953 prope
3174 5887 3251 5938 est
3272 5874 3491 5953 (Philip.
3520 5890 3593 5947 tv,
3620 5873 3698 5947 ι).
3726 5871 3822 5929 α-
