4020 6344
197 410 352 484 293

1008 425 1076 481 IN
1111 419 1380 482 PRIMUM
1417 419 1658 484 nucum
1698 394 2218 482 EXPOSITIONES.
2254 453 2327 469 -—
2362 424 2496 483 LIB.
2538 424 2630 485 tv.

194 543 392 598 tharam
418 535 577 594 nobis
603 544 781 604 sonat,
829 537 924 607 qui
974 537 1207 598 civitatis
1259 549 1458 596 nostra:
1503 542 1647 598 bona
1678 556 1778 595 an-
1884 539 2054 595 dixit:
2087 541 2270 614 Regna
2285 542 2657 599 terrte'cantate
2678 541 2810 612 Deo,
2831 543 2918 616 qui
2939 535 3172 601 ascendit
3187 557 3343 618 super
3370 567 3475 604 coe-

193 633 452 698 nuntians,
503 631 579 686 ait
606 649 619 685 :
645 628 904 686 Gaudium
949 641 1001 686 et
1041 632 1224 688 latitia
1260 635 1548 689 invenietur
1593 636 1648 689 in
1691 652 1771 702 ea,

194 725 471 797 gratiarum
499 723 636 778 actio
679 731 730 776 et
757 739 854 778 vos:
882 723 1051 777 laudis
1081 722 1216 796 (Isa.
1245 741 1318 791 LI,
1366 725 1443 797 5).
1486 724 1620 792 Quia
1647 740 1776 796 ergo

194 815 562 886 pnulicatores
609 821 811 872 sancte
856 813 1112 872 Ecclesia:
1157 817 1380 874 cmleste
1418 832 1641 888 regnum
1679 834 1778 875 an-

193 906 457 971 nuutiant,
505 916 561 962 et
608 923 708 976 pro
737 907 928 964 eodem
956 924 1124 979 regno
1152 911 1520 981 adipiscendo,
1550 911 1778 968 mortiﬁ-

194 1014 310 1054 rare
337 1009 583 1067 carnem,
612 998 746 1056 ﬂere
764 1000 1155 1071 captivitatem,
1185 1003 1239 1058 in
1266 1019 1362 1074 spe
1385 1004 1578 1060 futura:
1605 1005 1779 1061 beati-

193 1091 384 1149 tudinis
427 1109 528 1150 nos
573 1094 844 1151 exsultare
887 1097 1243 1168 praecipiunt:
1272 1099 1547 1170 prophetae
1574 1098 1643 1154 ab
1680 1113 1779 1154 ex-

193 1186 334 1242 celso
359 1187 771 1259 descendentes,
813 1175 947 1245 ante
986 1205 1046 1246 se
1074 1190 1409 1262 psalterium,
1445 1201 1777 1264 tympanum,

195 1277 398 1347 tibiam,
451 1288 507 1334 et
555 1279 816 1336 citharam
868 1281 1071 1338 habere
1126 1283 1493 1354 perhibentur.
1546 1281 1614 1338 Et
1649 1297 1782 1352 grex

194 1369 407 1438 quidem
440 1371 826 1441 prophetarum
856 1373 1076 1443 dicitur,
1103 1375 1229 1444 quia
1258 1375 1412 1431 multi
1440 1384 1566 1432 sunt
1593 1384 1780 1445 pasto-

195 1475 276 1515 res
299 1469 502 1516 sanctae
528 1461 805 1532 Ecclesiae,
851 1471 909 1520 et
951 1473 1225 1538 pastorem
1254 1482 1419 1523 unum
1447 1466 1652 1523 habent
1675 1465 1784 1521 Do-

194 1553 394 1608 minum
421 1553 602 1610 Iesum
631 1557 921 1612 Christum.

261 1643 353 1698 i7.
383 1642 446 1698 Et
475 1645 771 1702 notandum
808 1647 934 1718 quia
973 1649 1308 1719 psalterium,
1332 1659 1668 1722 tympanum,
1710 1650 1782 1705 ti-

194 1733 359 1800 biam,
398 1744 452 1790 et
487 1735 750 1792 citharam
789 1748 917 1794 ante
961 1755 1020 1796 se
1057 1741 1258 1797 habere
1284 1741 1557 1812 propheta:
1597 1740 1782 1812 perhi-

195 1824 411 1893 bentur,
441 1834 501 1881 ut
545 1828 844 1884 electorum
879 1832 1288 1904 praedicatorum
1320 1838 1488 1888 forma
1519 1833 1780 1888 videatur.

1879 631 1956 687 los
1983 633 2225 688 certorum
2261 635 2329 688 ad
2363 635 2612 690 orientem
2653 633 2826 710 (Psal.
2857 653 3020 706 vau,
3055 635 3155 703 '53,
3180 629 3296 711 34).
3339 629 3474 697 i’ro-

1878 725 2054 794 pheta:
2091 741 2221 797 ergo
2268 726 2336 783 de
2382 729 2601 784 excelso
2649 728 3002 796 descendunt,
3047 731 3264 801 quando
3300 727 3477 789 sancti

1880 816 2266 887 praedicatores
2313 818 2404 874 illa
2433 828 2767 876 sacramenta
2793 821 2952 877 nobis
2991 817 3330 890 annuntiant,
3358 838 3477 894 quae

1880 907 1991 961 alta
2017 910 2474 980 contemplatione
2503 901 2754 968 didicere.
2781 899 2848 966 Et
2875 913 3219 983 psalterium,
3266 912 3476 979 tibiam,

1881 1007 1935 1054 et
1985 1000 2250 1056 citharam
2301 1001 2488 1058 dicunt
2530 1021 2542 1056 :
2595 1002 2721 1072 quia
2768 1001 3190 1073 Redemptorem
3234 1009 3478 1060 nostrum

1882 1091 2066 1146 aeterni
2117 1091 2267 1159 regni
2315 1077 2602 1148 Dominum
2641 1101 2906 1161 asserunt,
2955 1101 3012 1150 et
3050 1110 3145 1164 per
3187 1091 3479 1149 humanam

1883 1182 2248 1238 conditionem
2278 1183 2639 1250 humiliatum,
2679 1191 2734 1239 et
2762 1192 2938 1240 morte
2969 1200 3065 1239 sua
3093 1179 3352 1241 mundum
3391 1197 3482 1240 re-

1884 1276 2110 1345 dimere,
2141 1287 2197 1332 et
2224 1278 2555 1348 resurgendo
2579 1277 2818 1336 coelestia
2842 1294 3116 1352 reparare.
3150 1272 3278 1348 Quae
3319 1276 3481 1334 nimi-

1885 1386 2007 1424 rum
2052 1369 2224 1425 laudis
2264 1370 2616 1426 instrumenta
2646 1378 2770 1426 ante
2798 1385 2859 1427 se
3078 1361 3316 1426 habent:
3353 1369 3479 1440 quia

1888 1473 1972 1526 ea,
2007 1473 2127 1530 qua:
2164 1459 2368 1526 dicunt,
2410 1459 2736 1530 intelligunt.
2777 1453 2821 1513 E
2868 1469 3058 1516 contra
3086 1465 3217 1516 ver’o
3244 1453 3480 1530 Caipbas

1887 1549 2213 1619 prophetare
2238 1547 2433 1604 dicitur
2464 1548 2644 1622 (Joan.
2669 1545 2771 1621 xi),
2796 1555 2852 1606 et
2880 1561 2945 1606 ea
2974 1555 3092 1622 quae
3121 1545 3277 1619 dixit,
3326 1551 3482 1620 igno-

1887 1654 2038 1705 rare;
2064 1654 2186 1694 cum
2217 1637 2400 1695 tibiam
2424 1629 2717 1696 Doininice’c
2753 1643 2973 1708 mortis,
3003 1651 3164 1713 quam
3189 1641 3395 1712 tetigit,
3424 1648 3483 1700 et

1888 1746 1998 1786 non
2019 1738 2078 1785 ut
2102 1731 2305 1786 electus
2333 1731 2593 1802 propheta
2623 1727 2850 1788 haberet
2871 1739 2998 1789 ante
3026 1747 3106 1801 se,
3124 1723 3219 1788 Sed
3245 1741 3370 1804 post
3400 1747 3481 1790 se.

1889 1821 2035 1876 Bene
2056 1836 2184 1890 ergo
2214 1819 2284 1875 de
2312 1821 2498 1876 electis
2522 1813 2800 1892 prophetis
2828 1817 3166 1892 subjungitur
3191 1841 3203 1876 :
3233 1817 3484 1896 Ipsosque

176 1923 178 1927 λ
195 1915 430 1988 [mprobi
475 1935 709 1992 namque
755 1933 880 1992 post
922 1939 1002 1994 se,
1032 1940 1152 1996 qua:
1177 1927 1486 1996 pmdicam’
1538 1926 1741 1982 habent
1770 1945 1784 1982 ε
1891 1909 2272 1983 prop/tetaittes.
2301 1910 2433 1978 Quia
2451 1907 2578 1966 dum
2606 1907 2788 1967 vident
2817 1917 2937 1982 qua:
2966 1907 3167 1976 dicant,
3191 1913 3338 1969 velut
3357 1923 3485 1971 ante

195 2009 318 2077 quia
348 2010 534 2066 dicunt
576 2021 630 2067 et
671 2029 781 2068 non
835 2013 1074 2082 faciunt,
1113 2018 1389 2087 negligunt
1428 2019 1565 2074 bona
1605 2032 1785 2087 agere,

194 2111 315 2167 quae
347 2110 699 2169 cognoscunt.
738 2101 886 2160 Unde
929 2115 986 2160 et
1013 2107 1191 2163 adhuc
1217 2109 1331 2179 regi
1359 2108 1518 2176 Saul,
1540 2107 1652 2179 jam
1678 2107 1788 2165 Do-

193 2190 331 2245 mini
354 2193 604 2248 mandata
647 2199 1035 2266 contemnenti,
1064 2193 1301 2255 dicitur:
1348 2201 1482 2266 Quia
1528 2201 1789 2275 projccisti

195 2299 483 2338 sermonem
518 2283 747 2355 Domini,
777 2289 996 2361 projecit
1024 2293 1071 2345 te
1091 2289 1375 2360 Dominus,
1404 2312 1467 2348 ne
1501 2295 1572 2349 sis
1603 2312 1694 2349 rea:
1733 2285 1790 2365 (Ῑ

198 2371 324 2446 Reg.
355 2392 447 2445 xv,
471 2369 581 2450 23).
609 2373 744 2435 liiuc
772 2397 868 2452 per
889 2383 1207 2453 prophetam
1233 2383 1300 2440 de
1319 2383 1514 2441 Judaeis
1529 2385 1789 2443 Dominus

198 2467 471 2536 queritur,
502 2463 687 2527 dicens
719 2492 730 2526 :
774 2473 1118 2547 Projecerunt
1145 2494 1224 2532 me
1263 2489 1379 2551 post
1420 2495 1602 2551 corpus
1641 2479 1789 2536 suum

201 2553 320 2630 (ΙΙΙ
358 2557 484 2633 Reg.
518 2579 628 2629 xiv,
653 2561 729 2637 9).
766 2565 947 2622 Sancti
977 2581 1106 2638 ergo
1122 2567 1389 2637 doctores,
1420 2573 1543 2642 quia
1575 2573 1676 2627 iter
1697 2590 1790 2629 su-

199 2667 380 2728 perum
407 2655 856 2726 conversationis,
897 2661 1039 2730 quod
1065 2662 1385 2734 praedicant,
1408 2667 1664 2721 continuo
1703 2666 1788 2721 in-

199 2767 355 2809 cessu
393 2743 522 2808 boni
569 2749 749 2820 operis
793 2763 1044 2828 servant,
1078 2747 1130 2818 in
1179 2774 1369 2819 eorum
1407 2777 1532 2837 typo
1573 2758 1787 2833 dicitur,

200 2847 323 2916 quia
358 2840 631 2919 prophetae
658 2851 993 2922 psalterium,
1027 2865 1361 2928 tympanum,
1391 2857 1596 2927 tibiam,
1629 2870 1683 2915 et
1711 2861 1789 2916 ci-

200 2936 413 2994 tharam
458 2951 584 2998 ante
641 2959 702 3000 se
747 2935 1136 3004 descendentes
1183 2949 1508 3007 habuerunt.
1557 2944 1790 3010 Possunt

202 3028 344 3083 enim
368 3029 483 3115 inec
504 3032 854 3092 instrumenta
883 3039 948 3092 ad
976 3039 1409 3109 praedicationem
1429 3041 1788 3115 redemptoris

197 3117 410 3177 referri.
441 3111 506 3176 Et
527 3126 651 3195 quia
693 3143 802 3184 non
829 3129 984 3185 valde
1025 3131 1271 3202 superius
1299 3173 1316 3200 ,
1348 3133 1544 3190 collem
1572 3111 1787 3190 Domini

199 3211 375 3282 ipsum
411 3229 532 3272 esse
560 3211 980 3290 Redemptorem
1006 3221 1256 3292 diximus,
1298 3239 1624 3296 organorum
1653 3245 1788 3283 cou-

1891 2020 1951 2060 se
1963 2004 2549 2073 habentinstrumenta,
2563 2020 2680 2074 qum
2698 2015 2937 2076 tangant;
2953 2014 3008 2060 et
3023 2006 3146 2061 du‘m
3169 2006 3486 2076 praedicant,

1892 2095 2023 2152 illud
2052 2095 2348 2166 proferunt,
2380 2096 2524 2166 quod
2552 2095 2895 2168 praevidendo
2929 2106 3319 2168 cognoverunt.
3355 2093 3486 2154 Saul

1893 2201 2022 2258 ergo
2044 2186 2112 2242 ad
2136 2188 2329 2243 collem
2358 2187 2568 2244 Domini
2589 2189 2757 2260 venit,
2785 2188 3002 2260 quando
3025 2190 3228 2248 electas
3257 2197 3311 2246 et
3335 2187 3487 2246 rudis

1892 2277 2214 2348 praedicator
2241 2277 2508 2351 Spirituali
2549 2281 2771 2336 scientia
2800 2279 3043 2351 prolicit,
3075 2288 3130 2336 et
3159 2279 3486 2352 Retlttmpto-

1891 2383 2009 2424 rem
2038 2369 2257 2424 humani
2288 2371 2502 2440 generis
2541 2387 2650 2427 non
2677 2372 2731 2428 in
2779 2375 2945 2444 plano
2993 2367 3364 2445 humanitatis,
3390 2373 3488 2432 sed

1891 2459 1945 2514 in
1975 2459 2082 2514 alta
2108 2459 2404 2518 divinitatis
2425 2461 2542 2532 ejus
2564 2460 2847 2531 majestate
2877 2464 3172 2532 cognoscit.
3201 2462 3353 2520 Tunc
3372 2464 3487 2533 qui-

1891 2549 2013 2605 dem
2035 2549 2423 2621 prophetarum
2476 2552 2674 2609 choros
2722 2553 3074 2609 concinentes
3118 2551 3309 2608 audit:
3357 2554 3483 2624 quia

1893 2655 2081 2697 omnes
2105 2642 2436 2716 Scripturas,
2460 2659 2582 2716 qua:
2611 2641 2678 2703 de
2706 2645 2826 2718 ipso
2864 2653 3009 2714 sunt,
3061 2646 3301 2718 perfecte
3329 2647 3488 2704 intel-

1892 2735 2028 2808 ligit.
2061 2737 2165 2812 Qui
2195 2741 2358 2812 igitur
2387 2743 2532 2806 virus
2562 2759 2782 2820 magnas
2810 2741 2997 2802 foveas
3036 2740 3290 2802 salientes
3325 2744 3482 2812 vidit,

1890 2833 1984 2907 qui
2013 2837 2215 2909 haedos,
2256 2847 2312 2896 et
2362 2849 2532 2898 tortas
2562 2844 2739 2914 panis,
2771 2845 2827 2898 et
2855 2835 3174 2914 amphoram
3212 2837 3320 2899 vini
3354 2853 3486 2915 por-

1890 2939 2068 2991 tantes
2095 2937 2336 3006 aspexit,
2368 2933 2434 2991 ad
2465 2937 2660 2992 collem
2694 2933 2908 2991 Domini
2945 2938 3218 3008 pervenit;
3269 2938 3486 3008 quando

1889 3023 1955 3093 is,
2006 3023 2099 3098 qui
2148 3043 2246 3098 per
2275 3027 2575 3084 electorum
2608 3028 2852 3100 exempla
2883 3028 3179 3100 profecisse
3207 3023 3488 3100 cognosci-

1889 3126 1996 3186 tur,
2032 3119 2098 3174 ad
2129 3117 2344 3176 culmen
2389 3119 2631 3177 scientiae
2657 3121 2994 3191 sublimatur,
3042 3130 3098 3180 et
3147 3117 3482 3196 Redempto-

1887 3225 2002 3268 rem
2049 3211 2351 3268 sublimiter
2399 3213 2597 3282 sciens,
2649 3213 2996 3271 ineil‘abiliter
3033 3215 3242 3285 diligit,
3296 3225 3328 3272 a
3377 3229 3484 3288 quo

199 3305 524 3361 venientiam
553 3307 880 3366 intueamur.
911 3312 1015 3378 Qui
1045 3315 1196 3384 regni
1222 3318 1410 3372 aeterni
1449 3333 1568 3372 eum
1599 3334 1782 3388 regem

1891 3305 2034 3376 quod
2059 3306 2188 3360 item
2216 3307 2356 3364 scire
2384 3305 2452 3363 de
2503 3322 2569 3364 eo
2594 3307 2822 3379 appetit,
2848 3307 3003 3380 quasi
3031 3303 3310 3366 familiaris
3339 3311 3480 3365 ami-

199 3396 481 3480 nominat,
521 3399 676 3456 nobis
716 3401 960 3473 profecto
1006 3406 1318 3476 psalterium
1360 3419 1537 3465 sonat.
1587 3407 1654 3464 Et
1700 3409 1793 3480 qui

201 3477 541 3558 disciplinam
571 3492 996 3552 mortiﬁcationis
1022 3507 1220 3553 nostra:
1240 3497 1292 3553 in
1316 3514 1382 3555 eo
1411 3499 1622 3568 as‘serit,
1645 3501 1793 3559 velut

200 3586 515 3651 tympanum
543 3581 684 3638 ierit.
713 3583 916 3641 Tibiam
947 3598 1124 3654 sonat,
1151 3579 1242 3662 qui
1254 3586 1534 3647 mortuum
1567 3591 1793 3648 Redem-

197 3681 410 3743 ptorem
455 3693 553 3745 pro
582 3677 756 3734 salute
775 3680 962 3736 mundi
1007 3681 1307 3738 denuntiat.
1359 3683 1635 3741 Citharam
1662 3702 1791 3756 per-

199 3768 356 3833 cutit,
395 3768 489 3838 qui
536 3785 658 3825 eum
697 3786 728 3826 a
778 3775 1005 3830 mortuis
1052 3777 1374 3844 surrexisse,
1416 3786 1472 3833 et
1507 3778 1576 3834 ad
1625 3779 1792 3836 caelos

200 3860 509 3915 ascendisse
536 3861 697 3918 dicat.
729 3862 837 3920 Sed
859 3865 924 3919 ad
949 3873 1223 3922 tantorum
1252 3882 1574 3937 organorum
1596 3870 1790 3940 jucun-

197 3946 425 4003 ditatem
451 3951 841 4022 hilarescimus,
876 3956 920 4011 si
945 3957 1116 4028 ipsum
1160 3960 1544 4030 prophetarum
1573 3975 1788 4033 gregem

198 4039 542 4098 insonantem
572 4043 870 4103 audiamus.
895 4047 1060 4104 David
1083 4065 1315 4122 namque
1343 4052 1496 4108 dicit:
1522 4054 1566 4106 A
1589 4071 1787 4110 summa

198 4131 330 4187 caelo
354 4136 573 4208 egressio
602 4138 734 4207 ejus,
759 4147 806 4192 et
828 4156 1066 4195 occursus
1087 4158 1243 4214 usque
1257 4144 1326 4198 ad
1347 4161 1599 4199 sumntum
1613 4146 1786 4218 (Psal.

199 4235 354 4290 xvm,
385 4223 457 4296 7).
490 4219 624 4282 Hinc
644 4227 774 4285 item
803 4230 930 4286 dicit
963 4250 976 4284 :
1007 4227 1312 4288 Adorabant
1341 4251 1457 4290 eum
1485 4254 1661 4292 omnes
1706 4254 1790 4292 re-

199 4333 287 4388 ges
309 4325 488 4388 terrce,
515 4337 688 4376 omnes
718 4334 891 4394 gentes
934 4326 1153 4380 servient
1190 4329 1237 4382 ei
1275 4321 1450 4398 (Psal.
1482 4345 1628 4396 an,
1676 4331 1785 4403 il).

198 4409 364 4466 Velut
411 4414 556 4469 enim
607 4416 919 4484 psalterium
964 4418 1018 4473 in
1069 4419 1283 4476 laudem
1313 4421 1690 4494 Redemptoris
1717 4432 1790 4481 te-

197 4503 343 4568 nuit,
369 4504 461 4574 qui
487 4506 820 4576 superiorem
843 4517 1050 4580 partem
1088 4510 1260 4567 laudis
1289 4511 1550 4581 obtinuit,
1597 4523 1652 4570 et
1679 4511 1787 4570 Re-

198 4591 500 4666 demptoris
550 4593 839 4655 adventum
893 4616 923 4656 a
984 4618 1192 4658 summo
1246 4604 1384 4661 coelo
1453 4607 1784 4676 praedicavit.

1893 3410 1990 3452 cus
2017 3397 2209 3466 possit.

1965 3515 2054 3570 i8.
2085 3514 2234 3570 Bene
2264 3525 2291 3554 ι
2317 3514 2608 3571 subditur:
2640 3515 2709 3570 Et
2745 3516 2941 3572 insiliat
2976 3516 3032 3572 in
3074 3525 3122 3571 te
3141 3517 3352 3588 spiritus
3371 3518 3485 3575 Do-

1890 3609 2038 3675 mini,
2076 3618 2124 3663 et
2143 3606 2472 3680 prophetabis
2499 3625 2615 3664 cum
2641 3610 2735 3664 eis.
2763 3606 2978 3665 lnsilire
3016 3609 3234 3680 spiritus
3264 3611 3481 3668 Domini

1891 3701 2105 3768 dicitur,
2137 3700 2263 3770 quia
2310 3700 2610 3757 electorum
2639 3701 2802 3758 corda
2832 3701 2989 3758 donis
3033 3703 3150 3772 ejus
3176 3704 3356 3760 subito
3403 3719 3485 3760 re-

1891 3793 2124 3864 plentur.
2157 3790 2262 3858 Qui
2309 3794 2491 3848 statim
2518 3793 2849 3866 prophetare
2894 3795 3195 3865 incipiunt:
3230 3796 3357 3866 quia
3388 3797 3484 3868 qui

1890 3884 2073 3940 divino
2119 3884 2314 3954 spiritu
2358 3885 2503 3956 pleni
2523 3895 2668 3952 sunt,
2703 3885 2797 3941 Dei
2844 3886 3112 3955 magualia
3145 3893 3325 3956 tacere
3374 3903 3484 3944 non

1887 3982 2136 4046 possunt.
2166 3973 2268 4032 Vel
2293 3975 2714 4047 prophetaturus
2735 3978 3014 4043 asseritur,
3048 3978 3134 4033 cui
3161 3976 3375 4033 Samuel
3403 3979 3485 4033 di-

1888 4063 2000 4120 vini
2039 4063 2189 4121 verbi
2233 4066 2460 4136 gratiam
2486 4067 2787 4136 pollicetur.
2820 4067 2976 4134 Quod
3017 4067 3124 4122 tale
3174 4076 3290 4134 est,
3321 4082 3386 4123 ac
3435 4068 3484 4123 si

1890 4156 2080 4213 dicat:
2124 4156 2225 4224 Qui
2253 4157 2418 4214 modo
2469 4159 2524 4213 in
2567 4157 2658 4213 illa
2706 4157 3032 4211 abundantia
3075 4157 3129 4210 in
3186 4165 3238 4212 te
3290 4173 3484 4228 super-

1889 4249 2156 4305 venientis
2183 4250 2403 4319 spiritus
2418 4250 2565 4319 loqui
2595 4263 2702 4303 non
2731 4257 2909 4318 potes,
2940 4249 3155 4318 quando
3183 4249 3273 4303 illa
3303 4265 3360 4305 se
3387 4250 3484 4306 tibi

1892 4340 2167 4410 plenitudo
2200 4340 2478 4405 infuderit,
2510 4340 2764 4409 loquendi
2792 4340 2949 4409 copia
2972 4339 3284 4397 abundabis.
3328 4339 3484 4398 Hunc

1890 4429 2090 4499 quippe
2114 4429 2436 4484 insilientem
2458 4429 2705 4499 spiritum
2735 4429 3015 4500 discipulis
3036 4430 3356 4500 promittens
3383 4432 3487 4489 Do-

1891 4522 2090 4586 minus,
2117 4523 2231 4580 ait:
2262 4521 2388 4576 Cttm
2414 4524 2604 4576 venerit
2624 4523 2712 4577 ille
2739 4523 2952 4594 spiritus
2983 4525 3235 4591 veritatis,
3280 4523 3483 4580 docebit

1891 4632 1978 4670 vos
2003 4632 2203 4670 omnem
2229 4618 2516 4686 veritatem,
2544 4625 2594 4670 et
2639 4632 2752 4686 qua:
2773 4626 2985 4672 ventura
3023 4626 3163 4684 sunt,
3211 4620 3488 4672 annuntia-

196 4684 537 4758 Tympanum
567 4689 992 4768 mortiﬁcationis
1019 4693 1133 4763 ejus
1153 4695 1321 4754 Isaias
1350 4698 1543 4768 tetigit,
1569 4691 1782 4756 dicens:
1817 4733 1871 4793 Β
1894 4707 1966 4763 bit
1989 4707 2129 4762 vobis
2154 4707 2334 4779 (Joan.
2365 4724 2476 4778 xu,
2500 4684 2618 4778 i5).
2645 4684 2703 4764 lu
2731 4724 2826 4765 eos
2853 4709 3069 4779 quidem
3101 4710 3487 4778 superveniens

196 4779 264 4834 Et
286 4781 513 4836 vidimus
535 4799 670 4850 eum,
703 4793 753 4839 et
777 4803 880 4842 non
901 4795 1011 4842 erat
1039 4798 1296 4860 aspectus,
1318 4799 1367 4846 et
1389 4792 1790 4852 desideravimus

195 4889 340 4941 eum,
372 4875 687 4948 despectum,
715 4887 767 4956 et
792 4877 1121 4935 novissimum
1150 4883 1417 4954 virorum,
1445 4885 1608 4940 virum
1639 4886 1788 4942 dolo-

196 4983 341 5034 rum,
387 4978 436 5023 et
479 4971 721 5026 scientem
757 4969 1112 5044 inﬁrmitatem
1137 4991 1155 5031 :
1183 4985 1233 5030 et
1262 4979 1408 5049 quasi
1459 4977 1788 5037 absconditus

194 5062 371 5114 vultus
398 5061 588 5138 ejus‘et
624 5063 931 5135 despectus;
973 5067 1109 5122 unde
1149 5085 1242 5124 nec
1287 5072 1636 5140 reputavimus
1673 5091 1788 5130 eum

133 5202 148 5226 ,
198 5151 343 5222 Usa.
373 5169 481 5218 Lm,
509 5151 586 5227 5).
621 5157 827 5213 Tibiam
866 5161 1054 5216 mortis
1085 5161 1201 5231 ejus
1249 5163 1379 5219 item
1410 5179 1630 5234 sonans,
1671 5168 1787 5223 ait:

200 5244 474 5315 Tanquam
503 5250 608 5303 ovis
637 5250 707 5304 ad
745 5254 1054 5309 occisionem
1084 5255 1318 5324 ducetur,
1358 5267 1410 5312 et
1432 5261 1581 5332 quasi
1624 5279 1792 5334 agnus

195 5329 453 5426 obmutuit
501 5333 689 5413 (Ibid,
719 5335 798 5426 7).
847 5345 1120 5402 Citharam
1168 5329 1576 5408 resurrectionis
1623 5329 1793 5411 David

197 5424 550 5514 increpitans,
584 5432 699 5488 ait:
735 5424 1121 5492 Commoveatur
1171 5449 1202 5494 a
1248 5439 1385 5514 facie
1411 5443 1524 5513 ejus
1558 5445 1796 5502 universa

197 5524 363 5586 terra,
392 5513 552 5575 dicite
565 5515 620 5577 in
649 5521 902 5596 gentibus,
925 5525 1042 5598 quia
1062 5513 1315 5584 Dominus
1330 5533 1559 5602 regnavit
1575 5550 1607 5588 a
1621 5533 1794 5606 ligno:

195 5607 393 5664 etenim
438 5605 666 5681 firmavit
708 5612 881 5670 orbem
911 5623 1089 5684 term,
1122 5621 1208 5690 qut
1251 5637 1354 5676 non
1397 5605 1794 5680 commovebitur

196 5697 382 5772 (Psat.
415 5715 539 5776 xcv,
561 5697 673 5780 ω).
697 5703 973 5767 Githatam
998 5712 1327 5772 ascensionis
1353 5715 1517 5774 etiam
1541 5723 1787 5792 tangens,

279 5951 314 5982 ι
338 5940 508 6002 \‘atic.
539 5953 595 6003 et
619 5943 809 6017 Gilot.,
837 5946 958 6005 bene
975 5947 1166 6019 itaque.

1895 4808 2114 4880 spiritus
2156 4807 2340 4874 insilit,
2375 4817 2606 4877 quorum
2636 4810 2797 4863 corda
2827 4817 3051 4878 repente
3077 4811 3336 4874 veniens,
3366 4807 3488 4861 illu-

1895 4901 2089 4956 stravit
2116 4900 2256 4970 (Act.
2288 4917 2345 4969 ιι,
2378 4900 2457 4972 9,).
2505 4900 2574 4955 Et
2615 4889 2867 4957 illustrati
2897 4903 3312 4972 prophetavere,
3361 4901 3486 4969 quia
3519 4957 3524 4961 ,

1900 4988 2316 5060 itedemptorem
2373 4989 2592 5045 humani
2626 4991 2858 5061 :generis
2914 4989 3062 5045 omni
3118 4988 3294 5057 lingua
3350 5003 3486 5058 prae-

1894 5081 2231 5138 dicaverunt.
2287 5083 2441 5150 Quod
2492 5090 2641 5140 certe
2680 5084 2735 5139 in
2791 5090 2978 5140 sancta
3033 5081 3274 5138 Ecclesia
3323 5081 3487 5138 etiam

1895 5191 2039 5233 nunc
2068 5177 2182 5233 ﬁeri
2213 5179 2484 5234 cernimus
2508 5195 2522 5232 :
2553 5178 2679 5248 quia
2709 5193 2854 5248 stupe
2880 5177 2973 5248 qui
3001 5176 3180 5233 divina
3203 5175 3349 5246 loqui
3394 5189 3490 5244 ap-

1894 5276 2107 5338 petunt,
2136 5269 2203 5324 ab
2246 5269 2435 5324 eodem
2462 5269 2655 5339 spiritu
2699 5269 2879 5325 subito
2913 5269 3196 5335 docentur,
3238 5275 3294 5321 et
3341 5264 3489 5335 loqui

1896 5358 2098 5430 optime
2125 5373 2190 5413 ea
2221 5359 2382 5414 etiam
2409 5369 2654 5430 possunt,
2687 5376 2808 5431 quae
2837 5359 3303 5434 praemeditatione
3343 5357 3488 5412 nulla

1898 5441 2155 5505 didicere.
2190 5441 2294 5505 Pro
2321 5452 2565 5507 custodia
2587 5445 2788 5525 quippe
2809 5451 3187 5509 mandatorum
3220 5451 3334 5516 Dei,
3365 5466 3489 5522 per-

1896 5543 2100 5613 cipiunt
2127 5547 2353 5614 gratiam
2385 5547 2535 5604 verbi
2567 5549 2620 5603 in
2650 5549 2865 5605 sublimi
2892 5549 3226 5604 revelatione
3262 5539 3490 5602 Redem-

1897 5635 2086 5704 ptoris.
2137 5634 2277 5702 Quid
2313 5637 2458 5692 enim
2486 5639 2703 5705 mirum,
2731 5639 2778 5694 si
2817 5639 2993 5694 lucem
3023 5637 3261 5694 scientia:
3309 5631 3490 5707 perci-

1898 5740 2031 5798 pere
2073 5723 2253 5786 subito
2293 5735 2548 5802 possunt;
2587 5727 2680 5803 qut
2705 5739 2805 5803 per
2827 5730 2952 5789 vitae
2989 5726 3284 5804 puritatem
3327 5727 3488 5785 sedes

3369 435 3476 493 294
3541 431 3568 482 ί
