4020 6344
452 360 561 426 293
1647 330 1889 394 SANCTI
1928 326 2257 390 cncconn
2291 319 2508 386 MAGNI
3630 313 3737 374 395

453 482 623 542 sancti
649 472 879 549 Spiritus
904 478 1118 540 semper
1146 461 1316 522 sunt?
1362 457 1472 519 Sed
1499 456 1657 531 quale
1677 462 1825 512 esset
1866 451 2040 511 sancti
2069 456 2121 515 Α
2144 462 2339 519 magna
2366 442 2643 503 citat-italis
2690 432 3021 497 abundantia
3056 435 3314 493 virtutem
3359 433 3591 506 suscipit
3614 434 3742 513 Spi-

454 512 623 542 sauuu
651 512 689 534 υ
729 512 879 531 ιιι-ιω
904 512 1109 540 »ιν--ιιν-
1146 512 1269 522 -—--
1295 512 1309 520 ν
1364 512 1472 519 ην-
1506 512 1649 531 Ὶ“”⁷’“’
2069 512 2120 515 --
2238 512 2262 519 ν

454 512 927 647 Spiritusldonum,
955 563 999 618 si
1028 558 1307 618 scientiam
1337 554 1515 619 daret,
1563 559 1619 607 et
1650 549 1900 605 allectum
1930 560 2045 601 ma—
2147 539 2284 597 ritus
2306 536 2495 593 sancti.
2544 532 2651 589 Sed
2697 531 2893 589 docere
2923 544 2987 585 ea
3031 528 3194 584 debet
3241 527 3583 599 praedicator,
3614 512 3735 597 quas

1598 644 1648 647 4--
1810 642 1822 647 -
1860 641 1871 647 -
2220 635 2252 647 .,
2337 633 2347 644 ι
2428 639 2439 647 .
2486 629 2533 647 1-
2577 626 2796 647 nn_-:_‘
2831 624 2999 647 In---
3036 622 3158 647 ΑΙΞΑὲι
3185 640 3197 647 .
3243 620 3377 647 ll...'..
3412 621 3560 647 -..μέι
3600 618 3735 647 Ιημ.-

453 618 573 741 grtiae
599 660 877 721 charitatis
904 618 1015 712 non
1042 653 1245 711 daret?
1273 648 1376 719 Qui
1404 618 1547 705 enim
1596 644 1689 700 illo
1734 641 1933 713 'spiritu
1954 654 2046 695 re-
2149 635 2278 704 agit,
2306 633 2446 688 sicut
2473 629 2541 685 de
2575 626 2803 683 Domino
2830 624 3003 679 Lucas
3033 622 3198 677 dicit:
3242 620 3379 686 Quia
3406 621 3561 691 erepit
3585 618 3738 674 Iesus

452 714 701 834 Etenim,
756 749 995 810 caelestia
1048 714 1361 819 praedicant,
1416 740 1511 797 sed
1560 753 1679 809 quae
1732 736 2045 805 loquuntur,
2151 732 2322 801 facere
2348 735 2397 781 et
2424 724 2623 788 docere,
2649 737 2807 792 usque
2830 719 2885 772 in
2915 718 3048 771 diem
3064 732 3164 787 qua
3193 714 3498 787 pracipiens
3526 723 3740 783 aposto-

1638 830 1648 834 -
1728 830 1739 834 -
1798 830 1809 834 -
1918 829 1929 834 -
2157 820 2187 834 μ
2402 815 2434 834 n
2481 816 2645 834 51.“---
2683 818 2907 834 ,--.-ι-....
2967 824 3087 834 Διη..
3112 806 3255 834 Αιληὶι
3332 811 3625 834 η...η.ίκοιηι
3672 814 3740 834 ..ι

455 806 661 911 ξηηηι,
685 806 852 920 Ἀριθ
887 859 1016 917 ergo
1046 806 1355 910 subiungit;
1387 834 1458 890 Et
1487 806 1767 889 mutaberis
1793 830 1849 885 in
1883 829 2048 882 virum
2150 820 2215 875 lis
2261 836 2353 887 per
2395 815 2649 886 Spiritum
2677 818 2932 877 sanctum,
2961 824 3087 879 quos
3106 806 3276 879 elegit,
3328 811 3625 875 assumptus
3668 812 3748 858 est

2160 910 2210 920 ιι
2263 917 2270 920 .
2398 906 2413 920 ι
2476 904 2527 920 m
2757 900 2945 920 n___._-_
2988 898 3057 920 ,η
3092 915 3104 920 ,
3150 895 3262 920 ,τω
3312 896 3466 920 ,,,,,,,
3499 895 3636 920 ,,,,,;
3667 911 3719 920 η

672 895 1273 1000 Ληῶιῖεῐέέιξε-ῐῆέηῑίξ
1288 930 1415 1002 quid
1444 935 1528 984 est
1552 925 1716 993 aliud,
1758 936 1922 992 quam
1950 920 2051 974 im-
2154 910 2289 982 (Act.
2324 924 2359 970 t.
2393 906 2443 973 1,
2476 904 2556 975 2).
2588 902 2725 957 Hinc
2753 900 2955 1005 Paulus
2985 898 3062 953 ait
3091 915 3104 953 :
3139 895 3263 1005 Non
3306 896 3469 950 audeo
3495 895 3637 964 loqui
3659 911 3741 957 ea,

455 1040 686 1099 mutatio
715 1032 1045 1091 vetustatis?
1074 1027 1275 1083 Natura
1304 1023 1448 1080 enim
1490 1027 1673 1076 nostra
1715 1030 1814 1086 per
1843 1014 2049 1083 lapsum
2152 1018 2267 1075 quat:
2306 1017 2396 1069 per
2432 1015 2511 1052 me
2550 1012 2653 1051 non
2697 994 2865 1063 e/fect't
2908 990 3071 1059 DeuS,
3100 990 3156 1044 in
3186 986 3477 1043 obedietttia
3516 986 3745 1056 gentium

455 1132 617 1205 primi
638 1128 871 1186 hominis
899 1124 985 1179 sic
1008 1122 1262 1177 damnata
1310 1123 1415 1181 est,
1456 1120 1515 1167 ut
1555 1107 1797 1181 quotidie
1822 1103 2053 1161 labendo

457 1197 694 1288 deficiat,
717 1231 772 1278 et
799 1215 1097 1274 detieiendo
1143 1215 1465 1269 veterascat.
1493 1204 1602 1261 Sed
1638 1202 1731 1273 qui
1774 1201 1827 1256 in
1867 1197 2053 1255 nobis-

458 1316 704 1388 metipsis
750 1312 1045 1376 deﬁcimus,
1091 1321 1213 1363 cum
1242 1303 1296 1359 in
1325 1316 1428 1357 nos
1454 1299 1546 1355 ille
1592 1294 1814 1369 spiritus
1862 1290 2053 1357 insilit,

459 1421 831 1469 renovamur:
882 1402 1010 1473 quia
1058 1397 1241 1455 statim
1291 1394 1437 1466 quod
1491 1405 1601 1446 non
1654 1398 1888 1450 eramus,
1940 1379 2058 1439 efli-

461 1507 655 1565 cimur.
683 1500 918 1574 Tepidus
945 1504 1064 1554 erat
1091 1494 1231 1565 quis,
1254 1490 1351 1550 sed
1380 1495 1605 1560 repente
1628 1483 1875 1540 visitatus
1904 1494 1933 1532 a
1956 1476 2060 1548 spi-

460 1597 589 1661 ritu,
622 1572 835 1650 fervens
856 1589 1109 1647 eflicitur.
1135 1584 1330 1655 incipit
1354 1582 1547 1638 ardere
1569 1593 1666 1650 per
1687 1572 2055 1636 devotionem,

462 1686 673 1743 fortiter
702 1681 945 1740 exerceri
975 1681 1031 1735 in
1051 1680 1195 1734 bono
1219 1690 1406 1746 opere.
1436 1672 1495 1727 In
1528 1671 1701 1728 virum
1738 1680 1867 1734 ergo
1896 1663 2060 1717 alium

462 1784 697 1833 mutatus
724 1781 807 1829 est
834 1788 855 1829 s
882 1771 1005 1842 quia
1036 1784 1155 1824 esse
1182 1765 1369 1835 coepit,
1399 1761 1546 1832 quod
1571 1770 1698 1815 ante
1734 1755 2060 1812 insilientem

2154 1095 2305 1150 verba
2333 1101 2383 1148 et
2426 1091 2577 1166 factis
2620 1087 2801 1159 (Rom.
2829 1101 2916 1151 xv,
2957 1083 3068 1154 18).
3101 1080 3322 1137 Samuel
3373 1080 3557 1149 itaque
3583 1086 3748 1132 uncto

2154 1188 2268 1258 regi
2290 1184 2551 1258 praecipit,
2580 1181 2765 1237 dicens
2783 1193 2805 1235 ε
2835 1175 2947 1231 Fac
2987 1174 3318 1247 quodcunque
3344 1171 3539 1225 inuenit
3567 1183 3754 1222 manus

2158 1292 2266 1338 tua.
2297 1278 2460 1347 Quasi
2506 1276 2687 1331 dicat:
2738 1273 2872 1327 Cum
2914 1278 2969 1324 te
2994 1267 3175 1323 divina
3222 1264 3393 1334 gratia
3422 1262 3645 1333 plenum
3672 1259 3757 1313 vi-

2157 1375 2324 1443 deris,
2350 1373 2485 1429 doce
2510 1370 2647 1425 alios
2674 1362 2937 1437 quidquid
2961 1361 3093 1417 facis
3118 1400 3134 1427 ,
3176 1357 3303 1430 quia
3331 1370 3399 1412 ex
3427 1353 3757 1426 praesidente

2158 1468 2258 1525 tibi
2286 1464 2477 1522 eadem
2507 1460 2692 1517 divina
2732 1455 2908 1527 gratia
2937 1452 3106 1508 habes
3151 1458 3209 1506 et
3232 1446 3435 1519 optime
3461 1446 3669 1510 vivere,
3700 1450 3758 1497 et

2160 1558 2365 1615 utiliter
2393 1553 2707 1626 praedicare.
2757 1546 2867 1603 Sed
2895 1554 3077 1600 tamen
3105 1541 3235 1613 quid
3279 1548 3406 1596 ante
3436 1539 3554 1594 haec
3574 1537 3759 1593 omnia

2160 1650 2453 1707 observan
2483 1644 2678 1700 debeat
2707 1638 2999 1710 subjungit,
3034 1635 3262 1691 dicens:

2234 1766 2409 1841 (νει-ε.
2451 1762 2529 1835 8.)
2561 1760 2628 1815 Et
2672 1757 2949 1814 descendes
2978 1763 3097 1809 ante
3132 1768 3214 1807 me
3257 1751 3315 1804 in
3366 1745 3611 1818 Galgala.
3645 1740 3761 1814 Ego

433 1934 437 1939 ,
462 1868 709 1939 spiritum
734 1866 787 1920 in
810 1879 894 1929 se,
923 1875 1042 1917 esse
1066 1874 1177 1914 non
1201 1856 1398 1927 potuit.
1433 1852 1550 1908 Jam
1572 1852 1727 1906 bona:
1767 1859 2057 1904 conversa-

2187 1839 2350 1930 yuippe
2370 1854 2679 1912 descendam
2702 1852 2773 1906 ad
2803 1859 2868 1917 te,
2912 1858 2970 1903 ut
3005 1848 3197 1917 offeras
3226 1843 3561 1908 oblationem,
3586 1849 3637 1893 et
3659 1840 3761 1891 im-

464 1936 626 2017 tionis
650 1967 734 2015 est
772 1955 985 2026 aliquis,
1032 1949 1274 2008 caelestia
1322 1955 1486 2012 amat,
1537 1953 1749 1999 terrena
1797 1936 2056 2008 deSpicit,

463 2055 561 2112 sed
591 2069 689 2124 pro
730 2051 819 2116 iis,
868 2063 989 2117 quze
1017 2059 1231 2101 sursum
1258 2040 1448 2111 diligit,
1479 2046 1535 2093 et
1563 2052 1663 2107 pro
1686 2034 1771 2103 iis,
1802 2046 1921 2102 quae
1949 2028 2064 2085 odit

465 2147 521 2203 in
552 2143 767 2209 inlimis,
806 2139 935 2196 llere
978 2153 1085 2193 non
1114 2133 1386 2207 praevalet.
1424 2129 1583 2201 Saepe
1618 2142 1749 2183 vero
1791 2124 1920 2180 llere
1967 2137 2063 2191 ape

467 2243 675 2315 petitet
700 2256 809 2297 non
839 2237 996 2311 2&3
1022 2241 1204 2308 potest
1230 2232 1322 2302 qui
1340 2229 1515 2301 plura,
1541 2241 1660 2298 qua:
1688 2223 1819 2279 ﬂere
1846 2219 2064 2286 debeat,

471 2309 805 2394 commisisse
828 2309 1021 2387 recolit
1050 2346 1065 2383 :
1111 2325 1207 2383 sed
1236 2339 1359 2381 cum
1396 2319 1574 2377 subito
1604 2317 1693 2372 ille
1731 2313 1952 2385 spiritus
1980 2309 2065 2364 in-

467 2431 615 2495 silit,
649 2428 703 2484 in
731 2428 1092 2496 lacrymarum
1120 2418 1299 2474 fontes
1328 2413 1581 2485 erumpit.
1612 2410 1672 2465 In
1718 2408 1893 2463 virum
1938 2417 2067 2472 ergo

471 2523 635 2579 alium
663 2526 924 2582 mutatur,
949 2514 1041 2585 qui
1071 2507 1504 2581 compunctionis
1532 2503 1762 2574 gratiam
1783 2514 1881 2570 per
1909 2496 2069 2552 adve-

470 2615 709 2672 nientem
735 2609 984 2683 spiritum
1009 2605 1260 2675 suscipit,
1282 2616 1445 2670 quam
1475 2605 1601 2653 ante
1617 2595 1907 2652 adventum
1929 2588 2071 2658 ejus-

472 2706 597 2763 dem
625 2681 843 2774 spiritus
868 2716 977 2755 non
1004 2696 1265 2753 habebat.
1298 2692 1593 2748 Puritatem
1620 2686 1799 2744 cordis
1825 2682 1945 2754 quis
1974 2681 2069 2737 ob-

472 2802 648 2859 tinere
669 2796 894 2869 appetit,
916 2792 1157 2850 cmlcstia
1187 2789 1428 2859 cogitare
1451 2828 1468 2855 ,
1504 2783 1664 2841 nullis
1692 2793 1941 2838 curarum
1970 2789 2071 2832 5:2-

475 2867 1167 2951 culariumioccursionibus
1196 2877 1470 2952 impediri;
1503 2874 1597 2931 sed
1618 2872 1686 2928 ad
1708 2871 1779 2937 id,
1802 2867 1945 2940 quod
1972 2880 2071 2937 per

476 2983 821 3043 devotionem
871 2976 1104 3048 appetit,
1138 2986 1417 3041 assurgere
1445 2966 1632 3036 nequit
1675 2977 1773 3033 per
1820 2957 2070 3015 allectum

478 3071 748 3148 puritatis.
795 3068 1041 3140 Repente
1082 3070 1264 3117 autem
1310 3067 1497 3121 raptus
1542 3055 1597 3109 in
1640 3053 1842 3106 virtute
1884 3063 2071 3117 super-

474 3146 751 3224 ‘venientis
775 3162 992 3235 spiritus
1021 3174 1143 3216 esse
1171 3162 1403 3213 carnalis
1452 3146 1667 3213 desinit,
1696 3151 1946 3213 potenter
1970 3155 2073 3195 sa:-

2162 1930 2323 2005 moles
2343 1948 2576 2003 uictimas
2592 1946 2705 2015 paci
2709 1944 2857 2015 ﬁcas.
2889 1940 3097 2011 Septem
3120 1934 3297 1991 diebus
3318 1930 3643 2004 exspectabis
3662 1944 3762 1995 me,

2165 2041 2327 2097 donec
2355 2038 2558 2093 veniam
2587 2044 2635 2090 et
2662 2033 2929 2090 ostendam
2959 2030 3052 2084 tibi
3077 2044 3191 2100 qua:
3222 2026 3409 2099 facias.

2236 2141 2327 2196 ΞΟ.
2362 2138 2499 2207 Quid
2525 2147 2627 2201 est,
2652 2134 2796 2207 quod
2824 2133 2971 2204 prius
2997 2130 3126 2186 dicit
3150 2147 3163 2182 :
3188 2126 3300 2182 Fac
3320 2122 3659 2199 quodcunque
3683 2122 3766 2175 in-

2166 2234 2303 2292 uenit
2338 2249 2524 2287 manus
2566 2240 2674 2296 tua,
2724 2226 2920 2284 deinde
2962 2222 3189 2281 subdit:
3220 2219 3430 2291 Septem
3471 2216 3653 2270 diebus
3679 2231 3769 2267 ex-

2168 2326 2424 2401 spectabis
2468 2340 2569 2391 me,
2602 2323 2763 2377 donec
2808 2318 3032 2385 veniam,
3076 2322 3126 2369 et
3168 2310 3440 2369 ostendam
3481 2307 3615 2373 tibi,
3656 2318 3770 2376 qua

2171 2422 2359 2494 facias.
2403 2416 2511 2472 Sed
2536 2416 2625 2485 qui
2659 2414 2811 2483 signa
2852 2414 3190 2484 perceperat,
3217 2404 3413 2475 quibus
3457 2417 3517 2457 se
3548 2407 3768 2456 unctum

2170 2492 2356 2581 regem
2377 2526 2410 2565 a
2434 2508 2664 2564 Domino
2684 2506 2867 2573 sciret,
2898 2498 3209 2574 probandus
3229 2504 3349 2552 erat
3377 2510 3445 2549 an
3476 2494 3591 2564 ipsa
3618 2492 3770 2562 signa

2172 2609 2543 2673 cognosceret.
2598 2599 2750 2667 Quod
2787 2597 3005 2669 quidem
3053 2593 3225 2663 magis
3266 2588 3558 2662 spirituali,
3612 2598 3770 2655 quam

2172 2695 2443 2753 historica:
2471 2689 2839 2763 explanationi
2883 2687 3152 2745 convenit.
3187 2683 3322 2739 Nam
3350 2680 3540 2737 venire
3567 2677 3623 2731 in
3666 2675 3772 2731 eol-

2175 2788 2283 2843 lem
2322 2785 2572 2851 Domini,
2619 2783 2687 2838 ad
2721 2780 3014 2852 perfectam
3045 2776 3410 2847 cognitionem
3439 2780 3495 2827 et
3530 2781 3771 2825 amorem

2176 2878 2556 2951 Redemptoris
2600 2875 2876 2947 pertinere
2934 2871 3167 2927 diximus
3205 2886 3219 2924 :
3279 2862 3581 2938 prophetia:
3631 2859 3773 2915 dono

2175 2972 2413 3044 repleri,
2462 2970 2529 3025 ad
2578 2968 2830 3024 virtutem
2888 2962 3123 3033 Spiritus
3179 2957 3373 3015 sancti.
3417 2954 3562 3011 Dicit
3602 2965 3775 3021 ergo:

2179 3042 2405 3128 Quando
2457 3058 2549 3115 tibi
2598 3057 2775 3113 omnia
2826 3056 2937 3110 hrec
2984 3054 3136 3124 signa
3188 3048 3439 3113 uenerint,
3487 3042 3647 3116 2“
3687 3042 3780 3112 fac

2178 3155 2515 3229 quodcunque
2552 3164 2739 3204 manus
2767 3156 2854 3200 tua
2877 3146 3090 3200 invenit.
3140 3140 3275 3208 Quia
3312 3135 3562 3210 quisquis
3599 3139 3781 3190 certus

485 3256 593 3316 culi
621 3270 777 3312 curas
796 3229 1011 3323 abjicit,
1043 3256 1099 3305 et
1128 3247 1182 3303 in
1211 3255 1537 3300 aeternorum
1566 3230 2077 3308 contemplationem

2187 3254 2266 3302 est
2285 3245 2351 3301 de
2377 3244 2565 3299 intima
2594 3238 2944 3310 inspiratione
2971 3232 3145 3291 sancti
3166 3231 3421 3303 Spiritus,
3448 3238 3780 3300 praesumens

492 3350 630 3406 mira
654 3347 891 3420 puritate
917 3339 1216 3411 consurgit.
1247 3336 1470 3392 Miratur
1497 3347 1557 3388 se
1582 3340 1711 3387 tunc
1734 3342 1853 3385 esse
1874 3368 1890 3394 ,
1937 3323 2082 3396 quod

487 3454 599 3499 non
646 3417 763 3496 erat
811 3434 1083 3492 :miratur
1124 3445 1185 3487 se
1224 3436 1353 3484 tunc
1397 3440 1506 3481 non
1552 3421 1733 3489 fuisse,
1785 3417 1931 3490 quod
1976 3423 2079 3474 est.

485 3530 624 3588 Nam
643 3544 763 3585 cum
783 3527 838 3583 in
859 3523 1231 3597 spiritualibus
1250 3520 1414 3576 talem
1433 3532 1493 3573 se
1518 3514 1686 3582 vidit,
1736 3512 1963 3567 miratur
1990 3508 2083 3578 qui

489 3621 616 3678 talis
645 3629 745 3683 est,
769 3616 913 3687 quod
943 3616 1066 3671 talis
1092 3614 1259 3669 fuisse
1283 3626 1391 3667 non
1413 3608 1609 3680 potuit.
1655 3604 1717 3661 In
1742 3604 1921 3659 virum
1954 3614 2084 3671 ergo

496 3711 659 3767 alium
682 3714 939 3771 mutatur,
960 3705 1050 3774 qui
1070 3702 1223 3771 illud,
1247 3699 1393 3771 quod
1414 3714 1520 3757 non
1547 3696 1668 3765 fuit,
1691 3710 1751 3751 se
1776 3693 1924 3749 videt
1942 3705 2085 3763 esse,

495 3810 550 3858 et
576 3798 727 3863 illud,
757 3797 903 3867 quod
940 3795 1133 3859 fuerat,
1167 3808 1277 3848 non
1319 3806 1457 3847 esse.
1488 3789 1634 3845 Bene
1660 3801 1790 3856 ergo
1819 3783 1887 3839 de
1914 3782 2043 3842 Saul
2068 3799 2081 3835 :

493 3889 781 3949 Mutaberis
815 3890 871 3942 in
902 3887 1069 3942 virum
1099 3884 1282 3938 alium.
1308 3880 1442 3948 Quia
1482 3878 1863 3951 prmdicatores
1888 3881 2087 3931 sancta:

495 3980 749 4039 Ecclesia:
795 3993 918 4035 cum
970 3974 1204 4046 gratiam
1257 3972 1450 4028 divinae
1495 3967 1891 4040 praedicationis
1938 3964 2088 4021 acci-

494 4074 671 4147 piunt,
696 4087 804 4128 non
832 4068 1107 4140 accipiunt
1131 4064 1304 4122 solam
1331 4060 1615 4119 scientiam
1640 4059 1810 4127 verbi,
1842 4056 1937 4113 sed
1980 4056 2089 4112 vir-

498 4177 668 4225 tutem
691 4165 922 4221 amoris:
949 4169 1010 4218 ut
1037 4176 1136 4232 per
1158 4157 1382 4216 verbum
1411 4155 1530 4211 aliis
1558 4152 1813 4226 prodesse
1847 4150 2086 4214 valeant,

499 4270 557 4318 et
600 4276 699 4331 per
726 4258 877 4315 verbi
924 4268 1166 4312 amorem
1216 4250 1318 4322 ipsi
1364 4248 1618 4305 meliores
1666 4244 1815 4300 ﬁant.
1863 4243 2090 4312 Quando

500 4349 703 4406 etenim
747 4348 1039 4418 loquuntur
1060 4384 1077 4411 ,
1125 4348 1405 4398 mutantur
1431 4340 1487 4395 in
1526 4339 1698 4394 virum
1726 4335 1891 4392 alium
1921 4354 1935 4390 :
1965 4335 2089 4405 quia

502 4457 625 4498 cum
665 4455 763 4512 per
786 4454 881 4494 eos
923 4436 1140 4508 spiritus
1181 4433 1440 4503 loquitur,
1489 4429 1591 4502 ipsi
1635 4429 1773 4485 mira
1827 4428 2093 4485 charitate

506 4535 681 4590 eidem
708 4531 914 4603 spiritui
935 4528 1415 4600 conjunguntur,et
1439 4526 1507 4581 ab
1533 4526 1649 4597 ejus
1669 4525 1952 4581 voluntate
1977 4524 2089 4593 jam

2183 3346 2367 3418 potest
2386 3347 2497 3397 tam
2527 3330 2595 3396 de
2617 3333 2897 3409 proposito
2923 3330 3052 3390 boni
3080 3327 3279 3404 operis,
3309 3338 3471 3399 quam
3499 3323 3570 3382 de
3596 3321 3783 3396 dispo-

2186 3416 2381 3492 sitione
2439 3428 2854 3501 praedicationis.
2902 3424 3050 3479 Dixit
3099 3425 3275 3479 item:
3332 3419 3546 3491 Septem
3602 3416 3782 3471 diebus

2184 3521 2505 3593 exspectabis
2532 3536 2631 3585 me,
2665 3518 2827 3573 donec
2852 3517 3094 3581 veniam;
3146 3522 3196 3567 et
3223 3510 3495 3566 ostendam
3528 3507 3641 3576 tibi,
3668 3522 3786 3578 qua

2188 3616 2373 3689 facias.
2404 3612 2540 3680 Quia
2585 3609 2779 3666 summi
2809 3617 3054 3680 pastores
3104 3613 3303 3661 sanctae
3349 3601 3607 3659 Ecclesia:
3657 3599 3788 3654 dum

2187 3709 2254 3763 de
2273 3706 2541 3761 minorum
2568 3700 2904 3774 profectione
2928 3698 3195 3761 dubitant,
3218 3694 3437 3751 solliciti
3458 3693 3616 3749 valde
3636 3700 3787 3757 sunt,

2187 3806 2247 3853 ut
2291 3798 2430 3852 hanc
2477 3795 2533 3851 in
2579 3794 2659 3849 eis
2703 3788 3137 3858 certisiindiciis
3185 3792 3602 3858 recognoscant.
3651 3783 3787 3849 Qua:

2189 3897 2371 3946 autem
2424 3895 2554 3945 sunt
2583 3885 2775 3940 indicia
2820 3882 3073 3955 spiritus,
3124 3878 3229 3936 nisi
3274 3876 3595 3934 excellentia
3643 3874 3791 3929 dona

2189 3980 2531 4038 humilitatis.
2584 3976 2815 4033 Sanctus
2836 3974 2981 4031 enim
3007 3971 3261 4044 Spiritus,
3289 3985 3397 4041 quo
3432 3967 3627 4037 majori
3664 3966 3790 4021 luce

2189 4076 2447 4133 virtutum
2487 4072 2785 4128 electorum
2810 4068 2974 4124 corda
3003 4065 3247 4131 irradiat,
3295 4063 3363 4119 eo
3407 4070 3466 4117 et
3506 4057 3795 4115 abundan-

2190 4167 2316 4225 tiori
2348 4166 2491 4223 dono
2520 4161 2837 4220 humilitatis
2864 4161 3017 4217 ditat.
3049 4158 3169 4226 Quo
3196 4156 3339 4213 enim
3368 4154 3624 4212 celsiores
3652 4158 3790 4207 sunt

2191 4260 2422 4329 meritis,
2445 4257 2718 4328 planiores
2744 4261 2870 4310 sunt
2897 4268 2996 4323 per
3022 4252 3275 4308 virtutem
3310 4246 3651 4304 humilitatis.
3682 4242 3793 4311 Qui

2192 4369 2322 4426 ergo
2353 4360 2478 4408 ante
2506 4350 2833 4423 prophetam
2860 4347 2917 4402 in
2962 4344 3182 4414 Galgala
3210 4341 3543 4398 descendere
3582 4345 3641 4392 et
3694 4350 3797 4391 ex—

2191 4455 2438 4517 spectare
2455 4443 2697 4514 iubetur,
2728 4439 2779 4495 ei
2808 4436 3059 4493 nimirum
3078 4450 3177 4505 pro
3204 4428 3583 4503 cognoscenda
3612 4426 3798 4482 humi-

2195 4538 2382 4606 litate,
2429 4534 2752 4592 obedientiae
2797 4545 2933 4586 onus
2963 4527 3277 4599 iniungitur.
3328 4524 3533 4581 Rectus
3574 4534 3798 4593 quoque

505 4614 609 4682 nec
635 4624 802 4680 verbo
830 4638 932 4679 nec
968 4621 1283 4692 operatione
1334 4619 1675 4676 dissentiunt.
1706 4616 1894 4673 Talem
1934 4632 2078 4671 nam-

2196 4630 2331 4687 ordo
2358 4629 2545 4684 electra
2590 4620 3018 4681 conversationis
3046 4627 3151 4687 est,
3197 4625 3259 4673 ut
3286 4614 3651 4672 obedientiam
3682 4627 3797 4667 non

506 4734 612 4790 que
659 4716 829 4774 virum
872 4729 1024 4771 sacra
1073 4712 1347 4783 Scriptura
1388 4710 1716 4777 collaudans,
1767 4709 1937 4765 dicit:
1992 4707 2095 4775 Qui

506 4809 736 4865 adliceret
776 4806 917 4871 Deo,
947 4821 1080 4860 unus
1123 4804 1336 4875 spiritus
1363 4813 1439 4859 est
1479 4802 1532 4875 (1
1564 4802 1684 4859 Cor.
1717 4818 1792 4871 vt,
1827 4802 1937 4873 l7).
1982 4800 2095 4857 Deo

508 4914 741 4970 namque
785 4898 1138 4964 adhaeremus,
1167 4896 1382 4967 quando
1401 4894 1632 4966 Spiritus
1661 4895 1835 4951 sancti
1869 4894 2097 4967 gratiam

510 4992 846 5047 abundanter
873 4990 1203 5062 accipimus;
1234 4997 1291 5045 et
1318 5003 1456 5043 unus
1483 4987 1699 5058 spiritus
1721 5003 1845 5043 cum
1887 5003 1953 5043 eo
1982 4986 2101 5043 elli-

510 5085 700 5150 cimur,
726 5082 940 5155 quando
970 5082 1164 5138 divinae
1199 5080 1464 5136 voluntati
1482 5088 1684 5147 mente,
1711 5094 1829 5149 ore,
1852 5087 1907 5135 et
1928 5093 2096 5149 opere

511 5176 915 5234 concordamus.
947 5175 1096 5232 Bene
1124 5187 1254 5244 ergo
1276 5172 1539 5244 propheta
1566 5171 1783 5230 Samuel
1799 5171 2097 5244 subjunxit,

511 5273 694 5332 dicens
717 5292 731 5330 :

588 5386 764 5455 (Vers.
809 5387 889 5460 7.)
936 5384 1158 5452 Quando
1196 5385 1335 5441 enim
1358 5385 1586 5439 venerint
1628 5381 1719 5438 tibi
1748 5380 1922 5438 omnia
1952 5380 2103 5452 signa

517 5473 655 5581 hinc,
702 5480 785 5550 fac
832 5477 1167 5550 quodcunque
1203 5477 1398 5533 invenit
1439 5492 1623 5532 manus
1674 5484 1800 5531 tua:
1828 5475 1951 5548 quia
1992 5470 2105 5529 Do-

518 5578 691 5624 minus
721 5579 882 5624 tecum
909 5578 1005 5627 est.

596 5688 684 5744 19.
714 5686 843 5745 Rrec
864 5690 1082 5760 quidem
1109 5691 1261 5759 signa
1289 5696 1412 5744 sunt
1440 5689 1493 5744 in
1522 5686 1716 5758 quibus
1755 5699 1816 5741 se
1842 5681 2103 5754 praedica-

522 5790 612 5839 tor
661 5789 940 5852 agnoscat,
969 5792 1025 5839 et
1075 5792 1205 5839 tunc
1244 5797 1424 5846 omne,
1456 5779 1600 5852 quod
1639 5778 1876 5851 disponit
1922 5790 2102 5847 agere,

524 5867 762 5937 audeat,
821 5883 945 5925 cum
992 5876 1140 5927 certa
1186 5870 1518 5944 experientia
1569 5871 1822 5939 noverit;
1870 5866 1997 5943 quia
2052 5865 2109 5922 in

2195 4721 2440 4792 injungat
2468 4718 2608 4783 aliis,
2632 4731 2793 4787 quam
2814 4714 2931 4785 ipse
2951 4711 3068 4767 aliis
3090 4708 3405 4781 impendere
3426 4720 3539 4762 non
3559 4704 3793 4760 curavit.

2196 4814 2526 4884 Exspectare
2551 4823 2681 4878 ergo
2710 4806 3038 4878 praecipitur,
3069 4811 3151 4871 ut,
3177 4816 3247 4856 an
3275 4800 3346 4856 sit
3372 4812 3502 4853 vere
3548 4794 3792 4856 humilis,

2199 4912 2547 4977 agnoscatur.
2575 4900 2632 4955 Si
2654 4913 2783 4968 ergo
2812 4897 3024 4965 signum
3050 4892 3275 4965 perfecti
3304 4889 3679 4962 prtedicatoris
3706 4895 3798 4943 est

2201 4998 2432 5070 repletio
2472 4992 2645 5051 sancti
2672 4991 2922 5062 Spiritus,
2953 4994 3008 5043 et
3031 4985 3202 5041 virtus
3228 4982 3551 5039 humilitatis
3578 4980 3798 5050 signum

2198 5094 2342 5153 illius
2370 5072 2736 5164 plenitudinis,
2781 5081 2911 5154 quid
2938 5080 2994 5136 in
3032 5078 3192 5135 laude
3229 5075 3550 5133 humilitatis
3576 5074 3801 5143 dicitur,

2199 5186 2305 5246 nisi
2332 5183 2459 5255 quia
2486 5181 2602 5252 ejus
2623 5178 2768 5236 dona
2798 5182 2924 5233 sunt
2948 5174 3098 5245 signa
3126 5170 3445 5243 signorum?

2272 5301 2366 5356 21.
2397 5299 2505 5357 Sed
2531 5299 2658 5371 quia
2676 5293 3052 5353 immolaturus
3075 5307 3174 5348 rex
3199 5305 3300 5363 per
3321 5288 3651 5361 prophetam
3670 5296 3803 5355 prte-

2206 5397 2288 5454 ire
2308 5394 2548 5466 jubetur,
2569 5405 2654 5458 ea,
2686 5403 2806 5460 qua:
2822 5387 3094 5451 dicuntur,
3124 5382 3317 5439 melius
3337 5379 3633 5443 cernimus,
3664 5374 3709 5431 si
3731 5388 3805 5429 ex

2209 5490 2397 5548 ordine
2415 5486 2717 5544 videantur.
2751 5480 2975 5551 Galgala
3002 5478 3218 5550 quidem
3240 5477 3631 5546 interpretatur
3653 5478 3803 5527 rota.

2210 5581 2349 5649 Quid
2377 5593 2505 5635 vero
2529 5584 2648 5632 rota
2678 5576 2733 5630 in
2762 5575 2866 5630 isto
2894 5573 3021 5629 loco
3045 5570 3331 5641 signiﬁcat,
3353 5567 3459 5623 nisi
3476 5567 3640 5622 vitam
3669 5562 3808 5615 obe—

2209 5671 2511 5731 dientium?
2538 5670 2679 5727 Rota
2706 5667 2923 5739 quidem
2949 5663 3217 5722 volvendo
3258 5660 3516 5733 graditur,
3554 5665 3610 5713 et
3638 5650 3807 5709 modo

2208 5767 2317 5823 alta
2347 5765 2502 5837 petit,
2526 5762 2689 5820 modo
2711 5760 2988 5818 inferiora.
3015 5757 3107 5815 Sic
3127 5754 3380 5812 nimirum
3404 5752 3515 5808 vita
3540 5746 3803 5806 obedien-

2210 5860 2365 5929 tium,
2397 5858 2523 5930 quia
2570 5855 2794 5915 inferius
2839 5854 2953 5926 agit
2987 5850 3135 5925 quod
3162 5840 3686 5927 sursum-portabit,
3739 5841 3808 5895 et
