4020 6344
242 351 330 409 297

1064 351 1132 408 IN
1168 352 1438 413 PRIMUM
1476 353 1718 414 REGUM
1759 357 2275 418 EXPOSITIONES.
2315 392 2387 406 —
2417 365 2546 422 LIB.
2588 366 2671 425 IV.

3423 379 3533 439 298

242 478 453 526 sursum
503 464 652 521 videt
687 464 835 537 quod
876 463 1098 521 inferius
1148 465 1387 537 exhibet,
1415 468 1568 539 quasi
1616 469 1683 524 ad
1722 470 1831 525 alta
1856 476 1911 533 Α
1934 486 2122 531 mones
2158 478 2565 553 impugnamus,
2598 472 2699 556 ρὀιῖ
2725 488 3088 546 obedientiam
3116 492 3401 551 vincimus.
3430 495 3533 553 vi-

242 561 573 629 sublevatur,
600 567 656 615 et
679 559 747 614 ad
779 560 884 614 ima
915 558 1223 629 deponitur.
1254 561 1387 616 Nam
1414 563 1559 632 quod
1584 563 1836 620 obedien-

242 662 323 708 tes
366 649 592 707 inferius
638 658 839 720 agunt,
882 666 1093 709 sursum
1144 652 1380 721 tollunt;
1440 656 1566 725 quia
1615 658 1834 725 quando

238 744 584 817 przclatorum
610 741 1062 812 jussis'obediunt
1086 784 1101 809 ,
1134 752 1351 800 terrena
1380 755 1507 801 sunt
1533 762 1653 817 qum
1699 764 1833 820 ope-

240 842 462 902 rantur;
500 833 594 889 sed
623 835 691 889 de
739 833 989 899 terrenis,
1018 849 1137 903 qua:
1177 833 1402 905 faciunt,
1434 852 1665 906 superna
1690 854 1832 909 prae-

240 927 348 982 mia
396 926 793 996 praestolamur.
854 926 987 981 Item
1045 926 1187 995 quod
1232 943 1448 983 sursum
1488 930 1711 1001 habent,
1765 934 1835 991 ad

241 1025 438 1072 terram
460 1017 710 1085 ﬂectunt,
732 1017 857 1088 quia
884 1025 944 1071 ut
963 1017 1104 1073 bene
1131 1025 1347 1074 terrena
1368 1030 1559 1089 agant,
1592 1023 1833 1081 coelestia

241 1110 694 1180 contemplantur,
725 1116 781 1164 et
808 1108 939 1163 illud
966 1109 1308 1165 solummodo
1331 1122 1645 1183 operantur,
1688 1116 1835 1184 quod

241 1215 465 1257 summa:
502 1201 579 1256 illi
617 1200 859 1273 felicitati
915 1201 1208 1258 convenire
1269 1205 1626 1274 conspiciunt.
1683 1206 1835 1264 lianc

239 1292 483 1363 profecto
514 1302 685 1349 rotam
715 1292 935 1348 ﬂectere
980 1292 1154 1365 Moysi
1196 1294 1456 1351 Dominus
1494 1297 1832 1368 praecipiens,

238 1386 345 1442 ait:
378 1385 570 1441 Omnia
596 1388 681 1458 [ac
696 1386 827 1440 sicut
847 1394 1109 1440 ostensum
1135 1397 1213 1441 est
1240 1388 1333 1442 tibi
1360 1389 1417 1443 in
1436 1398 1609 1444 monte
1631 1389 1831 1461 (Exod.

236 1491 365 1544 xxv,
392 1475 505 1547 40).
539 1475 641 1544 Qui
664 1478 809 1532 enim
839 1476 893 1530 in
916 1477 1141 1532 summis
1168 1478 1323 1545 vidit,
1345 1478 1491 1548 quod
1512 1478 1640 1535 fecit
1662 1480 1718 1535 in
1743 1482 1832 1537 iu-

232 1563 404 1632 ﬂmis;
450 1565 702 1621 nimirum
749 1566 1083 1637 superiorem
1133 1575 1269 1623 rotae
1295 1576 1507 1639 partem
1535 1569 1604 1625 ad
1631 1576 1832 1627 terram

227 1655 401 1711 ﬂexit.
446 1655 766 1711 Inferiorem
812 1670 1032 1726 quoque
1065 1666 1273 1728 partem
1312 1658 1381 1712 ad
1434 1660 1714 1730 superiora
1744 1678 1833 1719 ex-

230 1745 461 1813 tulerat,
493 1745 587 1817 qui
634 1746 886 1802 dicebat:
927 1747 1063 1805 Vivit
1110 1749 1363 1805 Dominus
1406 1751 1464 1805 in
1510 1753 1665 1823 cujus‘
1707 1770 1832 1809 con-

1940 574 2118 625 ctores
2147 585 2275 641 ergo
2323 584 2477 646 sunt,
2506 579 2597 646 qui
2627 580 2915 648 obediunt,
2945 583 3070 655 quia
3110 584 3239 640 dum
3278 589 3534 647 volunta-

1935 669 2046 754 tem
2086 678 2236 720 suam
2287 669 2405 723 aliis
2453 670 2691 740 perfecte
2720 674 3032 745 subjiciunt,
3064 679 3165 749 ipsi
3213 681 3381 752 lapsis
3432 698 3535 754 per

1936 753 2300 813 obedientiam
2328 759 2544 830 Angelis
2570 762 2934 823 dominantur.

2006 846 2096 901 22.
2136 847 2244 904 Sed
2270 852 2563 908 notandum
2605 863 2689 911 est
2726 857 2853 926 quia
2883 858 3103 917 Samuel
3149 870 3276 919 ante
3313 879 3373 921 se
3398 865 3534 921 Saul

1935 937 1993 993 in
2018 930 2239 1010 Galgala
2273 942 2602 1002 descendere
2628 948 2896 1019 praecipit,
2936 953 3054 1008 sine
3082 967 3141 1009 se
3180 962 3361 1011 autem
3403 972 3531 1013 eum

1864 1090 1867 1091 ν
1936 1027 2133 1085 offerre
2175 1033 2505 1091 oblationem
2543 1045 2599 1093 et
2647 1039 2893 1097 victimas
2930 1044 3123 1100 noluit.
3166 1046 3298 1101 Nam
3347 1048 3531 1103 dixit:

1934 1118 2051 1192 Ego
2090 1123 2294 1191 quidem
2347 1127 2655 1183 descendam
2693 1132 2762 1183 ad
2803 1141 2850 1185 te
2882 1142 2939 1185 ut
2965 1137 3163 1206 offeras
3192 1136 3531 1206 oblationem,

1934 1220 1985 1265 et
2023 1214 2257 1269 immoles
2285 1218 2519 1274 victimas
2549 1222 2817 1291 paciﬁcus.
2843 1225 3053 1295 Septem
3092 1227 3272 1282 diebus
3319 1246 3535 1300 exspec-

1936 1305 2069 1362 tabis
2106 1325 2206 1376 me,
2258 1310 2419 1365 donec
2464 1314 2667 1368 veniam
2709 1316 2779 1369 ad
2810 1324 2875 1384 te,
2909 1327 2959 1371 et
2995 1320 3266 1375 ostendam
3297 1321 3388 1376 tibi
3417 1338 3535 1393 quae

1935 1398 2121 1469 facias.
2152 1399 2293 1467 Quid
2332 1402 2547 1458 esthoc
2606 1404 2710 1459 nisi
2756 1407 2883 1474 quia
2914 1407 3027 1476 ipsa
3074 1408 3216 1464 bona
3264 1419 3447 1466 nostra
3477 1420 3537 1467 ct

1932 1489 2187 1559 ignorare
2209 1491 2501 1562 sapienter,
2546 1501 2601 1549 et
2623 1494 2765 1551 scire
2809 1496 3104 1567 aliquando
3133 1500 3337 1557 utiliter
3366 1502 3534 1558 debe-

1932 1584 2088 1638 mus?
2135 1582 2434 1653 Ignoranda
2485 1587 2703 1657 quidem
2759 1601 2923 1659 sunt,
2973 1606 3042 1645 ne
3093 1593 3319 1650 inﬁrmis
3374 1596 3537 1653 nobis

1933 1673 2222 1732 elationem
2257 1679 2532 1747 praebeant
2577 1696 2590 1733 :
2637 1678 2733 1735 sed
2776 1695 2807 1735 a
2844 1683 3258 1750 perfectioribus
3314 1686 3535 1742 scienda

1932 1775 2078 1834 sunt,
2132 1775 2194 1823 ut
2231 1784 2328 1838 per
2366 1770 2713 1826 devotionem
2767 1782 3038 1829 crescant.
3089 1774 3243 1831 Unde
3292 1784 3347 1832 et
3391 1778 3537 1834 bene

229 1845 407 1906 specta
437 1844 518 1891 sto
544 1833 671 1907 (III
697 1834 831 1909 Reg.
863 1853 997 1907 xvu,
1026 1838 1102 1909 l).
1133 1838 1193 1894 In
1240 1840 1352 1895 imo
1391 1842 1613 1910 quidem
1653 1846 1833 1902 stabat

1935 1856 1990 1913 in
2016 1833 2319 1930 Evangelia
2348 1861 2416 1916 de
2430 1860 2707 1917 Elisabeth
2736 1874 3051 1932 praegnante
3078 1866 3278 1922 dicitur
3308 1884 3323 1921 :
3348 1866 3417 1923 Et
3445 1833 3535 1925 oc;

231 1943 330 1998 per
365 1929 723 1986 humilitatem
752 1931 1093 2002 obedientiae,
1120 1934 1247 1991 dum
1267 1936 1383 2006 regi
1411 1938 1615 2007 perﬁdo
1635 1955 1832 2012 expro-

230 2020 415 2074 braret
443 2038 460 2087 ;
487 2021 581 2076 sed
612 2022 890 2091 planitiem
936 2025 1117 2095 operis
1168 2027 1224 2082 in
1276 2028 1603 2087 sublimitate
1643 2034 1834 2090 extulit

229 2111 428 2167 divina:
467 2115 934 2185 contemplationis
956 2156 971 2182 ,
1023 2125 1083 2172 ut
1117 2118 1266 2174 velut
1317 2131 1624 2180 currentem
1652 2133 1831 2181 rotam

224 2205 437 2274 optime
466 2206 723 2275 volveret,
754 2208 880 2263 dum
909 2208 964 2264 in
996 2220 1210 2267 terreno
1233 2228 1421 2284 opere,
1447 2217 1577 2287 quid
1609 2218 1832 2276 cccleste

222 2308 554 2368 mereretur,
577 2301 863 2370 aspiceret.
893 2301 1022 2360 Haec
1047 2305 1289 2375 profecto
1315 2306 1488 2363 forma
1534 2318 1617 2366 est
1644 2311 1832 2368 electae

224 2386 582 2456 obedientim;
608 2397 667 2444 ut
692 2391 746 2445 in
769 2393 936 2458 omni,
956 2394 1102 2464 quod
1130 2394 1262 2451 foris
1287 2396 1519 2467 agimus,
1548 2401 1617 2454 ad
1637 2409 1831 2471 poten-

226 2476 363 2532 tiam
404 2478 713 2535 Conditoris
762 2482 960 2551 ubique
982 2494 1304 2554 praesentem
1337 2490 1707 2560 respiciamus.
1739 2492 1832 2549 Sic

228 2569 482 2623 nimirum
538 2571 591 2626 in
636 2571 940 2628 subditione
998 2575 1317 2632 obedientia:
1373 2589 1572 2636 nostra:
1627 2583 1831 2641 habere

227 2674 519 2729 possumus
561 2669 615 2716 et
635 2663 1011 2721 rectitudinem
1058 2668 1259 2737 operis,
1291 2678 1348 2723 et
1374 2668 1704 2729 incrementa
1732 2677 1828 2732 de-

224 2750 485 2807 votionis.
542 2750 697 2808 Recti
725 2752 945 2823 quidem
976 2765 1103 2812 tunc
1128 2773 1315 2815 sumus
1342 2776 1527 2831 opere,
1572 2765 1699 2834 quia
1727 2781 1829 2836 pro

219 2860 308 2913 eo,
342 2863 507 2918 quem
555 2849 848 2915 cernimus,
881 2866 981 2907 nos
1008 2850 1066 2906 in
1113 2852 1300 2911 labore
1320 2856 1644 2914 obedientiam:
1670 2875 1830 2916 exer-

220 2954 434 2998 cemus.
485 2940 678 2999 Devoti
725 2944 889 2999 etiam
935 2960 1140 3013 sumus,
1197 2949 1323 3018 quia
1373 2951 1425 3006 ei
1467 2967 1567 3010 nos
1613 2955 1830 3024 placere

219 3028 495 3089 credimus
518 3072 534 3098 ,
593 3051 756 3107 quem
789 3036 1153 3108 inspectorem
1210 3048 1523 3098 nostrorum
1581 3044 1827 3103 laborum

218 3126 574 3195 attendimus,
626 3137 683 3183 et
712 3129 1025 3199 largitorem
1072 3140 1289 3188 aeternae
1336 3133 1727 3191 retributionis.
1759 3136 1830 3192 Et

1936 1950 2164 2005 cultabat
2189 1968 2245 2006 se
2280 1953 2539 2008 mensibus
2582 1956 2803 2027 quinque
2850 1954 3003 2026 (Luc.
3036 1972 3076 2021 ι,
3106 1957 3220 2027 24).
3257 1957 3360 2026 Qui
3388 1962 3535 2016 enim

1935 2040 2243 2111 spirituales
2270 2057 2336 2098 ac
2366 2040 2532 2097 fortes
2562 2058 2682 2099 esse
2701 2051 2976 2113 nequeunt
3004 2045 3315 2116 adhuc,per
3341 2049 3535 2118 quina-

1933 2133 2075 2188 rium
2101 2148 2387 2189 numerum
2410 2134 2779 2203 designantur.
2803 2135 2933 2203 Quae
2962 2144 3142 2193 autem
3172 2139 3385 2195 noviter
3404 2154 3536 2197 con-

1934 2223 2086 2294 cipit,
2137 2225 2379 2294 quinque
2423 2241 2483 2281 se
2529 2226 2809 2282 mensibus
2838 2228 2980 2284 celat
3012 2245 3027 2282 :
3058 2229 3185 2298 quia
3207 2244 3307 2299 per
3342 2246 3535 2288 sensus

1933 2313 2183 2381 corporis
2223 2313 2365 2369 bona
2390 2314 2499 2385 agit
2529 2316 2663 2371 :sed
2690 2317 2820 2385 quia
2856 2317 3149 2387 spiritualis
3190 2334 3254 2373 ac
3290 2318 3444 2375 fortis
3476 2320 3535 2376 in

1934 2403 2039 2458 hoc
2068 2401 2214 2460 bono
2244 2419 2409 2474 opere
2448 2405 2687 2470 nondum
2713 2414 2815 2472 est,
2861 2421 2925 2462 ea
2960 2422 3081 2477 qum
3122 2410 3233 2479 agit
3260 2411 3536 2481 sapienter

1934 2494 2238 2551 abscondit.
2293 2496 2389 2553 Ille
2437 2512 2568 2567 ergo
2606 2498 2855 2555 victimas
2909 2499 3043 2567 Deo,
3084 2501 3174 2556 illc
3201 2503 3535 2559 oblationem

1933 2587 2117 2655 offert,
2145 2590 2240 2659 qui
2260 2597 2471 2660 septem
2500 2591 2690 2646 diebus
2717 2601 3046 2663 exspectans
3074 2595 3380 2650 venientem
3404 2611 3537 2666 pro-

1932 2681 2153 2751 phetam
2179 2683 2376 2753 recipit
2407 2700 2421 2736 :
2445 2683 2571 2753 quia
2599 2692 2727 2739 tunc
2749 2684 2862 2741 Deo
2893 2685 3115 2755 dignum
3141 2696 3225 2742 est
3251 2689 3398 2758 quod
3426 2689 3534 2743 im-

1933 2772 2138 2841 pendit,
2163 2787 2284 2828 cum
2307 2774 2627 2843 impendens
2653 2774 2830 2843 justus
2854 2783 2939 2830 est
2957 2776 3158 2831 virtute
3187 2779 3532 2846 obedientiae,

1933 2869 1990 2916 et
2039 2862 2234 2917 divinae
2283 2863 2662 2919 immensitatis
2727 2865 3161 2921 consideratione
3209 2868 3532 2937 timoratus;

1933 2966 2055 3007 cum
2098 2967 2159 3008 se
2200 2953 2343 3007 aliud
2373 2967 2494 3009 esse
2523 2970 2633 3009 non
2679 2954 2882 3023 credit,
2935 2955 3039 3010 nisi
3066 2956 3212 3025 quod
3264 2957 3535 3027 majorum

1932 3044 2256 3113 probatione
2270 3046 2568 3113 cognoscit.
2586 3043 2754 3112 Quasi
2775 3045 2940 3111 enim,
2957 3054 3224 3116 praesente
3243 3049 3534 3118 propheta,

1932 3136 2231 3200 offerimus,
2256 3136 2473 3206 quando
2493 3137 2584 3192 illa
2607 3124 3137 3208 solummodo‘opera
3159 3146 3345 3193 nostra
3368 3137 3532 3208 digna

220 3223 351 3294 quia
375 3221 639 3289 majorum
660 3222 884 3293 imperia
899 3222 1138 3293 perfecta
1165 3225 1467 3282 humilitate
1487 3226 1822 3285 observanda
1853 3238 1899 3303 ο
1930 3244 2049 3286 esse
2097 3230 2274 3285 divina
2327 3230 2672 3300 susceptione
2723 3230 3011 3298 credimus,
3069 3247 3188 3301 qum
3217 3240 3536 3287 sanctorum

222 3322 375 3383 sunt,
404 3314 546 3369 bene
566 3311 696 3368 Saul
737 3313 937 3370 dicitur
966 3333 977 3367 :
1023 3313 1235 3386 Septem
1263 3316 1443 3373 diebus
1479 3320 1823 3390 exspectabis.

222 3405 583 3476 Septenarius
604 3404 803 3476 quippe
818 3420 1073 3463 numerus
1100 3415 1325 3478 propter
1341 3410 1484 3465 dona
1498 3408 1826 3480 septiformis

219 3497 460 3570 Spiritus
488 3507 589 3554 est.
636 3499 855 3569 Septem
889 3500 1078 3556 diebus
1122 3502 1376 3560 doctores
1405 3503 1661 3561 Ecclesiae
1698 3522 1823 3562 exs-

219 3599 524 3663 pectamus,
556 3592 771 3662 quando
800 3607 897 3664 per
926 3594 1186 3651 virtutem
1215 3596 1546 3666 septiformis
1569 3599 1820 3670 Spiritus,

220 3692 433 3739 tantam
452 3684 653 3740 intimae
670 3685 973 3742 devotionis
989 3687 1289 3744 claritatem
1301 3690 1642 3760 suscipimus,
1665 3701 1824 3749 uteo-

217 3791 343 3832 rum
360 3785 629 3847 praecepta
646 3778 950 3834 nullatenus
962 3780 1315 3850 negligamus.
1330 3781 1490 3854 245
1502 3783 1621 3851 Quo
1632 3784 1685 3839 in
1699 3785 1822 3842 loco

217 3866 523 3923 notandum
552 3853 657 3936 est,
686 3868 812 3936 quia
839 3883 949 3923 non
970 3869 1105 3924 dixit
1136 3887 1148 3922 :
1181 3853 1613 3941 Septemidiebus
1639 3876 1746 3930 eris
1765 3875 1822 3932 in

214 3957 468 4027 Galgala,
521 3958 614 4013 sed
645 3974 662 4013 :
692 3958 900 4025 Septem
945 3960 1121 4015 diebus
1170 3962 1490 4032 exspectabis
1538 3981 1647 4031 me,
1678 3976 1822 4037 post-

215 4064 385 4122 quam
428 4047 748 4104 descenderis
794 4058 915 4105 ante
942 4060 1059 4105 ‘me.
1092 4052 1245 4125 Ante,
1278 4054 1685 4123 pnedicatorem
1724 4057 1819 4113 de-

212 4144 555 4213 scendimus,
584 4143 802 4215 quando
838 4144 943 4200 hoc
965 4146 1194 4215 agimus,
1222 4148 1366 4217 quod
1393 4149 1510 4218 ejus
1545 4152 1702 4207 nobis
1732 4150 1821 4221 ju-

212 4234 366 4290 dicio
394 4234 710 4303 imperatur.
742 4233 893 4290 Tunc
931 4235 1148 4304 quidem
1192 4236 1523 4295 descendere
1569 4240 1816 4308 dicimur,

209 4323 348 4394 quia
395 4331 602 4379 mentes
661 4330 874 4379 nostras
928 4338 1118 4381 eorum
1165 4326 1392 4398 imperio
1449 4330 1817 4400 subjugamus.

208 4413 444 4487 Septem
470 4431 603 4472 vero
633 4416 820 4471 diebus
850 4423 1165 4488 exspectare
1194 4427 1276 4474 est
1315 4419 1517 4476 bonum
1562 4421 1819 4478 obedien-

210 4507 307 4562 tim
355 4508 502 4561 omni
546 4507 665 4562 luce
693 4507 878 4563 cordis
906 4508 1154 4578 implere.
1188 4508 1342 4576 Quod
1371 4518 1501 4568 tunc
1528 4521 1677 4568 certe
1705 4514 1819 4583 agi-

1930 3320 2344 3391 pracdicatorum
2389 3320 2596 3389 judicio
2634 3322 3076 3390 comprobantur.
3106 3320 3172 3375 Et
3196 3321 3324 3389 quia
3345 3334 3535 3377 coram

1929 3413 2195 3482 propheta
2226 3412 2508 3467 immolare
2528 3411 2747 3479 dicitur,
2770 3412 2875 3466 hoc
2898 3411 3143 3481 profecto
3174 3413 3353 3481 signat
3370 3429 3383 3465 :
3400 3413 3533 3483 quia

1927 3501 2185 3572 operibus
2207 3502 2394 3575 [Forte
2421 3504 2478 3556 in
2499 3502 2757 3573 operibus]
2787 3504 2988 3557 nostris
3006 3504 3341 3573 sapientibus
3363 3512 3535 3574 atque

1910 3594 2299 3663 .spiritualibus
2333 3593 2463 3651 viris
2506 3594 2729 3651 credere
2757 3594 3038 3651 debemus.
3075 3595 3212 3663 Quia
3241 3596 3371 3653 item
3403 3612 3531 3669 sep-

1925 3696 2037 3744 tem
2063 3688 2252 3744 diebus
2276 3697 2555 3759 exspectat
2580 3688 2729 3754 Saul,
2762 3689 3084 3759 praedicator
3109 3699 3310 3747 sanctae
3340 3690 3531 3748 Eccle-

1925 3782 2021 3838 siae
2047 3782 2305 3838 virtutem
2344 3781 2573 3851 subjecti
2595 3781 2884 3853 disponere
2919 3783 3193 3852 sapienter
3236 3782 3422 3853 debet,
3463 3788 3528 3841 ut

1924 3888 2111 3930 coram
2153 3888 2221 3930 eo
2249 3873 2395 3929 bona
2423 3872 2542 3943 ejus
2584 3888 2694 3929 non
2740 3872 2926 3929 laudet
2955 3873 3059 3928 nisi
3085 3878 3302 3943 quando
3347 3873 3525 3932 laudis

1922 3979 2034 4023 sum
2078 3972 2430 4021 contemnere
2476 3963 2718 4021 favorem
2767 3972 2970 4034 potest.
3030 3962 3184 4019 Unde
3232 3973 3290 4020 ct
3331 3965 3529 4020 eadem

1923 4055 2127 4111 oblatio
2157 4063 2215 4111 et
2240 4055 2473 4110 victimae
2506 4054 2621 4110 Deo
2643 4064 2670 4090 α
2694 4054 2880 4109 offerri
2911 4068 2941 4107 a
2971 4052 3099 4107 Saul
3137 4053 3528 4122 praedicuntur,

1924 4153 1980 4200 et
2003 4160 2111 4201 non
2137 4145 2260 4200 sibi.
2285 4144 2399 4200 Deo
2414 4145 2615 4216 quippe
2644 4144 2890 4198 victimas
2910 4139 3093 4209 offert,
3118 4142 3208 4212 qui
3234 4141 3301 4197 de
3321 4142 3526 4199 virtute

1922 4249 2084 4305 quam
2110 4236 2275 4290 habet
2300 4235 2537 4290 inaniter
2582 4249 2693 4290 non
2731 4232 3028 4299 extollitur,
3059 4234 3155 4289 sed
3185 4249 3347 4289 omne
3375 4232 3528 4305 quod

1922 4327 2135 4397 perlicit
2187 4326 2375 4395 gratiae
2419 4325 2610 4380 tribuit
2648 4324 2967 4380 conditoris.
3018 4322 3134 4381 Hoc
3175 4326 3359 4393 etiam,
3392 4326 3523 4396 quia

1924 4416 2207 4472 doctorum
2238 4416 2552 4484 magisterio
2576 4416 2851 4482 discimus,
2879 4416 3020 4472 bene
3047 4415 3265 4473 Samuel
3304 4431 3522 4473 sermo-

1921 4523 2046 4564 nem
2085 4508 2433 4575 concludens,
2453 4508 2529 4562 ait
2564 4525 2578 4563 :
2612 4506 2684 4561 Et
2728 4508 3001 4563 ostendam
3044 4507 3288 4580 tibi’qute
3330 4508 3523 4579 facias.

210 4615 342 4656 mus
392 4599 610 4670 quando
658 4599 925 4669 majorum
966 4600 1219 4655 mandata
1242 4616 1346 4657 nec
1371 4603 1505 4657 dura
1532 4617 1634 4658 nec
1679 4603 1818 4661 levia
1848 4612 1905 4674 Ῑ)
1929 4599 2274 4669 Exspectanti
2296 4598 2517 4670 quidem
2537 4599 2699 4671 246
2717 4615 2835 4670 quae
2856 4601 3042 4671 faciat,
3061 4601 3526 4672 indicat:quando

210 4692 581 4762 priterimus.
617 4689 826 4745 Nullam
856 4691 1056 4761 quippe
1082 4691 1293 4747 dierum
1335 4692 1403 4748 ab
1450 4693 1551 4748 hac
1579 4693 1700 4749 luce
1726 4710 1824 4749 va-

212 4792 437 4839 eantcm
468 4782 728 4837 Dominus
762 4797 880 4838 esse
907 4783 1145 4851 volebat,
1176 4784 1392 4853 quando
1431 4784 1685 4841 dicebat:
1720 4784 1821 4850 Qui

210 4877 435 4933 solverit
460 4891 617 4929 unum
638 4875 699 4928 de
720 4876 984 4930 mandatis
1001 4876 1113 4929 istis
1134 4875 1378 4940 minimis,
1412 4883 1460 4929 et
1489 4877 1716 4931 docuerit
1745 4879 1820 4931 sic

214 4965 740 5032 homines,minimus
767 4964 1030 5021 vocabitur
1058 4966 1114 5018 in
1140 4982 1297 5036 regno
1328 4965 1569 5021 caelorum
1598 4967 1816 5037 (Matth.

212 5076 270 5128 v,
309 5052 429 5129 19).
461 5058 528 5112 Ει
554 5059 679 5129 quia
705 5058 944 5130 perfecta
974 5059 1281 5114 obedientia
1311 5073 1472 5127 quam
1510 5059 1819 5117 hominibus

214 5150 547 5209 exhibemus
576 5166 771 5205 munus
801 5158 883 5206 est
918 5150 1189 5206 Creatoris
1217 5168 1231 5217 ;
1275 5150 1367 5220 qui
1397 5158 1606 5219 septem
1633 5150 1821 5209 diebus

213 5249 512 5313 exspectat
539 5243 871 5298 oblationem
898 5242 1094 5298 oﬂ‘erre
1119 5242 1311 5298 dicitur
1340 5250 1395 5297 ct
1423 5242 1676 5313 paciﬁcas
1704 5244 1820 5298 vic-

211 5338 385 5392 timas
406 5335 707 5391 immolare.
739 5334 951 5391 Oblatio
982 5335 1195 5405 quidem
1224 5334 1436 5391 Domini
1465 5342 1548 5389 θει
1576 5335 1700 5403 quia
1729 5335 1824 5393 ho-

210 5425 462 5481 minibus
508 5440 608 5495 pro
653 5426 767 5481 Deo
812 5424 1055 5489 oﬂ'ertur,
1088 5425 1182 5480 sed
1224 5424 1404 5480 oblata
1456 5426 1762 5482 hominibus
1789 5443 1821 5483 a

212 5520 342 5574 Deo
371 5519 682 5589 suscipitur.
715 5519 958 5575 Victima:
984 5527 1111 5575 sunt
1148 5518 1404 5587 obsequia
1429 5518 1817 5588 obedientium,

213 5612 355 5685 quia
403 5627 527 5666 cum
574 5611 880 5666 hominibus
906 5625 1007 5679 pro
1038 5608 1151 5664 Deo
1180 5610 1512 5680 subjicimur,
1559 5611 1821 5681 superbos

210 5704 452 5775 spiritus
493 5718 829 5773 superamus.
870 5700 1091 5757 Caeteris
1135 5702 1352 5771 quidem
1378 5702 1663 5760 virtutibus
1704 5702 1817 5758 da:-

294 5857 324 5888 α
358 5847 519 5905 Gilot.
540 5889 555 5915 ,
585 5849 839 5932 oﬁ‘erre...
872 5844 1199 5913 praedicetur.

509 5944 781 6003 ΡΑτιιοι.
831 5938 1124 5999 LXXIX.

1926 4692 1993 4758 is,
2021 4692 2117 4761 qui
2153 4688 2396 4761 perfecte
2422 4690 2646 4746 obedire
2686 4692 3056 4761 cognoscitur,
3086 4692 3319 4763 qualiter
3347 4691 3527 4760 impe-

1925 4798 2049 4838 rare
2092 4781 2211 4836 aliis
2256 4780 2468 4848 debeat,
2498 4782 2777 4837 educetur.
2815 4782 2924 4838 Sed
2978 4782 3122 4838 istud
3169 4781 3301 4837 Saul
3343 4779 3526 4839 adhuc

1924 4890 2031 4930 non
2046 4873 2359 4939 exhibetur,
2383 4874 2477 4929 sed
2495 4873 2851 4943 promittitur.
2882 4873 3001 4930 Non
3024 4874 3170 4929 enim
3198 4872 3430 4927 mittitur
3451 4870 3527 4929 ad

1928 4965 2334 5032 immolandum,
2360 4966 2453 5021 sed
2482 4966 2549 5021 ad
2576 4965 3022 5036 exspectandum.
3048 4964 3115 5018 Et
3138 4964 3263 5034 quia
3291 4969 3515 5020 sancto-

1926 5074 2045 5114 rum
2076 5058 2437 5115 collocutione
2459 5059 2787 5129 proﬁcimus,
2818 5066 2945 5128 apte
2973 5057 3180 5111 illatum
3204 5064 3307 5112 cst.

2001 5150 2158 5222 (Vers
2188 5149 2266 5220 9.)
2296 5149 2498 5222 Itaque,
2529 5168 2643 5205 cum
2671 5150 2939 5204 avertisset
2959 5152 3227 5203 humerum
3253 5163 3425 5213 suum,
3462 5155 3522 5201 ut

1927 5241 2091 5297 abiret
2120 5259 2151 5295 a
2186 5242 2449 5304 Samuele,
2473 5241 2759 5297 immutavit
2787 5243 2834 5295 ei
2865 5240 3007 5295 Deus
3036 5254 3127 5294 cor
3156 5238 3323 5293 aliud.

1998 5333 2088 5387 Q5.
2120 5334 2225 5388 Cor
2265 5334 2409 5389 enim
2457 5332 2600 5387 aliud
2626 5333 2957 5397 immutatur,
2987 5331 3203 5401 quando
3231 5332 3297 5384 ad
3348 5344 3516 5401 appe-

1927 5428 2088 5483 tenda
2143 5428 2369 5483 meliora
2421 5427 2694 5495 dirigitur;
2750 5441 2879 5499 corr
2918 5425 3081 5480 etiam
3152 5424 3511 5490 immutatur;

1924 5521 2139 5592 quando
2164 5520 2229 5575 ad
2261 5520 2457 5574 malum
2482 5518 2766 5573 deseritur.
2791 5516 2849 5571 In
2878 5516 3007 5572 Saul
3035 5523 3214 5570 autem
3243 5514 3333 5586 qui
3362 5514 3516 5585 prius

1924 5613 2118 5677 bonus,
2148 5620 2336 5683 postea
2386 5610 2560 5664 malus
2601 5610 2722 5677 fuit,
2771 5608 3042 5678 quomodo
3074 5607 3255 5678 potius
3285 5605 3512 5673 intelligi

1924 5703 1991 5761 ad
2020 5703 2255 5760 litteram
2294 5702 2489 5757 debeat
2522 5714 2628 5755 non
2657 5699 2813 5757 valde
2849 5699 3054 5755 clarum
3083 5704 3185 5756 est.
3215 5696 3322 5753 Sed
3344 5696 3388 5751 si
3409 5707 3512 5764 pro

2953 5926 3027 5985 10
