4020 6344
240 373 335 430 30!

1063 361 1129 419 lN
1168 359 1429 420 PRlMUM
1468 357 1711 415 ΜείζοΜ
1751 350 2270 414 EXPOSITIONES.
2312 387 2384 400 —
2423 359 2549 416 LIB.
2593 361 2682 417 IV.

3420 369 3527 428 302

240 481 559 542 insilientem
583 477 635 533 in
652 476 1009 548 nosspiritum
1032 475 1243 530 Domini
1268 490 1373 530 non
1389 474 1666 530 sentimus.
1684 472 1823 526 Nota
1857 472 1905 531 Α
1936 468 1984 524 Ι.
2021 470 2140 525 Cor.
2174 488 2250 532 tu.
2297 472 2372 542 7).
2427 473 2571 529 Talis
2599 484 2735 530 erat.
2791 477 2881 545 qui
2912 476 3264 549 gloriabatur,
3296 483 3480 545 dicens
3511 508 3527 545 :

240 591 363 645 ergo
386 582 442 629 et
466 588 572 627 non
600 571 780 625 habita
810 570 959 635 signa
992 584 1087 624 nos
1120 576 1357 623 terreant
1392 586 1404 620 :
1430 576 1488 621 ut
1515 582 1637 622 cum
1663 565 1825 635 2&3

238 682 333 738 pro
389 663 730 733 negligentiae
772 667 971 715 nostra:
1001 660 1361 716 immensitate
1390 659 1821 727 compungimur,

235 758 484 811 virtutem
514 753 748 822 suscepti
777 751 977 807 ordinis
1005 766 1102 822 per
1122 748 1277 805 ﬂetus
1303 758 1356 805 et
1378 750 1612 804 lamenta
1642 749 1825 817 requi-

236 862 437 903 ramus.
470 843 609 899 Βίης
638 842 921 897 Psalmista
949 856 1084 895 voce
1114 840 1447 894 inlirmorum
1475 839 1722 908 deplorat
1745 838 1824 893 di-

236 951 359 1002 cens
378 954 389 989 :
410 935 577 1007 Signa
606 942 790 989 nostra
810 950 913 988 non
954 933 1189 998 vidimus,
1210 933 1322 1003 jam
1344 948 1445 986 non
1467 939 1543 985 est
1572 930 1825 1002 propheta

239 1027 407 1100 (Psal.
435 1043 620 1093 Lxxni,
653 1025 731 1095 9).
775 1025 907 1080 Nam
941 1025 1207 1096 propheta
1247 1032 1349 1092 est,
1397 1037 1516 1078 cum
1541 1022 1651 1092 jam
1679 1022 1824 1076 dicta
1870 1054 1875 1059 ι

231 1123 345 1178 haec
361 1120 659 1193 prophetiae
680 1120 828 1189 signa
840 1119 890 1174 ei
912 1118 1101 1175 adesse
1122 1117 1500 1189 prmvidentnr.
1519 1117 1575 1171 Si
1599 1129 1725 1185 ergo
1757 1114 1824 1170 ad

231 1212 443 1269 culmen
464 1210 792 1282 prtelationis
813 1210 1123 1277 assumitur,
1146 1224 1253 1264 non
1277 1224 1335 1264 se
1362 1209 1718 1277 teneat,quod
1744 1215 1828 1262 est

231 1304 516 1360 altitudine
545 1301 767 1367 ordinis,
808 1300 901 1357 sed
925 1302 1070 1370 quod
1117 1308 1201 1355 est
1228 1300 1424 1355 virtute
1454 1299 1819 1371 perfectionis.

229 1394 384 1451 Dicat
399 1407 526 1465 ergo
542 1412 555 1448 :
570 1393 738 1467 Signa
756 1400 937 1448 nostra
958 1407 1061 1447 non
1079 1392 1317 1457 vidimus,
1340 1390 1457 1460 jam
1477 1407 1582 1444 non
1606 1398 1681 1444 est
1702 1406 1825 1461 pro-

230 1488 400 1560 pheta.
428 1486 591 1556 Quasi
618 1487 797 1543 dicat:
823 1485 954 1542 Esse
984 1500 1127 1541 nunc
1148 1487 1470 1557 prophetam
1490 1484 1755 1554 dicerem,
1777 1486 1825 1541 si

229 1581 373 1637 dona
392 1582 613 1652 spiritus
638 1594 939 1647 cernerem,
961 1578 1154 1650 quibus
1176 1579 1452 1650 prophetae
1472 1593 1704 1650 persona
1723 1577 1825 1634 ful-

227 1687 357 1744 gere
394 1673 575 1729 debet.
599 1672 699 1738 Qui
733 1684 862 1740 ergo
891 1672 1122 1741 suscepti
1152 1670 1356 1725 ordinis
1378 1670 1665 1741 pastoralis
1694 1685 1824 1741 per-

228 1760 519 1819 fectionem
541 1761 743 1818 audivit
769 1774 929 1831 quam
958 1761 1012 1815 in
1061 1776 1121 1815 se
1158 1762 1403 1817 obtinere
1451 1762 1684 1818 vivendo
1714 1777 1825 1817 non

1934 561 2049 618 Nos
2072 576 2240 619 autem
2284 568 2503 621 revelata
2534 571 2668 641 facie
2711 571 2932 641 gloriam
2963 572 3063 628 Dei
3089 580 3434 649 speculantes,
3474 585 3531 640 in

1934 658 2165 711 eamdem
2219 659 2496 729 imaginem
2548 665 3000 734 transformamur,
3056 674 3302 740 tanquam
3356 689 3388 726 a
3421 671 3531 729 Do-

1934 749 2064 802 mini
2099 752 2283 820 spiritu
2310 752 2363 822 (1
2394 751 2512 807 Cor.
2546 769 2620 819 ιιι,
2658 754 2769 825 18).
2803 755 2962 811 Tales
2984 759 3171 829 utique
3193 771 3371 831 erant,
3394 780 3530 833 quos

1937 839 2168 909 Spiritus
2214 852 2431 899 sanctus
2472 848 2796 916 repleverat.
2834 847 2987 905 Unde
3016 858 3072 906 et
3112 854 3203 922 qui
3235 854 3285 908 in
3315 854 3534 913 Jerusa-

1934 939 2041 993 lem
2098 946 2483 1003 convenerant,
2541 940 2873 997 admirantes
2921 943 3106 999 dicunt
3146 964 3158 999 :
3202 946 3395 1003 Nonne
3424 951 3529 1013 isti,

1934 1031 2019 1101 qui
2051 1030 2344 1095 loquuntur,
2371 1030 2575 1085 (ἑαιὶιωί
2602 1042 2720 1086 sunt
2752 1033 2889 1104 (Act.
2917 1051 2975 1097 ιι,
3002 1036 3096 1105 7)?
3121 1036 3533 1108 Interrogabant

1934 1122 2153 1192 quippe,
2184 1131 2241 1177 ut
2268 1123 2471 1177 scirent
2500 1123 2647 1192 quod
2677 1125 2987 1191 audiebant,
3016 1137 3071 1181 et
3099 1128 3243 1183 scire
3284 1146 3391 1184 non
3435 1146 3534 1200 po-

1935 1220 2130 1269 terant.
2162 1212 2263 1279 Qui
2286 1221 2467 1268 autem
2497 1226 2760 1270 noverant
2787 1216 2937 1281 Saul,
2968 1220 3037 1273 de
3065 1235 3125 1275 re
3148 1236 3268 1289 quae
3296 1223 3346 1277 ei
3378 1226 3527 1279 acci-

1935 1306 2013 1362 dit
2043 1306 2371 1362 admirantes
2417 1307 2781 1375 interrogant;
2834 1309 2959 1377 quia
3005 1326 3101 1366 eos
3138 1313 3428 1382 aliquando
3478 1315 3532 1371 in

1936 1398 2210 1452 humiliori
2236 1397 2426 1451 ordine
2451 1405 2652 1452 sanctm
2682 1396 2939 1453 Ecclesiae
2968 1399 3200 1457 humiles
3224 1412 3278 1456 et
3304 1403 3530 1473 despec-

1932 1495 2023 1543 tos
2047 1488 2335 1549 cernimus,
2370 1486 2531 1560 249
2567 1503 2705 1558 quos
2753 1488 2878 1542 dum
2926 1497 3148 1545 sanctus
3194 1490 3424 1561 Spiritus
3462 1494 3530 1548 ad

1935 1580 2178 1635 ordinem
2210 1578 2606 1649 prtedicationis
2659 1580 2902 1643 assumit,
2960 1581 3255 1648 gratiarum
3310 1599 3529 1638 suarum

1934 1670 2313 1741 splendoribus
2363 1670 2536 1724 induit
2561 1678 2617 1724 et
2645 1670 2701 1725 in
2729 1670 2937 1725 eisdem
2967 1673 3345 1741 splendoribus
3372 1675 3537 1729 mira-

1932 1762 2071 1818 biles
2105 1762 2361 1818 ostendit.
2385 1761 2491 1816 Sed
2521 1763 2659 1817 bene
2687 1771 2997 1817 sanctorum
3018 1765 3247 1819 virtutes
3289 1765 3528 1821 admira-

228 1854 458 1921 meruit,
499 1853 726 1910 idoneus
755 1860 955 1909 sanctae
982 1851 1234 1907 Ecclesia:
1260 1852 1453 1908 doctor
1477 1868 1584 1907 non
1628 1862 1730 1909 est.
1763 1852 1825 1906 In
1856 1853 1909 1917 Β
1936 1868 2074 1917 mur,
2108 1867 2231 1907 cum
2254 1867 2347 1908 eas
2371 1852 2600 1907 bonitati
2628 1852 2926 1908 conditoris
2972 1856 3311 1910 ascribimus.
3354 1859 3534 1923 Quare

226 1942 406 2013 primo
426 1942 589 2013 igitur
608 1956 755 2013 rege,
773 1951 1051 2012 pastorum
1079 1943 1317 1999 omnium
1339 1951 1539 1999 sancta:
1571 1940 1827 1998 Ecclesia:

226 2036 503 2106 profectus
535 2036 851 2101 ostenditur,
904 2038 1031 2093 dum
1061 2038 1255 2095 dicitur
1286 2054 1300 2091 :
1340 2036 1598 2091 Venerunt
1640 2036 1685 2089 ei
1715 2049 1821 2087 em-

226 2129 319 2186 uia
348 2131 499 2201 signa
538 2129 647 2185 haec
696 2131 753 2184 in
784 2131 866 2184 die
912 2130 1027 2184 illa.
1082 2129 1153 2183 Et
1206 2129 1331 2199 quia
1362 2128 1502 2183 idem
1550 2113 1828 2197 profectus

226 2225 525 2297 electorum
551 2222 968 2293 praedicatorum
999 2222 1259 2277 mirabilis
1288 2229 1397 2287 est,
1430 2218 1709 2289 sequitur:

294 2298 475 2386 (Vere.
511 2312 624 2384 Η.)
656 2312 897 2367 Videntes
926 2322 1097 2366 autem
1127 2328 1261 2377 eum,
1291 2313 1377 2382 qui
1422 2317 1671 2365 nouerant
1701 2324 1815 2363 eum

226 2404 337 2458 heri
360 2411 410 2458 et
429 2403 817 2468 nudiustertius,
850 2403 987 2474 quod
1017 2410 1152 2457 esset
1175 2418 1290 2455 cum
1318 2402 1605 2472 praphetis,
1636 2409 1685 2454 et
1704 2415 1828 2471 pro-

224 2496 481 2565 phetaret,
514 2494 757 2549 dixerunt
797 2495 865 2548 ad
903 2494 1121 2548 invicem
1149 2510 1168 2549 :
1199 2495 1448 2561 Qttcenam
1477 2510 1559 2548 res
1588 2502 1685 2559 est,
1714 2506 1830 2564 qua:

224 2588 417 2641 accidit
441 2586 551 2656 ﬁlio
572 2584 659 2641 Cis
674 2588 699 2640 .’
725 2584 869 2639 Num
899 2585 1031 2640 Saul
1053 2588 1189 2640 inter
1214 2585 1531 2655 prophetas?

292 2677 388 2733 26.
417 2677 557 2745 Quid
584 2686 686 2744 est,
718 2677 862 2747 quod
888 2676 1073 2732 dicunt
1105 2694 1118 2729 :
1150 2677 1280 2745 Quae
1304 2692 1386 2730 res
1415 2685 1509 2742 est,
1544 2691 1662 2747 qua:
1690 2678 1830 2730 acci-

229 2772 331 2837 dit,
377 2770 481 2826 nisi
527 2769 685 2825 valde
731 2768 1007 2832 admirari,
1039 2768 1182 2838 quod
1229 2769 1297 2823 ab
1334 2769 1414 2823 eis
1456 2784 1564 2824 non
1615 2779 1833 2839 poterat

224 2862 649 2934 comprehendi?
698 2860 984 2916 Hominem
1031 2859 1269 2915 hominis
1319 2859 1486 2915 ﬁlium
1540 2869 1827 2928 noverant,

225 2956 508 3028 prophetis
556 2955 819 3010 sociatum
867 2953 1123 3008 videbant
1158 2970 1170 3006 :
1204 2951 1478 3007 carnalem
1528 2960 1826 3020 noverant,

223 3047 566 3119 spiritualem
594 3044 849 3099 videbant
884 3061 897 3097 :
926 3042 1229 3113 simplicem
1269 3050 1551 3107 noverant,
1595 3042 1831 3112 prophe-

224 3146 340 3192 tam
369 3136 643 3191 videbant.
686 3133 881 3188 Dicunt
901 3145 1031 3200 ergo
1062 3148 1076 3186 :
1111 3132 1360 3199 Quisnam
1382 3148 1465 3186 res
1495 3132 1685 3185 accidit
1714 3132 1826 3199 ﬁtio

1934 1957 1991 2004 et
2030 1949 2238 2018 Moyses
2261 1946 2492 2003 Domino
2532 1946 2796 2002 conlltens
2820 1947 2895 2000 ait
2929 1964 2941 1999 :
2975 1946 3101 2011 Quis
3131 1950 3315 2003 similis
3349 1951 3437 2005 tibi
3474 1953 3532 2005 in

1934 2040 2054 2105 diis,
2079 2038 2317 2103 Domine,
2337 2040 2450 2110 quis
2466 2038 2651 2093 similis
2670 2036 2759 2091 tibi
2783 2038 3037 2109 gloriosus
3052 2039 3107 2091 in
3130 2040 3346 2105 sanctis,
3370 2042 3534 2094 mira.

1937 2133 2054 2186 bilis
2082 2134 2137 2185 in
2168 2133 2468 2203 majestate,
2525 2134 2722 2202 faciens
2771 2132 3010 2201 prodigia
3065 2131 3259 2202 (Exod.
3297 2150 3385 2201 xv,
3418 2133 3532 2201 ll).

1935 2221 2075 2277 Hinc
2098 2221 2381 2278 Psalmista
2410 2222 2543 2277 dicit
2571 2238 2586 2278 :
2618 2221 2880 2276 Mirabilis
2924 2220 3064 2275 Deus
3090 2223 3147 2276 in
3185 2226 3380 2277 sanctis
3404 2226 3531 2290 suis,

1939 2317 2055 2386 ipse
2082 2317 2229 2369 dabit
2266 2317 2525 2380 virtutem,
2566 2322 2614 2368 et
2647 2313 3004 2386 fortitudinem
3033 2313 3169 2384 plebi
3209 2331 3317 2368 sua:
3362 2314 3535 2384 (Psal.

1935 2422 2107 2475 van,
2147 2408 2274 2478 56)?
2313 2408 2458 2461 Bene
2486 2407 2868 2476 subiungitur:

2022 2500 2199 2569 (Vers.
2230 2500 2344 2569 12.)
2390 2498 2675 2570 Respondit
2701 2499 2833 2553 alter
2862 2501 2930 2552 ad
2961 2498 3201 2564 alterum,
3234 2498 3445 2551 dicens:
3473 2496 3541 2551 Et

1938 2593 2050 2663 quis
2078 2602 2225 2662 pater
2252 2608 2428 2647 eorum
2446 2593 2469 2645 ?

2008 2681 2097 2736 27.
2137 2683 2275 2750 Quid
2301 2697 2383 2737 e>t
2412 2682 2553 2750 quod
2588 2682 2866 2753 hucusque
2907 2682 2973 2737 de
3017 2682 3134 2737 solo
3162 2680 3290 2737 Saul
3320 2683 3538 2739 diceba-

1936 2782 2026 2830 tur
2055 2795 2067 2830 :
2095 2776 2345 2841 Quaenam
2384 2795 2462 2830 res
2504 2778 2693 2831 accidit
2728 2778 2839 2847 ﬁlio
2868 2777 2989 2832 Cis?
3022 2776 3089 2830 Et
3120 2796 3264 2834 nunc
3291 2783 3445 2850 quasi
3469 2782 3538 2837 de

1936 2868 2118 2923 multis
2147 2868 2479 2937 repondetur
2514 2886 2525 2919 :
2562 2867 2626 2919 Et
2656 2869 2769 2937 quis
2815 2876 2962 2938 pater
3008 2870 3221 2922 eorum?
3250 2870 3354 2924 Sed
3397 2872 3441 2926 si
3472 2872 3541 2926 ad

1936 2958 2214 3013 historiam
2240 2957 2586 3024 intelligatur,
2618 2964 2761 3009 stare
2794 2956 2941 3009 nullo
2971 2957 3131 3009 modo
3174 2967 3369 3026 potest.
3404 2958 3541 3014 Res-

1935 3056 2016 3104 tat
2054 3064 2182 3118 ergo
2226 3058 2284 3103 ut
2321 3064 2513 3103 sensus
2556 3049 2647 3115 qui
2689 3048 2883 3101 littera:
2914 3047 3148 3102 demitur
3184 3049 3238 3103 in
3268 3050 3538 3118 spirituali

1934 3141 2333 3212 signiﬁcatione
2383 3141 2712 3210 requiratur.
2759 3139 2892 3195 Cum
2943 3154 3072 3208 ergo
3131 3141 3324 3196 dicitur
3362 3160 3374 3195 :
3411 3139 3539 3205 Quis

224 3228 361 3285 Cis.’
409 3227 512 3294 Qui
564 3240 723 3282 nosse
751 3225 895 3294 quod
925 3222 1102 3278 fuerat
1146 3230 1398 3293 poterant
1444 3223 1633 3293 :quod
1687 3231 1827 3287 erat,

1943 3247 2085 3307 pater
2107 3236 2318 3289 eorum?
2346 3233 2462 3287 Non
2488 3233 2663 3287 solum
2690 3231 2817 3285 Saul
2862 3233 3192 3301 prophetans
3215 3233 3534 3299 attenditur,

225 3318 467 3383 qualiter
493 3330 613 3371 esse
642 3321 825 3386 posset
849 3314 1190 3383 ignorabant.
1224 3310 1325 3369 Hie
1352 3313 1586 3384 denique
1611 3312 1828 3383 profec-

227 3418 315 3465 tus
348 3406 642 3479 spiritualis
692 3405 1061 3475 praedicatoris
1093 3412 1195 3469 est,
1244 3411 1305 3459 ut
1331 3405 1424 3473 qui
1466 3405 1521 3459 in
1551 3405 1829 3460 communi

226 3503 345 3558 vita
378 3499 671 3572 aliquando
695 3505 855 3554 notus
878 3504 986 3564 est,
1016 3497 1071 3553 in
1099 3496 1364 3565 superiori
1391 3496 1581 3551 ordine
1607 3497 1825 3559 habeat,

227 3594 380 3666 quod
408 3597 705 3662 ignoretur.
737 3589 871 3646 Tres
891 3589 1109 3659 quidem
1134 3588 1333 3658 gradus
1359 3588 1710 3658 perfectionis
1739 3603 1831 3643 os-

229 3687 377 3745 tensi
397 3694 545 3751 sunt,
575 3685 702 3756 quia
727 3684 896 3740 dicit:
928 3683 1078 3749 Heri,
1100 3690 1153 3738 et
1179 3683 1576 3738 nudiustertius.
1596 3679 1657 3737 in
1688 3681 1829 3737 duo-

227 3779 336 3836 bus
359 3778 576 3850 quidem
589 3777 778 3832 diebus
798 3777 1120 3847 praedicator
1130 3776 1461 3847 agnoscitur,
1484 3776 1538 3830 in
1558 3776 1716 3831 tertio
1733 3777 1831 3831 ha-

226 3871 328 3930 bet
344 3869 672 3941 quodetiam
692 3869 749 3934 ii,
771 3869 864 3939 qui
884 3875 1169 3935 noverant,
1202 3883 1311 3924 non
1339 3875 1684 3937 cognoscant.
1714 3865 1833 3923 Pri-

231 3977 365 4019 mus
382 3976 615 4032 namque
629 3960 743 4017 dies
754 3959 1091 4015 auditoribus
1102 3960 1354 4031 pertinet,
1380 3960 1650 4016 secundus
1672 3959 1833 4015 soda—

231 4056 599 4123 libus,tertius
623 4066 707 4111 est
733 4054 1154 4126 praedicationis.
1170 4052 1406 4109 Primum
1431 4070 1663 4124 namque
1690 4055 1833 4109 diem

228 4157 427 4220 pastor
448 4146 653 4214 habuit,
674 4147 891 4218 quando
919 4146 1158 4216 praelatis
1177 4145 1288 4200 suis
1315 4154 1342 4183 ⁸
1370 4145 1663 4217 discipulus
1702 4145 1833 4200 obe-

231 4240 395 4296 divit.
421 4238 583 4305 Quasi
608 4239 749 4293 enim
772 4238 826 4292 in
852 4251 1049 4306 magna
1080 4237 1202 4291 luce
1244 4237 1503 4302 cernitur,
1535 4237 1626 4304 qui
1654 4238 1707 4291 in
1725 4238 1835 4291 vir-

232 4339 364 4385 tute
393 4329 713 4384 obedientia:
734 4327 963 4383 devotus
986 4335 1085 4381 est.
1117 4325 1425 4381 Secundum
1455 4327 1594 4380 diem
1623 4326 1834 4390 habuit,

235 4420 463 4490 quando
511 4419 797 4475 meliorum
844 4417 1128 4487 coadjutor
1176 4433 1295 4473 esse
1338 4415 1450 4487 jam
1499 4418 1680 4487 cmpit.
1729 4417 1836 4471 Ista

234 4515 447 4583 quippe
474 4514 691 4568 c‘aritas
712 4524 918 4580 magna:
956 4511 1406 4573 conversationis,
1456 4510 1509 4564 in
1540 4513 1836 4564 electorum

1938 3328 2034 3383 sed
2083 3327 2258 3381 omnis
2300 3325 2389 3378 ille
2436 3339 2644 3378 cuneus
2694 3323 3101 3392 prophetarum.
3145 3322 3247 3390 Qui
3285 3324 3537 3379 nimirum

1936 3415 2216 3484 prophetae
2255 3428 2473 3477 omnes,
2512 3413 2637 3482 quia
2675 3410 2835 3465 valde
2865 3412 3174 3480 spirituales
3208 3422 3392 3479 erant,
3428 3429 3538 3469 non

1937 3519 2006 3561 ex
2036 3504 2240 3559 carnali
2269 3503 2546 3572 progenie,
2570 3500 2663 3556 sed
2691 3516 2757 3556 ex
2780 3502 2985 3557 coelesti
3009 3503 3217 3571 origine
3239 3504 3537 3559 censeban-

1939 3604 2049 3651 tur.
2082 3595 2242 3649 Pater
2272 3595 2489 3663 quidem
2524 3592 2913 3663 prophetarum
2940 3591 3031 3646 ille
3053 3601 3166 3659 est,
3190 3594 3280 3663 qui
3303 3608 3398 3663 per
3418 3593 3534 3648 Ma-

1938 3685 2170 3741 lachiam
2211 3684 2478 3753 exquirit,
2510 3683 2697 3738 dicens
2730 3701 2742 3735 :
2776 3682 2837 3737 Si
2877 3681 3134 3738 Dominus
3170 3698 3312 3746 sum,
3345 3683 3433 3737 ubi
3460 3690 3537 3738 est

1942 3780 2096 3833 timor
2133 3777 2316 3831 meus?
2354 3773 2423 3828 Et
2472 3775 2518 3829 si
2560 3784 2706 3845 pater
2743 3791 2890 3842 sum,
2941 3775 3030 3829 ubi
3076 3785 3151 3829 est
3198 3792 3345 3830 amor
3394 3792 3538 3831 meus

1942 3868 2197 3942 (Malach.
2228 3883 2264 3934 ι,
2285 3865 2386 3936 6)?
2416 3864 2554 3933 Quia
2585 3865 2729 3920 enim
2752 3864 3110 3936 omnipotenti
3134 3864 3244 3920 Deo
3265 3865 3318 3919 in
3338 3880 3534 3935 magna

1942 3962 2207 4018 charitate
2237 3959 2510 4028 conjuncti
2535 3967 2677 4024 sunt,
2705 3958 2843 4027 ejus,
2866 3973 3025 4027 quem
3049 3959 3200 4027 quasi
3224 3966 3431 4028 patrem
3460 3958 3542 4012 di-

1943 4055 2133 4124 ligunt,
2168 4052 2662 4107 ﬂlii'nomiuantur.
2692 4049 2846 4115 Quod
2877 4064 3030 4103 nova:
3065 4047 3318 4102 Ecclesiae
3349 4049 3540 4116 prtudi-

1944 4146 2221 4203 catoribus
2260 4152 2412 4198 tanto
2453 4141 2736 4196 decentius
2783 4139 3035 4193 convenit
3074 4147 3278 4205 quanto
3316 4137 3405 4191 ille
3444 4153 3543 4194 eos

1945 4238 1999 4292 in
2028 4236 2307 4293 caelestem
2346 4233 2683 4288 nobilitatem
2713 4230 2870 4282 altius
2901 4228 3111 4296 extulit,
3146 4228 3235 4298 qui
3267 4228 3344 4282 eis
3374 4228 3539 4283 clari-

1944 4338 2113 4384 tatem
2144 4327 2277 4381 tanti
2317 4324 2528 4393 generis
2576 4323 2629 4375 in
2658 4321 2830 4375 forma
2860 4320 3065 4375 detexit
3102 4319 3382 4374 orationis.
3424 4319 3537 4383 Sic,

1946 4422 2148 4491 inquit,
2184 4419 2439 4473 orabitis:
2472 4414 2636 4468 Pater
2660 4425 2835 4469 noster
2865 4414 2951 4483 qui
2979 4430 3031 4467 es
3061 4414 3116 4467 in
3151 4413 3289 4467 oculis
3319 4411 3535 4485 (Matth.

1944 4530 2029 4580 vi,
2063 4513 2139 4582 9).
2192 4510 2348 4577 Quod
2398 4509 2504 4565 tale
2550 4516 2651 4574 est,
2685 4522 2748 4561 ac
2785 4507 2830 4561 si
2872 4506 3055 4561 dicat:
3083 4505 3308 4561 Mirandi
3358 4513 3541 4561 essent

234 4607 494 4674 exemplo
526 4607 817 4659 n-aximnm
843 4605 985 4660 diem
1033 4604 1179 4659 facit.
1213 4602 1367 4658 Hanc
1391 4604 1531 4658 diem
1580 4602 1841 4659 Dominus
1868 4612 1924 4675 ι)
1949 4606 2120 4664 sant-ti
2152 4603 2555 4676 praedicatores,
2590 4601 2635 4657 si
2673 4600 2809 4655 mira
2839 4615 2958 4670 qua:
2986 4608 3185 4668 agunt,
3218 4614 3313 4654 sua
3340 4599 3540 4652 virtute

235 4700 293 4754 in
328 4701 547 4761 iuuans,
599 4698 673 4752 ait
706 4717 717 4751 :
752 4697 842 4752 Sic
872 4699 1037 4751 luceat
1078 4698 1170 4750 tua:
1197 4705 1366 4751 vestra
1405 4711 1581 4750 coram
1618 4695 1833 4749 homini-

238 4794 363 4857 bus,
389 4802 444 4845 ut
466 4792 669 4846 videant
692 4802 858 4846 vestra
877 4791 1009 4845 bona
1039 4808 1216 4861 opera,
1238 4800 1287 4845 et
1310 4791 1597 4861 gloriﬁcent
1624 4789 1837 4843 Patrem

234 4896 489 4948 vestrum,
520 4884 607 4954 qui
644 4886 698 4937 in
729 4884 869 4937 cretis
898 4892 973 4937 est
997 4880 1213 4953 (Matth.
1236 4899 1290 4947 v,
1326 4880 1435 4950 16).
1469 4879 1681 4935 Tertius
1706 4894 1838 4935 vero

238 4978 368 5034 dies
396 4977 680 5030 iusilientis
724 4976 943 5044 spiritus
979 4983 1083 5043 est,
1125 4983 1179 5028 et
1228 4974 1545 5044 prophetite.
1593 4972 1650 5027 In
1681 4974 1841 5028 tertio

234 5072 452 5141 quippe
498 5070 585 5124 die
638 5077 823 5139 pastor
863 5068 1139 5137 aspicitur,
1188 5065 1403 5135 quando
1460 5064 1842 5119 sublimitatem

236 5160 528 5229 dignitatis
582 5167 690 5213 suae
746 5158 993 5226 adatquat
1038 5157 1327 5226 splendore
1395 5154 1838 5220 conversationis,

234 5252 469 5323 quando
509 5252 715 5309 caelesti
746 5253 944 5306 virtute
981 5252 1224 5318 indutus,
1270 5252 1471 5305 ea’vita
1510 5264 1683 5320 eaque
1710 5248 1842 5304 doc-

239 5346 391 5399 trina
417 5345 646 5399 subditis
672 5344 834 5410 lucet,
870 5351 929 5397 ut
955 5343 1126 5397 videri
1179 5344 1247 5397 ab
1287 5343 1364 5397 eis
1408 5342 1597 5413 possit,
1630 5341 1842 5408 discuti,

238 5444 302 5492 et
332 5436 561 5504 judicari
609 5451 717 5490 non
760 5434 950 5505 possit.
998 5432 1143 5488 Talis
1189 5433 1408 5503 quidem
1466 5441 1580 5487 erat
1615 5433 1844 5504 Moyses,

240 5526 474 5597 quando
532 5525 861 5581 lucidissime
909 5525 1059 5579 vultu
1087 5541 1115 5579 a
1148 5533 1330 5580 monte
1365 5525 1656 5593 descendit,
1695 5528 1846 5595 cujus

242 5616 459 5673 subditi
495 5617 757 5687 fulgorem
794 5616 1071 5679 videbant,
1105 5617 1201 5671 sed
1232 5618 1283 5670 in
1315 5618 1604 5686 fulgentem
1635 5621 1823 5675 clarita

246 5717 372 5766 tem
398 5712 676 5771 intendere
703 5716 877 5771 visum
903 5728 1010 5770 non
1035 5721 1289 5784 poterant
1314 5713 1509 5784 (Exod.
1542 5732 1727 5783 xxxw,
1748 5714 1814 5770 53
1838 5735 1848 5781 ;

1949 4696 2318 4770 perlicerent:
2354 4707 2496 4747 nunc
2543 4692 2738 4745 mirum
2788 4698 3025 4779 non.est
3070 4689 3211 4773 quod
3265 4687 3541 4751 cernitur;

1948 4791 2073 4861 quia
2105 4804 2200 4860 per
2222 4800 2317 4841 eos
2344 4785 2434 4839 ille
2462 4784 2567 4839 hoc
2596 4783 2707 4853 agit
2735 4782 2819 4838 cui
2847 4776 3041 4851 aliquid
3074 4780 3288 4835 diﬂicile
3321 4794 3429 4833 non
3458 4776 3541 4831 vi-

1949 4885 2127 4941 detur.
2161 4882 2313 4937 Dicat
2337 4895 2466 4949 ergo
2494 4879 2632 4934 alter
2659 4878 2726 4933 ad
2753 4878 2978 4931 alterum
3009 4895 3020 4929 :
3051 4875 3120 4930 Et
3142 4877 3255 4947 quis
3283 4882 3431 4943 pater
3456 4889 3544 4927 eo-

1948 4978 2098 5033 rum?
2146 4975 2309 5044 Quasi
2348 4974 2531 5028 dicat:
2566 4971 2705 5039 Quid
2748 4971 2943 5024 mirum
2996 4976 3109 5035 est,
3140 4967 3185 5021 si
3225 4965 3545 5020 mirabiliter

1951 5068 2183 5124 doceant
2219 5080 2339 5120 cum
2369 5078 2478 5117 non
2515 5062 2616 5131 ipsi
2654 5061 2789 5123 sint,
2830 5058 2920 5127 qui
2960 5058 3281 5125 loquuntur:
3307 5054 3401 5110 sed
3436 5054 3542 5123 spi-

1948 5158 2083 5213 ritus
2127 5155 2297 5226 patris
2356 5168 2543 5208 eorum
2593 5151 2685 5220 qui
2727 5148 2965 5218 loquitur
3011 5147 3075 5201 ‘in
3116 5145 3229 5200 eis?
3255 5144 3371 5199 Non
3414 5158 3544 5213 ergo

1950 5251 2144 5305 dicitur
2178 5265 2191 5301 :
2226 5244 2352 5311 Quis
2403 5254 2549 5315 pater
2594 5244 2704 5314 ejus
2738 5241 2920 5313 (Joan.
2953 5254 3033 5303 vi,
3084 5235 3209 5308 42)?
3246 5235 3357 5297 Ne,
3397 5234 3545 5303 quod

1951 5342 2193 5413 pluribus
2242 5338 2498 5394 convenit
2528 5336 2677 5400 liliis,
2708 5334 2868 5388 unico
2912 5329 3241 5386 conferatur.
3273 5326 3432 5381 Solus
3463 5334 3547 5379 et-

1953 5436 2095 5490 enim
2120 5434 2238 5500 ille,
2266 5431 2359 5501 qui
2389 5439 2579 5484 natura
2608 5428 2773 5482 Filius
2804 5433 2907 5491 est,
2939 5424 3119 5479 dicere
3154 5419 3355 5476 audet:
3385 5418 3545 5472 Pater

1955 5545 2096 5582 meus
2135 5542 2293 5597 usque
2330 5523 2481 5578 modo
2533 5529 2775 5592 operatur
2807 5518 2986 5590 (Joan.
3024 5532 3078 5583 ν,
3109 5516 3220 5585 17).
3266 5513 3333 5567 Et
3364 5514 3492 5567 item
3528 5528 3541 5564 :

1958 5621 2211 5676 Dominus
2242 5618 2372 5672 dixit
2416 5616 2483 5669 ad
2512 5632 2621 5681 me,
2674 5612 2845 5667 Filius
2876 5627 3017 5665 meus
3060 5626 3113 5665 es
3141 5616 3227 5674 tu,
3267 5623 3358 5675 ego
3389 5604 3543 5659 hodie

1960 5718 2109 5788 genui
2142 5721 2188 5766 te
2224 5710 2394 5783 (Psal.
2441 5726 2503 5775 ιι,
2548 5708 2623 5778 7).
2667 5706 2801 5761 Nam
2849 5714 2907 5760 ut
2954 5704 3232 5773 utriusque
3275 5695 3548 5767 dignitatis

345 5879 367 5905 η
400 5868 455 5922 In
480 5870 596 5925 aliis
623 5868 789 5925 Editis
820 5870 1029 5941 legitur,
1062 5872 1351 5943 discipulis;
1385 5873 1525 5943 quod
1554 5876 1949 5931 ranendamlt'tn
1975 5872 2348 5943 judicavinms.
