4020 6344
504 361 612 419 305

1725 334 1969 394 SANC'I‘I
2007 328 2342 423 GREGORII
2374 326 2590 387 MAGNI

3690 319 3788 375 304

503 470 865 535 diﬂ'erentiam
904 468 1217 538 promeret,
1269 457 1450 516 Mariae
1471 451 1798 524 Magdalenac
1838 448 2100 519 loquitur,
2132 449 2179 508 A
2205 444 2585 517 principatum.
2602 442 2740 498 Dum
2767 454 2867 513 ego
2890 447 2998 497 tam
3018 449 3273 509 magnum
3293 442 3636 508 peecatorem
3662 451 3790 492 con-

502 562 976 628 dieenszAscendo
1022 560 1089 613 ad
1135 556 1343 612 Patrem
1397 566 1597 614 meum,
1637 556 1685 602 et
1743 545 1952 598 Patrem
1990 558 2099 597 ves-

506 674 672 730 trum;
706 660 871 715 Deum
899 671 1099 720 meum,
1130 661 1180 706 et
1208 650 1375 704 Deum
1404 654 1625 700 vestrum
1657 639 1950 712 (Joan.xx,
1982 635 2093 705 17).

504 755 730 827 Quoties
783 765 911 821 ergo
976 761 1117 803 unus
1173 740 1496 814 praedicator
1549 732 1783 790 mirabili
1845 730 1956 784 vita
2008 737 2101 782 aut

505 843 889 920 praedicatione
938 839 1115 894 clarus
1175 830 1473 903 aspicitur,
1532 827 1588 881 in
1644 836 1879 893 superna
1936 833 2099 889 gene-

504 913 717 997 ratione
738 952 845 991 non
875 932 1054 994 solus,
1083 928 1177 983 sed
1219 940 1340 981 cum
1369 922 1488 976 aliis
1528 916 1825 973 innumeris
1853 913 2096 977 videtur;

503 1036 633 1104 quia
662 1030 1004 1098 omnipotens
1040 1024 1181 1076 Deus
1206 1019 1295 1089 qui
1325 1012 1583 1069 mirabilis
1621 1013 1673 1064 in
1710 1024 1819 1063 uno
1849 1005 2098 1061 ostendi-

503 1098 593 1182 t-ur
626 1121 1008 1180 mirabiliorem
1054 1113 1209 1168 valde
1242 1109 1521 1165 hominum
1561 1101 1973 1158 admirationem
2019 1098 2100 1151 l'a-

504 1219 612 1285 cit,
641 1230 762 1270 cum
792 1205 1208 1265 innumerabiles
1238 1199 1616 1263 attenduntur,
1644 1194 1737 1263 qui
1770 1192 1841 1257 id,
1872 1188 2017 1259 quod
2046 1188 2098 1241 in

506 1328 615 1367 uno
641 1310 923 1367 mirantur,
951 1304 1273 1357 habuerunt.
1299 1295 1457 1363 Quod
1490 1304 1666 1348 tamen
1691 1290 1758 1344 ad
1796 1286 2095 1343 detractio-

508 1418 633 1459 nem
670 1398 970 1459 Acarnalium
1020 1392 1209 1447 referri
1256 1386 1647 1445 convenienter
1696 1388 1876 1451 potest
1922 1395 1935 1431 :
1976 1392 2100 1431 nam

510 1509 637 1550 cum
677 1487 1032 1561 spiritualium
1062 1483 1301 1538 virorum
1343 1478 1541 1532 famam
1570 1475 1815 1529 minuere
1855 1475 2099 1536 tentant,

509 1601 697 1644 eorum
727 1582 963 1640 carnalia
993 1578 1277 1648 explorant
1301 1588 1421 1645 quae
1446 1572 1513 1626 ad
1538 1567 1946 1637 derogationem
1970 1578 2101 1634 pro-

504 1680 707 1737 ferant.
736 1678 803 1732 Et
829 1677 1148 1747 plerumque
1172 1673 1224 1726 in
1248 1676 1434 1725 sancta
1464 1665 1703 1721 Ecclesia
1732 1662 1923 1717 miram
1946 1673 2105 1714 sanc-

508 1771 681 1825 titatis
741 1768 937 1823 famam
1003 1765 1205 1818 habent
1249 1762 1343 1829 qui
1401 1757 1716 1814 saecularem
1768 1751 2101 1807 altitudinem

2201 552 2437 598 versum,
2471 546 2581 591 tam
2608 535 2822 591 sublimi
2852 532 3112 601 dignitate
3148 547 3178 586 a
3210 530 3438 586 Domino
3469 529 3790 585 honoratum

2202 630 2595 700 conspicimus,
2644 636 2993 700 peccatorum
3043 634 3353 681 nostrorum
3403 626 3653 679 invenire
3701 640 3793 679 nos

2201 739 2360 796 posse
2399 722 2773 778 remissionem
2816 733 3223 791 prtesumamus.
3271 716 3620 772 Proverbium
3671 732 3793 787 ergo

2201 823 2447 871 nostrum
2492 813 2546 868 id
2574 821 2659 868 est
2686 812 2832 882 quod
2866 812 2932 864 ad
2972 808 3451 878 evangelizandum
3481 815 3795 877 perseeutor

2203 904 2513 969 assumitur,
2540 902 2684 970 quod
2713 902 2819 955 hoc
2860 898 3177 970 mysterium
3208 896 3479 960 continet;
3510 895 3637 964 quia
3668 911 3793 950 con-

2201 1011 2387 1051 versus
2434 1001 2688 1065 peccator
2727 1007 2837 1046 non
2880 993 3055 1045 solum
3105 1003 3323 1060 sperare
3364 1002 3395 1040 a
3439 987 3674 1041 Domino
3709 1002 3797 1041 ve-

2204 1087 2384 1153 niam,
2426 1084 2523 1141 sed
2548 1083 2692 1155 quod
2718 1082 2945 1138 viriliter
2986 1078 3246 1135 certando
3285 1078 3590 1148 pertingere
3621 1076 3795 1130 valeat

2205 1179 2271 1234 ad
2299 1193 2575 1233 coronam.
2606 1174 2714 1231 Sed
2742 1175 2846 1229 hoc
2873 1173 3074 1227 distare
3102 1171 3239 1225 inter
3269 1169 3515 1224 carnales
3553 1176 3606 1222 et
3637 1168 3789 1237 spiri-

2204 1270 2383 1322 tuales
2422 1265 2803 1337 przedicatores
2850 1263 3020 1328 solet,
3056 1262 3182 1331 quia
3227 1260 3470 1314 carnales
3516 1268 3645 1328 post
3695 1259 3792 1313 alta

2204 1365 2371 1420 verba
2393 1361 2808 1433 przedicationis,
2835 1360 2902 1415 ad
2930 1360 3036 1413 ima
3058 1356 3394 1412 descendunt
3419 1356 3571 1426 pravi
3594 1354 3791 1425 operis,

2207 1457 2512 1529 spirituales
2538 1471 2669 1511 vero
2712 1464 2836 1525 post
2864 1452 3114 1508 sublimia
3154 1464 3274 1519 qua:
3304 1448 3597 1518 loquuntur
3629 1450 3683 1502 in
3723 1449 3796 1503 al-

2208 1550 2347 1605 tiora
2396 1549 2552 1604 valde
2603 1546 2840 1603 caelestis
2876 1545 3064 1617 patriae
3101 1542 3370 1599 desideria
3400 1557 3460 1598 se
3488 1542 3793 1597 sustollunt.

2210 1645 2364 1701 Unde
2392 1652 2447 1698 et
2475 1641 2723 1698 subditur
2750 1658 2763 1694 :

2282 1737 2458 1809 (Vers.
2489 1734 2601 1804 15.)
2625 1732 2851 1789 Cessavit
2891 1740 3061 1787 autem
3082 1730 3392 1801 prephetare
3417 1771 3434 1799 ,
3465 1738 3514 1783 et
3543 1730 3680 1783 venit
3732 1730 3794 1783 ad

506 1860 709 1915 nullam
738 1858 958 1913 habent.
1008 1852 1142 1911 Cum
1177 1828 1307 1919 ergo
1344 1847 1589 1903 carnales
1628 1844 1829 1913 quique
1858 1849 1951 1895 aut
1979 1856 2100 1895 car-
2131 1828 2181 1890 Β
2206 1835 2485 1890 excelsum.

505 1950 594 2005 nis
630 1948 892 2016 originem
925 1950 1017 1997 aut
1048 1947 1423 2012 paupertatem
1470 1937 1524 1989 in
1569 1935 1649 1989 eis
1678 1930 2103 2001 reprehendunt,

507 2040 599 2110 qui
631 2037 813 2092 divina
858 2031 1208 2103 generatione
1238 2029 1347 2096 jam
1396 2025 1578 2094 magni
1623 2032 1678 2078 et
1724 2022 1915 2077 divites
1946 2026 2102 2084 sunt,

509 2109 666 2199 quasi
695 2121 1073 2181 subsannando
1102 2120 1168 2174 de
1208 2118 1597 2188 prophetarum
1632 2120 1784 2181 patre
1815 2109 2106 2164 sciscitan-

517 2230 627 2275 tur.
662 2218 727 2271 Et
755 2217 879 2288 quia
924 2229 1020 2284 pro
1061 2226 1119 2267 re
1152 2210 1307 2265 valde
1348 2224 1489 2262 nova
1537 2204 1733 2259 habent
1782 2202 1925 2271 quod
1954 2199 2107 2270 parvi

509 2312 761 2367 homines
781 2306 957 2363 saeculi
973 2313 1080 2359 tam
1099 2302 1276 2371 magni
1298 2299 1464 2355 videri
1490 2307 1732 2367 possunt,
1748 2292 2103 2360 subjungitur:

586 2396 1038 2474 250(lhidem.)
1055 2395 1342 2463 Propterea
1359 2405 1560 2445 versum
1588 2396 1662 2441 est
1686 2387 1741 2439 in
1764 2382 2105 2455 proverbium:

513 2491 659 2547 Nunt
692 2491 823 2546 Suul
847 2491 982 2543 inter
1002 2486 1278 2557 prOphetas
1299 2484 1323 2535 ?

583 2582 673 2637 28.
716 2580 869 2648 Quod
909 2578 1161 2632 nimirum
1200 2575 1245 2628 si
1277 2573 1448 2628 oculis
1477 2569 1699 2625 cordisll
1745 2566 2105 2636 inspicerent,

509 2688 612 2746 pro
653 2686 793 2726 nova
854 2684 913 2723 re
951 2682 1057 2722 non
1088 2666 1371 2720 haberent.
1419 2660 1569 2714 More
1614 2656 1816 2711 etenim
1852 2669 1950 2708 suo
1999 2652 2109 2720 agit

509 2764 747 2835 Spiritus
776 2768 1012 2822 sanctus,
1049 2772 1172 2813 cum
1204 2754 1271 2808 ad
1298 2752 1555 2805 virtutum
1585 2748 1795 2803 culmen
1818 2758 2103 2815 pauperes,

508 2856 765 2920 humiles,
796 2862 960 2923 atque
988 2849 1260 2921 simplices
1287 2846 1463 2913 erigit.
1495 2842 1628 2897 Nam
1659 2840 1726 2895 de
1754 2855 1819 2894 eo
1848 2837 2106 2907 scriptum

510 2960 597 3008 est
628 2970 640 3003 :
669 2950 767 3015 Qui
808 2942 1193 3017 ponit'ltumiles
1224 2942 1279 2994 in
1305 2939 1541 2999 sublinte,
1571 2946 1619 2989 et
1647 2943 1920 2988 maerentes
1952 2930 2106 3001 erigit

511 3042 764 3111 sospitate
798 3036 941 3106 (Job.
971 3050 1024 3098 v,
1056 3032 1166 3101 il).
1200 3031 1334 3083 llinc
1363 3029 1708 3096 omnipotens
1729 3026 1891 3078 Pater
1913 3024 1979 3077 de
2009 3037 2105 3075 eo-

513 3134 639 3190 dem
678 3129 1050 3197 omnipotente
1080 3140 1177 3179 suo
1208 3121 1412 3191 Spiritu
1451 3136 1549 3189 per
1578 3118 1896 3187 prophetam
1927 3114 2058 3169 dicit
2089 3132 2102 3165 :

2279 1924 2368 1977 29.
2402 1922 2481 1977 Ad
2511 1920 2783 1978 excelsum
2812 1927 2935 1990 post
2980 1918 3279 1989 prophetiae
3325 1916 3691 1972 ministerium
3715 1932 3800 1972 ve-

2211 2017 2307 2082 nit,
2334 2016 2424 2086 qui
2455 2015 2523 2068 ad
2553 2012 2792 2069 cmlestia
2822 2012 3013 2081 gaudia
3033 2052 3048 2076 ,
3096 2025 3216 2080 qua:
3260 2010 3545 2078 prmdicat,
3574 2016 3802 2064 mentem

2211 2107 2367 2176 erigit
2398 2124 2411 2159 :
2444 2112 2501 2162 et
2527 2104 2595 2159 ad
2621 2119 2685 2159 ea
2714 2102 2945 2157 amando
2975 2117 3034 2156 se
3067 2102 3345 2166 sublevat,
3390 2116 3509 2171 quae
3536 2101 3801 2170 loquendo

2211 2206 2497 2254 monstrat.
2547 2197 2809 2251 Doctores
2853 2193 3075 2263 quidem
3120 2209 3245 2269 cum
3294 2193 3594 2247 minoribus
3647 2193 3797 2263 plana

2212 2296 2537 2365 przedicant,
2585 2307 2707 2347 cum
2751 2289 2830 2345 eis
2876 2303 3013 2358 quos
3069 2286 3331 2353 docenti),
3363 2286 3519 2357 quasi
3563 2288 3619 2343 in
3653 2290 3805 2358 plano

2212 2393 2363 2441 sunt.
2410 2383 2479 2436 Et
2519 2382 2645 2451 quia
2672 2389 2797 2451 post
2842 2380 3005 2435 verba
3045 2378 3441 2450 praedicationis
3480 2379 3549 2433 ad
3597 2394 3807 2449 prome»

2211 2477 2379 2532 renda
2407 2491 2470 2530 ea
2501 2489 2619 2545 quae
2668 2472 2963 2543 praedicant
3005 2486 3064 2525 se
3110 2470 3268 2525 bonis
3306 2470 3562 2540 operibus
3599 2485 3805 2540 praepa-

2211 2579 2364 2632 rant,
2409 2568 2478 2623 ad
2534 2566 2805 2623 excelsum
2852 2563 3039 2619 venire
3090 2564 3464 2634 perhibentur.
3512 2562 3616 2629 Qui
3664 2570 3805 2617 certe

2211 2659 2467 2716 sublimes
2494 2656 2664 2711 verbo
2710 2664 2768 2709 et.
2806 2667 2974 2723 opere
3001 2661 3158 2717 sunt,
3191 2652 3525 2721 cogitatione
3553 2652 3802 2707 elationis

2213 2767 2322 2806 non
2351 2759 2495 2805 sunt.
2526 2748 2718 2816 Magna
2747 2745 2965 2815 quidem
3010 2758 3223 2813 semper
3250 2751 3436 2812 agunt,
3486 2742 3583 2797 sed
3635 2742 3805 2812 magni

2212 2842 2386 2897 videri
2427 2853 2707 2909 nunquam
2734 2842 3020 2906 appetunt.
3055 2834 3201 2889 Bene
3223 2849 3351 2903 ergo
3379 2834 3756 2903 subiungitur:

2286 2933 2463 3002 (Vers.
2500 2930 2585 2996 M,
2610 2929 2679 2983 15
2706 2938 2761 2984 et
2792 2927 2905 2995 16.)
2951 2926 3104 2981 Dixit
3134 2937 3304 2982 autem
3334 2935 3552 2996 patruus
3584 2926 3719 2982 Saul
3747 2926 3807 2978 ad

2212 3040 2363 3091 eum,
2391 3031 2441 3077 et
2470 3021 2540 3074 ad
2569 3037 2783 3087 puerum
2823 3021 2935 3091 ejus
2970 3037 2989 3075 .'
3033 3016 3144 3083 Quo
3201 3017 3423 3071 abistis?
3462 3016 3565 3081 Qui
3596 3034 3805 3085 respon-

2214 3118 2376 3172 dere:
2410 3116 2656 3181 Quwrere
2693 3116 2869 3168 asinas
2892 3158 2905 3181 ,
2950 3131 3077 3186 quas
3124 3130 3237 3167 cum
3278 3129 3382 3165 non
3412 3111 3806 3179 reperissemus,

514 3226 685 3296 Super
712 3238 858 3293 quem
887 3215 1158 3287 requiescit
1179 3215 1389 3283 spiritus
1412 3228 1552 3265 meus
1572 3249 1585 3273 ,
1616 3211 1715 3263 nisi
1745 3226 1897 3282 super
1924 3208 2103 3259 Immi-
2138 3216 2185 3279 ο
2215 3210 2444 3263 venimus
2475 3207 2543 3259 ad
2574 3206 2889 3261 Samuelem.
2923 3205 2994 3259 Et
3032 3206 3165 3259 dixit
3195 3205 3242 3258 ei
3270 3213 3489 3273 patruus
3534 3218 3659 3255 suus
3686 3218 3701 3254 ε
3727 3198 3808 3252 In-

513 3316 644 3380 lem,
673 3324 722 3367 et
750 3313 1007 3383 quietum,
1052 3318 1101 3362 et
1144 3314 1443 3360 trementem
1487 3318 1747 3357 sermones
1792 3318 1930 3354 meos
1962 3299 2102 3369 (Isa.

513 3425 660 3473 LXVI,
682 3406 778 3473 2)?
802 3404 940 3458 lliue
968 3401 1165 3455 Paulus
1196 3399 1272 3451 ait
1296 3415 1307 3449 :
1330 3396 1453 3449 Non
1478 3395 1624 3448 multi
1651 3395 1907 3461 sapientes
1930 3408 2111 3446 secun-

512 3501 635 3553 dum
661 3512 896 3559 carnem,
944 3511 1045 3548 non
1088 3490 1237 3545 multi
1267 3487 1461 3543 nobiles
1486 3529 1501 3555 ,
1533 3486 1623 3539 sed
1650 3501 1763 3557 qua:
1805 3485 1961 3537 stulta
1991 3494 2111 3536 sunt

514 3591 695 3645 mundi
735 3590 884 3657 elegit
933 3586 1107 3651 Deus,
1140 3594 1194 3635 ut
1234 3580 1518 3650 confundat
1551 3580 1707 3649 fortia
1737 3588 1824 3630 :et
1864 3575 2113 3646 ignobilia

517 3678 695 3733 mundi
720 3676 874 3745 elegit
904 3673 1060 3739 Deus,
1086 3680 1141 3723 ut
1168 3688 1249 3734 ea,
1283 3686 1395 3739 qua:
1416 3677 1555 3729 sunt,
1581 3668 1889 3727 destrueret;
1922 3674 1975 3717 ut
2009 3682 2113 3718 non

521 3768 771 3840 glorietur
826 3765 993 3817 omnis
1046 3778 1168 3814 caro
1215 3762 1269 3813 in
1318 3767 1593 3827 conspectu
1637 3759 1746 3827 ejus
1793 3756 1844 3825 (Ι
1902 3756 2021 3808 Cor.
2064 3774 2110 3825 t,

514 3859 619 3919 26,
680 3855 819 3924 etc.)
874 3854 1026 3919 Quod
1098 3859 1245 3903 certe
1302 3849 1646 3919 proverbium
1698 3846 1859 3900 etiam
1928 3847 2115 3901 electis

516 3948 711 4003 ascribi
741 3953 936 4015 potest.
969 3942 1083 3996 Non
1113 3942 1256 3996 enim
1280 3942 1455 3994 minor
1485 3938 1768 3992 admiratio
1797 3938 1981 3993 habita
2032 3946 2116 3991 est

516 4041 585 4095 de
612 4040 771 4095 beato
796 4035 962 4090 Paulo
984 4033 1254 4104 apostolo,
1288 4031 1505 4100 quando
1536 4031 1776 4085 auditum
1808 4039 1890 4085 cst
1920 4031 1985 4084 ab
2015 4029 2113 4085 Ec-

513 4133 677 4187 clesia
710 4131 837 4199 quia
868 4128 956 4183 ille
982 4125 1377 4194 evangelizaret
1397 4164 1410 4188 ,
1446 4123 1535 4194 qui
1571 4122 1868 4179 Ecclesiam
1898 4125 2110 4178 minan-

514 4220 585 4275 do
607 4228 661 4274 et
690 4216 947 4273 caedendo
976 4228 1286 4285 expugnare
1328 4214 1558 4278 solebat,
1590 4229 1732 4267 nunc
1772 4214 2112 4283 praedicando

517 4309 855 4367 defenderet.
883 4307 1033 4361 Tunc
1062 4306 1280 4373 quidem
1310 4304 1345 4358 ii
1368 4304 1459 4373 qui
1484 4303 1776 4358 audiebant
1800 4303 1981 4359 dicere
2010 4321 2111 4374 po-

518 4409 743 4458 terant:
776 4399 912 4454 Num
967 4399 1161 4453 Saulus
1202 4399 1343 4452 inter
1381 4397 1694 4469 apostolos?
1724 4397 1972 4468 Nunquid
2023 4398 2113 4453 ille

513 4491 698 4548 Jesum
736 4489 1022 4561 praedicat,
1070 4489 1161 4557 qui
1209 4487 1389 4543 Jesum
1432 4489 1683 4560 persequi
1722 4489 1975 4544 solebat?
2004 4488 2113 4543 Sed

2216 3303 2334 3355 dica
2363 3301 2509 3367 mihi,
2542 3300 2666 3371 quid
2696 3300 2887 3353 dixerit
2928 3298 3164 3354 Samuel.
3197 3298 3353 3369 251
3390 3293 3458 3347 Et
3485 3295 3561 3347 ait
3591 3292 3725 3348 Saul
3747 3290 3807 3344 ad

2215 3404 2456 3465 patruum
2494 3408 2641 3446 suum
2672 3408 2688 3444 :
2716 3391 2976 3445 Indicavit
3027 3389 3201 3454 nobis,
3256 3390 3376 3459 quia
3425 3389 3651 3440 iuventte
3700 3392 3808 3438 sunt

2217 3492 2402 3544 asinar.
2437 3490 2744 3543 Sermonem
2774 3497 2946 3542 autem
2975 3488 3120 3559 regni
3150 3503 3253 3542 non
3291 3485 3541 3540 indicavit
3566 3484 3637 3552 ei,
3670 3500 3806 3553 quem

2214 3580 2411 3635 locutus
2436 3581 2480 3633 ei
2511 3579 2725 3633 Samuel
2752 3580 2943 3649 fuerat.

2289 3670 2377 3725 50.
2405 3668 2599 3724 Sermo
2639 3668 2793 3737 regni
2823 3676 2906 3723 est
2934 3667 3269 3725 honorabilis
3298 3667 3531 3737 dignitas
3563 3674 3804 3736 pastora-

2217 3760 2303 3815 lis.
2348 3760 2468 3829 lpsa
2518 3760 2662 3815 enim
2710 3760 3193 3829 repraesentatione
3240 3774 3337 3814 sua
3376 3758 3663 3827 loquitur:
3695 3758 3809 3827 quia

2216 3862 2440 3922 patruus
2462 3869 2571 3909 non
2594 3860 2679 3908 est
2700 3852 2791 3923 qui
2819 3861 2972 3908 tanto
3002 3853 3191 3907 ordine
3210 3852 3549 3907 sublimatur.
3586 3852 3807 3906 Verbum

2217 3958 2345 4013 ergo
2393 3944 2542 4011 regni
2584 3960 2680 3997 rex
2726 3958 2833 3997 non
2881 3943 3086 3997 indicat
3118 3960 3131 3995 :
3160 3941 3285 4013 quia
3328 3950 3516 4011 pastor
3564 3940 3809 3996 Ecclesia:

2216 4050 2412 4104 magno
2461 4035 2753 4088 divinitatis
2797 4034 3087 4103 splendore
3138 4033 3396 4104 loquitur,
3438 4032 3535 4087 sed
3583 4033 3809 4085 elatione

2218 4141 2323 4179 non
2355 4125 2611 4194 loquitur.
2645 4124 2747 4191 Qui
2779 4140 2908 4179 vero
2940 4125 3171 4178 verbum
3202 4140 3307 4177 non
3342 4124 3542 4177 indicat
3573 4123 3703 4177 illud
3732 4138 3809 4175 cc-

2214 4216 2292 4270 lat
2338 4217 2482 4285 quod
2528 4216 2784 4286 loquitur.
2844 4216 3076 4270 Verbum
3121 4215 3263 4269 enim
3313 4230 3532 4285 semper
3576 4214 3805 4283 loquitur

2215 4308 2304 4362 cui
2330 4308 2553 4361 verbum
2575 4316 2676 4372 est,
2697 4307 2935 4375 alioquin
2964 4307 3187 4360 verbum
3216 4322 3323 4360 non
3355 4315 3456 4360 est.
3481 4306 3722 4360 Verbum
3744 4321 3812 4357 er—

2216 4411 2283 4465 go
2330 4397 2482 4465 regni
2528 4397 2695 4452 habet
2722 4397 2814 4465 qui
2871 4410 2935 4449 ea
2991 4397 3405 4453 conversatione
3450 4395 3656 4465 fulget,
3704 4412 3811 4466 qua:

2216 4488 2466 4556 exempla
2492 4487 2743 4559 [caelestis
2783 4487 2991 4542 itineris
3032 4487 3154 4543 aliis
3194 4488 3347 4557 quasi
3372 4487 3646 4556 loquendo
3687 4502 3812 4556 pra:-

515 4583 625 4639 hoc
646 4581 755 4650 jam
784 4581 835 4634 in
866 4579 1162 4633 electorum
1208 4579 1552 4649 proverbium
1580 4594 1797 4635 versum
1838 4587 1938 4633 est.
1974 4577 2106 4633 Pro-
2135 4580 2324 4642 Dbet.
2354 4580 2589 4635 Verbum
2642 4592 2770 4649 ergo
2822 4594 2931 4634 non
2988 4580 3191 4636 indicat
3244 4580 3335 4650 qui
3386 4580 3810 4648 magnitudinem

513 4672 763 4730 verbium
804 4670 1018 4739 quidem
1065 4677 1182 4732 est,
1235 4669 1449 4740 quando
1480 4670 1532 4723 in
1564 4683 1655 4737 eo,
1695 4668 1841 4737 quod
1890 4668 2110 4736 dicitur,

518 4767 667 4821 aliud
699 4764 1028 4821 occultatur.
1054 4762 1350 4818 Conversio
1381 4770 1561 4817 autem
1591 4762 1737 4816 beati
1768 4760 1921 4815 Pauli
1949 4778 2112 4832 apos-

515 4860 613 4915 toli
636 4901 652 4927 ,
683 4858 824 4913 facta
854 4864 937 4911 est
984 4856 1330 4926 proverbium
1385 4856 1709 4926 peccatoris.
1753 4854 1952 4909 Audiat
1979 4868 2107 4923 ergo

514 4955 886 5025 unusquisque
915 4961 1176 5025 peccator
1213 4954 1359 5009 beati
1390 4953 1544 5008 Pauli
1574 4952 2006 5017 conversionem,
2056 4962 2111 5007 et

514 5059 627 5098 nou
652 5044 907 5115 desperet
934 5046 1001 5100 de
1030 5046 1315 5101 criminum
1337 5043 1703 5099 multitudine.
1739 5042 1935 5099 Saulus
1965 5045 2108 5099 enim

515 5137 729 5207 spirans
756 5139 1026 5193 minarum
1049 5146 1105 5192 et
1130 5137 1290 5192 caedis
1314 5137 1367 5189 in
1398 5136 1692 5205 discipulos
1724 5135 1962 5203 Domini,
1988 5137 2109 5192 ubi-

516 5244 623 5300 que
664 5231 867 5285 clectos
904 5229 1205 5299 alliigebat,
1253 5227 1610 5298 lapidantium
1652 5236 2109 5299 protomartyrem

516 5318 853 5389 Stephanum
898 5320 1220 5377 vestimenta
1259 5318 1544 5382 servabat,
1589 5326 1645 5374 et
1692 5318 1840 5374 velut
1868 5318 2109 5374 omnium

516 5408 764 5462 manibus
792 5407 1085 5476 lapidabat,
1108 5409 1200 5478 qui
1222 5409 1503 5479 expeditos
1529 5408 1596 5464 ad
1617 5408 1960 5478 lapidandum
1994 5424 2109 5463 om-

519 5514 616 5554 nes
637 5498 893 5553 reddebat
914 5501 1063 5569 (Act.
1093 5516 1148 5553 rx
1168 5541 1183 5564 ,
1214 5500 1238 5553 l
1271 5503 1435 5570 seq.).
1483 5499 1590 5555 Sed
1620 5500 1711 5567 qui
1760 5501 1881 5555 talis
1902 5500 2110 5554 exstitit

517 5584 789 5640 Christum
818 5602 1167 5657 persequens,
1200 5588 1267 5642 ad
1296 5588 1571 5644 Christum
1601 5606 1914 5650 conversus,
1948 5598 2110 5659 caput

520 5678 745 5735 elTectus
769 5687 853 5733 est
901 5681 1200 5747 nationum,
1229 5681 1356 5750 quia
1379 5681 1611 5738 obtinuit
1660 5682 1826 5739 totius
1853 5682 2109 5739 Ecclesiae

592 5867 618 5897 ⁸
646 5857 810 5916 Gilot.
841 5870 975 5917 recte
995 5862 1324 5929 inspicerent.

2213 4673 2513 4728 sanctitatis
2556 4688 2652 4741 per
2699 4687 2897 4726 vanam
2946 4672 3174 4741 gloriam
3226 4689 3332 4727 non
3369 4672 3601 4728 revelat.
3646 4672 3814 4727 llabet

2212 4763 2430 4833 quidem
2458 4762 2604 4831 quod
2652 4762 2877 4829 indicet,
2908 4764 3003 4818 sed
3034 4764 3179 4832 quod
3210 4780 3308 4833 per
3349 4764 3589 4834 seipsum
3638 4776 3813 4819 osten-

2212 4856 2355 4911 ditur
2397 4855 2637 4911 indicare
2685 4872 2795 4911 non
2844 4856 2980 4911 vult.
3017 4856 3151 4911 Nam
3183 4857 3274 4927 qui
3318 4871 3511 4926 magna
3556 4858 3812 4927 dignitate

2214 4963 2519 5019 magnaque
2547 4948 2835 5004 sanctitate
2862 4948 3079 5015 radiat,
3113 4949 3282 5003 multa
3310 4949 3543 5006 vivendo
3574 4950 3814 5005 ostendit

2216 5058 2334 5112 qua:
2364 5040 2638 5111 loquendo
2665 5055 2773 5095 non
2800 5040 2951 5094 dicit.
2986 5039 3103 5096 Hoc
3132 5042 3375 5110 profecto
3406 5043 3562 5111 regni
3589 5045 3811 5099 verbum

2215 5135 2417 5189 habere
2460 5133 2719 5187 Dominus
2762 5132 3175 5201 praedicatorem
3223 5133 3429 5199 voluit,
3486 5137 3710 5203 quando
3762 5136 3809 5188 in

2216 5233 2369 5281 veste
2418 5223 2689 5293 pontificis
2718 5222 3082 5278 tintinnabula
3122 5225 3253 5294 poni
3282 5224 3560 5279 mandavit
3613 5226 3807 5298 (Exod.

2214 5334 2414 5383 xxvm,
2445 5317 2557 5387 ³54).
2591 5316 2769 5371 Vestis
2798 5317 3017 5387 quidem
3040 5316 3311 5387 pontilicis
3342 5327 3423 5374 est
3456 5321 3702 5376 ostensio
3724 5321 3810 5375 ὒοο

2214 5425 2296 5464 nae
2336 5405 2784 5463 conversationis.
2837 5406 2965 5473 Quae
3007 5407 3164 5476 quasi
3202 5407 3583 5466 tintinnabulis
3634 5410 3809 5466 multis

2218 5500 2493 5564 inseritur,
2516 5497 2731 5564 quando
2757 5512 2921 5566 opera
2953 5497 3095 5552 bona
3128 5498 3448 5569 multiplicat
3472 5515 3593 5569 qua:
3624 5502 3688 5555 ad
3713 5499 3806 5553 mi-

2218 5603 2410 5645 norum
2448 5585 2756 5655 exemplum
2788 5587 3041 5643 clamant.
3085 5588 3193 5643 Sed
3243 5589 3484 5644 indicare
3533 5606 3630 5646 rex
3660 5589 3803 5659 regni

2216 5680 2439 5739 verbum
2462 5692 2573 5732 non
2602 5678 2798 5733 audet:
2821 5678 2948 5747 quia
2976 5688 3307 5752 praeceptum
3336 5689 3420 5737 est
3439 5682 3801 5740 sacerdotibus

2283 5862 2314 5901 δ
2345 5861 2470 5919 Haec
2496 5861 2688 5919 desunt
2716 5861 2769 5917 in
2798 5860 3066 5921 Gussanv.
