4020 6344
247 362 342 420 305'
1056 360 1124 417 IN
1163 361 1425 420 PRIMUM
1465 362 1707 421 REGUM
1749 360 2263 420 EXPOSITIONES.
2308 392 2375 402 —
2414 363 2542 420 LIB.
2586 362 2674 421 Ν.

3413 362 3519 425 506

247 491 305 538 ut
340 492 525 537 coram
569 476 797 534 Domino
841 476 1005 533 vestis
1047 477 1297 535 decorem
1347 489 1581 551 portent.
1633 481 1830 537 Coram
1859 484 1911 543 Α
1936 480 2241 552 afﬂigebant
2266 499 2368 537 vos.
2398 482 2500 538 Vos
2531 494 2702 541 autent
2742 483 2895 541 hodie
2919 482 3209 556 projecistis
3238 484 3523 544 Dominum

247 573 475 629 Domino
521 570 743 642 quidem
780 571 945 627 vestis
973 570 1229 627 decorem
1276 581 1460 644 portat
1487 582 1543 630 et
1568 576 1661 645 qui
1690 576 1833 631 bona

246 664 499 730 ostendit,
532 672 587 719 et
615 663 682 719 de
709 664 1017 719 ostensione
1047 663 1311 721 honorum
1344 683 1567 737 operum
1596 684 1705 725 non
1735 670 1835 724 bo-

245 756 479 812 minibus
509 772 606 827 per
622 756 918 811 vanitatem
942 757 1092 822 foris,
1116 757 1210 813 sed
1232 758 1346 814 Deo
1370 760 1512 815 intus
1535 777 1632 831 per
1678 778 1831 818 amo-

245 860 361 902 rem
388 834 602 916 placere
624 847 849 917 appetit.
881 846 1032 902 Tunc
1058 857 1208 903 certe
1252 850 1506 906 sacerdos
1536 859 1711 920 tacet,
1740 854 1834 908 sed

245 937 373 993 dum
414 938 616 994 incedit
645 939 788 1007 quod
817 948 998 1009 portat
1036 940 1234 996 clamat
1261 958 1275 1008 ;
1304 943 1432 1013 quia
1461 946 1666 1002 electus
1695 961 1835 1016 prm-

246 1029 456 1085 dicator
484 1045 544 1085 se
567 1029 823 1098 jactando
874 1046 982 1085 non
1028 1032 1259 1100 indicat,
1306 1034 1402 1089 sed
1442 1034 1581 1091 bene
1606 1037 1836 1093 vivendo

244 1118 392 1190 loqui
425 1135 765 1190 nequaquam
794 1130 993 1177 cessat.
1024 1122 1245 1179 Dicatur
1271 1138 1403 1195 ergo
1433 1126 1502 1182 de
1527 1126 1687 1195 Saul,
1715 1129 1837 1198 quia

244 1219 441 1283 patruo
495 1227 596 1267 suo
649 1228 959 1269 sermonem
1018 1216 1172 1283 regni
1228 1231 1339 1271 non
1388 1216 1644 1273 indicavit
1676 1220 1839 1289 :quia

246 1302 404 1357 electi
436 1302 555 1371 viri,
584 1319 707 1359 cum
729 1304 1078 1374 splendorem
1108 1306 1383 1375 dignitatis
1407 1316 1501 1363 aut
1538 1309 1694 1364 bona:
1715 1310 1839 1365 vitae

244 1394 580 1451 incrementa
624 1396 958 1467 percipiunt,
997 1413 1094 1467 per
1142 1400 1391 1468 exempla
1429 1415 1488 1455 se
1536 1400 1836 1471 proferunt,

246 1487 342 1541 sed
386 1487 605 1542 silentio
647 1489 941 1544 occultant.
974 1488 1044 1542 Et
1074 1490 1202 1559 quia
1240 1491 1359 1545 aliis
1394 1493 1579 1548 electis
1624 1509 1683 1548 se
1721 1509 1841 1550 esse

244 1579 452 1635 meritis
480 1580 717 1636 minores
747 1581 1002 1645 credunt,
1034 1582 1126 1637 ille
1166 1583 1253 1638 cui
1282 1599 1591 1642 sermonem
1622 1602 1728 1642 non
1754 1588 1840 1643 in-

245 1668 393 1726 dicat
418 1670 533 1739 ejus
562 1680 785 1741 patruus
814 1687 935 1728 esse
960 1672 1177 1729 dicitur.
1208 1673 1441 1730 Patruus
1471 1676 1674 1747 quippe
1703 1678 1839 1733 dici-

243 1771 334 1818 tur
360 1763 528 1820 frater
557 1765 743 1834 patris.
785 1764 1120 1837 Redemptor
1154 1777 1339 1823 autem
1368 1771 1583 1840 generis
1622 1771 1845 1828 humani

1936 572 2101 628 Deum
2122 583 2361 640 vestrum,
2383 576 2469 645 qui
2492 575 2636 630 solus
2664 576 2879 630 salvavit
2897 592 2985 631 vos
3006 577 3070 632 de
3089 578 3344 632 universis
3368 579 3526 634 mali:

1935 674 1983 720 et
2006 664 2421 720 tribulationibus
2442 666 2646 735 vestris,
2676 677 2725 723 et
2748 667 2956 723 dixistis
2982 665 3399 741 :Nequaquam,
3428 668 3523 723 sed

1934 774 2027 811 rex
2056 759 2154 812 erit
2180 775 2335 827 super
2362 774 2477 813 nos.

2008 848 2097 904 52.
2145 852 2365 906 Attente
2411 850 2627 922 quidem
2666 852 2900 909 ostendit
2925 853 3003 907 eis
3032 860 3088 908 et
3129 853 3272 908 bona
3298 866 3418 921 quae
3447 850 3527 907 eis

1938 941 2197 1013 impendit
2244 942 2503 999 Dominus
2549 954 2605 1001 et
2651 946 2793 1002 mala
2840 962 2961 1016 qua:
3007 946 3239 1002 Domino
3281 947 3529 1001 iecerunt

1938 1031 2040 1104 ipsi
2087 1040 2162 1095 ut,
2187 1041 2338 1089 tanto
2378 1034 2592 1104 gravius
2649 1051 2709 1091 se
2756 1036 3043 1107 deliquisse
3094 1044 3525 1107 cognoscerent,

1939 1130 2142 1192 quanto
2186 1122 2335 1178 illum
2385 1125 2658 1194 peccando
2698 1125 2973 1182 offendere
3028 1128 3141 1183 ausi
3174 1135 3315 1191 sunt,
3360 1144 3391 1181 a
3419 1142 3531 1197 quo

1943 1220 2089 1269 tanta
2113 1215 2255 1269 bona
2282 1226 2657 1285 perceperant.
2686 1216 2823 1283 Quid
2868 1233 2998 1273 vero
3042 1219 3115 1272 sit
3146 1218 3383 1287 abjicere
3418 1218 3532 1273 Do-

1942 1306 2143 1361 minum
2169 1346 2185 1373 ,
2219 1314 2274 1361 et
2302 1308 2533 1377 qualiter
2563 1310 2857 1364 secundum
2890 1309 3125 1365 litteram
3151 1319 3204 1364 et
3234 1311 3532 1366 secundum

1942 1396 2278 1467 Spiritualem
2299 1415 2512 1454 sensum
2544 1400 2765 1469 intelligi
2789 1401 3004 1469 debeat,
3037 1405 3285 1473 superius
3310 1405 3417 1458 late
3441 1419 3536 1458 ex-

1944 1491 2189 1558 positum'
2222 1499 2301 1545 est
2331 1491 2528 1562 (Supra
2558 1494 2610 1544 in
2636 1495 2855 1559 exposit.
2891 1510 3020 1547 vers.
3049 1494 3101 1561 7,
3126 1511 3241 1564 cap.
3274 1499 3408 1566 vui),
3444 1496 3535 1550 ubi

1945 1579 2013 1633 ad
2042 1580 2344 1634 Samuelem
2386 1580 2645 1635 Dominus
2682 1582 2757 1635 ait
2791 1599 2802 1633 :
2834 1580 2959 1635 Non
2994 1592 3044 1635 te
3081 1583 3416 1650 abiecerunt,
3446 1582 3539 1637 sed

1946 1687 2047 1738 me,
2072 1672 2227 1741 juxta
2277 1674 2452 1725 omnia
2479 1690 2635 1742 opera
2676 1690 2789 1736 sua,
2822 1690 2935 1743 qua:
2976 1675 3205 1744 fecerunt
3233 1691 3265 1727 a
3287 1675 3399 1739 die,
3437 1692 3539 1745 qua

1947 1763 2105 1816 eduxi
2148 1779 2235 1816 eos
2276 1762 2340 1816 de
2386 1772 2523 1816 terra
2567 1762 2809 1833 zEgypti.
2861 1762 2969 1817 Sed
3009 1764 3135 1831 quia
3179 1765 3353 1818 sancti
3398 1780 3539 1834 prae-

243 1863 516 1925 quotquot
548 1854 675 1913 fidei
705 1872 817 1912 sua:
845 1866 901 1913 et
929 1858 1189 1915 doctrina:
1213 1863 1570 1918 sacramentis
1590 1863 1842 1933 instituit,
1872 1858 1924 1919 Β
1947 1853 2215 1909 (“calores
2249 1869 2345 1911 e0s
2373 1870 2509 1924 quos
2557 1855 2834 1925 arguendo
2882 1863 3270 1925 εοωρυηειιηι,
3296 1855 3542 1911 docendo

244 1945 312 1999 ad
344 1946 855 2003 immarcescibilem
889 1958 1105 2005 interna:
1152 1950 1485 2009 haereditatis
1508 1954 1733 2023 gloriam
1764 1964 1845 2011 tot

247 2037 394 2094 filios
424 2038 579 2094 facit.
615 2039 717 2106 Qui
744 2040 888 2095 enim
918 2040 1274 2100 instituuntur
1312 2045 1365 2100 in
1394 2046 1656 2115 Ecclesia,
1690 2049 1845 2119 quasi

242 2129 460 2199 parvuli
490 2130 666 2186 adhuc
696 2132 789 2186 lilii
829 2142 975 2188 sunt.
1023 2132 1149 2202 Sed,
1184 2136 1277 2206 qui
1306 2139 1515 2207 magnis
1558 2141 1766 2196 meritis
1793 2143 1844 2198 ei

238 2220 355 2290 jam
372 2221 423 2275 in
455 2220 627 2277 virum
652 2222 951 2292 perfectum
973 2227 1232 2295 occurrit,
1248 2227 1415 2285 frater
1434 2240 1516 2285 est
1534 2231 1843 2303 redempto-

241 2312 509 2368 ris.Tales
527 2313 775 2369 nimirum
796 2317 987 2372 beatus
1002 2316 1197 2374 Paulus
1216 2321 1495 2389 apostolus
1506 2322 1841 2392 collaudans,

244 2405 323 2459 ait
359 2423 370 2458 :
406 2404 660 2461 Hieredes
689 2406 819 2475 Dei,
843 2410 1135 2465 colta’redes
1160 2410 1351 2466 Christi
1377 2412 1564 2487 (Rom.
1589 2432 1702 2483 vui,
1729 2417 1839 2487 17).

244 2495 389 2562 Quia
435 2512 566 2569 ergo
605 2498 831 2569 perfecti
870 2501 1253 2570 praedicatores
1300 2505 1504 2563 electos
1553 2508 1688 2563 alios
1728 2523 1846 2579 per-

243 2586 423 2643 fectos
455 2597 641 2644 tenent
671 2597 727 2646 et
755 2604 815 2646 se
845 2590 1213 2662 imperfectos,
1245 2604 1468 2663 patruus
1492 2597 1622 2652 Saul
1650 2598 1848 2654 dicitur

242 2681 342 2750 qui
383 2681 451 2737 de
478 2684 631 2752 regni
661 2699 916 2741 sermone
956 2701 1080 2741 eum
1123 2687 1485 2757 interrogasse
1511 2689 1843 2758 perhibetur.

243 2773 515 2830 Eumdem
539 2791 670 2833 vero
700 2778 851 2848 regni
872 2793 1181 2833 sermonem
1202 2777 1332 2833 Saul
1352 2778 1571 2834 Samuel
1600 2781 1844 2837 dixerat:

243 2868 378 2936 quia
432 2869 590 2925 electi
634 2871 738 2927 viri
780 2871 1120 2942 spiritualem
1166 2872 1634 2928 conversationem
1682 2889 1846 2943 quam

245 2958 457 3013 habent
485 2960 757 3031 majorum
806 2963 1081 3018 locutione
1115 2961 1440 3018 didicerunt.
1474 2962 1583 3019 Sed
1612 2980 1710 3019 rex
1754 2965 1845 3036 qui

244 3051 497 3109 initiatus
523 3070 622 3124 per
643 3055 962 3111 unctionem
989 3053 1189 3124 fuerat,
1216 3070 1247 3110 a
1273 3056 1474 3127 populo
1496 3056 1671 3112 adhuc
1699 3056 1844 3112 elec-

244 3151 337 3200 tus
368 3160 476 3200 non
502 3154 638 3201 erat.
675 3144 826 3203 Unde
845 3156 901 3203 et
928 3147 1211 3217 sequitur:

1947 1947 2239 2017 instruunt,
2270 1948 2571 2014 subintulit,
2603 1947 2788 2002 dicens
2820 1965 2833 2001 :

2020 2040 2196 2111 (Vers.
2228 2040 2339 2110 19.)
2368 2038 2526 2094 Nunc
2554 2057 2676 2112 ergo
2704 2048 2838 2095 state
2866 2055 3041 2096 coram
3069 2038 3296 2096 Domino
3318 2057 3410 2111 per
3448 2041 3546 2095 tri-

1948 2131 2041 2187 bus
2065 2139 2115 2186 et
2140 2131 2372 2203 familias
2400 2139 2616 2186 vestras.

2019 2221 2108 2277 ⁸55.
2134 2220 2329 2277 Coram
2345 2221 2575 2278 Domino
2597 2221 2813 2292 quidem
2828 2230 2974 2278 stare
2988 2222 3351 2293 praecipimur,
3374 2238 3548 2292 quan-

1949 2314 2021 2369 do
2047 2314 2316 2384 majorum
2346 2323 2620 2385 praecepto
2649 2315 2811 2370 corda
2845 2323 3028 2371 nostra
3081 2315 3148 2371 ad
3177 2315 3396 2371 scienda
3427 2314 3545 2384 ejus

1949 2407 2199 2463 mandata
2227 2422 2613 2478 przeparamus.
2634 2408 2734 2463 Vel
2763 2423 2949 2463 coram
2975 2407 3206 2463 Domino
3235 2417 3382 2462 stant
3402 2407 3546 2462 elec-

1950 2497 2013 2565 ti,
2036 2496 2255 2568 quando
2295 2512 2326 2551 a
2367 2498 2594 2552 summis
2620 2497 2749 2552 viris
2778 2498 2831 2550 in
2860 2497 3231 2567 spiritualihus
3256 2496 3547 2551 virtutibus

1951 2594 2363 2649 considerantur
2396 2611 2408 2647 :
2439 2601 2499 2648 ut
2542 2594 2635 2663 qui
2685 2591 2876 2647 melior
2921 2592 2976 2645 in
3014 2592 3093 2646 eis
3137 2591 3416 2661 aspicitur,
3449 2605 3547 2661 per

1950 2687 2277 2758 pastoralem
2305 2701 2492 2741 curam
2515 2684 2726 2740 caeteris
2750 2683 3088 2753 praeferatur.
3114 2681 3181 2737 Et
3210 2683 3335 2752 quia
3368 2682 3550 2752 plures

1951 2789 2078 2835 sunt
2105 2780 2342 2833 ﬁdelium
2370 2779 2605 2844 ordines,
2626 2794 2725 2848 per
2746 2777 2919 2834 tribus
2943 2784 2997 2831 et
3026 2776 3257 2830 familias
3279 2783 3426 2830 stare
3449 2790 3547 2830 co-

1952 2889 2065 2928 ram
2093 2872 2339 2933 ,Domino
2377 2872 2654 2940 jubentur.
2687 2870 2843 2935 Quod
2891 2866 3137 2939 profecto
3185 2866 3347 2921 latius
3385 2880 3547 2921 exse~

1951 2981 2141 3037 quens,
2173 2964 2352 3020 subdit
2380 2964 2563 3019 dicens
2594 2981 2608 3017 :

2027 3058 2203 3130 (Vers.
2239 3056 2328 3123 20,
2369 3056 2485 3128 21.)
2518 3054 2589 3109 Et
2627 3054 2878 3124 applicuit
2917 3052 3129 3109 Samuel
3168 3067 3348 3107 omnes
3387 3049 3550 3105 tribus

1938 3148 2144 3216 Israel,
2169 3160 2217 3203 et
2248 3149 2430 3203 cecidit
2454 3165 2566 3203 sors
2591 3163 2744 3217 super
2766 3146 2951 3201 tribum
2984 3144 3278 3216 Benja‘min,
3300 3152 3349 3198 et
3376 3142 3552 3212 appli-

322 3236 507 3307 (Vcrs.
539 3237 653 3309 17.)
694 3237 908 3294 Vocavit
946 3238 1162 3296 Samuel
1186 3238 1434 3311 populum
1462 3238 1532 3293 ad
1569 3237 1850 3294 Dominum
1881 3249 1925 3312 ρ
1958 3245 2061 3299 cuit
2091 3243 2278 3298 tribum
2320 3242 2597 3313 Benjamin
2649 3251 2697 3294 et
2737 3240 3068 3311 cognationes
3098 3240 3239 3309 ejus,
3271 3245 3321 3290 et
3366 3234 3553 3289 cecidit

244 3329 302 3383 in
333 3326 647 3399 Masphath.

322 3422 419 3475 ⁸51.
462 3421 783 3493 Masphatb,
833 3431 895 3479 ut
943 3424 1073 3492 dixi,
1104 3426 1407 3495 speculatio
1436 3426 1846 3496 interpretatur.

250 3512 315 3568 In
350 3513 691 3569 ordinatione
715 3522 897 3571 autem
922 3516 1067 3584 regis
1097 3516 1327 3585 populus
1353 3516 1408 3570 in
1438 3515 1723 3585 Masphath
1754 3531 1854 3571 v0-

248 3616 435 3672 catur,
466 3610 593 3678 quia
622 3609 715 3679 qui
742 3608 815 3664 ad
843 3608 1205 3664 ordinandum
1222 3616 1424 3665 sancta:
1441 3607 1696 3663 Ecclesia:
1726 3624 1852 3677 pas-

248 3708 434 3757 torem
479 3700 840 3766 conveniunt,
865 3700 985 3770 ejus
1011 3701 1333 3772 spiritualia,
1364 3716 1472 3755 non
1504 3699 1744 3755 carnalia
1773 3706 1853 3753 at-

248 3796 484 3853 tendere
511 3796 797 3853 docentur.
831 3796 1111 3868 Speculari
1143 3787 1361 3866 quidem
1392 3805 1473 3852 est
1498 3812 1595 3867 per
1619 3793 1853 3850 formam

247 3900 428 3942 sacra:
457 3885 747 3957 Scriptura:
776 3888 1131 3944 ordinandum
1173 3888 1583 3960 prsedicatorem
1624 3901 1855 3956 cognos-

250 3992 411 4034 cere.
440 3977 574 4033 Nam
604 3978 901 4035 electorum
944 3980 1227 4050 speculum
1257 3996 1412 4037 sacra
1442 3979 1721 4050 Scriptura
1750 3989 1851 4035 est.

252 4069 432 4139 Quasi
474 4072 617 4128 enim
666 4088 766 4143 per
819 4073 1097 4143 speculum
1147 4072 1388 4130 noscitur
1432 4080 1639 4142 pastor,
1696 4074 1854 4143 252

251 4164 482 4236 quando
510 4165 756 4221 moribus
781 4166 902 4221 talis
931 4166 1256 4231 ostenditur,
1282 4166 1456 4235 qualis
1481 4166 1537 4219 in»
1561 4180 1716 4221 sacro
1744 4165 1859 4220 elo-

251 4255 392 4326 quio
439 4256 780 4325 praedicatur.
824 4257 971 4312 Bene
1020 4257 1184 4327 igitur
1230 4257 1452 4312 Samuel
1500 4256 1760 4327 p0pulum
1802 4256 1857 4310 in

252 4348 547 4417 Maspbath
574 4356 861 4416 convocat,
893 4356 952 4404 ut
979 4349 1177 4404 electio
1208 4349 1337 4405 boni
1370 4348 1626 4403 antistitis
1657 4363 1763 4401 non
1789 4346 1860 4400 sit

250 4440 500 4494 humano
525 4439 751 4509 judicio,
781 4439 875 4495 sed
910 4440 1093 4495 divino
1125 4458 1138 4493 :
1165 4455 1285 4494 cum
1319 4455 1428 4495 non
1462 4440 1581 4494 talis
1623 4439 1856 4508 eligitur,

255 4529 444 4600 qualis
473 4530 755 4585 hominum
806 4531 1033 4586 arbitrio
1081 4531 1298 4585 decerni
1328 4538 1531 4600 potest,
1561 4530 1655 4584 sed
1684 4528 1858 4597 qualis

1952 3338 2190 3409 cognatio
2218 3334 2396 3404 Metri,
2423 3344 2472 3389 et
2500 3335 2727 3404 pervenit
2758 3348 2918 3403 usque
2943 3330 3013 3383 ad
3041 3330 3209 3399 ﬁlium
3241 3326 3350 3382 Cis.
3499 3388 3502 3390 ν

2023 3426 2111 3480 54.
2153 3426 2310 3482 Stare
2356 3440 2545 3479 omnes
2575 3439 2672 3493 per
2700 3422 2871 3476 tribus
2919 3430 2973 3475 et
3014 3419 3246 3473 familias
3293 3417 3449 3481 fecit;
3495 3424 3556 3470 ut

1953 3534 2142 3574 omnes
2172 3515 2577 3579 consideraret,
2611 3520 2665 3567 et
2694 3509 3053 3567 consideratis
3083 3507 3333 3561 omnibus
3372 3505 3556 3560 utilio-

1953 3627 2069 3666 rem
2099 3610 2341 3678 eligeret.
2386 3605 2497 3662 Sed
2526 3605 2651 3675 quia
2682 3604 2797 3673 ipse
2819 3602 2953 3672 jam,
2994 3600 3224 3657 Domino
3252 3598 3551 3664 revelante,

1953 3717 2134 3771 regem
2166 3706 2516 3771 cognoverat,
2542 3711 2775 3766 eumque
2806 3696 2922 3765 ipso
2953 3694 3299 3764 prtccipiente
3330 3691 3383 3745 in
3405 3690 3555 3761 priu-

1956 3793 2130 3862 cipem
2183 3799 2453 3856 unxerat,
2506 3790 2634 3861 quid
2692 3796 2774 3843 est
2820 3786 2964 3856 quod
3016 3786 3195 3840 adhuc
3243 3784 3551 3852 eligendum

1957 3880 2143 3955 [Forte
2162 3923 2177 3948 ,
2208 3878 2509 3951 eligendus]
2559 3896 2657 3949 per
2686 3878 2858 3933 tribus
2888 3885 2943 3932 et
2972 3874 3203 3930 familias
3253 3873 3555 3944 queritur?

1956 3972 2051 4027 sed
2080 3972 2330 4026 inventus
2358 3987 2453 4025 rex
2483 3986 2512 4024 a
2536 3970 2651 4025 solo
2676 3967 2941 4039 propheta
2967 3974 3103 4021 erat.
3135 3964 3390 4018 Inventus
3422 3976 3556 4030 ergo

1958 4064 2236 4134 qumritur,
2270 4071 2329 4117 ut
2354 4078 2459 4117 non
2502 4063 2751 4116 inventus
2771 4075 2799 4112 a
2825 4059 3026 4128 populo
3050 4056 3371 4109 inveniatur.
3397 4052 3558 4106 Sorte

1960 4155 2121 4209 etiam
2153 4154 2435 4225 quaeritur,
2467 4161 2526 4206 ut
2556 4166 2680 4205 eutn
2709 4163 2869 4217 quem
2902 4146 3167 4217 propheta
3197 4143 3419 4211 eligeret
3447 4142 3559 4197 dis-

1960 4248 2281 4318 pensatione
2331 4245 2511 4298 divina
2546 4252 2569 4276 “
2604 4241 2878 4311 provisum
2927 4236 3160 4309 populus
3205 4250 3312 4289 non
3370 4242 3559 4304 posset

1960 4337 2225 4392 dubitare.
2276 4334 2412 4400 Quid
2444 4348 2573 4403 ergo
2611 4332 2664 4385 in
2691 4331 2797 4385 hoc
2823 4329 2967 4384 facto
3000 4329 3264 4396 signatur,
3298 4328 3400 4384 nisi
3430 4327 3559 4397 quia

1963 4439 2161 4487 sanctm
2204 4428 2455 4483 Ecclesim
2484 4426 2754 4495 principes
2784 4424 2951 4479 multa
2991 4423 3427 4479 consideratione
3458 4421 3559 4476 eli-

1965 4523 2124 4592 gendi
2153 4524 2315 4575 sunt?
2343 4519 2551 4574 Summi
2573 4519 2770 4573 etenim
2796 4518 3177 4588 praedicatores
3199 4557 3213 4581 ,
3244 4531 3310 4571 ex
3343 4516 3558 4569 interna

251 4620 311 4675 in
348 4635 505 4675 sacro
539 4620 757 4690 eloquio
780 4619 1107 4675 declaratur.
1137 4619 1291 4685 Quod
1320 4620 1443 4689 quia
1468 4618 1632 4673 divini
1663 4631 1851 4671 munc-
1880 4626 1933 4687 ι)
1962 4616 2134 4684 gratia
2158 4613 2331 4667 sancti
2354 4611 2573 4681 spiritus
2603 4626 2764 4679 quam
2794 4610 3014 4673 habent,
3043 4622 3240 4676 magno
3265 4604 3561 4677 providen-

251 4712 339 4768 ris
368 4720 483 4779 est,
525 4719 741 4782 oportet
789 4719 849 4766 ut
892 4710 1124 4781 populus
1167 4711 1318 4780 quia
1354 4710 1464 4765 Deo
1498 4719 1605 4764 tam
1660 4724 1853 4777 magna

252 4812 586 4874 exspectare
628 4805 974 4874 cognoscitur
1002 4819 1034 4858 a
1064 4812 1216 4858 reatu
1266 4820 1364 4857 suo
1391 4820 1488 4873 per
1526 4802 1855 4872 poenitentia:

251 4897 689 4955 satisfactionem
739 4907 1019 4968 purgetur.
1059 4896 1181 4967 lpsa
1229 4906 1409 4951 autem
1450 4895 1687 4963 cognitio
1730 4909 1856 4964 pec-

253 4990 374 5046 cati
413 4999 497 5046 est
541 4991 860 5063 praeparatio
898 4990 1063 5046 divini
1102 4990 1340 5043 muneris
1366 5030 1379 5054 ,
1413 4989 1537 5058 quia
1567 5001 1709 5055 smpe
1735 5000 1858 5040 cum

252 5097 372 5139 nos
401 5083 585 5139 divino
614 5099 840 5139 munere
868 5084 1117 5152 indignos
1148 5081 1438 5146 credimus,
1470 5080 1520 5134 id
1550 5094 1649 5149 per
1679 5078 1859 5132 humi-

260 5176 481 5232 litatem
512 5193 907 5248 promeremur.
944 5175 1096 5231 Unde
1144 5184 1199 5231 et
1246 5174 1463 5230 Samuel
1515 5189 1609 5228 eos
1650 5173 1739 5243 qui
1793 5171 1863 5227 ad

256 5268 646 5339 excipiendum
668 5284 851 5339 regem
873 5276 1241 5324 convenerant
1261 5267 1407 5338 prius
1430 5264 1495 5320 ad
1520 5272 1862 5335 peceatorum

259 5377 500 5417 suorum
544 5363 1035 5419 considerationem
1082 5368 1403 5417 convertere
1450 5358 1679 5428 satagit,
1737 5356 1867 5427 quia

254 5452 618 5522 subjunctum
650 5463 731 5509 est
762 5474 776 5508 :

345 5544 655 5616 (Vers.18,
701 5544 824 5617 19.)
877 5544 945 5598 Et
992 5546 1066 5599 ait
1110 5544 1322 5599 Samuel
1365 5544 1434 5596 ad
1474 5545 1609 5611 ﬁlios
1654 5542 1866 5598 Israel:

258 5635 408 5691 llwc
439 5638 563 5691 dicit
602 5636 857 5693 Dominus
900 5636 1043 5690 Deus
1091 5633 1261 5688 Israel
1293 5652 1305 5687 :
1340 5634 1451 5705 Ego
1493 5636 1649 5689 eduxi
1700 5632 1866 5687 Israel

258 5730 339 5783 de
370 5726 635 5801 Egypto,
665 5740 715 5785 et
742 5731 851 5785 erui
878 5745 965 5784 vos
1005 5727 1067 5781 de
1106 5742 1267 5780 manu
1303 5727 1531 5779 omnium
1557 5742 1753 5796 regum,
1778 5726 1863 5794 qui

353 5896 381 5927 ⁸
418 5890 593 5949 Vatic.
620 5898 677 5948 et
693 5890 857 5948 Gilot.
874 5888 1108 5962 provisus
1134 5883 1352 5959 populus
1365 5900 1467 5938 non
1489 5892 1622 5938 esset
1644 5880 1898 5935 dubitare.

1961 4711 2051 4765 tiae
2078 4706 2279 4760 lumine
2319 4702 2462 4773 pleni
2500 4710 2645 4756 sunt.
2678 4699 2745 4754 Et
2773 4701 2899 4769 quia
2949 4700 3104 4754 valde
3148 4705 3273 4752 sunt
3300 4694 3554 4758 humiles,

1962 4804 2029 4860 de
2056 4805 2280 4859 internze
2324 4798 2732 4855 illuminationis
2756 4814 2865 4853 sum
2891 4793 3258 4864 magnitudine
3288 4807 3395 4845 non
3421 4803 3561 4857 prm-

1964 4905 2204 4954 sumunt.
2236 4895 2413 4962 Quare
2444 4902 2496 4949 et
2526 4909 2589 4947 ea
2620 4908 2739 4961 qua:
2766 4889 2907 4959 apud
2931 4904 2989 4943 se
3019 4889 3157 4943 bene
3185 4885 3437 4941 ordinant
3460 4897 3556 4936 co-

1966 5005 2081 5045 ram
2114 4989 2233 5044 aliis
2263 4988 2512 5059 probant.
2536 4984 2693 5039 Solus
2721 4982 2865 5037 enim
2895 4980 3158 5049 propheta
3182 4976 3342 5047 253
3372 4987 3557 5039 regem

1966 5077 2205 5135 futurum
2262 5076 2455 5143 noscit,
2511 5074 2727 5143 quando
2776 5084 3017 5126 summus
3054 5077 3254 5122 sanctae
3302 5063 3559 5118 Ecclesia:

1968 5178 2149 5227 rector
2178 5183 2463 5240 personam
2493 5163 2777 5220 ordinandi
2822 5159 3053 5217 rectoris
3092 5166 3147 5213 et
3196 5157 3387 5211 merita
3425 5169 3562 5208 con-

1974 5264 2152 5334 spicit.
2184 5263 2355 5328 Quem
2387 5259 2550 5315 ctiam
2577 5258 2629 5312 in
2661 5256 2958 5326 principem
2994 5250 3147 5320 ungit
3187 5247 3404 5319 quando
3435 5259 3558 5299 eum

1969 5355 2124 5410 donis
2152 5352 2518 5423 spiritualibus
2545 5350 2763 5421 plenum
2786 5346 2995 5404 asserit.
3026 5344 3230 5398 Tamen
3256 5340 3434 5395 adhuc
3460 5353 3561 5408 po-

1970 5447 2156 5515 pulum
2185 5451 2483 5508 convocat,
2510 5456 2608 5512 per
2652 5440 2823 5494 trihus
2853 5446 2907 5493 et
2932 5435 3286 5504 cognationes
3329 5430 3519 5485 dividit
3541 5470 3558 5493 ,

1970 5546 2146 5597 sortes
2173 5534 2346 5604 ponit,
2374 5540 2428 5588 et
2455 5546 2578 5586 eum
2604 5544 2763 5599 quem
2794 5528 2945 5583 novit
2972 5524 3128 5595 quasi
3161 5539 3258 5594 per
3286 5529 3456 5578 artem
3487 5520 3563 5572 in-

1968 5628 2135 5684 venit.
2179 5625 2372 5680 Tribus
2417 5622 2633 5692 quidem
2664 5631 2719 5677 et
2749 5620 2963 5675 familia:
3000 5616 3154 5689 quasi
3182 5615 3363 5670 divisa:
3392 5618 3556 5673 stant,

1970 5721 2185 5794 quando
2232 5720 2285 5775 in
2336 5725 2480 5774 statu
2530 5717 2793 5772 virtutum
2839 5711 3036 5770 diversi
3062 5715 3263 5765 sancue
3305 5703 3564 5760 Ecclesia:
