4020 6344
492 404 599 461 367

1747 398 1991 458 SANCTI
2030 396 2362 458 GREGORII
2399 396 2616 457 MAGNI

3686 392 3789 454 308

493 517 714 576 ordines
740 516 1111 574 attenduntur.
1141 516 1279 573 Illam
1305 530 1436 574 cum
1474 516 1837 588 perfectiones
1880 516 2085 573 electo-
2117 519 2168 583 Α
2189 518 2290 574 viri
2319 516 2606 588 displicere
2659 514 2773 572 Deo
2828 511 3045 584 nolunt,
3072 512 3257 590 355,
3300 504 3631 587 prielationis
3680 512 3792 572 om-

491 625 610 667 rum
639 610 818 681 plures
843 609 1137 678 intuemur,
1160 625 1284 667 cum
1315 608 1609 667 candorem
1641 610 1931 680 virginum,
1961 624 2087 665 cum

491 702 659 758 robur
679 701 1094 768 continentium,
1122 716 1245 755 cum
1268 702 1500 757 honesta
1524 701 1827 758 ministeria
1851 701 2086 757 clerico-

490 808 771 856 rum,cum
790 793 1178 849 monachorum
1207 794 1627 849 sollicitudinem
1654 794 1917 871 videmus,
1941 794 2090 849 veiut

492 892 697 939 stantes
728 884 900 940 tribus
925 885 1276 940 attendimus.
1302 882 1365 937 Et
1387 887 1512 954 quia
1544 886 1596 941 in
1630 885 1722 941 Dei
1754 885 1976 940 servitio
1997 886 2090 940 ho-

491 990 610 1029 rum
642 975 810 1032 multa
838 976 1074 1032 varietas
1101 984 1205 1040 est,
1236 975 1365 1030 dum
1405 991 1469 1030 ea
1488 991 1609 1045 quae
1630 984 1757 1031 sunt
1787 977 1840 1031 in
1865 976 2091 1045 singulis

492 1065 796 1132 ordinibus,
836 1069 968 1123 item
1018 1069 1313 1125 varietates
1340 1069 1652 1138 aspicimus,
1702 1070 1856 1138 quasi
1885 1077 2092 1124 stantes

491 1172 602 1210 non
642 1158 820 1212 solum
867 1159 1067 1223 tribus,
1117 1159 1211 1213 sed
1240 1160 1402 1215 etiam
1433 1161 1787 1228 cognationes
1819 1161 2089 1218 videmus.

491 1244 561 1300 Et
589 1261 707 1301 sors
733 1264 897 1318 super
927 1250 1122 1303 tribum
1153 1251 1293 1305 cadit
1325 1268 1335 1302 :
1365 1250 1489 1319 quia
1520 1251 1773 1307 meliores
1803 1250 1901 1304 viri
1946 1263 2091 1319 saepe

492 1337 547 1391 in
578 1355 683 1393 uno
712 1340 899 1394 ordine
940 1356 1099 1409 quam
1150 1342 1204 1395 in
1245 1342 1352 1397 alio
1381 1344 1746 1397 inveniuntur.
1782 1342 1914 1396 Nam
1942 1342 2092 1396 velut

492 1439 695 1483 sortem
730 1430 897 1485 tribus
924 1433 1139 1497 accipit,
1176 1433 1392 1500 quando
1413 1434 1448 1486 ii
1471 1435 1563 1501 qui
1590 1434 1941 1502 perfectiores
1963 1440 2093 1488 sunt

500 1520 623 1574 aliis
670 1524 961 1577 convenire
1014 1524 1264 1578 videntur
1314 1526 1615 1580 ministerio
1668 1526 2086 1594 praedicationis.

493 1612 600 1665 Sed
626 1628 731 1666 non
755 1628 915 1681 super
936 1630 1222 1682 personam
1252 1616 1554 1681 adhuc,sed
1578 1631 1741 1685 super
1756 1618 1953 1671 tribum
1970 1632 2091 1672 sors

491 1703 656 1765 cadit,
676 1706 890 1771 quando
915 1705 1093 1773 plures
1120 1709 1314 1761 suntin
1345 1709 1537 1777 quibus
1564 1723 1793 1776 persona
1816 1708 1976 1775 digna
2000 1722 2089 1761 re-

490 1795 759 1848 conditur.
796 1796 983 1850 Adhuc
1014 1797 1197 1866 itaque
1236 1799 1462 1852 summis
1501 1800 1628 1852 viris
1658 1806 1902 1853 remanet
1943 1798 2091 1867 quod

2192 613 2339 668 cium
2375 613 2655 681 suscipere
2680 608 2863 666 vocati
2892 607 3181 678 refugiunt.
3233 608 3340 665 Sed
3365 618 3421 667 et
3444 607 3691 665 eamdem
3714 607 3792 665 fu-

2192 720 2314 776 gam
2337 703 2621 760 ministerii
2650 703 2718 759 ad
2748 702 3000 757 virtutem
3052 700 3371 757 humilitatis
3418 703 3641 771 habent,
3694 719 3791 757 non

2193 796 2261 851 ad
2287 796 2603 865 jactantiam
2633 794 2929 863 dignitatis.
2982 794 3113 847 Nam
3159 802 3415 862 quantum
3450 810 3613 862 possu
3642 804 3677 845 .t
3724 793 3791 845 iu-

2194 886 2384 956 giunt;
2416 884 2512 940 sed
2542 884 2586 938 si
2628 900 2657 938 a
2689 882 2916 938 Domino
2942 884 3144 953 provisi
3180 893 3324 941 sunt.
3350 883 3671 937 delitescere
3702 899 3790 938 ne-

2194 991 2463 1046 quaquam
2494 982 2745 1043 possunt.
2771 972 2951 1041 Quare
2980 984 3035 1028 et
3060 973 3202 1028 idem
3224 972 3352 1027 Saul
3382 974 3525 1055 domi
3554 974 3784 1028 abscon-

2194 1066 2360 1134 ditur,
2390 1066 2485 1121 sed
2514 1066 2741 1120 Domino
2770 1064 3040 1135 pandente
3088 1074 3440 1131 monstratur,
3472 1066 3597 1137 quia
3640 1065 3795 1120 electi

2194 1158 2298 1211 viri
2329 1156 2691 1212 exterioribus
2716 1173 2778 1212 se
2800 1168 3021 1215 sancire.
3050 1156 3302 1212 Ecclesiae
3328 1157 3647 1211 ministeriis
3675 1156 3796 1211 sub-

2195 1250 2436 1314 trahunt,
2498 1249 2591 1304 sed
2612 1259 2795 1304 tamen
2850 1250 2917 1303 ad
2940 1250 3212 1304 exteriora
3257 1249 3555 1303 ministeria
3618 1251 3795 1320 dispo-

2195 1342 2371 1397 nenda
2401 1342 2628 1397 Domino
2651 1342 2995 1412 dispensante
3043 1340 3432 1411 producuntur.
3498 1340 3640 1408 Quia
3674 1356 3795 1398 vero

2196 1449 2341 1489 nunc
2368 1435 2422 1487 in
2452 1442 2639 1489 sancta
2669 1433 2907 1489 Ecclesia
2936 1434 3026 1501 qui
3059 1449 3116 1487 se
3154 1434 3473 1488 subtrahant
3499 1432 3669 1487 tantis
3700 1433 3795 1487 ho-

2196 1525 2421 1579 noribus
2444 1524 2602 1595 pauci
2658 1534 2803 1590 sunt,
2844 1526 2936 1593 qni
2994 1540 3053 1579 se
3104 1525 3345 1596 ingeram
3390 1526 3565 1591 multi,
3605 1535 3790 1581 notare

2196 1617 2287 1685 qui
2316 1630 2375 1671 se
2404 1617 2655 1684 ingerunt
2685 1615 2916 1683 debent;
2953 1617 3078 1687 quia
3109 1617 3155 1671 is
3183 1617 3273 1687 qui
3315 1630 3343 1669 a
3377 1617 3644 1686 propheta
3709 1616 3797 1672 do-

2195 1709 2268 1762 mi
2291 1708 2638 1765 absconditus
2677 1709 2892 1775 dicitur,
2923 1725 3028 1763 non
3054 1709 3121 1764 ad
3170 1709 3506 1780 Spiritualem
3546 1708 3797 1766 Ecclesia

2195 1802 2535 1871 dignitatem,
2566 1801 2661 1857 sed
2691 1801 2757 1857 ad
2786 1802 3099 1858 saecularem
3149 1802 3298 1871 regni
3324 1801 3553 1870 gloriam
3604 1816 3799 1871 quaere.

490 1884 784 1953 inquirant.
838 1887 985 1941 Bene
1036 1903 1167 1955 ergo
1197 1905 1315 1943 sors
1362 1905 1521 1959 super
1564 1891 1759 1944 tribum
1810 1890 2087 1958 Bcnjaniin
2120 1893 2166 1953 Β
2195 1895 2371 1950 batur.
2406 1893 2521 1948 Non
2551 1894 2693 1948 enim
2725 1894 2777 1947 in
2816 1893 3123 1963 pontificem
3152 1892 3300 1948 hunc
3352 1890 3692 1962 quaerebant,
3714 1891 3797 1947 sed

490 1977 748 2030 cecidisse
801 1977 1037 2044 dicitur;
1072 1980 1289 2035 Samuel
1341 1995 1521 2036 autem
1573 1983 1745 2051 ipsam
1801 1984 2000 2037 tribum
2041 1991 2095 2037 et

486 2064 603 2136 ejus
633 2069 985 2137 cognationes
1016 2072 1344 2140 applicuisse
1386 2083 1443 2127 et
1488 2074 1554 2128 ad
1584 2074 1673 2128 Cis
1702 2073 1869 2128 lilium
1900 2090 2093 2144 perve-

486 2157 659 2222 uisse,
709 2160 834 2226 quia
882 2160 1042 2215 electi
1096 2170 1152 2215 et
1203 2163 1397 2218 summi
1439 2164 1541 2218 viri
1590 2178 1791 2219 saneta
1840 2163 2094 2220 Ecclesiae

488 2248 839 2304 considerare
868 2250 1098 2307 virtutes
1148 2253 1485 2321 singulorum
1522 2270 1631 2310 non
1678 2256 1951 2319 desinunt,
1996 2256 2095 2311 do-

488 2350 591 2390 nec
617 2336 681 2388 ad
713 2352 835 2391 eum
878 2340 1101 2394 veniant
1146 2341 1239 2409 qui
1280 2344 1564 2398 ministerii
1613 2343 1901 2413 pastoralis
1944 2352 2095 2400 sorte

487 2424 683 2493 dignus
711 2430 1040 2487 inveniatur.
1064 2431 1171 2487 Sed
1199 2435 1292 2503 qui
1321 2435 1470 2504 digni
1500 2444 1646 2501 sunt,
1679 2451 1818 2492 onus
1848 2438 1981 2491 tanti
2004 2451 2096 2492 or-

486 2513 627 2571 dinis
669 2519 947 2589 suscipere
996 2523 1353 2580 vehementer
1391 2534 1779 2596 expavescunt.
1838 2525 1993 2583 Unde
2039 2535 2096 2584 et

488 2608 738 2678 sequitur
770 2628 785 2665 :

567 2722 745 2792 (Vera.
778 2724 870 2790 2i,
902 2726 1019 2797 9.2.)
1052 2725 1384 2792 Qtttesierunt
1412 2746 1535 2801 ergo
1565 2747 1700 2796 eum,
1728 2740 1776 2785 et
1806 2748 1908 2786 non
1949 2733 2092 2785 inre-

486 2824 675 2867 ncrunt
704 2824 793 2868 :et
819 2818 1187 2887 consuluerunt
1208 2838 1301 2890 pro
1332 2839 1391 2875 eo
1415 2821 1696 2876 Dominum
1723 2864 1737 2887 ,
1791 2831 2091 2877 utrumnam

485 2911 732 2960 uenturus
771 2916 903 2960 esset
933 2908 1073 2962 illuc.
1100 2910 1488 2985 Responditque
1515 2913 1805 2969 Dominus:
1838 2913 1971 2968 Ecce
2000 2912 2095 2968 ab-

490 2998 761 3051 sconditus
794 3009 869 3052 est
899 3001 1061 3055 domi.

564 3105 653 3160 55.
686 3108 1257 3183 Absconduntquippe
1287 3130 1345 3170 se
1395 3132 1462 3171 ne
1518 3116 1863 3173 inveniantur
1896 3136 1908 3173 :
1972 3120 2097 3190 quia

491 3198 672 3255 subire
693 3199 1009 3268 dignitatem
1058 3205 1328 3272 refugiunt
1380 3207 1532 3276 cujus
1562 3209 1717 3262 oneri
1741 3225 1798 3263 se
1837 3225 1955 3264 esse
1997 3212 2099 3265 im»-

493 3306 653 3359 pares
675 3292 1026 3349 arbitrantur.
1058 3294 1239 3351 liabet
1284 3298 1485 3369 quippe
1527 3301 1821 3369 spiritualis
1853 3303 2097 3371 praelatio
2124 3286 2171 3349 (ἶ

493 3388 821 3442 exteriorem
878 3388 1105 3457 gloriam
1154 3390 1450 3459 dignitatis,
1503 3394 1665 3449 habet
1717 3404 1772 3449 et
1826 3396 2097 3453 interioris

492 3477 918 3545 magnitudinem
958 3482 1349 3551 aperis."Nam
1401 3493 1583 3539 rector
1635 3494 1690 3540 et
1739 3494 1999 3541 onoratur
2064 3502 2095 3541 a

496 3568 747 3634 subditis,
781 3581 837 3625 et
866 3582 1047 3641 portat
1077 3577 1450 3645 eosatquibus
1480 3581 1795 3634 honoratur.
1830 3582 1963 3635 Cum
1994 3580 2095 3635 ho-

492 3659 643 3712 noris
669 3675 797 3728 ergo
821 3663 1086 3732 principio
1108 3682 1271 3721 causa
1303 3671 1542 3723 nascitur
1565 3672 1802 3739 honoris,
1833 3674 1955 3743 quia
1992 3692 2093 3727 un-

493 3746 563 3801 de
583 3748 761 3802 honor
788 3764 817 3802 a
846 3759 1059 3807 rectore
1090 3757 1373 3823 excipitur,
1410 3759 1534 3813 inde
1565 3762 1693 3815 illud
1724 3762 1946 3831 suscipit
1988 3778 2097 3831 quo

501 3849 778 3909 gravetur.
812 3844 1128 3914 Quanquam
1148 3848 1277 3932 ipse
1306 3851 1485 3905 honor
1526 3853 1801 3921 dignitatis
1828 3872 1925 3925 per
1952 3859 2097 3926 seip-

498 3946 621 3986 sum
651 3948 907 4003 magnum
932 3938 1003 3990 sit
1032 3952 1168 3992 onus
1192 3941 1405 4005 mentis,
1433 3944 1558 4012 quia
1586 3946 1857 3999 contemni
1888 3946 2046 4001 debet
2078 3989 2093 4014 ,

496 4029 553 4075 et
574 4022 772 4093 placet.
803 4024 1089 4081 Contemni
1120 4028 1338 4096 quidem
1383 4032 1546 4087 debet
1597 4051 1665 4088 ne
1719 4044 1953 4090 mentem
2002 4054 2098 4107 per

493 4114 802 4182 superbiam
842 4116 1019 4172 elevet
1045 4135 1059 4185 ;
1084 4128 1139 4172 et
1177 4122 1373 4190 suscipi
1406 4122 1584 4189 debet,
1620 4135 1678 4180 ut
1706 4128 1944 4183 cmlestia
1976 4147 2096 4201 qua:

493 4204 689 4257 doctor
713 4205 971 4275 loquitur,
1025 4210 1255 4277 subjecti
1297 4226 1646 4269 venerentur.
1703 4217 1934 4274 Gravius
1967 4236 2097 4291 ergo

497 4304 636 4345 onus
660 4293 726 4347 de
754 4294 961 4350 honore
985 4300 1245 4362 nascitur,
1281 4303 1406 4371 quia
1434 4303 1637 4358 electus
1686 4317 1871 4375 pastor
1906 4323 2098 4377 magna

504 4381 669 4435 animi
700 4384 897 4438 virtute
918 4385 1059 4442 ferre
1098 4399 1300 4456 potest,
1349 4402 1407 4447 ut
1464 4394 1727 4466 despiciat
1780 4399 1909 4455 illud
1957 4401 2009 4455 in
2039 4417 2098 4457 se

494 4472 639 4538 quod
666 4487 764 4541 pro
792 4472 902 4529 Deo
928 4477 1125 4546 recipit
1144 4480 1197 4533 in
1241 4497 1321 4547 se,
1350 4492 1408 4536 ut
1438 4486 1689 4541 videlicet
1718 4488 1838 4542 talis
1861 4504 1959 4557 pro
1987 4490 2098 4546 Deo

491 4562 582 4629 sit,
606 4564 700 4619 sed
726 4567 827 4621 sibi
874 4568 998 4624 talis
1026 4586 1133 4626 non
1166 4572 1236 4627 sit
1264 4583 1320 4629 et
1365 4580 1716 4648 semetipsum
1758 4582 1991 4648 abneget
2042 4590 2099 4637 et

2198 2000 2380 2055 regem
2420 1986 2599 2040 facere
2629 1985 2905 2040 volebant.
2952 1985 3149 2040 Videat
3198 1998 3327 2054 ergo
3366 1982 3628 2042 sacerdos
3652 2026 3669 2051 ,
3702 1999 3797 2055 qua

2198 2085 2379 2133 mente
2409 2076 2723 2145 fugiendum
2776 2076 2847 2133 sit
2903 2077 3123 2131 culmen
3176 2084 3378 2131 sancta
3427 2074 3727 2141 Ecclesiae,
3757 2077 3797 2132 si

2199 2168 2411 2223 culmen
2440 2167 2620 2223 steculi
2649 2166 3015 2222 conscendere
3046 2176 3154 2219 tam
3205 2173 3364 2221 caute
3399 2178 3565 2233 reges
3594 2165 3794 2234 fugere.

2198 2257 2309 2314 Sed
2336 2258 2462 2327 quia
2488 2256 2662 2312 sancti
2701 2258 2801 2311 viri
2832 2271 2939 2326 quo
2994 2257 3281 2313 instantius
3338 2256 3621 2325 suscipere
3653 2252 3795 2311 ordi-

2198 2363 2323 2404 nem
2340 2347 2667 2419 praelationis
2694 2348 2963 2418 refugiunt
2985 2364 3017 2404 a
3045 2348 3253 2405 devotis
3276 2345 3529 2419 plebibus
3551 2346 3793 2404 devotius

2200 2442 2568 2513 requiruntur,
2598 2442 2844 2511 sequitur
2874 2459 2887 2496 :

2274 2576 2453 2649 (Vere.
2486 2576 2600 2646 23.)
2630 2579 3015 2634 Concurrerunt
3062 2587 3114 2636 α
3140 2579 3374 2635 tulerunt
3395 2594 3515 2635 am
3536 2578 3683 2636 inde.

2272 2663 2403 2721 Post
2430 2664 2546 2722 haec
2574 2665 2738 2722 etiam
2765 2666 3009 2723 subditur
3033 2685 3047 2723 :

2273 2777 2545 2849 (lbidem.)
2578 2777 2834 2851 Stetitque
2860 2780 3099 2836 iumdio
3127 2784 3324 2852 populi.

2274 2882 2363 2937 56.
2387 2883 2443 2938 In
2474 2884 2653 2940 medio
2683 2885 2868 2955 populi
2898 2894 3003 2939 stat
3024 2887 3298 2955 praelatus,
3321 2886 3541 2959 quando
3572 2889 3645 2945 ab
3672 2888 3759 2945 uni

2203 2975 2373 3030 versis
2400 2976 2627 3030 subditis
2657 2976 2774 3045 ejus
2801 2977 3061 3034 fortitudo
3086 2980 3438 3050 conspicitur.
3456 2979 3620 3036 Stare
3651 2997 3798 3037 nam-

2207 3079 2314 3133 que
2341 3066 2555 3121 virtutis
2584 3074 2688 3121 est.
2738 3065 2842 3133 Qui
2892 3082 3021 3137 ergo
3050 3069 3191 3125 bona
3234 3080 3495 3141 operatur
3541 3073 3802 3128 instanter

2206 3163 2329 3211 stat.
2364 3156 2430 3209 Et
2454 3158 2577 3225 quia
2608 3158 2795 3212 eadem
2827 3160 2966 3213 bona
3015 3175 3183 3229 opera
3226 3164 3533 3233 exemplum
3585 3164 3801 3219 minori-

2209 3246 2309 3301 bus
2340 3256 2613 3315 praistant,
2645 3250 2698 3303 in
2730 3250 2911 3304 medio
2934 3252 3119 3320 populi
3138 3261 3282 3308 stare
3298 3268 3406 3308 non
3432 3255 3485 3309 in
3510 3254 3800 3310 solitudine

2206 3342 2462 3391 cernitur.
2523 3338 2677 3405 Quod
2734 3340 2897 3395 etiam
2949 3358 3048 3412 pro
3106 3345 3431 3401 rectitudine
3488 3345 3801 3403 intentionis

2203 3430 2405 3486 dictum
2456 3446 2578 3486 esse
2614 3434 3002 3490 convenienter
3046 3436 3327 3506 accipitur.
3376 3437 3480 3504 Qui
3509 3438 3658 3492 enim
3705 3447 3803 3493 stat

2203 3522 2525 3577 rectitudine
2546 3524 2815 3593 corporis,
2847 3535 3011 3596 caput
3047 3528 3102 3582 in
3131 3529 3364 3584 sublime
3392 3530 3552 3585 tollit.
3578 3530 3683 3598 Qui
3712 3546 3799 3586 ve-

2202 3628 2265 3667 ro
2296 3614 2434 3667 bona
2466 3615 2678 3683 publice
2703 3617 2813 3686 agit
2862 3634 2971 3674 non
3002 3628 3111 3674 stat
3161 3620 3476 3679 fortitudine
3528 3626 3715 3694 operis
3761 3623 3802 3679 sl

2203 3706 2585 3761 rectitudinem
2614 3724 2720 3762 nou
2782 3708 2947 3765 habet
2978 3710 3315 3769 intentionis.
3362 3714 3419 3768 In
3464 3714 3651 3769 medio
3680 3728 3801 3783 ergo

2202 3798 2385 3867 populi
2414 3806 2558 3854 stare
2587 3817 2683 3855 rex
2711 3800 2929 3869 dicitur,
2974 3813 3033 3858 ut
3080 3806 3425 3875 przelatorum
3452 3816 3659 3861 sanctae
3708 3806 3803 3861 Ec-

2203 3886 2378 3942 clesia:
2398 3889 2569 3945 forma
2603 3903 2932 3949 monstretur
2959 3912 2973 3961 ;
2997 3896 3124 3963 quia
3165 3898 3233 3951 ad
3273 3898 3583 3968 exemplum
3622 3898 3804 3954 subdi-

2204 3986 2380 4034 torum
2412 3982 2553 4036 bona
2586 3999 2753 4052 opera
2768 3986 2966 4039 debent
2989 3988 3277 4042 ostendere
3301 4029 3315 4054 ,
3371 3990 3464 4044 sed
3497 3989 3567 4044 de
3612 3992 3801 4045 eodem

2204 4070 2347 4125 bono
2378 4088 2542 4141 opere
2571 4076 2851 4144 suscipere
2891 4079 3074 4132 mundi
3115 4079 3340 4147 gloriam
3386 4080 3655 4137 devitarc.
3690 4080 3798 4136 Sed

2204 4169 2259 4215 et
2286 4176 2519 4231 quantus
2549 4182 2811 4236 apparere
2836 4168 3029 4225 debeat
3051 4171 3250 4238 subiit,
3283 4182 3448 4243 atque
3477 4174 3556 4227 ait
3585 4191 3602 4227 :

2276 4294 2547 4367 (lbidem.)
2578 4297 2647 4352 Et
2678 4301 2836 4357 altior
2857 4310 2968 4356 erat
2999 4304 3139 4359 omni
3176 4284 3367 4377 populo
3420 4305 3483 4359 ab
3515 4306 3734 4363 humero
3756 4316 3804 4361 et

2203 4403 2313 4441 δαῖε
2321 4405 2404 4441 um
2413 4429 2426 4442 .

2274 4504 2363 4559 57.
2400 4504 2530 4561 Late
2560 4523 2721 4578 supra
2750 4510 3083 4568 ostendimus
3112 4510 3253 4582 (Lib.
3290 4528 3339 4568 iV
3360 4553 3375 4578 ,
3401 4528 3521 4584 cap.
3554 4512 3613 4581 ὁ,
3658 4529 3802 4567 tum.

2204 4595 2318 4667 20),
2344 4600 2487 4667 quod
2543 4603 2817 4658 excellens
2859 4606 3174 4673 magnitudo
3222 4606 3465 4675 corporis
3509 4607 3564 4661 in
3605 4606 3804 4662 sanctis

492 4670 604 4710 non
636 4657 901 4729 abneget;
934 4668 995 4717 ut
1023 4663 1093 4717 sit
1123 4668 1268 4734 quod
1298 4678 1380 4722 est
1428 4685 1526 4739 pro
1571 4672 1705 4739 Deo,
1738 4682 1793 4727 et
1844 4674 1988 4743 quod
2015 4685 2093 4731 est

2204 4689 2643 4757 prmdicatorihus
2675 4695 2919 4763 designet
2943 4708 3289 4767 augmentum
3333 4698 3716 4767 perfectionis.
3746 4699 3803 4754 In

491 4758 594 4814 pro
624 4751 938 4821 semetipso,
961 4770 1068 4808 non
1094 4756 1184 4811 sit.
1218 4757 1405 4813 Honor
1441 4761 1624 4831 itaque
1667 4763 1879 4818 oblatus
1907 4754 1935 4819 a
1966 4766 2093 4820 sub-

486 4837 637 4905 jecto
664 4844 973 4913 suscipitur,
1005 4857 1063 4902 ut
1092 4851 1403 4919 praedicatio
1450 4856 1879 4912 commendetur.
1909 4858 2095 4915 Hono-

492 4942 611 4983 rem
636 4946 851 5002 quoque
875 4938 1116 4993 oblatum
1171 4943 1494 5011 praedicator
1548 4947 1776 5017 despicit
1804 4950 1925 5018 quia
1981 4968 2092 5006 non

496 5019 780 5110 extollitur
808 5028 951 5095 quod
980 5029 1306 5100 honoratur,
1328 5034 1421 5089 sed
1436 5038 1787 5110 gaudetquod
1820 5042 1967 5097 verbi
1994 5043 2089 5099 Dei

492 5109 850 5200 ministerium
902 5123 1333 5179 commendetur.
1395 5125 1508 5181 Hoc
1529 5138 1707 5183 autem
1756 5146 1919 5200 quam
1949 5132 2091 5188 dilli-

489 5199 596 5257 cile
624 5214 836 5277 agatur,
900 5213 1188 5282 cogitando
1217 5217 1411 5273 melius
1440 5233 1601 5288 quam
1632 5199 1900 5292 loquendo
1942 5242 2092 5281 com-

494 5292 869 5361 prehenditur.
902 5300 1036 5358 Nam
1072 5305 1298 5362 inlirmis
1328 5312 1598 5368 mentibus
1648 5314 1982 5385 impossibile
2008 5329 2095 5375 est

492 5395 632 5442 onus
658 5390 884 5447 aliorum
914 5394 1126 5453 fortiter
1156 5398 1297 5457 ferre
1313 5411 1367 5457 et
1399 5404 1564 5460 oblati
1591 5407 1811 5463 honoris
1831 5425 2090 5467 reveren-

492 5471 628 5564 tiam
646 5482 840 5536 mentis
859 5483 1058 5542 virtute
1069 5488 1358 5559 disponere
1374 5510 1389 5559 ;
1408 5504 1468 5548 ut
1500 5496 1641 5550 inter
1656 5495 1893 5564 ejusdem
1910 5498 2090 5556 hono-

491 5563 571 5617 ris
600 5566 879 5640 obsequia,
910 5576 977 5631 de
1007 5580 1251 5648 profectu
1282 5584 1615 5641 subditorum
1644 5563 1881 5656 gaudere
1908 5591 2045 5648 sciat
2072 5632 2089 5661 ,

492 5661 550 5708 et
572 5669 675 5726 pro
699 5666 1004 5721 reverentia
1017 5683 1112 5725 sua
1128 5679 1334 5731 tumere
1354 5676 1580 5733 nesciat.
1606 5677 1741 5747 Quia
1773 5694 1903 5753 ergo
1924 5683 2087 5739 electi

461 5930 472 5957 ὁ
569 5868 594 5895 ⁸
626 5858 797 5920 Vatic.
828 5872 885 5925 et
904 5865 1069 5926 Gilot.
1103 5874 1304 5933 addunt
1330 5881 1405 5933 in.

2202 4779 2381 4834 medio
2396 4797 2523 4850 ergo
2556 4788 2735 4854 populi
2765 4789 3009 4844 sublimis
3029 4787 3309 4859 a‘spicitur,
3340 4792 3431 4859 qui
3458 4791 3511 4844 in
3539 4791 3801 4846 virtutum

2202 4870 2436 4924 culmine
2457 4874 2683 4941 positus,
2710 4892 2739 4930 a
2764 4878 2989 4932 subditis
3018 4896 3125 4933 non
3154 4881 3412 4935 nescitur.
3446 4879 3655 4935 Rectus
3675 4881 3792 4950 qui-

2201 4962 2323 5016 dem
2356 4964 2489 5018 ordo
2513 4966 2667 5021 electi
2694 4970 3061 5036 pmdicatoris
3082 4982 3161 5026 est
3188 4982 3245 5025 ut
3265 4982 3391 5027 ante
3406 4972 3799 5029 sublimitatem

2199 5052 2552 5109 ecclesiastici
2576 5056 2840 5122 culminis,
2892 5061 3106 5117 culmen
3146 5062 3475 5119 conscendat
3532 5063 3755 5118 virtutis
3782 5100 3800 5129 ,

2200 5156 2299 5210 pro
2331 5143 2539 5200 honore
2565 5145 2658 5202 Dei
2690 5150 2901 5206 culmen
2943 5153 3185 5209 obtineat
3213 5154 3419 5224 gloriae,
3459 5156 3557 5211 sed
3606 5156 3797 5225 majori

2202 5234 2532 5291 sublimitate
2571 5237 2791 5307 fulgeat.
2827 5253 2851 5278 ⁸·
2881 5246 3113 5300 revelata
3146 5246 3403 5303 virtutum
3435 5247 3775 5317 perfectione

2200 5323 2345 5381 Talis
2372 5329 2587 5391 quidem
2630 5330 2823 5389 Pastor
2851 5350 2879 5389 a
2928 5336 3178 5406 perfectis
3227 5338 3352 5394 viris
3393 5340 3550 5395 valde
3608 5338 3797 5410 prtedi-

2198 5417 2401 5472 candus
2428 5429 2531 5489 est,
2559 5437 2589 5475 a
2618 5424 2914 5481 minoribus
2945 5427 3238 5497 capiendus
3267 5437 3429 5497 atque
3469 5428 3792 5498 diligendus.

2199 5503 2347 5561 Bene
2379 5523 2507 5577 ergo
2537 5511 2879 5579 subjunctum
2915 5524 2996 5571 est
3038 5534 3051 5570 :
3097 5516 3169 5572 Et
3196 5520 3271 5571 ait
3299 5520 3367 5572 ad
3397 5536 3607 5574 omnem
3634 5534 3793 5590 popu-

2199 5596 2306 5651 lum
2334 5618 2345 5649 :
2378 5597 2525 5655 Certe
2546 5604 2747 5675 videtis,
2779 5624 2924 5675 quem
2971 5610 3121 5682 elegit
3175 5608 3454 5680 Dominus,
3515 5610 3653 5684 quod
3687 5624 3788 5665 Ml

2198 5688 2267 5744 sit
2291 5690 2337 5745 ei
2362 5691 2547 5747 similis
2583 5695 2637 5750 in
2658 5697 2799 5753 omni
2819 5700 3027 5771 populo.
