4020 6344
222 347 324 407 509

1040 361 1103 416 ΙΝ
1144 361 1412 424 PRIMUM
1448 366 1689 426 REGUM
1729 371 2240 441 EXPOSITIONES.
2282 410 2353 424 —
2390 382 2529 441 LIB.
2573 386 2665 444 IV.

3396 407 3503 463 510

286 459 468 534 (Vers.
527 463 642 538 25.)
694 466 764 523 Et
807 469 1047 527 clamavit
1076 487 1287 534 cunctus
1324 484 1586 554 populus:
1647 483 1800 542 Vivat
1827 489 1878 549 Α
1906 489 2095 546 altario
2112 494 2244 548 vivat
2267 492 2323 566 (Ι
2350 495 2474 554 Cor.
2505 516 2581 565 rx,
2616 501 2730 572 14).
2758 502 2911 561 Hanc
2928 508 3131 581 quippe
3151 496 3325 582 legem
3351 521 3503 587 regni

220 571 331 611 rex.

284 646 580 717 Sequatur:
642 719 649 726 .

286 740 466 811 (Vere.
515 741 633 814 ea)
671 743 901 803 ιοαοακ
930 759 1021 805 σα
1059 749 1279 811 Samuel
1322 758 1398 812 ad
1426 762 1676 832 populum
1726 764 1803 820 le-

211 832 609 902 gatam,“
646 837 1117 911 Ieﬁpoitintibro,
1156 852 1215 901 et
1248 850 1426 917 pomi!
1468 866 1646 909 coram
1688 852 1803 913 Bo-

278 1030 372 1087 38.
402 1032 619 1131 Dejure
646 1038 817 1131 regio,
849 1042 975 1112 quia
998 1048 1112 1103 tate
1132 1051 1378 1120 superius
1396 1054 1627 1114 diximus
1654 1058 1793 1131 (Lib.

205 1135 281 1187 tv,
312 1138 431 1194 cap.
461 1123 518 1192 4,
548 1144 695 1185 num.
723 1129 778 1200 4,
800 1134 958 1205 seq.),
1004 1137 1109 1196 hoc
1132 1150 1339 1200 tantum
1369 1146 1437 1202 de
1462 1148 1554 1206 illo
1581 1123 1792 1209 memo-

202 1224 408 1307 ramus,
436 1216 564 1284 quia
592 1220 658 1274 ad
703 1220 985 1283 historiam
1036 1245 1142 1287 non
1191 1237 1531 1307 praecipitur,
1584 1243 1677 1298 sed
1707 1260 1796 1302 os-

201 1303 445 1398 tenditur
465 1307 596 1379 quid
627 1315 799 1369 acturi
822 1317 930 1372 sint
960 1334 1114 1390 reges
1142 1303 1380 1394 reprobi,
1412 1303 1543 1398 quid
1570 1332 1793 1393 vitaturi

198 1393 312 1449 sint
517 1400 565 1456 Δ
588 1404 803 1474 regibus
831 1409 1047 1479 quidem
1075 1411 1396 1475 defendendi
1422 1393 1547 1475 sunt
1567 1425 1787 1492 subditi,

195 1501 306 1581 non
334 1488 491 1547 bonis
517 1497 753 1567 propriis
782 1502 1069 1570 spoliandi.
1093 1506 1360 1565 Auxilium
1376 1523 1633 1581 praestare
1657 1488 1787 1572 sub;

190 1576 353 1648 jectis
378 1582 598 1653 debent,
631 1601 808 1658 agros,
840 1594 1028 1650 vineas
1075 1606 1129 1651 et
1188 1576 1392 1656 oliveta
1414 1603 1627 1661 auferre
1677 1624 1785 1664 non

191 1669 413 1728 debent.
446 1674 603 1743 Quod
628 1679 674 1733 si
710 1695 819 1737 non
840 1684 1077 1753 vitanda,
1110 1688 1202 1744 sed
1219 1692 1424 1759 agenda
1446 1695 1647 1765 scripta
1673 1698 1788 1755 haec

191 1764 525 1822 contendere
550 1770 714 1844 25$
744 1775 865 1843 quis
888 1776 1122 1834 voluerit
1148 1817 1165 1844 ,
1197 1791 1548 1853 tyrannorum
1573 1786 1663 1857 jus
1683 1805 1782 1859 pro

1908 580 2166 671 l_)ominus
2194 584 2513 657 loquebatur
2540 595 2607 646 ad
2662 595 2940 665 pepulum,
2993 580 3224 671 quando
3249 580 3460 662 dicebat
3486 628 3498 662 :

1908 669 2009 736 Qui
2036 676 2218 747 recipit
2242 680 2545 751 prophetam
2564 685 2619 738 in
2642 688 2853 744 nomine
2899 669 3184 764 prop/reue,
3218 700 3503 754 mercedem

1903 767 2168 853 propheta:
2214 771 2465 843 accipiet;
2513 784 2562 829 et
2589 778 2675 846 qui
2726 781 2911 851 recipit
2940 783 3143 853 justum
3190 787 3243 840 in
3294 791 3503 847 nomine

1894 852 2048 924 justi,
2066 859 2355 915 mercedem
2387 862 2524 933 justi
2566 868 2787 936 accipiet
2818 852 3033 943 (Matth.
3093 892 3149 940 ιι,
3176 875 3292 951 ii).
3352 879 3417 935 Et
3442 888 3504 936 ut

1902 946 2103 1003 arctius
2125 948 2266 1007 hanc
2282 953 2340 1007 in
2368 954 2508 1011 libro
2536 956 2902 1030 describeret,
2959 980 2989 1019 a
3020 968 3219 1023 minori
3244 946 3497 1027 'verbum

1898 1040 2181 1110 roborans,
2212 1045 2323 1100 ait:
2352 1044 2462 1112 Qui
2481 1050 2678 1106 dederit
2704 1055 2795 1109 uni
2819 1072 2885 1111 ex
2914 1060 3145 1115 minimis
3180 1065 3308 1118 meis
3366 1067 3495 1120 cali-

1897 1143 2005 1182 cem
2029 1147 2179 1202 aque
2203 1134 2415 1207 frigidm
2432 1148 2630 1194 tantum
2656 1144 2713 1196 in
2734 1147 2944 1201 nomine
2958 1149 3220 1220 discipuli,
3253 1169 3357 1209 non
3379 1172 3499 1226 per-

1896 1222 1983 1278 det
2003 1228 2288 1282 mercedem
2308 1247 2457 1285 suam
2487 1231 2681 1303 (Marc.
2711 1252 2786 1303 rx,
2818 1238 2929 1309 46).
2961 1240 3220 1311 Sequitur
3245 1263 3259 1298 :

1967 1316 2266 1388 (Vers.'25,
2298 1320 2388 1390 26,
2411 1323 2528 1393 ‘27.)
2577 1325 2791 1382 Dimisit
2824 1330 3037 1387 Samuel
3080 1353 3280 1391 omnem
3330 1356 3494 1408 popu-

1892 1405 2019 1472 lum,
2052 1409 2285 1479 singulos
2312 1411 2369 1465 in
2398 1420 2610 1469 domum
2638 1434 2808 1472 suam.
2844 1420 2951 1475 Sed
2973 1421 3106 1477 Saul
3142 1424 3269 1479 abiit
3300 1405 3354 1481 in
3387 1405 3483 1482 do-

1890 1515 2030 1553 mum
2054 1504 2280 1556 suamin
2320 1501 2525 1574 Gabaa,
2552 1516 2601 1561 et
2622 1508 2751 1563 abiit
2771 1526 2885 1564 cum
2912 1528 2971 1566 eo
3019 1531 3141 1583 pars
3196 1520 3448 1572 exercitus
3472 1558 3490 1585 ,

1888 1606 2105 1662 quorum
2127 1595 2289 1665 tetigit
2310 1594 2452 1651 Deus
2491 1599 2669 1655 corda.
2698 1600 2826 1656 Filii
2852 1619 2969 1658 vero
2997 1603 3163 1659 Belial
3198 1607 3441 1662 dixerunt
3470 1625 3490 1663 :

1888 1679 2143 1753 Nunquid
2187 1686 2390 1741 salvere
2450 1704 2546 1743 nos
2600 1692 2794 1759 poterit
2830 1692 2970 1746 iste?
3019 1691 3091 1747 Et
3148 1694 3493 1766 despexerunt

1887 1789 2026 1829 eum.

189 1869 260 1912 eo
288 1871 420 1928 rege
438 1862 695 1920 scribitur
742 1868 853 1938 qui,
886 1869 1100 1939 abjecto
1151 1872 1401 1945 Domino,
1458 1882 1780 1949 postulatur.
1813 1864 1864 1927 Β
1961 1885 2049 1943 59.
2083 1887 2139 1944 Si
2183 1890 2412 1961 simplex
2468 1892 2691 1949 historia
2732 1895 3011 1967 quaeritur,
3066 1897 3195 1965 quid
3252 1914 3487 1968 unquam

187 1945 439 2042 (ξι-πειθὼ
474 1966 603 2025 ergo
626 1955 713 2011 lex
739 1960 912 2029 regni,
938 1962 1074 2018 ultio
1104 1973 1188 2020 est
1217 1945 1503 2024 Dominum
1535 1971 1787 2042 abjicien-

185 2039 257 2094 tis
274 2043 482 2113 populi.
506 2044 625 2101 Non
646 2050 785 2103 enim
808 2050 1067 2121 injustum
1098 2065 1215 2111 erat
1242 2067 1302 2113 ut
1330 2073 1489 2129 agros
1516 2073 1569 2117 et
1597 2039 1783 2122 uineas

181 2131 463 2205 perderet,
490 2137 583 2206 qui
612 2150 928 2209 regnantem
958 2160 1123 2216 super
1150 2163 1210 2203 se
1246 2147 1535 2207 Dominum
1584 2165 1782 2226 sponte

181 2225 466 2295 perdebat.
486 2225 695 2286 Cuncta
726 2246 855 2307 ergo
881 2249 1002 2305 quae
1031 2246 1221 2294 contra
1251 2243 1559 2311 aequitatem
1593 2244 1643 2299 in
1676 2246 1781 2304 hoc

176 2313 300 2384 jure
326 2317 478 2387 regio
496 2320 851 2379 cominentur
873 2341 1027 2396 aequa
1050 2343 1169 2385 esse
1200 2332 1493 2401 cernimus,
1520 2336 1565 2391 si
1594 2336 1647 2391 in
1682 2353 1777 2408 pe-

180 2407 353 2465 tendo
382 2424 511 2481 rege
557 2413 815 2485 quidquid
849 2419 1077 2489 populus
1120 2422 1419 2492 deliquerat
1462 2407 1777 2484 considera-

178 2513 319 2556 mus.
355 2500 491 2557 Nam
512 2504 661 2573 quod
690 2520 940 2576 magnum
962 2503 1023 2564 in
1052 2511 1244 2569 divinae
1270 2515 1542 2587 aequitatis
1568 2521 1779 2575 exami-

177 2604 246 2647 ne
269 2592 571 2665 onuslegis
595 2606 698 2677 ﬁt,
731 2597 775 2652 si
796 2596 1163 2658 ﬁliosetﬁlias
1184 2603 1239 2658 in
1272 2606 1414 2676 regis
1442 2622 1607 2677 opere
1621 2609 1777 2666 inviti

177 2694 451 2753 ponerent
492 2690 699 2759 quos'a
724 2690 819 2746 Dei
854 2692 1106 2751 libertate
1133 2707 1328 2768 sponte
1376 2701 1655 2757 tulissent?
1707 2702 1776 2759 Et

175 2774 303 2847 quid
334 2776 721 2838 inconveniens
750 2799 869 2840 esse
899 2789 1156 2852 cernitur,
1182 2791 1228 2844 si
1258 2793 1403 2862 quod
1426 2794 1492 2848 ad
1522 2796 1774 2851 ultimum

104 2880 105 2883 ‘
174 2867 421 2937 ponitur,
450 2870 550 2941 ipsi
570 2871 767 2929 ﬁerent
787 2878 929 2931 servi
978 2879 1254 2935 hominum
1305 2884 1396 2953 qui
1445 2885 1774 2953 abjiciebant

171 3052 341 3120 bitur,
373 3065 647 3127 perpetua:
675 3064 949 3118 memoriae
971 3080 1130 3133 poena
1174 3069 1407 3123 traditur
1458 3084 1562 3139 qua
1601 3072 1770 3127 auda-

172 3160 262 3200 ces
285 3148 621 3217 puniantur;
661 3166 780 3221 quae
810 3155 935 3222 quia
982 3172 1079 3226 per
1109 3158 1317 3215 Domini
1359 3160 1623 3230 justitiam
1661 3166 1767 3220 lata

172 3232 373 3301 fuerat,
405 3252 588 3293 coram
608 3239 834 3296 Domino
850 3246 1039 3314 reponi
1066 3248 1397 3315 perhibetur.
1417 3250 1522 3307 Sed
1544 3254 1773 3312 fortasse
1799 3242 1847 3306 ο

168 3323 252 3393 jus
283 3328 421 3383 illud
450 3329 594 3386 aliud
621 3332 721 3386 fuit
744 3348 905 3403 quam
931 3337 1019 3392 lex
1048 3339 1148 3394 ista
1176 3345 1578 3411 quatscribitur.
1612 3348 1770 3414 Quod

173 3415 216 3471 si
241 3432 436 3472 verum
466 3428 571 3486 est,
605 3422 743 3478 hanc
769 3424 987 3481 Samuel
1016 3444 1202 3484 coram
1233 3446 1362 3502 rege
1414 3434 1480 3489 ad
1511 3438 1768 3508 populum

171 3507 437 3581 loquitur,
461 3520 521 3567 ut
548 3529 643 3569 rex
663 3516 798 3571 sciat
830 3533 864 3572 a
894 3521 1096 3591 populo
1127 3523 1253 3592 quid
1308 3507 1591 3597 exquirat,
1635 3531 1771 3585 sciat

171 3602 405 3673 populus
434 3604 563 3673 quid
578 3607 835 3663 exhibere
862 3610 973 3665 suis
992 3613 1207 3680 regibus
1246 3613 1458 3671 debeat.
1496 3618 1631 3685 Quae
1682 3621 1769 3677 lex

171 3694 221 3748 in
248 3694 391 3750 libro
418 3696 676 3753 scribitur
703 3708 761 3754 ut
790 3716 891 3771 pro
912 3700 1227 3760 futurorum
1263 3709 1527 3764 memoria
1582 3726 1769 3769 reser-

167 3795 350 3839 vetur.
372 3784 569 3840 Coram
596 3786 827 3846 Domino
846 3794 1085 3863 ponitur,
1121 3804 1181 3849 ut
1218 3798 1539 3854 venerabilis
1568 3800 1767 3857 habea-

170 3885 273 3931 tur.
310 3877 417 3932 Nos
443 3888 620 3934 autem
648 3896 802 3951 rcges
830 3881 1193 3941 Ecclesiarum
1225 3902 1344 3944 esse
1385 3900 1601 3947 sanctos
1628 3909 1767 3963 pra:-

166 3975 443 4031 dieatores
472 3978 726 4047 diximus,
757 3980 951 4049 quibus
1007 3992 1193 4054 aperte
1241 3986 1420 4039 omnia
1474 3990 1766 4046 convenire

165 4068 511 4127 ostendimus
535 4085 654 4140 quae
675 4070 798 4141 jure
824 4074 973 4142 regio
1028 4076 1392 4131 continentur.
1424 4077 1577 4134 lianc
1633 4096 1762 4151 ergo

164 4158 345 4230 legem
369 4158 585 4215 Samuel
611 4161 677 4215 ad
696 4163 958 4232 populum
984 4164 1244 4234 loquitur,
1277 4168 1493 4237 quando
1550 4170 1758 4227 electus

162 4248 359 4306 doctor
388 4250 571 4307 ﬁdeles
596 4253 1073 4311 sanctae‘Ecclesirc
1104 4259 1338 4324 instruit,
1369 4275 1473 4330 qua
1496 4260 1762 4317 humilita-

162 4349 216 4397 te
235 4343 354 4397 suis
375 4344 674 4414 prtepositis
694 4345 929 4402 debeant
958 4349 1252 4418 subjugari.
1310 4350 1367 4404 In
1420 4352 1556 4407 libro
1599 4354 1758 4408 etiam

161 4436 423 4492 scribitur
449 4436 667 4507 quando
696 4439 750 4494 in
772 4454 959 4496 eorum
991 4451 1172 4497 mente
1200 4443 1312 4499 haec
1344 4444 1568 4500 ﬁrmiter
1612 4447 1758 4501 inse-

160 4528 246 4582 rit.
274 4527 413 4583 Nam
442 4528 534 4599 qui
561 4531 638 4585 sic
680 4530 937 4600 loquitur,
988 4542 1047 4587 ut
1095 4534 1274 4589 audita
1315 4536 1588 4592 auditores
1643 4539 1757 4607 ejus

1887 1976 2101 2047 planius
2127 1979 2233 2035 dici
2262 1982 2480 2052 potuit?
2505 1981 2610 2038 Sed
2638 1984 2684 2039 si
2711 1986 2818 2039 vim
2841 1986 3126 2040 verborum
3153 1987 3486 2056 singulorum

1886 2069 2232 2137 attendimus,
2266 2086 2459 2141 magna
2480 2082 2608 2129 sunt
2636 2090 2755 2147 qua:
2775 2075 2832 2129 in
2860 2075 2963 2131 hac
2991 2076 3334 2147 simplicitate
3363 2093 3487 2133 ver-

1883 2156 2073 2213 borum
2106 2161 2446 2219 clauduntur.
2488 2164 2619 2219 Nam
2675 2167 2911 2236 populus
2951 2167 3007 2221 in
3055 2168 3274 2223 domum
3331 2184 3486 2223 suam

1883 2248 2137 2308 dimissus
2164 2256 2445 2325 asseritur,
2485 2272 2581 2311 rex
2612 2266 2795 2313 autem
2848 2258 2903 2312 in
2932 2259 3152 2314 domum
3204 2276 3313 2315 non
3359 2275 3481 2316 esse

1883 2339 2157 2411 dimissus,
2190 2344 2288 2400 sed
2312 2346 2511 2404 abiisse
2534 2348 2870 2416 perhibetur.
2902 2348 3206 2419 Separatim
3263 2366 3480 2421 quoque

1880 2433 1948 2488 de
1976 2434 2222 2491 domibus
2246 2438 2431 2508 populi
2463 2438 2603 2494 etde
2650 2439 2812 2495 domo
2862 2441 3005 2509 regis
3054 2439 3252 2496 dicitur
3287 2459 3300 2495 :
3357 2441 3484 2511 quia

1879 2526 2110 2597 populus
2135 2528 2368 2585 refertur
2396 2531 2651 2589 dimissus
2703 2535 2758 2589 in
2807 2534 3027 2591 domum
3068 2550 3242 2600 suam,
3276 2543 3330 2588 et
3386 2549 3485 2587 rex

1879 2618 2076 2675 abiisse
2099 2621 2153 2675 in
2182 2636 2356 2677 suam.
2383 2621 2537 2678 Prius
2566 2632 2744 2681 tamen
2773 2626 3006 2696 populus
3056 2628 3217 2698 256
3236 2624 3487 2679 dimissus

1877 2715 1963 2763 est
1982 2724 2142 2779 quam
2172 2711 2347 2766 abiret
2376 2728 2492 2768 rex.
2520 2713 2596 2768 De
2627 2715 2858 2770 abeunte
2884 2717 3045 2771 etiam
3093 2715 3293 2785 populo
3324 2724 3484 2769 caute

1876 2802 2138 2871 signatur,
2172 2813 2227 2860 et
2257 2822 2363 2860 non
2391 2808 2570 2871 simul,
2594 2810 2689 2864 sed
2718 2810 2912 2878 singuli
2947 2810 3143 2865 abiisse
3175 2811 3227 2864 in
3256 2810 3479 2863 domum

1876 2909 2030 2949 suam
2059 2896 2384 2952 referuntur.
2414 2898 2489 2953 De
2518 2900 2601 2953 his
2626 2916 2757 2955 vero
2783 2903 2872 2971 qui
2922 2917 3105 2970 regem
3137 2902 3309 2955 secuti
3354 2909 3479 2954 sunt

1876 3004 1984 3043 non
2015 2988 2213 3044 dicitur
2247 3008 2261 3043 :
2295 2991 2440 3045 Abiit
2465 3007 2592 3061 pars
2642 2994 2932 3059 exercitus,
2994 2994 3190 3061 singuli
3235 3002 3359 3062 post
3404 3006 3483 3046 rc-

1873 3091 2016 3147 gem,
2045 3078 2139 3133 sed
2166 3097 2179 3133 :
2220 3070 2362 3134 Ἁὺίἰι
2388 3097 2503 3135 cum
2531 3099 2590 3136 eo
2616 3099 2740 3153 pars
2762 3084 3039 3137 exercitus.
3067 3080 3148 3136 Ad
3177 3091 3482 3135 extremum

1877 3184 2008 3223 vero
2040 3170 2130 3240 qui
2150 3183 2335 3239 regem
2368 3182 2685 3240 sequuntur,
2711 3188 2897 3228 eorum
2944 3173 3107 3228 corda
3134 3187 3161 3225 β
3200 3172 3309 3225 Deo
3336 3178 3480 3225 tacta

1878 3258 2220 3326 referuntur;
2255 3262 2345 3331 qui
2371 3277 2552 3333 regem
2597 3273 2898 3335 spernunt,
2926 3262 3102 3317 Belial
3162 3261 3258 3315 lilii
3303 3261 3480 3315 nomi-

1878 3363 2094 3406 nantur.
2118 3352 2218 3410 Hic
2238 3355 2485 3424 profecto
2541 3358 2735 3411 modus
2779 3356 2989 3412 dicendi
3027 3373 3135 3411 non
3190 3357 3421 3426 simplex
3454 3396 3473 3424 ,

1874 3443 1970 3498 sed
2002 3446 2156 3498 valde
2181 3445 2229 3498 ei
2259 3446 2471 3500 subtilis
2510 3453 2609 3511 est,
2641 3447 2733 3515 qui
2757 3447 3110 3503 considerare
3131 3446 3301 3511 novit,
3356 3462 3469 3502 non

1873 3535 2023 3605 quod
2055 3536 2372 3607 simpliciter
2398 3536 2531 3594 loris
2557 3547 2735 3606 sonat,
2766 3539 2862 3594 sed
2887 3539 3031 3610 quod
3083 3538 3361 3608 sapienter
3391 3538 3476 3592 in-

1873 3634 1961 3682 tus
1990 3626 2245 3685 insinuat.
2270 3627 2409 3699 Quid
2437 3639 2520 3685 est
2543 3644 2696 3699 ergo,
2724 3630 2868 3701 quod
2886 3645 2981 3684 rex
2999 3630 3051 3684 in
3077 3630 3295 3685 domum
3320 3644 3473 3685 suam

1873 3717 2043 3787 abire,
2076 3719 2306 3790 populus
2338 3736 2465 3777 vero
2494 3722 2691 3776 dimitti
2722 3720 2953 3777 dicitur?
2975 3721 3082 3778 Sed
3126 3736 3330 3792 regem,
3365 3720 3472 3776 Ec-

1870 3808 2047 3864 cleeiae
2061 3819 2357 3881 pastorem,
2382 3814 2633 3883 populos,
2663 3814 2937 3884 subjectos
2968 3814 3253 3884 designare
3275 3826 3428 3868 osteu
3446 3845 3463 3855 -

1868 3902 2062 3957 dimus.
2091 3903 2175 3959 Ire
2205 3914 2382 3961 autem
2405 3907 2557 3961 liberi
2586 3916 2666 3962 est
2690 3924 2704 3973 ;
2742 3907 2933 3960 dimitti
2961 3906 3095 3975 ejus,
3127 3908 3214 3976 qui
3240 3905 3463 3959 retineri

1867 4002 2065 4065 potest.
2100 3996 2215 4052 Rex
2245 4013 2373 4070 ergo
2395 4000 2545 4055 abire
2572 3999 2771 4055 dicitur
2793 4007 2850 4053 ut
2874 4000 2925 4051 in
2946 4013 3175 4067 persona
3202 3997 3466 4066 praedica-

1870 4088 2004 4143 toris
2033 4088 2253 4144 libertas
2284 4091 2448 4144 animi
2474 4091 2815 4161 praedicetur.
2851 4089 3013 4143 Abire
3042 4089 3241 4157 quippe
3271 4088 3465 4141 docto-

1863 4195 1953 4236 res
1992 4190 2237 4251 possunt,
2264 4198 2383 4238 cum
2417 4184 2625 4251 volunt,
2659 4190 2713 4235 et
2736 4181 2931 4245 redire,
2966 4180 3091 4249 quia
3138 4178 3306 4233 fortes
3334 4186 3465 4233 sunt

1864 4272 1916 4326 in
1950 4271 2093 4327 bono
2121 4288 2307 4343 opere,
2333 4273 2603 4343 sapientes
2635 4272 2689 4324 in
2713 4272 2924 4325 interna
2950 4269 3326 4339 dispositione.
3359 4268 3459 4321 Ve-

1864 4362 2020 4415 niunt
2045 4363 2265 4432 quippe,
2291 4364 2507 4437 quando
2539 4362 2607 4414 ad
2635 4360 2878 4415 subditos
2906 4367 3105 4414 exeunt
3135 4367 3226 4413 aut
3269 4375 3456 4415 exeni-

1860 4454 1951 4525 plo
1980 4456 2111 4508 boni
2141 4455 2322 4522 Oper-is
2351 4464 2441 4508 aut
2477 4455 2644 4509 verbo
2666 4454 3089 4525 prmtlicationis.
3118 4454 3331 4508 Abeunt
3358 4469 3454 4508 an-

1863 4555 1992 4609 tem,
2029 4548 2244 4616 quando
2276 4548 2342 4600 ad
2366 4547 2562 4601 mentis
2602 4556 2872 4602 secretum
2922 4546 3168 4613 redeunt,
3222 4554 3277 4601 et
3313 4546 3461 4618 quod

160 4619 572 4689 obliviscantur,
604 4622 669 4676 ad
699 4624 956 4693 populum
993 4624 1179 4697 ‘legem
1208 4626 1359 4692 dicit,
1393 4628 1489 4684 sed
1534 4631 1674 4685 hanc
1700 4631 1754 4684 in
1780 4625 1787 4679 ἶ

1878 4636 1993 4692 'oris
2025 4636 2195 4691 acturi
2228 4645 2371 4704 sunt,
2417 4637 2558 4691 intus
2596 4636 2908 4707 disponunt.
2960 4637 3018 4691 In
3051 4654 3161 4709 qua
3208 4637 3461 4691 nimirum

159 4707 299 4765 libro
331 4726 440 4765 non
476 4712 685 4767 scribit.
700 4712 880 4770 Verba
908 4728 1056 4784 ergo,
1085 4732 1203 4786 quae
1253 4717 1444 4774 doctor
1472 4718 1713 4789 loquitur
1738 4763 1753 4789 ,

159 4801 211 4855 in
242 4803 674 4871 libro-scribere,
719 4814 806 4862 est
842 4807 1160 4863 conditorum
1214 4826 1437 4867 suorum
1482 4814 1756 4870 mentibus

158 4903 372 4953 attente
392 4898 805 4956 commendare.
837 4898 1002 4966 Quasi
1024 4902 1269 4959 scribere
1293 4905 1515 4959 volebat
1564 4906 1752 4963 Domi-

156 5004 277 5054 nus,
304 5004 424 5058 quin
448 4990 678 5058 dixerat,
701 4993 920 5062 quando
966 4994 1180 5050 dicebat
1211 5012 1225 5049 :
1280 4994 1594 5051 Mementote
1640 5015 1753 5054 ser-

155 5082 329 5136 monis
358 5082 477 5148 mei,
509 5084 907 5155 quem-egotibi
943 5085 1103 5141 vobis.
1150 5083 1276 5141 Non
1304 5095 1390 5141 est
1426 5104 1602 5142 seruus
1629 5106 1750 5144 ma-

148 5179 241 5250 jor
261 5179 491 5252 Domino
510 5199 603 5240 suo
627 5184 807 5255 (Joau.
837 5202 929 5253 xv,
976 5187 1093 5259 20).
1120 5187 1264 5245 ‘Hinc
1284 5188 1747 5249 Paulus‘locutam

153 5275 313 5343 regni
340 5274 509 5344 legem
532 5277 585 5333 in
612 5278 761 5335 'libro
787 5280 1111 5349 describens,
1132 5283 1204 5337 ait
1230 5301 1243 5337 :
1274 5282 1587 5340 Mementote
1606 5304 1749 5357 prte-

152 5370 443 5434 positorum
469 5376 770 5433 uestrorum,
802 5374 887 5442 qui
911 5372 1051 5427 vobis
1073 5372 1363 5427 locutisunt
1388 5374 1595 5429 uerbum
1620 5372 1743 5447 ’Dei,

152 5472 375 5526 quorum
397 5459 659 5514 intuentes
688 5462 883 5516 exitum
907 5465 1336 5531 comm-sationis,
1360 5464 1647 5520 imitamini
1672 5467 1746 5536 ﬁ-

153 5546 274 5601 dem
298 5546 466 5621 (ﬂeo.
496 5565 612 5621 xm,
642 5551 718 5622 7).
751 5552 965 5609 Sivero
1016 5563 1071 5610 et
1098 5556 1185 5611 hic
1213 5556 1373 5611 aliam
1403 5556 1575 5631 legem
1624 5559 1747 5628 quis

151 5653 277 5695 esse
310 5642 687 5713 prtesignatam
708 5646 958 5716 accipere
983 5647 1235 5715 voluerit,
1290 5649 1437 5704 illam
1466 5652 1695 5721 aspiciat
1724 5690 1745 5720 ,

151 5746 322 5801 quam
351 5735 541 5790 beatus
570 5735 767 5792 Paulus
784 5739 1035 5806 ostendit,
1065 5738 1250 5795 dicens
1270 5760 1282 5794 :
1303 5739 1403 5806 Qui
1428 5744 1746 5816 evangelium

149 5827 455 5896 annuntiat,
485 5826 547 5884 de
574 5828 837 5903 evangelio
861 5831 994 5887 vivat
1020 5840 1105 5886 :et
1123 5833 1209 5904 qui
1229 5832 1418 5890 altario
1436 5835 1592 5892 servit
1616 5873 1635 5903 ,
1680 5836 1748 5892 de

1864 4726 2295 4782 consideratione
2321 4726 2448 4797 quia
2471 4726 2714 4796 quotidie
2762 4736 3086 4797 permanent
3114 4727 3268 4797 quasi
3319 4726 3460 4779 intra

1861 4817 2080 4875 domum
2108 4818 2296 4873 latent.
2330 4819 2491 4873 Abire
2522 4832 2651 4886 ergo
2683 4819 2735 4871 in
2759 4818 2979 4873 domum
3024 4833 3179 4871 suam
3203 4832 3297 4871 rex
3323 4816 3459 4871 diei-

1860 4923 1968 4979 tur,
1982 4913 2105 4983 quia
2122 4913 2440 4982 przedicator
2453 4918 2671 4966 interna:
2694 4914 2813 4965 vitae
2835 4911 3152 4982 operatione
3168 4909 3452 4980 probatus,

1858 5007 2138 5077 sapientia:
2167 5006 2413 5062 doctrina
2461 5020 2705 5072 securus,
2755 5006 2892 5060 liber
2939 5005 3007 5060 ad
3054 5016 3221 5074 opera
3278 5008 3458 5074 potest

1863 5099 2068 5173 egredi,
2098 5108 2154 5156 et
2182 5100 2250 5156 ad
2274 5099 2497 5155 consilia
2527 5099 2723 5155 mentis
2751 5099 2975 5152 intrare.
3170 5187 3182 5196 -
3402 5185 3414 5196 .

1932 5192 2021 5246 40.
2048 5190 2479 5263 Populusautem
2497 5191 2550 5246 in
2564 5191 2781 5247 domum
2812 5204 2965 5246 suam
2988 5187 3293 5254 dimittitur,
3325 5187 3452 5255 quia

1860 5282 2044 5339 ﬁdeles
2072 5282 2300 5354 subjecti
2327 5298 2436 5339 non
2474 5291 2601 5338 sunt
2629 5280 2786 5337 liberi
2823 5279 2892 5335 ad
2943 5277 3276 5351 disponenda
3327 5288 3449 5345 quae

1860 5377 2069 5441 volunt,
2095 5375 2188 5430 sed
2205 5375 2272 5430 ad
2300 5390 2365 5431 ea
2391 5390 2511 5445 quae
2539 5373 2819 5444 jubentur.
2853 5371 3021 5442 Quasi
3052 5369 3187 5426 tenti
3230 5367 3449 5439 quidem

1858 5468 2223 5536 dimittuntur,
2254 5466 2547 5537 dumjussa
2576 5466 2961 5540 praecipiuntur
2988 5478 3148 5536 agere
3174 5479 3187 5529 ;
3245 5474 3451 5532 praesu-

1855 5574 2008 5617 mere
2031 5576 2138 5615 non
2160 5559 2331 5630 jussa,
2371 5558 2633 5614 devitarc.
2664 5556 2733 5612 Et
2766 5557 2893 5628 quia
2931 5555 2999 5611 ad
3025 5568 3189 5626 opera
3235 5551 3446 5606 diversa

1854 5652 2165 5716 mittuntur,
2188 5651 2242 5705 in
2271 5663 2424 5705 suam
2444 5650 2663 5704 domum
2680 5662 2872 5704 eorum
2888 5646 3254 5717 unusquisque
3265 5642 3447 5698 dimit-

1854 5742 2007 5799 titur.
2048 5738 2121 5797 Ut
2141 5734 2284 5796 enim
2308 5754 2374 5796 ea
2401 5754 2520 5811 quae
2547 5739 3049 5810 nobispracipiunt
3090 5738 3231 5792 bene
3275 5732 3440 5806 perli-

1852 5834 2086 5905 ciamus,
2107 5834 2420 5907 priusquam
2464 5847 2823 5907 appareamus
2867 5834 2924 5891 in
2946 5845 3131 5907 opere,
3162 5831 3306 5887 intus
3349 5840 3440 5882 re—
