4020 6344
499 442 596 498 Sil

1717 430 1959 491 SANCTI
1996 428 2327 487 GREGORII
2371 426 2587 486 MAGNI

3699 426 3799 488 512

499 554 785 612 condimur
845 552 899 607 in
956 551 1169 607 interna
1217 546 1677 603 consideratione.
1736 544 1912 614 Reges
1966 556 2096 613 ergo
2122 544 2177 604 Α
2203 542 2407 597 tribuit.
2440 540 2509 595 Et
2537 538 2656 609 ejus
2685 546 2890 597 tactum
2916 538 3365 611 sentiunt:quia,
3387 549 3613 612 recepto
3635 541 3802 599 inter-

498 651 671 708 nostri
710 666 811 705 nos
855 647 1094 717 singulos
1141 646 1196 700 in
1227 643 1445 699 domum
1491 650 1732 698 nostram
1770 638 2048 693 dimittunt
2075 676 2092 703 ,

498 742 625 812 quia
672 740 741 795 ad
768 755 832 795 ea
861 754 977 808 qua:
1008 734 1163 793 nobis
1188 734 1493 804 injungunt,
1547 746 1647 786 nos
1701 744 1797 800 per
1828 736 2096 784 secretam

500 835 699 891 ment-is
729 832 1144 902 dispositionem
1186 830 1264 884 ire
1300 825 1638 898 praecipiunt.
1687 824 1837 879 Bene
1880 821 2098 892 quidem

502 928 607 998 ipsi
640 927 961 998 prmcipiunt
987 969 1003 993 ,
1046 923 1141 980 sed
1174 924 1219 978 si
1266 920 1599 993 operationis
1637 926 1839 975 nostra:
1880 916 2099 971 modum

506 1020 833 1089 negligimus
861 1016 1179 1087 praevidere,
1204 1031 1323 1083 qua:
1350 1014 1491 1068 bene
1530 1019 1799 1082 praecepta
1836 1016 1994 1074 sunt,
2027 1007 2104 1062 in-

505 1113 754 1167 consulta
786 1118 967 1165 mente
996 1109 1335 1179 dissipamus.
1384 1105 1591 1173 Singuli
1624 1118 1753 1173 ergo
1800 1103 1853 1156 in
1883 1102 2103 1157 domum

506 1218 659 1257 suam
688 1201 934 1263 redeunt,
960 1198 1176 1269 quando
1210 1197 1575 1267 unusquisque
1619 1194 1794 1249 ﬁdelis
1852 1191 2104 1247 subditus

508 1306 648 1360 opus
679 1289 997 1345 obedientirc
1028 1287 1172 1359 quod
1222 1286 1478 1357 proponit
1508 1284 1740 1340 consilio
1771 1282 1967 1338 mentis
1995 1280 2106 1335 dis-

504 1383 762 1453 ponendo
786 1381 1063 1452 praevenit.
1094 1380 1229 1447 Quia
1260 1395 1391 1435 vero
1421 1378 1597 1434 electo
1628 1391 1757 1446 rege
1787 1377 1843 1431 in
1873 1375 2104 1429 domum

508 1488 667 1528 suam
704 1482 829 1527 ante
862 1473 1089 1542 populus
1115 1471 1387 1535 dimissus,
1407 1485 1567 1537 quam
1598 1483 1693 1522 rex
1735 1466 1931 1522 abiisse
1955 1479 2107 1521 asse-

511 1564 673 1629 ritur,
700 1572 878 1634 potest
907 1564 959 1617 in
982 1563 1088 1618 hoc
1116 1563 1261 1617 aliud
1287 1562 1574 1630 designari.
1602 1560 1703 1627 Qui
1752 1560 1896 1615 enim
1924 1572 2110 1628 regem

514 1651 791 1720 excipiunt
816 1651 869 1704 in
900 1650 1119 1705 domum
1150 1666 1303 1704 suam
1346 1648 1547 1703 vadunt
1579 1648 1795 1718 quando
1843 1662 1903 1703 se
1954 1663 2115 1704 unus-

512 1742 740 1811 quisque
759 1740 1033 1809 subjectus
1057 1740 1450 1795 considerando
1479 1747 1768 1809 przeparat,
1794 1747 1850 1793 ut
1880 1738 1930 1793 ei
1951 1754 2114 1807 quem

512 1849 751 1903 praeesse
772 1834 875 1891 sibi
902 1834 1059 1903 petiit
1081 1832 1299 1887 ﬁdelem
1325 1831 1690 1886 obedientiam
1722 1830 2021 1900 impendat.
2055 1828 2113 1883 In

2201 650 2282 690 na:
2298 635 2513 691 virtutis
2540 649 2794 703 munere,
2816 650 2847 690 a
2871 636 3202 691 carnalitatis
3231 652 3341 691 sua:
3362 636 3645 715 debilitate
3662 653 3803 694 com-

2201 738 2508 785 moventur.
2558 728 2661 795 Qui
2706 728 2955 799 protinus
2996 729 3232 785 caelestis
3280 729 3554 785 exercitus
3604 730 3803 786 milites

2203 821 2369 887 ﬁunt,
2393 820 2519 890 quia
2550 835 2649 891 per
2674 821 2929 876 virtutem
2948 821 3119 876 sancti
3148 821 3379 891 Spiritus
3408 820 3622 877 inﬁrma
3652 823 3807 880 dese-

2204 921 2361 980 runt,
2391 920 2447 967 et
2473 912 2539 967 ad
2572 912 2779 981 agenda
2806 911 2965 967 fortia
3005 912 3058 966 in
3084 912 3284 968 Christi
3315 913 3457 967 bello
3484 929 3805 984 przeparan-

2206 1012 2314 1061 tur.
2343 1004 2481 1071 Quia
2509 1020 2640 1060 vero
2668 1003 2808 1059 intra
2839 1013 3081 1059 sanctam
3108 1003 3403 1060 Ecclesiam
3427 1006 3650 1074 quidam
3674 1022 3808 1075 pra:-

2207 1097 2349 1152 latos
2374 1113 2504 1153 suos
2535 1097 2814 1167 despicere
2845 1114 2952 1153 non
2983 1107 3262 1166 verentur,
3292 1098 3534 1164 audiant,
3565 1098 3696 1168 quia
3720 1100 3811 1169 qui

2208 1204 2393 1258 regem
2431 1189 2737 1258 despiciunt
2774 1188 2942 1244 Belial
2973 1187 3063 1242 ﬁlii
3095 1189 3368 1244 dicuntur.
3412 1186 3517 1242 Per
3544 1188 3813 1257 superbia:

2212 1280 2431 1350 quidem
2448 1280 2639 1334 vitium
2662 1280 2715 1333 in
2740 1279 2880 1334 illius
2906 1279 3206 1334 imitatione
3234 1289 3584 1348 generantur,
3616 1278 3689 1333 de
3704 1293 3815 1348 quo

2212 1372 2473 1443 scriptum
2494 1380 2604 1428 est:
2622 1373 2787 1426 Umne
2811 1371 3024 1425 sublime
3044 1371 3251 1437 ridet,et
3268 1372 3375 1441 ipse
3396 1379 3471 1423 est
3486 1379 3643 1439 caput
3665 1388 3819 1439 super

2214 1480 2389 1517 omnes
2415 1464 2553 1532 ﬁlios
2584 1463 2836 1534 superbire
2876 1460 2995 1533 (Job
3025 1477 3134 1530 xu,
3158 1460 3271 1531 95).
3306 1460 3408 1527 Qui
3455 1469 3582 1532 apte
3620 1476 3819 1531 super-

2214 1554 2410 1611 borum
2439 1571 2621 1611 mores
2650 1556 2950 1622 insinuant,
2994 1555 3119 1624 quia
3164 1555 3349 1609 dicunt
3379 1572 3393 1607 :
3427 1552 3688 1625 Nunquid
3726 1554 3826 1608 islc'

2218 1649 2421 1704 salvare
2449 1666 2544 1703 nos
2576 1649 2802 1720 poterit?
2832 1648 3015 1703 Sancti
3037 1648 3235 1703 etenim
3265 1646 3397 1713 viri,
3425 1647 3551 1717 quia
3578 1662 3824 1716 praesen-

2219 1740 2295 1794 tia
2316 1739 2650 1811 despiciunt,
2679 1749 2880 1794 acterna
2898 1740 3199 1809 inquirunt,
3224 1745 3596 1809 contemptum
3632 1738 3823 1792 mundi

2222 1847 2385 1901 quem
2415 1831 2470 1886 iu
2500 1839 2679 1886 mente
2708 1830 2947 1886 retinent
2976 1830 3255 1900 proferunt
3277 1828 3442 1883 etiam
3471 1827 3526 1882 in
3558 1826 3827 1882 exteriori

513 1923 622 1979 hoc
650 1939 779 1992 ergo
810 1924 934 1979 loco
962 1938 1073 1977 non
1100 1932 1182 1977 est
1214 1922 1479 1992 imperata
1502 1921 1986 1991 considerare,sed
2017 1921 2117 1975 im-
2149 1932 2196 1990 Β
2225 1922 2668 1986 conversatione;
2702 1920 2846 1976 intus
2874 1920 3211 1976 venerabiles
3232 1929 3395 1988 sunt,
3423 1918 3555 1974 foris
3575 1917 3826 1987 despicao

511 2016 770 2086 perandis
824 2014 1010 2069 inﬁma
1057 2029 1117 2069 se
1162 2014 1515 2084 dispositione
1569 2014 1935 2070 substernere.
1984 2013 2120 2082 Regi

519 2121 740 2177 quoque
770 2105 825 2158 in
855 2106 1075 2159 domum
1106 2121 1262 2161 suam
1287 2106 1438 2161 abire
1461 2114 1545 2161 est
1570 2113 1630 2160 ut
1656 2105 1889 2161 diserete
1918 2105 2120 2175 paratis

518 2194 753 2262 imperet
773 2193 1137 2249 considerare.
1164 2193 1282 2248 Alia
1305 2209 1435 2264 ergo
1464 2202 1547 2249 est
1577 2194 1770 2251 domus
1819 2195 1983 2263 regis,
2013 2195 2121 2250 alia

520 2284 709 2355 populi
734 2284 994 2354 snbjecti;
1026 2285 1150 2355 quia
1182 2286 1292 2339 alta
1316 2284 1395 2340 illi
1439 2294 1622 2341 mente
1670 2285 2008 2345 subditorum
2030 2284 2119 2339 iti-

521 2390 654 2431 nera
680 2377 1015 2446 disponenda
1046 2377 1414 2445 considerant,
1444 2377 1534 2433 isti
1566 2378 1913 2449 praelatorum
1958 2378 2122 2448 impe-

522 2468 604 2521 ria
647 2468 871 2537 exsequi
917 2482 1016 2538 per
1044 2468 1217 2522 intimi
1246 2469 1510 2539 propositi
1537 2469 1705 2524 robur
1727 2477 1938 2539 parant.
1972 2467 2125 2523 Unde

522 2567 579 2613 et
632 2560 824 2615 domus
869 2559 1010 2630 regis
1056 2560 1112 2614 in
1166 2559 1349 2616 Gabaa
1390 2560 1494 2616 sita
1549 2559 1883 2631 perhibetur.
1935 2559 2122 2615 Gabaa

522 2650 724 2719 quippe
751 2649 995 2705 sublimis
1017 2649 1234 2707 dicitur.
1273 2652 1475 2708 Domus
1503 2667 1634 2723 ergo
1664 2652 1808 2722 regis
1838 2652 1892 2706 in
1938 2650 2121 2707 Gabaa

522 2755 645 2798 esse
669 2744 971 2798 ostenditur
995 2762 1008 2810 ;
1042 2745 1169 2816 quia
1197 2744 1405 2801 electus
1435 2745 1630 2801 doctor
1655 2760 1760 2799 non
1785 2745 1889 2799 ima
1930 2752 1986 2799 et
2012 2752 2122 2799 ter-

519 2842 663 2889 rena‘
681 2836 967 2903 cogitando
990 2836 1249 2906 incolere,
1276 2838 1370 2893 sed
1399 2838 1508 2893 alta
1532 2848 1587 2894 et
1609 2838 1851 2894 cmlestia
1873 2836 2122 2893 meditari

519 2926 721 2983 studet.
751 2925 903 2983 Unde
932 2938 988 2983 et
1030 2928 1171 2984 bene
1193 2945 1319 3001 pars
1368 2931 1640 2987 exercitus
1685 2947 1809 2987 cum
1838 2946 1904 2985 eo
1935 2930 2014 2985 ire
2066 2929 2122 2985 in

522 3015 711 3072 Gahaa
738 3019 955 3087 dicitur,
982 3023 1110 3089 quia
1153 3022 1229 3089 hi,
1270 3023 1364 3091 qui
1408 3033 1598 3077 contra
1638 3024 1912 3078 diabolum
1955 3022 2123 3077 fortes

520 3114 647 3161 sunt
673 3149 688 3175 ,
719 3108 954 3164 electum
974 3118 1249 3179 pastorem
1270 3127 1426 3166 suum
1450 3113 1519 3167 ad
1541 3114 1801 3167 virtutum
1852 3113 1959 3167 alta
1990 3128 2121 3183 pro—

520 3214 843 3273 sequuntur.
872 3204 1005 3261 Pars
1031 3221 1161 3276 ergo
1191 3208 1464 3264 exercitus
1491 3208 1571 3263 ire
1594 3223 1716 3263 eum
1741 3222 1869 3278 rege
1899 3208 2122 3278 dicitur,

520 3296 648 3367 quia
680 3296 733 3351 in
756 3306 940 3352 sancta
962 3297 1190 3355 ecclesia
1221 3299 1467 3369 plerique
1497 3298 1683 3354 ﬁdeles
1709 3308 1856 3367 sunt,
1876 3299 1967 3368 qui
1984 3316 2121 3368 pras-
2148 3302 2197 3367 C

520 3387 649 3445 latis
686 3389 798 3444 suis
828 3389 1107 3445 humiliter
1138 3389 1361 3445 obedire
1385 3390 1581 3457 sciunt,
1610 3390 1719 3444 alta
1747 3390 1907 3461 257
1925 3390 2125 3460 cogita-

521 3497 589 3538 re
618 3483 887 3539 nesciunt.
928 3482 1121 3539 Sciunt
1143 3483 1361 3555 quidem
1394 3484 1655 3555 imperata
1685 3481 1963 3554 perﬁcere,
1997 3499 2125 3541 nes-

519 3571 672 3626 ciunt
703 3572 822 3627 aliis
850 3573 1160 3643 imperanda
1202 3572 1518 3645 pra-videre.
1555 3572 1720 3639 Quasi
1776 3573 1920 3628 enim
1962 3572 2124 3644 hujus

516 3663 691 3732 partis
716 3664 914 3719 milites
942 3667 1407 3721 commemorabat
1436 3663 1659 3729 Paulus,
1684 3679 1805 3720 cum
1833 3664 2123 3720 Colossen-

518 3755 670 3811 sibus
699 3756 982 3820 scriberet,
1014 3756 1200 3813 dicens
1226 3776 1239 3810 :
1269 3756 1477 3813 Salutat
1516 3773 1602 3811 vos
1628 3756 1961 3812 Aristarchus
1991 3775 2121 3813 con-

519 3848 751 3916 captivus
808 3864 973 3913 meus,
1026 3856 1076 3902 et
1124 3846 1340 3902 Marcus
1379 3846 1715 3902 consobrinus
1751 3847 2034 3914 Barnabaz,
2073 3857 2122 3903 et

519 3939 754 3995 Joannes
781 3942 866 4009 qui
898 3942 1088 3995 dicitur
1114 3940 1316 4010 Justus,
1348 3942 1434 4015 qui
1464 3951 1667 3996 sunteas
1695 3942 2119 3998 circumcisione:

521 4030 576 4085 ἀί
597 4031 696 4087 soli
720 4042 839 4086 sunt
863 4032 1131 4099 adiutores
1154 4036 1253 4089 mei
1280 4035 1333 4087 in
1363 4051 1520 4106 regno
1547 4034 1647 4089 Dei
1678 4034 1875 4105 (Colos.
1900 4044 1972 4101 tv,
2003 4035 2117 4108 10).

514 4120 654 4179 Item
685 4122 961 4180 Romanos
999 4125 1301 4195 alloquens,
1329 4126 1444 4180 ait:
1505 4124 1748 4180 Salutate
1797 4125 2041 4180 Priscam
2069 4135 2122 4181 et

517 4211 762 4285 Aquilam
800 4214 1068 4285 adjutores
1092 4233 1231 4270 meos
1260 4215 1437 4286 (Rom.
1454 4232 1563 4282 xvr,
1586 4214 1662 4280 5).
1686 4215 1754 4271 Et
1779 4224 1904 4286 post
1924 4230 2119 4285 pauca:

517 4300 844 4358 Salutat'vos
878 4303 1173 4359 Timotheus
1204 4305 1415 4376 adjutor
1441 4323 1605 4373 meus,
1646 4315 1695 4360 et
1736 4304 1927 4370 Lucas,
1957 4314 2005 4359 et
2033 4304 2123 4360 Jac

518 4408 614 4446 son
638 4391 805 4463 (Ibid.
828 4394 942 4465 21).
978 4394 1263 4465 Adjutores
1288 4398 1489 4468 quippe
1518 4412 1645 4452 suos
1691 4394 1990 4465 discipulos
2012 4412 2116 4453 vo-

518 4484 682 4551 cavit,
707 4486 833 4554 quia
869 4486 1059 4542 ordine
1089 4489 1324 4545 minores
1349 4496 1524 4551 erant,
1558 4487 1655 4543 sed
1705 4487 1910 4542 laboris
1951 4488 2121 4557 parti-

518 4575 667 4646 cipes
692 4595 707 4643 ;
734 4578 1057 4634 obedientire
1069 4579 1663 4650 humilitate'Apostolo
1679 4579 1909 4649 subjecti
1936 4589 2114 4647 erant,

2226 2012 2362 2069 biles
2392 2012 2658 2068 videntur.
2690 2012 2922 2083 Superbi
2949 2026 3109 2081 ergo,
3152 2011 3275 2083 quia
3305 2011 3437 2066 illud
3474 2009 3654 2065 solum
3681 2007 3823 2077 quod

2227 2102 2283 2157 in
2314 2102 2526 2158 Sanctis
2558 2102 2685 2158 loris
2721 2102 2922 2172 despici
2952 2111 3131 2173 potest
3162 2102 3458 2171 aspiciunt;
3488 2099 3622 2154 illud
3654 2113 3825 2163 vero,

2226 2195 2370 2265 quod
2396 2194 2552 2249 valde
2590 2194 2953 2251 venerandum
2984 2202 3094 2261 est,
3122 2210 3351 2251 cernere
3386 2209 3493 2248 non
3522 2200 3825 2259 merentur,

2225 2286 2415 2342 dicunt
2440 2304 2452 2339 :
2488 2284 2738 2357 Nunquid
2767 2288 2861 2341 iste
2891 2288 3093 2341 salvare
3119 2304 3214 2341 nos
3257 2286 3480 2356 poterit?
3507 2286 3679 2352 Quasi
3710 2285 3825 2340 des-

2226 2374 2479 2445 picieudo
2510 2376 2845 2447 interrogent
2874 2395 2886 2431 :
2919 2377 2963 2431 Α
2987 2386 3094 2431 tam
3123 2393 3291 2447 parvo
3322 2386 3431 2431 tam
3456 2376 3687 2447 grandia
3709 2390 3825 2446 spc-

2226 2469 2393 2526 randa
2424 2472 2583 2525 sunt?
2612 2468 2718 2525 Iste
2745 2478 2854 2524 tam
2886 2484 3082 2539 parvus
3103 2510 3119 2537 ,
3153 2482 3253 2523 nos
3282 2476 3393 2521 tam
3428 2480 3691 2536 magnos,
3720 2473 3823 2519 tam

2227 2561 2573 2627 debilis,tam
2598 2561 2765 2617 fortes
2794 2560 3006 2615 salvare
3034 2574 3194 2630 posse
3220 2557 3522 2613 credendus
3551 2558 3675 2611 est?
3695 2555 3825 2610 Nam

2225 2652 2355 2723 quid
2385 2661 2469 2708 est
2497 2651 2641 2707 aliud
2667 2652 2809 2721 quod
2830 2652 3015 2707 dicunt
3039 2669 3051 2705 :
3080 2649 3189 2706 Iste
3213 2660 3259 2705 et
3292 2666 3413 2715 nos;
3440 2648 3543 2704 nisi
3571 2648 3721 2718 quod
3747 2663 3827 2703 su-

2224 2742 2378 2814 perbi
2407 2752 2462 2798 et
2484 2751 2799 2813 arrogantes
2820 2742 3170 2812 inspicientes
3197 2742 3362 2811 alios,
3390 2756 3612 2811 semper
3633 2753 3827 2810 parvos

2226 2840 2392 2911 258
2412 2847 2470 2895 et
2491 2838 2696 2895 debiles
2718 2854 2836 2895 esse
2857 2840 3113 2905 credunt;
3143 2854 3202 2894 se
3230 2848 3414 2895 autem
3442 2852 3697 2908 magnos,
3723 2839 3827 2893 for-

2226 2937 2338 2997 tes,
2372 2940 2536 3001 atque
2564 2931 2868 3003 sapientes?
2908 2930 3101 2987 Merito
3122 2932 3283 3002 igitur
3304 2930 3473 2986 Belial
3515 2928 3611 2985 ﬁlii
3641 2929 3826 2985 dicun-

2225 3028 2334 3089 tur,
2367 3021 2494 3091 quia
2525 3022 2652 3076 dum
2682 3022 3042 3092 superhiendo
3067 3037 3125 3078 se
3156 3022 3449 3089 extollunt,
3481 3022 3560 3077 illi
3598 3038 3664 3078 se
3692 3038 3824 3077 con-

2224 3110 2480 3182 formant,
2500 3114 2591 3183 qui
2606 3112 2797 3170 eodem
2819 3113 2980 3169 modo
2997 3112 3257 3168 cecidisse
3277 3114 3343 3168 de
3360 3113 3499 3169 c0310
3520 3112 3736 3169 dicitur.
3752 3111 3824 3167 De

2229 3204 2424 3273 quibus
2452 3204 2614 3259 etiam
2644 3218 2828 3275 regem
2858 3204 3277 3276 despicientibus
3297 3205 3492 3260 dicitur
3516 3224 3528 3260 :

2299 3296 2567 3368 (Ibidem).
2613 3295 2685 3350 Et
2714 3315 2818 3354 non
2841 3298 3060 3353 attulere
3088 3300 3135 3352 ei
3158 3316 3395 3354 munera.

2301 3385 2388 3441 42.
2432 3386 2491 3443 Si
2532 3386 2600 3443 ad
2641 3387 2879 3445 litteram
2910 3390 3013 3445 ista
3040 3389 3390 3458 discutimus,
3436 3391 3543 3447 hoc
3580 3390 3821 3461 profecto

2229 3480 2532 3547 insinuant,
2574 3481 2704 3551 quia
2746 3492 2802 3536 et
2846 3490 3114 3538 terrarum
3142 3482 3372 3549 domini,
3416 3492 3475 3538 et
3519 3481 3822 3553 spirituales

2228 3582 2429 3627 sanctae
2440 3572 2693 3628 Ecclesiae
2708 3573 2916 3645 praelati
2940 3575 3299 3631 exterioribus
3316 3573 3508 3630 ofﬁciis
3523 3573 3820 3629 honorandi

2227 3670 2377 3719 sunt.
2407 3662 2556 3719 Unde
2587 3670 2644 3720 et
2676 3664 2867 3721 beatus
2888 3663 3085 3720 Paulus
3106 3665 3396 3736 Apostolus
3420 3666 3594 3721 elatos
3627 3663 3822 3720 Roma-

2227 3769 2329 3809 nos
2358 3754 2674 3823 alloquitur,
2717 3754 2901 3811 dicens
2932 3773 2947 3809 :
2977 3755 3201 3810 Reddite
3234 3756 3471 3811 omnibus
3500 3753 3707 3820 debita;
3744 3756 3823 3809 cui

2229 3846 2496 3913 tributum,
2523 3846 2799 3901 tributum:
2818 3848 2900 3902 cui
2916 3848 3155 3919 vectigal,
3178 3848 3391 3919 vectigal
3411 3846 3592 3917 (Rom.
3613 3862 3730 3908 xm,
3747 3844 3818 3915 Ἰ).

2228 3939 2365 3995 Hinc
2390 3939 2777 4009 Apostolorum
2803 3940 3057 4011 princeps
3078 3941 3402 4001 exhortans,
3436 3939 3513 3992 ait
3545 3957 3556 3992 :
3592 3937 3821 4008 Subjecti

2226 4040 2388 4087 estote
2415 4034 2557 4088 omni
2582 4032 2821 4087 humana:
2848 4044 3099 4088 creatura:
3127 4040 3337 4103 propter
3363 4031 3551 4097 Deum,
3580 4031 3689 4085 sive
3719 4029 3822 4100 regi

2230 4133 2481 4196 tanquam
2510 4124 2848 4195 prwcellenti,
2882 4126 2986 4180 sive
3016 4124 3229 4179 ducibus
3258 4133 3502 4195 tanquam
3525 4121 3589 4176 ab
3610 4141 3671 4177 eo
3700 4124 3817 4176 mis-

2228 4218 2301 4270 sis
2328 4216 2387 4287 (1
2418 4215 2563 4270 Petr.
2594 4233 2653 4285 ιι,
2681 4215 2791 4287 15).
2816 4215 3129 4287 Spiritualia
3168 4232 3299 4272 vero
3330 4231 3555 4271 munera
3596 4214 3819 4270 rectori-

2226 4310 2330 4366 bus
2358 4311 2559 4367 nostris
2591 4310 2878 4366 tribuimus
2897 4354 2912 4378 ,
2961 4312 3178 4382 quando
3226 4311 3464 4367 debitam
3494 4312 3574 4370 eis
3604 4311 3822 4366 honoris

2226 4402 2589 4458 reverentiam
2635 4401 2930 4470 offerimus,
2984 4412 3041 4458 et
3078 4419 3142 4459 ea
3187 4420 3306 4474 qua:
3347 4404 3673 4475 praecipiunt
3703 4420 3818 4459 cum

2225 4508 2421 4563 magna
2441 4494 2732 4549 devotione
2753 4509 3053 4550 servamus.
3079 4494 3268 4564 Magna
3286 4495 3429 4550 enim
3452 4511 3683 4550 munera
3701 4500 3822 4550 sunt

2224 4590 2535 4646 reverentia
2580 4591 2805 4647 honoris
2846 4599 2903 4647 et
2944 4590 3219 4647 humilitas
3269 4590 3656 4661 subjectionis;
3703 4590 3820 4661 quia

515 4669 614 4725 sed
642 4670 767 4724 dum
798 4686 919 4726 cum
950 4687 1016 4727 eo
1046 4672 1236 4727 aeterni
1276 4672 1429 4741 regni
1450 4672 1681 4741 gloriam
1710 4672 2073 4741 praedicarent
2098 4715 2114 4741 ,

2226 4684 2355 4738 dum
2383 4684 2684 4740 rectoribus
2704 4686 2925 4753 nostris,
2949 4695 3003 4741 et
3021 4685 3167 4741 intus
3196 4698 3293 4756 per
3317 4685 3681 4742 humilitatem
3700 4686 3822 4743 sub-

514 4775 638 4817 cum
652 4776 718 4816 eo
741 4762 942 4832 pariter
961 4764 1246 4818 veritatem
1286 4762 1663 4833 defenderent,
1686 4763 1990 4821 inﬁdelibus
2015 4766 2116 4821 ob-

512 4851 791 4920 sisterent,
824 4852 1001 4910 illatas
1037 4853 1449 4922 persecutiones
1478 4854 1695 4911 fortiter
1732 4855 2113 4925 sustinerent,

512 4942 670 5009 quasi
700 4943 754 4997 in
783 4943 927 4999 bello
947 4944 1045 4999 Dei
1067 4944 1265 5000 milites
1308 4944 1448 5015 regis
1478 4954 1654 5001 erant.
1695 4944 1831 5001 Cum
1883 4962 2011 5017 rege
2058 4948 2114 5003 in

513 5029 698 5087 Gabaa
722 5049 848 5103 pars
876 5035 1146 5090 exercitus
1172 5036 1252 5089 ire
1278 5036 1493 5103 dicitur,
1518 5037 1644 5106 quia
1694 5038 1920 5108 perfecti
1951 5038 2114 5093 disci-

512 5112 625 5194 puli
649 5126 703 5180 in
731 5126 839 5181 alta
859 5127 1212 5196 dispositione
1232 5138 1434 5184 sanctae
1457 5128 1710 5185 Ecclesia:
1732 5132 2113 5200 magistrorum

512 5231 737 5273 suorum
767 5218 1110 5287 coadjutores
1141 5228 1298 5287 sunt;
1328 5220 1546 5288 auxilia,
1581 5236 1700 5290 quae
1730 5230 1982 5291 possunt,
2016 5234 2116 5292 per

514 5308 857 5364 altitudinem
887 5308 1098 5365 virtutis
1122 5308 1320 5380 ferunt,
1342 5310 1443 5373 sed,
1465 5312 1543 5367 eis
1573 5326 1710 5381 quos
1735 5311 1995 5381 adjuvant
2014 5326 2116 5382 per

512 5397 875 5456 humilitatem
904 5404 1166 5459 serviunt.

586 5509 676 5564 41.
720 5511 787 5566 Et
816 5515 943 5583 quia
986 5516 1089 5574 hoc
1129 5517 1345 5573 nonnisi
1370 5518 1447 5573 illi
1477 5526 1733 5589 possunt,
1761 5517 1850 5588 qui
1881 5517 2112 5589 Spiritus

516 5602 692 5656 sancti
716 5606 887 5673 gratia
916 5609 1175 5677 praeventi
1204 5619 1362 5675 sunt,
1404 5626 1529 5666 cum
1568 5625 1689 5681 pars
1723 5612 1991 5666 exercitus
2024 5612 2107 5669 ire

517 5704 643 5745 cum
683 5707 810 5762 rege
847 5697 1060 5767 dicitur,
1103 5700 1459 5770 subjungitur.
1495 5700 1725 5765 Quorum
1761 5700 1903 5756 Deus
1939 5704 2107 5775 tetigit

515 5784 694 5840 corda.
719 5785 855 5854 Quia
885 5792 1027 5846 enim
1050 5794 1215 5862 digito
1238 5803 1461 5865 tangere
1486 5797 1742 5861 solemus,
1768 5796 1910 5851 Deus
1938 5797 2106 5853 corda

516 5874 836 5937 Sanctorum
866 5886 1053 5953 tangit,
1072 5888 1286 5955 qnando
1315 5888 1393 5943 eis
1420 5889 1650 5957 Spiritus
1672 5891 1842 5947 sancti
1876 5890 2103 5961 gratiam

2228 4781 2425 4848 dimur,
2457 4790 2514 4837 et
2543 4798 2641 4852 per
2670 4782 2940 4838 exteriora
2970 4781 3228 4852 obsequia
3262 4782 3394 4837 foris
3422 4781 3648 4837 honoris
3673 4796 3822 4837 reve—

2225 4874 2455 4929 rentiam
2491 4873 2837 4942 exhibemus,
2876 4888 3073 4928 munus
3118 4873 3196 4928 eis
3235 4888 3396 4927 unum
3444 4872 3747 4942 praebemus
3790 4886 3820 4925 a

2227 4982 2490 5037 corpore,
2519 4966 2666 5021 aliud
2702 4981 2733 5020 a
2768 4966 2951 5022 corde.
2992 4964 3057 5020 Ut
3084 4980 3214 5035 ergo
3243 4965 3602 5035 superborum
3634 4976 3817 5036 typum

2226 5058 2462 5116 insinuet
2486 5057 2777 5129 propheta,
2803 5072 2912 5112 non
2940 5056 3071 5111 dicit
3099 5074 3111 5109 :
3142 5054 3267 5110 Non
3297 5056 3523 5110 attulere
3544 5056 3595 5110 ei
3614 5071 3821 5117 munus;

2226 5155 2351 5219 sed,
2382 5168 2487 5207 non
2527 5152 2746 5205 attulere
2773 5150 2821 5204 ei
2844 5166 3094 5215 munera;
3123 5149 3248 5219 quia
3278 5148 3404 5204 dtun
3439 5147 3646 5204 electos
3688 5162 3824 5217 pra:-

2227 5245 2497 5301 dicatores
2525 5244 2855 5314 despiciunt,
2896 5243 2974 5298 eis
3012 5242 3197 5312 utique
3230 5243 3492 5298 honorent
3532 5258 3563 5296 a
3590 5258 3824 5311 corpore

2226 5337 2422 5392 oﬁerre
2448 5338 2806 5407 dedignantur
2834 5345 2889 5391 et
2914 5336 3273 5391 humilitatem
3295 5351 3326 5389 a
3346 5333 3532 5391 corde.
3556 5332 3666 5388 Sed
3699 5350 3821 5387 cum

2224 5429 2385 5486 electi
2423 5430 2805 5501 praedicatores
2848 5427 3187 5484 subditorum
3225 5428 3440 5499 culpam
3475 5437 3822 5495 agnoscunt,

2224 5522 2516 5593 aliquando
2545 5536 2667 5578 eam
2695 5521 2878 5577 statim
2906 5521 3179 5591 corrigere
3199 5518 3529 5590 increpando
3556 5520 3824 5588 geStiunl,

2224 5614 2518 5686 aliquando
2546 5613 2687 5667 hanc
2711 5628 2772 5668 se
2810 5627 2971 5668 nosse
2998 5611 3365 5674 dissimulant;
3390 5618 3451 5665 ut
3478 5609 3545 5663 ad
3571 5625 3692 5665 eam
3726 5610 3824 5661 dc-

2221 5706 2440 5761 lendam
2452 5717 2747 5772 congruum
2765 5712 2976 5775 tempus
3006 5710 3267 5774 qumrant.
3284 5700 3434 5756 Unde
3462 5709 3517 5755 et
3537 5699 3603 5756 de
3626 5700 3823 5757 eodem

2221 5798 2479 5868 despecto
2510 5811 2635 5866 rege
2662 5796 2908 5866 protinus
2937 5796 3183 5850 subditur
3207 5813 3221 5849 :

2294 5889 2565 5961 (Ibidem)
2610 5887 2710 5944 Ille
2738 5905 2854 5945 vero
2881 5886 3241 5943 dissimulabat
3264 5903 3316 5942 se
3338 5885 3536 5940 audire.
