  <div class='ocr_page' id='page_1' title='image "/cluster/home/n/w/nwhite01/storage/ocr_20150623/79/hvd.32044015469414/162.png"; bbox 0 0 4020 6344; ppageno 0'>
   <div class='ocr_carea' id='block_1_1' title="bbox 270 408 369 467">
    <p class='ocr_par' dir='ltr' id='par_1_1' title="bbox 270 408 369 467">
     <span class='ocr_line' id='line_1_1' title="bbox 270 408 369 467; baseline -0.02 -1"><span class='ocrx_word' id='word_1_1' title='bbox 270 408 369 467; x_wconf 74' lang='grc'><strong>515</strong></span> 
     </span>
    </p>
   </div>
   <div class='ocr_carea' id='block_1_2' title="bbox 1102 400 2705 466">
    <p class='ocr_par' dir='ltr' id='par_1_2' title="bbox 1102 400 2705 466">
     <span class='ocr_line' id='line_1_2' title="bbox 1102 400 2705 466; baseline -0.001 -5"><span class='ocrx_word' id='word_1_2' title='bbox 1102 406 1170 463; x_wconf 81' lang='grc' dir='ltr'><strong>ΙΝ</strong></span> <span class='ocrx_word' id='word_1_3' title='bbox 1212 402 1477 463; x_wconf 79' lang='lat' dir='ltr'><strong>PRIMUM</strong></span> <span class='ocrx_word' id='word_1_4' title='bbox 1517 400 1757 463; x_wconf 75' lang='lat' dir='ltr'><strong>REGUM</strong></span> <span class='ocrx_word' id='word_1_5' title='bbox 1796 400 2314 466; x_wconf 80' lang='lat' dir='ltr'><strong>EXPOSITIONES.</strong></span> <span class='ocrx_word' id='word_1_6' title='bbox 2355 433 2429 449; x_wconf 92' lang='lat'><strong>-</strong></span> <span class='ocrx_word' id='word_1_7' title='bbox 2465 406 2593 462; x_wconf 88' lang='lat' dir='ltr'><strong>LlB.</strong></span> <span class='ocrx_word' id='word_1_8' title='bbox 2642 406 2705 460; x_wconf 80' lang='grc' dir='ltr'><strong>ν.</strong></span> 
     </span>
    </p>
   </div>
   <div class='ocr_carea' id='block_1_3' title="bbox 3445 406 3552 467">
    <p class='ocr_par' dir='ltr' id='par_1_3' title="bbox 3445 406 3552 467">
     <span class='ocr_line' id='line_1_3' title="bbox 3445 406 3552 467; baseline 0 -2"><span class='ocrx_word' id='word_1_9' title='bbox 3445 406 3552 467; x_wconf 73' lang='lat' dir='ltr'><strong>3N</strong></span> 
     </span>
    </p>
   </div>
   <div class='ocr_carea' id='block_1_4' title="bbox 340 517 3557 595">
    <p class='ocr_par' dir='ltr' id='par_1_4' title="bbox 340 517 3557 595">
     <span class='ocr_line' id='line_1_4' title="bbox 340 517 3557 595; baseline 0.001 -17"><span class='ocrx_word' id='word_1_10' title='bbox 340 523 431 579; x_wconf 64' lang='lat'><strong>45;</strong></span> <span class='ocrx_word' id='word_1_11' title='bbox 485 517 833 578; x_wconf 84' lang='lat' dir='ltr'><strong>Subditorum</strong></span> <span class='ocrx_word' id='word_1_12' title='bbox 882 519 1100 593; x_wconf 84' lang='lat' dir='ltr'><strong>quidem</strong></span> <span class='ocrx_word' id='word_1_13' title='bbox 1160 524 1479 592; x_wconf 80' lang='lat' dir='ltr'><strong>pravitatem</strong></span> <span class='ocrx_word' id='word_1_14' title='bbox 1532 523 1720 589; x_wconf 93' lang='lat' dir='ltr'><strong>audit,</strong></span> <span class='ocrx_word' id='word_1_15' title='bbox 1771 523 1865 593; x_wconf 85' lang='lat' dir='ltr'><strong>qui</strong></span> <span class='ocrx_word' id='word_1_16' title='bbox 1891 530 1942 590; x_wconf 81' lang='grc' dir='ltr'><strong>Α</strong></span> <span class='ocrx_word' id='word_1_17' title='bbox 1968 525 2131 581; x_wconf 87' lang='lat' dir='ltr'><strong>verba</strong></span> <span class='ocrx_word' id='word_1_18' title='bbox 2159 524 2377 591; x_wconf 89' lang='lat' dir='ltr'><strong>dicitur,</strong></span> <span class='ocrx_word' id='word_1_19' title='bbox 2408 522 2504 579; x_wconf 89' lang='lat' dir='ltr'><strong>sed</strong></span> <span class='ocrx_word' id='word_1_20' title='bbox 2550 522 2871 579; x_wconf 87' lang='lat' dir='ltr'><strong>conﬁrmato</strong></span> <span class='ocrx_word' id='word_1_21' title='bbox 2902 536 3071 592; x_wconf 87' lang='lat' dir='ltr'><strong>regno</strong></span> <span class='ocrx_word' id='word_1_22' title='bbox 3099 538 3266 595; x_wconf 86' lang='lat' dir='ltr'><strong>super</strong></span> <span class='ocrx_word' id='word_1_23' title='bbox 3291 520 3457 580; x_wconf 86' lang='lat' dir='ltr'><strong>Israel</strong></span> <span class='ocrx_word' id='word_1_24' title='bbox 3486 525 3557 582; x_wconf 89' lang='lat' dir='ltr'><strong>ad</strong></span> 
     </span>
    </p>
   </div>
   <div class='ocr_carea' id='block_1_5' title="bbox 268 615 1861 686">
    <p class='ocr_par' dir='ltr' id='par_1_5' title="bbox 268 615 1861 686">
     <span class='ocr_line' id='line_1_5' title="bbox 268 615 1861 686; baseline -0.001 -12"><span class='ocrx_word' id='word_1_25' title='bbox 268 618 482 683; x_wconf 84' lang='lat' dir='ltr'><strong>noscit;</strong></span> <span class='ocrx_word' id='word_1_26' title='bbox 528 617 625 673; x_wconf 84' lang='lat' dir='ltr'><strong>sed</strong></span> <span class='ocrx_word' id='word_1_27' title='bbox 654 615 834 683; x_wconf 88' lang='lat' dir='ltr'><strong>audit,</strong></span> <span class='ocrx_word' id='word_1_28' title='bbox 867 622 924 670; x_wconf 94' lang='lat' dir='ltr'><strong>et</strong></span> <span class='ocrx_word' id='word_1_29' title='bbox 948 631 1057 670; x_wconf 92' lang='lat' dir='ltr'><strong>non</strong></span> <span class='ocrx_word' id='word_1_30' title='bbox 1081 616 1405 686; x_wconf 73' lang='lat' dir='ltr'><strong>respondet,</strong></span> <span class='ocrx_word' id='word_1_31' title='bbox 1447 618 1555 671; x_wconf 90' lang='lat' dir='ltr'><strong>imo</strong></span> <span class='ocrx_word' id='word_1_32' title='bbox 1584 631 1643 672; x_wconf 88' lang='lat' dir='ltr'><strong>se</strong></span> <span class='ocrx_word' id='word_1_33' title='bbox 1676 615 1861 672; x_wconf 87' lang='lat' dir='ltr'><strong>audire</strong></span> 
     </span>
    </p>
   </div>
   <div class='ocr_carea' id='block_1_6' title="bbox 184 707 1858 780">
    <p class='ocr_par' dir='ltr' id='par_1_6' title="bbox 184 707 1858 780">
     <span class='ocr_line' id='line_1_6' title="bbox 184 707 1858 780; baseline -0.001 -16"><span class='ocrx_word' id='word_1_34' title='bbox 184 774 193 780; x_wconf 33' lang='grc' dir='ltr'><strong>ν</strong></span> <span class='ocrx_word' id='word_1_35' title='bbox 267 708 611 764; x_wconf 91' lang='lat' dir='ltr'><strong>dissimulat:</strong></span> <span class='ocrx_word' id='word_1_36' title='bbox 644 708 770 779; x_wconf 85' lang='lat' dir='ltr'><strong>quia</strong></span> <span class='ocrx_word' id='word_1_37' title='bbox 814 707 1155 779; x_wconf 88' lang='lat' dir='ltr'><strong>plerumque,</strong></span> <span class='ocrx_word' id='word_1_38' title='bbox 1196 724 1361 764; x_wconf 89' lang='lat' dir='ltr'><strong>causa</strong></span> <span class='ocrx_word' id='word_1_39' title='bbox 1402 709 1684 779; x_wconf 82' lang='lat' dir='ltr'><strong>exigente,</strong></span> <span class='ocrx_word' id='word_1_40' title='bbox 1729 715 1858 763; x_wconf 88' lang='lat' dir='ltr'><strong>nota</strong></span> 
     </span>
    </p>
   </div>
   <div class='ocr_carea' id='block_1_7' title="bbox 185 798 1857 885">
    <p class='ocr_par' dir='ltr' id='par_1_7' title="bbox 185 798 1857 885">
     <span class='ocr_line' id='line_1_7' title="bbox 185 798 1857 885; baseline 0.001 -28"><span class='ocrx_word' id='word_1_41' title='bbox 265 801 607 858; x_wconf 86' lang='lat' dir='ltr'><strong>subditorum</strong></span> <span class='ocrx_word' id='word_1_42' title='bbox 634 805 883 874; x_wconf 81' lang='lat' dir='ltr'><strong>superbia</strong></span> <span class='ocrx_word' id='word_1_43' title='bbox 925 804 1231 874; x_wconf 90' lang='lat' dir='ltr'><strong>incorrepta</strong></span> <span class='ocrx_word' id='word_1_44' title='bbox 1260 806 1544 872; x_wconf 83' lang='lat' dir='ltr'><strong>deseritur,</strong></span> <span class='ocrx_word' id='word_1_45' title='bbox 1572 812 1632 860; x_wconf 92' lang='lat' dir='ltr'><strong>ut</strong></span> <span class='ocrx_word' id='word_1_46' title='bbox 1657 820 1857 876; x_wconf 88' lang='lat' dir='ltr'><strong>oppor-</strong></span> 
     </span>
    </p>
   </div>
   <div class='ocr_carea' id='block_1_8' title="bbox 192 895 1858 970">
    <p class='ocr_par' dir='ltr' id='par_1_8' title="bbox 192 895 1858 970">
     <span class='ocr_line' id='line_1_8' title="bbox 192 895 1858 970; baseline 0.002 -20"><span class='ocrx_word' id='word_1_47' title='bbox 192 916 198 927; x_wconf 60' lang='grc' dir='ltr'>ι</span> <span class='ocrx_word' id='word_1_48' title='bbox 267 895 472 951; x_wconf 82' lang='lat' dir='ltr'><strong>tuniori</strong></span> <span class='ocrx_word' id='word_1_49' title='bbox 502 906 777 966; x_wconf 88' lang='lat' dir='ltr'><strong>tempore,</strong></span> <span class='ocrx_word' id='word_1_50' title='bbox 818 898 971 968; x_wconf 88' lang='lat' dir='ltr'><strong>quasi</strong></span> <span class='ocrx_word' id='word_1_51' title='bbox 1010 899 1226 967; x_wconf 87' lang='lat' dir='ltr'><strong>cognita</strong></span> <span class='ocrx_word' id='word_1_52' title='bbox 1263 897 1504 954; x_wconf 80' lang='lat' dir='ltr'><strong>feriatur.</strong></span> <span class='ocrx_word' id='word_1_53' title='bbox 1534 898 1706 966; x_wconf 90' lang='lat' dir='ltr'><strong>Quam</strong></span> <span class='ocrx_word' id='word_1_54' title='bbox 1730 914 1858 970; x_wconf 89' lang='lat' dir='ltr'><strong>pro-</strong></span> 
     </span>
    </p>
   </div>
   <div class='ocr_carea' id='block_1_9' title="bbox 265 984 1860 1046">
    <p class='ocr_par' dir='ltr' id='par_1_9' title="bbox 265 984 1860 1046">
     <span class='ocr_line' id='line_1_9' title="bbox 265 984 1860 1046; baseline 0.004 -7"><span class='ocrx_word' id='word_1_55' title='bbox 265 984 414 1042; x_wconf 84' lang='lat' dir='ltr'><strong>fecto</strong></span> <span class='ocrx_word' id='word_1_56' title='bbox 458 987 839 1045; x_wconf 65' lang='lat' dir='ltr'><strong>ecclesiasticae</strong></span> <span class='ocrx_word' id='word_1_57' title='bbox 887 1005 1129 1045; x_wconf 70' lang='lat' dir='ltr'><strong>censura:</strong></span> <span class='ocrx_word' id='word_1_58' title='bbox 1173 990 1553 1046; x_wconf 82' lang='lat' dir='ltr'><strong>discretionem</strong></span> <span class='ocrx_word' id='word_1_59' title='bbox 1599 991 1740 1045; x_wconf 85' lang='lat' dir='ltr'><strong>bene</strong></span> <span class='ocrx_word' id='word_1_60' title='bbox 1803 990 1860 1045; x_wconf 93' lang='lat' dir='ltr'><strong>in</strong></span> 
     </span>
    </p>
   </div>
   <div class='ocr_carea' id='block_1_10' title="bbox 1965 606 3606 688">
    <p class='ocr_par' dir='ltr' id='par_1_10' title="bbox 1965 606 3606 688">
     <span class='ocr_line' id='line_1_10' title="bbox 1965 606 3606 688; baseline -0.001 -15"><span class='ocrx_word' id='word_1_61' title='bbox 1965 616 2244 673; x_wconf 80' lang='lat' dir='ltr'><strong>dexteram</strong></span> <span class='ocrx_word' id='word_1_62' title='bbox 2266 626 2321 673; x_wconf 91' lang='lat' dir='ltr'><strong>et</strong></span> <span class='ocrx_word' id='word_1_63' title='bbox 2339 616 2609 672; x_wconf 86' lang='lat' dir='ltr'><strong>sinistram</strong></span> <span class='ocrx_word' id='word_1_64' title='bbox 2630 630 2890 687; x_wconf 88' lang='lat' dir='ltr'><strong>pugnare,</strong></span> <span class='ocrx_word' id='word_1_65' title='bbox 2907 623 2962 671; x_wconf 89' lang='lat' dir='ltr'><strong>et</strong></span> <span class='ocrx_word' id='word_1_66' title='bbox 2990 632 3311 688; x_wconf 89' lang='lat' dir='ltr'><strong>quocunque</strong></span> <span class='ocrx_word' id='word_1_67' title='bbox 3344 633 3402 672; x_wconf 88' lang='lat' dir='ltr'><strong>se</strong></span> <span class='ocrx_word' id='word_1_68' title='bbox 3435 632 3557 672; x_wconf 86' lang='lat' dir='ltr'><strong>ver—</strong></span> <span class='ocrx_word' id='word_1_69' title='bbox 3600 606 3606 614; x_wconf 77' lang='grc'><em>’</em></span> 
     </span>
    </p>
   </div>
   <div class='ocr_carea' id='block_1_11' title="bbox 1968 706 3558 779">
    <p class='ocr_par' dir='ltr' id='par_1_11' title="bbox 1968 706 3558 779">
     <span class='ocr_line' id='line_1_11' title="bbox 1968 706 3558 779; baseline -0.001 -16"><span class='ocrx_word' id='word_1_70' title='bbox 1968 708 2144 775; x_wconf 90' lang='lat' dir='ltr'><strong>tebat,</strong></span> <span class='ocrx_word' id='word_1_71' title='bbox 2193 722 2449 779; x_wconf 89' lang='lat' dir='ltr'><strong>superare</strong></span> <span class='ocrx_word' id='word_1_72' title='bbox 2484 707 2817 779; x_wconf 84' lang='lat' dir='ltr'><strong>perhibetur.</strong></span> <span class='ocrx_word' id='word_1_73' title='bbox 2863 706 3035 779; x_wconf 87' lang='lat' dir='ltr'><strong>Culpa</strong></span> <span class='ocrx_word' id='word_1_74' title='bbox 3075 724 3204 777; x_wconf 77' lang='lat' dir='ltr'><strong>ergo</strong></span> <span class='ocrx_word' id='word_1_75' title='bbox 3248 723 3368 779; x_wconf 68' lang='lat' dir='ltr'><strong>qua:</strong></span> <span class='ocrx_word' id='word_1_76' title='bbox 3411 707 3558 763; x_wconf 83' lang='lat' dir='ltr'><strong>teriri</strong></span> 
     </span>
    </p>
   </div>
   <div class='ocr_carea' id='block_1_12' title="bbox 1969 799 3559 871">
    <p class='ocr_par' dir='ltr' id='par_1_12' title="bbox 1969 799 3559 871">
     <span class='ocr_line' id='line_1_12' title="bbox 1969 799 3559 871; baseline -0.001 -14"><span class='ocrx_word' id='word_1_77' title='bbox 1969 800 2126 870; x_wconf 88' lang='lat' dir='ltr'><strong>digna</strong></span> <span class='ocrx_word' id='word_1_78' title='bbox 2154 800 2444 856; x_wconf 86' lang='lat' dir='ltr'><strong>severitate</strong></span> <span class='ocrx_word' id='word_1_79' title='bbox 2472 816 2581 855; x_wconf 92' lang='lat' dir='ltr'><strong>non</strong></span> <span class='ocrx_word' id='word_1_80' title='bbox 2607 808 2806 870; x_wconf 84' lang='lat' dir='ltr'><strong>potest,</strong></span> <span class='ocrx_word' id='word_1_81' title='bbox 2829 799 3233 867; x_wconf 88' lang='lat' dir='ltr'><strong>dissimulanda,</strong></span> <span class='ocrx_word' id='word_1_82' title='bbox 3256 816 3364 855; x_wconf 94' lang='lat' dir='ltr'><strong>non</strong></span> <span class='ocrx_word' id='word_1_83' title='bbox 3392 814 3559 871; x_wconf 82' lang='lat' dir='ltr'><strong>expo-</strong></span> 
     </span>
    </p>
   </div>
   <div class='ocr_carea' id='block_1_13' title="bbox 1970 888 3557 960">
    <p class='ocr_par' dir='ltr' id='par_1_13' title="bbox 1970 888 3557 960">
     <span class='ocr_line' id='line_1_13' title="bbox 1970 888 3557 960; baseline 0.001 -17"><span class='ocrx_word' id='word_1_84' title='bbox 1970 890 2145 945; x_wconf 89' lang='lat' dir='ltr'><strong>nenda</strong></span> <span class='ocrx_word' id='word_1_85' title='bbox 2183 897 2295 955; x_wconf 88' lang='lat' dir='ltr'><strong>est,</strong></span> <span class='ocrx_word' id='word_1_86' title='bbox 2324 890 2451 959; x_wconf 89' lang='lat' dir='ltr'><strong>quia</strong></span> <span class='ocrx_word' id='word_1_87' title='bbox 2480 889 2733 944; x_wconf 90' lang='lat' dir='ltr'><strong>audacius</strong></span> <span class='ocrx_word' id='word_1_88' title='bbox 2761 905 2792 944; x_wconf 89' lang='lat' dir='ltr'><strong>a</strong></span> <span class='ocrx_word' id='word_1_89' title='bbox 2826 888 3081 959; x_wconf 89' lang='lat' dir='ltr'><strong>subjectis</strong></span> <span class='ocrx_word' id='word_1_90' title='bbox 3117 889 3464 960; x_wconf 84' lang='lat' dir='ltr'><strong>delinquitur,</strong></span> <span class='ocrx_word' id='word_1_91' title='bbox 3506 889 3557 947; x_wconf 85' lang='lat' dir='ltr'><strong>si</strong></span> 
     </span>
    </p>
   </div>
   <div class='ocr_carea' id='block_1_14' title="bbox 1969 980 3558 1051">
    <p class='ocr_par' dir='ltr' id='par_1_14' title="bbox 1969 980 3558 1051">
     <span class='ocr_line' id='line_1_14' title="bbox 1969 980 3558 1051; baseline -0.001 -15"><span class='ocrx_word' id='word_1_92' title='bbox 1969 982 2310 1051; x_wconf 70' lang='lat' dir='ltr'><strong>przelatorum</strong></span> <span class='ocrx_word' id='word_1_93' title='bbox 2339 981 2620 1036; x_wconf 89' lang='lat' dir='ltr'><strong>inﬁrmitas</strong></span> <span class='ocrx_word' id='word_1_94' title='bbox 2648 992 2986 1051; x_wconf 78' lang='lat' dir='ltr'><strong>agnoscatur.</strong></span> <span class='ocrx_word' id='word_1_95' title='bbox 3012 980 3138 1036; x_wconf 77' lang='lat' dir='ltr'><strong>Haec</strong></span> <span class='ocrx_word' id='word_1_96' title='bbox 3162 982 3216 1037; x_wconf 90' lang='lat' dir='ltr'><strong>in</strong></span> <span class='ocrx_word' id='word_1_97' title='bbox 3244 990 3435 1051; x_wconf 90' lang='lat' dir='ltr'><strong>quarto</strong></span> <span class='ocrx_word' id='word_1_98' title='bbox 3456 982 3558 1036; x_wconf 89' lang='lat' dir='ltr'><strong>hu-</strong></span> 
     </span>
    </p>
   </div>
   <div class='ocr_carea' id='block_1_15' title="bbox 267 1070 3558 1150">
    <p class='ocr_par' dir='ltr' id='par_1_15' title="bbox 267 1070 3558 1150">
     <span class='ocr_line' id='line_1_15' title="bbox 267 1070 3558 1150; baseline -0.001 -19"><span class='ocrx_word' id='word_1_99' title='bbox 267 1076 375 1133; x_wconf 83' lang='lat' dir='ltr'><strong>hoc</strong></span> <span class='ocrx_word' id='word_1_100' title='bbox 418 1078 535 1147; x_wconf 87' lang='lat' dir='ltr'><strong>ipso</strong></span> <span class='ocrx_word' id='word_1_101' title='bbox 562 1078 775 1136; x_wconf 85' lang='lat' dir='ltr'><strong>Israelis</strong></span> <span class='ocrx_word' id='word_1_102' title='bbox 815 1093 942 1148; x_wconf 82' lang='lat' dir='ltr'><strong>rege</strong></span> <span class='ocrx_word' id='word_1_103' title='bbox 972 1080 1341 1150; x_wconf 77' lang='lat' dir='ltr'><strong>agnoscimus,</strong></span> <span class='ocrx_word' id='word_1_104' title='bbox 1362 1082 1409 1136; x_wconf 86' lang='lat' dir='ltr'><strong>si</strong></span> <span class='ocrx_word' id='word_1_105' title='bbox 1438 1082 1589 1149; x_wconf 83' lang='lat' dir='ltr'><strong>regni</strong></span> <span class='ocrx_word' id='word_1_106' title='bbox 1617 1089 1863 1150; x_wconf 72' lang='lat' dir='ltr'><strong>tempora</strong></span> <span class='ocrx_word' id='word_1_107' title='bbox 1960 1072 2048 1141; x_wconf 86' lang='lat' dir='ltr'><strong>jus</strong></span> <span class='ocrx_word' id='word_1_108' title='bbox 2078 1072 2256 1142; x_wconf 81' lang='lat' dir='ltr'><strong>operis</strong></span> <span class='ocrx_word' id='word_1_109' title='bbox 2294 1071 2432 1127; x_wconf 91' lang='lat' dir='ltr'><strong>libro</strong></span> <span class='ocrx_word' id='word_1_110' title='bbox 2458 1072 2728 1141; x_wconf 87' lang='lat' dir='ltr'><strong>disputata</strong></span> <span class='ocrx_word' id='word_1_111' title='bbox 2765 1072 3064 1142; x_wconf 89' lang='lat' dir='ltr'><strong>sufﬁciant,</strong></span> <span class='ocrx_word' id='word_1_112' title='bbox 3100 1081 3160 1128; x_wconf 91' lang='lat' dir='ltr'><strong>ut</strong></span> <span class='ocrx_word' id='word_1_113' title='bbox 3181 1088 3279 1143; x_wconf 85' lang='lat' dir='ltr'><strong>per</strong></span> <span class='ocrx_word' id='word_1_114' title='bbox 3299 1070 3558 1142; x_wconf 88' lang='lat' dir='ltr'><strong>loquendi</strong></span> 
     </span>
    </p>
   </div>
   <div class='ocr_carea' id='block_1_16' title="bbox 267 1164 3559 1238">
    <p class='ocr_par' dir='ltr' id='par_1_16' title="bbox 267 1164 3559 1238">
     <span class='ocr_line' id='line_1_16' title="bbox 267 1164 3559 1238; baseline -0.001 -13"><span class='ocrx_word' id='word_1_115' title='bbox 267 1176 327 1225; x_wconf 88' lang='lat' dir='ltr'><strong>et</strong></span> <span class='ocrx_word' id='word_1_116' title='bbox 350 1176 475 1225; x_wconf 88' lang='lat' dir='ltr'><strong>aeta</strong></span> <span class='ocrx_word' id='word_1_117' title='bbox 504 1169 716 1227; x_wconf 87' lang='lat' dir='ltr'><strong>diversa</strong></span> <span class='ocrx_word' id='word_1_118' title='bbox 745 1170 1038 1226; x_wconf 88' lang='lat' dir='ltr'><strong>videamus.</strong></span> <span class='ocrx_word' id='word_1_119' title='bbox 1067 1169 1202 1225; x_wconf 87' lang='lat' dir='ltr'><strong>Nam</strong></span> <span class='ocrx_word' id='word_1_120' title='bbox 1223 1170 1371 1226; x_wconf 91' lang='lat' dir='ltr'><strong>rudis</strong></span> <span class='ocrx_word' id='word_1_121' title='bbox 1397 1170 1592 1238; x_wconf 86' lang='lat' dir='ltr'><strong>adhuc,</strong></span> <span class='ocrx_word' id='word_1_122' title='bbox 1623 1179 1679 1225; x_wconf 93' lang='lat' dir='ltr'><strong>et</strong></span> <span class='ocrx_word' id='word_1_123' title='bbox 1707 1169 1865 1225; x_wconf 78' lang='lat' dir='ltr'><strong>novi-</strong></span> <span class='ocrx_word' id='word_1_124' title='bbox 1965 1164 2287 1235; x_wconf 87' lang='lat' dir='ltr'><strong>principium</strong></span> <span class='ocrx_word' id='word_1_125' title='bbox 2317 1165 2384 1221; x_wconf 90' lang='lat' dir='ltr'><strong>ad</strong></span> <span class='ocrx_word' id='word_1_126' title='bbox 2412 1165 2763 1236; x_wconf 86' lang='lat' dir='ltr'><strong>exponenda,</strong></span> <span class='ocrx_word' id='word_1_127' title='bbox 2794 1182 2915 1238; x_wconf 80' lang='lat' dir='ltr'><strong>quae</strong></span> <span class='ocrx_word' id='word_1_128' title='bbox 2944 1174 3179 1236; x_wconf 85' lang='lat' dir='ltr'><strong>restant,</strong></span> <span class='ocrx_word' id='word_1_129' title='bbox 3210 1166 3446 1224; x_wconf 87' lang='lat' dir='ltr'><strong>studium</strong></span> <span class='ocrx_word' id='word_1_130' title='bbox 3464 1178 3559 1223; x_wconf 72' lang='grc' dir='ltr'><strong>πθ-</strong></span> 
     </span>
    </p>
   </div>
   <div class='ocr_carea' id='block_1_17' title="bbox 264 1261 1863 1333">
    <p class='ocr_par' dir='ltr' id='par_1_17' title="bbox 264 1261 1863 1333">
     <span class='ocr_line' id='line_1_17' title="bbox 264 1261 1863 1333; baseline -0.001 -17"><span class='ocrx_word' id='word_1_131' title='bbox 264 1266 355 1317; x_wconf 84' lang='lat' dir='ltr'><strong>ter</strong></span> <span class='ocrx_word' id='word_1_132' title='bbox 396 1261 680 1319; x_wconf 87' lang='lat' dir='ltr'><strong>ordinatus</strong></span> <span class='ocrx_word' id='word_1_133' title='bbox 727 1262 1068 1319; x_wconf 89' lang='lat' dir='ltr'><strong>dissimulare</strong></span> <span class='ocrx_word' id='word_1_134' title='bbox 1106 1277 1165 1317; x_wconf 88' lang='lat' dir='ltr'><strong>se</strong></span> <span class='ocrx_word' id='word_1_135' title='bbox 1215 1262 1401 1318; x_wconf 89' lang='lat' dir='ltr'><strong>audire</strong></span> <span class='ocrx_word' id='word_1_136' title='bbox 1452 1262 1863 1333; x_wconf 86' lang='lat' dir='ltr'><strong>despicientium</strong></span> 
     </span>
    </p>
   </div>
   <div class='ocr_carea' id='block_1_18' title="bbox 1966 1273 2252 1314">
    <p class='ocr_par' dir='ltr' id='par_1_18' title="bbox 1966 1273 2252 1314">
     <span class='ocr_line' id='line_1_18' title="bbox 1966 1273 2252 1314; baseline -0.003 -2"><span class='ocrx_word' id='word_1_137' title='bbox 1966 1273 2252 1314; x_wconf 80' lang='lat' dir='ltr'><strong>navemus.</strong></span> 
     </span>
    </p>
   </div>
   <div class='ocr_carea' id='block_1_19' title="bbox 271 1421 3553 1450">
    <p class='ocr_par' dir='ltr' id='par_1_19' title="bbox 271 1421 3553 1450">
     <span class='ocr_line' id='line_1_19' title="bbox 271 1421 3553 1450; baseline -0.005 2"><span class='ocrx_word' id='word_1_138' title='bbox 271 1421 3553 1450; x_wconf 47' lang='lat' dir='ltr'><strong>MM</strong></span> 
     </span>
    </p>
   </div>
   <div class='ocr_carea' id='block_1_20' title="bbox 1423 1550 2403 1663">
    <p class='ocr_par' dir='ltr' id='par_1_20' title="bbox 1423 1550 2403 1663">
     <span class='ocr_line' id='line_1_20' title="bbox 1423 1550 2403 1663; baseline -0.003 -26"><span class='ocrx_word' id='word_1_139' title='bbox 1423 1550 1777 1638; x_wconf 82' lang='lat' dir='ltr'><strong>LIBER</strong></span> <span class='ocrx_word' id='word_1_140' title='bbox 1834 1552 2403 1663; x_wconf 84' lang='lat' dir='ltr'><strong>QUINTUS.</strong></span> 
     </span>
    </p>
   </div>
   <div class='ocr_carea' id='block_1_21' title="bbox 776 1708 1332 1769">
    <p class='ocr_par' dir='ltr' id='par_1_21' title="bbox 776 1708 1332 1769">
     <span class='ocr_line' id='line_1_21' title="bbox 776 1708 1332 1769; baseline -0.005 0"><span class='ocrx_word' id='word_1_141' title='bbox 776 1708 1003 1769; x_wconf 79' lang='lat' dir='ltr'><strong>CAPUT</strong></span> <span class='ocrx_word' id='word_1_142' title='bbox 1041 1708 1332 1767; x_wconf 80' lang='lat' dir='ltr'><strong>PRIMUM.</strong></span> 
     </span>
    </p>
   </div>
   <div class='ocr_carea' id='block_1_22' title="bbox 336 1801 1864 1875">
    <p class='ocr_par' dir='ltr' id='par_1_22' title="bbox 336 1801 1864 1875">
     <span class='ocr_line' id='line_1_22' title="bbox 336 1801 1864 1875; baseline -0.002 -13"><span class='ocrx_word' id='word_1_143' title='bbox 336 1805 393 1862; x_wconf 78' lang='lat'><strong>1.</strong></span> <span class='ocrx_word' id='word_1_144' title='bbox 436 1804 571 1862; x_wconf 87' lang='lat' dir='ltr'><strong>Cum</strong></span> <span class='ocrx_word' id='word_1_145' title='bbox 604 1820 773 1862; x_wconf 72' lang='lat' dir='ltr'><strong>sacra:</strong></span> <span class='ocrx_word' id='word_1_146' title='bbox 810 1803 971 1874; x_wconf 87' lang='lat' dir='ltr'><strong>hujus</strong></span> <span class='ocrx_word' id='word_1_147' title='bbox 1002 1804 1243 1860; x_wconf 59' lang='lat' dir='ltr'><strong>historice</strong></span> <span class='ocrx_word' id='word_1_148' title='bbox 1272 1801 1692 1875; x_wconf 81' lang='lat' dir='ltr'><strong>profunditatem</strong></span> <span class='ocrx_word' id='word_1_149' title='bbox 1721 1815 1864 1859; x_wconf 88' lang='lat' dir='ltr'><strong>asse-</strong></span> 
     </span>
    </p>
   </div>
   <div class='ocr_carea' id='block_1_23' title="bbox 256 1891 1866 1967">
    <p class='ocr_par' dir='ltr' id='par_1_23' title="bbox 256 1891 1866 1967">
     <span class='ocr_line' id='line_1_23' title="bbox 256 1891 1866 1967; baseline -0.002 -14"><span class='ocrx_word' id='word_1_150' title='bbox 256 1910 387 1954; x_wconf 87' lang='lat' dir='ltr'><strong>rere</strong></span> <span class='ocrx_word' id='word_1_151' title='bbox 414 1897 469 1952; x_wconf 92' lang='lat' dir='ltr'><strong>in</strong></span> <span class='ocrx_word' id='word_1_152' title='bbox 496 1897 651 1953; x_wconf 85' lang='lat' dir='ltr'><strong>istius</strong></span> <span class='ocrx_word' id='word_1_153' title='bbox 680 1896 863 1967; x_wconf 91' lang='lat' dir='ltr'><strong>operis</strong></span> <span class='ocrx_word' id='word_1_154' title='bbox 886 1895 1205 1966; x_wconf 62' lang='lat' dir='ltr'><strong>praefatione</strong></span> <span class='ocrx_word' id='word_1_155' title='bbox 1232 1894 1524 1950; x_wconf 86' lang='lat' dir='ltr'><strong>voluissem</strong></span> <span class='ocrx_word' id='word_1_156' title='bbox 1542 1936 1559 1963; x_wconf 92' lang='lat'><strong>,</strong></span> <span class='ocrx_word' id='word_1_157' title='bbox 1584 1891 1640 1948; x_wconf 92' lang='lat' dir='ltr'><strong>in</strong></span> <span class='ocrx_word' id='word_1_158' title='bbox 1671 1909 1737 1949; x_wconf 90' lang='lat' dir='ltr'><strong>eo</strong></span> <span class='ocrx_word' id='word_1_159' title='bbox 1764 1908 1866 1963; x_wconf 80' lang='lat' dir='ltr'><strong>po-</strong></span> 
     </span>
    </p>
   </div>
   <div class='ocr_carea' id='block_1_24' title="bbox 256 1984 1865 2058">
    <p class='ocr_par' dir='ltr' id='par_1_24' title="bbox 256 1984 1865 2058">
     <span class='ocr_line' id='line_1_24' title="bbox 256 1984 1865 2058; baseline -0.004 -13"><span class='ocrx_word' id='word_1_160' title='bbox 256 1989 533 2046; x_wconf 85' lang='lat' dir='ltr'><strong>tissimum</strong></span> <span class='ocrx_word' id='word_1_161' title='bbox 558 1987 731 2044; x_wconf 86' lang='lat' dir='ltr'><strong>videri</strong></span> <span class='ocrx_word' id='word_1_162' title='bbox 760 2002 921 2058; x_wconf 89' lang='lat' dir='ltr'><strong>posse</strong></span> <span class='ocrx_word' id='word_1_163' title='bbox 949 1987 1185 2052; x_wconf 91' lang='lat' dir='ltr'><strong>asserui,</strong></span> <span class='ocrx_word' id='word_1_164' title='bbox 1220 1986 1364 2058; x_wconf 91' lang='lat' dir='ltr'><strong>quod</strong></span> <span class='ocrx_word' id='word_1_165' title='bbox 1406 1986 1608 2056; x_wconf 91' lang='lat' dir='ltr'><strong>scripta</strong></span> <span class='ocrx_word' id='word_1_166' title='bbox 1634 1984 1795 2041; x_wconf 79' lang='lat' dir='ltr'><strong>fuerit</strong></span> <span class='ocrx_word' id='word_1_167' title='bbox 1833 1998 1865 2039; x_wconf 90' lang='lat' dir='ltr'><strong>a</strong></span> 
     </span>
    </p>
   </div>
   <div class='ocr_carea' id='block_1_25' title="bbox 255 2076 1867 2150">
    <p class='ocr_par' dir='ltr' id='par_1_25' title="bbox 255 2076 1867 2150">
     <span class='ocr_line' id='line_1_25' title="bbox 255 2076 1867 2150; baseline -0.002 -15"><span class='ocrx_word' id='word_1_168' title='bbox 255 2080 569 2150; x_wconf 89' lang='lat' dir='ltr'><strong>prophetis.</strong></span> <span class='ocrx_word' id='word_1_169' title='bbox 619 2076 725 2149; x_wconf 86' lang='lat' dir='ltr'><strong>[psi</strong></span> <span class='ocrx_word' id='word_1_170' title='bbox 769 2078 988 2148; x_wconf 85' lang='lat' dir='ltr'><strong>quidem</strong></span> <span class='ocrx_word' id='word_1_171' title='bbox 1028 2078 1252 2148; x_wconf 86' lang='lat' dir='ltr'><strong>mystica</strong></span> <span class='ocrx_word' id='word_1_172' title='bbox 1289 2078 1505 2146; x_wconf 89' lang='lat' dir='ltr'><strong>dicere,</strong></span> <span class='ocrx_word' id='word_1_173' title='bbox 1550 2092 1660 2132; x_wconf 93' lang='lat' dir='ltr'><strong>non</strong></span> <span class='ocrx_word' id='word_1_174' title='bbox 1687 2076 1867 2132; x_wconf 91' lang='lat' dir='ltr'><strong>solum</strong></span> 
     </span>
    </p>
   </div>
   <div class='ocr_carea' id='block_1_26' title="bbox 1968 1707 3565 1785">
    <p class='ocr_par' dir='ltr' id='par_1_26' title="bbox 1968 1707 3565 1785">
     <span class='ocr_line' id='line_1_26' title="bbox 1968 1707 3565 1785; baseline -0.002 -18"><span class='ocrx_word' id='word_1_175' title='bbox 1968 1712 2343 1770; x_wconf 80' lang='lat' dir='ltr'><strong>Ammonites?</strong></span> <span class='ocrx_word' id='word_1_176' title='bbox 2372 1728 2494 1785; x_wconf 69' lang='lat' dir='ltr'><strong>qua:</strong></span> <span class='ocrx_word' id='word_1_177' title='bbox 2521 1721 2605 1770; x_wconf 88' lang='lat' dir='ltr'><strong>est</strong></span> <span class='ocrx_word' id='word_1_178' title='bbox 2628 1710 2789 1770; x_wconf 89' lang='lat' dir='ltr'><strong>Jabes</strong></span> <span class='ocrx_word' id='word_1_179' title='bbox 2825 1710 3064 1768; x_wconf 79' lang='lat' dir='ltr'><strong>Galaad?</strong></span> <span class='ocrx_word' id='word_1_180' title='bbox 3096 1709 3202 1767; x_wconf 90' lang='lat' dir='ltr'><strong>Sed</strong></span> <span class='ocrx_word' id='word_1_181' title='bbox 3230 1707 3371 1766; x_wconf 87' lang='lat' dir='ltr'><strong>Naas</strong></span> <span class='ocrx_word' id='word_1_182' title='bbox 3394 1708 3565 1765; x_wconf 88' lang='lat' dir='ltr'><strong>inter-</strong></span> 
     </span>
    </p>
   </div>
   <div class='ocr_carea' id='block_1_27' title="bbox 1966 1802 3565 1875">
    <p class='ocr_par' dir='ltr' id='par_1_27' title="bbox 1966 1802 3565 1875">
     <span class='ocr_line' id='line_1_27' title="bbox 1966 1802 3565 1875; baseline -0.005 -15"><span class='ocrx_word' id='word_1_183' title='bbox 1966 1812 2231 1875; x_wconf 90' lang='lat' dir='ltr'><strong>pretatur,</strong></span> <span class='ocrx_word' id='word_1_184' title='bbox 2262 1820 2507 1875; x_wconf 88' lang='lat' dir='ltr'><strong>serpens,</strong></span> <span class='ocrx_word' id='word_1_185' title='bbox 2537 1802 2695 1859; x_wconf 85' lang='lat' dir='ltr'><strong>Jabes</strong></span> <span class='ocrx_word' id='word_1_186' title='bbox 2722 1802 3013 1859; x_wconf 85' lang='lat' dir='ltr'><strong>exsiccata.</strong></span> <span class='ocrx_word' id='word_1_187' title='bbox 3044 1802 3120 1858; x_wconf 88' lang='lat' dir='ltr'><strong>De</strong></span> <span class='ocrx_word' id='word_1_188' title='bbox 3167 1808 3419 1871; x_wconf 89' lang='lat' dir='ltr'><strong>serpente</strong></span> <span class='ocrx_word' id='word_1_189' title='bbox 3469 1814 3565 1853; x_wconf 87' lang='lat' dir='ltr'><strong>au-</strong></span> 
     </span>
    </p>
   </div>
   <div class='ocr_carea' id='block_1_28' title="bbox 1969 1890 3565 1958">
    <p class='ocr_par' dir='ltr' id='par_1_28' title="bbox 1969 1890 3565 1958">
     <span class='ocr_line' id='line_1_28' title="bbox 1969 1890 3565 1958; baseline -0.004 -8"><span class='ocrx_word' id='word_1_190' title='bbox 1969 1904 2078 1952; x_wconf 88' lang='lat' dir='ltr'><strong>tem</strong></span> <span class='ocrx_word' id='word_1_191' title='bbox 2104 1896 2157 1952; x_wconf 86' lang='lat' dir='ltr'><strong>in</strong></span> <span class='ocrx_word' id='word_1_192' title='bbox 2184 1895 2383 1953; x_wconf 87' lang='lat' dir='ltr'><strong>Genesi</strong></span> <span class='ocrx_word' id='word_1_193' title='bbox 2405 1895 2601 1951; x_wconf 89' lang='lat' dir='ltr'><strong>dicitur</strong></span> <span class='ocrx_word' id='word_1_194' title='bbox 2624 1913 2638 1949; x_wconf 87' lang='lat'><strong>:</strong></span> <span class='ocrx_word' id='word_1_195' title='bbox 2664 1892 2800 1958; x_wconf 79' lang='lat' dir='ltr'><strong>Quia</strong></span> <span class='ocrx_word' id='word_1_196' title='bbox 2821 1894 3061 1947; x_wconf 82' lang='lat' dir='ltr'><strong>callidior</strong></span> <span class='ocrx_word' id='word_1_197' title='bbox 3086 1901 3200 1946; x_wconf 86' lang='lat' dir='ltr'><strong>erat</strong></span> <span class='ocrx_word' id='word_1_198' title='bbox 3226 1892 3423 1945; x_wconf 86' lang='lat' dir='ltr'><strong>cunctis</strong></span> <span class='ocrx_word' id='word_1_199' title='bbox 3446 1890 3565 1943; x_wconf 85' lang='lat' dir='ltr'><strong>ani-</strong></span> 
     </span>
    </p>
   </div>
   <div class='ocr_carea' id='block_1_29' title="bbox 1970 1983 3566 2059">
    <p class='ocr_par' dir='ltr' id='par_1_29' title="bbox 1970 1983 3566 2059">
     <span class='ocr_line' id='line_1_29' title="bbox 1970 1983 3566 2059; baseline -0.004 -16"><span class='ocrx_word' id='word_1_200' title='bbox 1970 1989 2229 2043; x_wconf 79' lang='lat' dir='ltr'><strong>mantibus</strong></span> <span class='ocrx_word' id='word_1_201' title='bbox 2261 1988 2415 2059; x_wconf 84' lang='lat' dir='ltr'><strong>(Gen.</strong></span> <span class='ocrx_word' id='word_1_202' title='bbox 2443 2004 2521 2053; x_wconf 80' lang='lat' dir='ltr'><strong>nr,</strong></span> <span class='ocrx_word' id='word_1_203' title='bbox 2556 1987 2631 2058; x_wconf 97' lang='lat'><strong>1).</strong></span> <span class='ocrx_word' id='word_1_204' title='bbox 2661 1986 2830 2055; x_wconf 88' lang='lat' dir='ltr'><strong>Cujus</strong></span> <span class='ocrx_word' id='word_1_205' title='bbox 2860 1986 3102 2057; x_wconf 84' lang='lat' dir='ltr'><strong>profecto</strong></span> <span class='ocrx_word' id='word_1_206' title='bbox 3128 1984 3392 2055; x_wconf 87' lang='lat' dir='ltr'><strong>serpentis</strong></span> <span class='ocrx_word' id='word_1_207' title='bbox 3418 1983 3566 2038; x_wconf 89' lang='lat' dir='ltr'><strong>simi-</strong></span> 
     </span>
    </p>
   </div>
   <div class='ocr_carea' id='block_1_30' title="bbox 1970 2074 3568 2150">
    <p class='ocr_par' dir='ltr' id='par_1_30' title="bbox 1970 2074 3568 2150">
     <span class='ocr_line' id='line_1_30' title="bbox 1970 2074 3568 2150; baseline -0.005 -15"><span class='ocrx_word' id='word_1_208' title='bbox 1970 2080 2143 2136; x_wconf 90' lang='lat' dir='ltr'><strong>litudo</strong></span> <span class='ocrx_word' id='word_1_209' title='bbox 2160 2081 2205 2135; x_wconf 92' lang='lat' dir='ltr'><strong>si</strong></span> <span class='ocrx_word' id='word_1_210' title='bbox 2224 2081 2277 2134; x_wconf 93' lang='lat' dir='ltr'><strong>in</strong></span> <span class='ocrx_word' id='word_1_211' title='bbox 2290 2081 2435 2135; x_wconf 90' lang='lat' dir='ltr'><strong>vitiis</strong></span> <span class='ocrx_word' id='word_1_212' title='bbox 2461 2080 2739 2148; x_wconf 65' lang='lat' dir='ltr'><strong>quteritur,</strong></span> <span class='ocrx_word' id='word_1_213' title='bbox 2772 2078 2899 2150; x_wconf 91' lang='lat' dir='ltr'><strong>quid</strong></span> <span class='ocrx_word' id='word_1_214' title='bbox 2920 2076 3147 2134; x_wconf 86' lang='lat' dir='ltr'><strong>similius</strong></span> <span class='ocrx_word' id='word_1_215' title='bbox 3175 2090 3336 2144; x_wconf 88' lang='lat' dir='ltr'><strong>quam</strong></span> <span class='ocrx_word' id='word_1_216' title='bbox 3362 2074 3568 2129; x_wconf 86' lang='lat' dir='ltr'><strong>violen-</strong></span> 
     </span>
    </p>
   </div>
   <div class='ocr_carea' id='block_1_31' title="bbox 254 2155 3569 2242">
    <p class='ocr_par' dir='ltr' id='par_1_31' title="bbox 254 2155 3569 2242">
     <span class='ocr_line' id='line_1_31' title="bbox 254 2155 3569 2242; baseline -0.002 -17"><span class='ocrx_word' id='word_1_217' title='bbox 254 2170 474 2235; x_wconf 86' lang='lat' dir='ltr'><strong>verbis,</strong></span> <span class='ocrx_word' id='word_1_218' title='bbox 508 2169 604 2226; x_wconf 86' lang='lat' dir='ltr'><strong>sed</strong></span> <span class='ocrx_word' id='word_1_219' title='bbox 626 2170 790 2225; x_wconf 89' lang='lat' dir='ltr'><strong>etiam</strong></span> <span class='ocrx_word' id='word_1_220' title='bbox 807 2169 970 2225; x_wconf 90' lang='lat' dir='ltr'><strong>rebus</strong></span> <span class='ocrx_word' id='word_1_221' title='bbox 988 2178 1401 2236; x_wconf 88' lang='lat' dir='ltr'><strong>consueverant;</strong></span> <span class='ocrx_word' id='word_1_222' title='bbox 1422 2168 1580 2239; x_wconf 90' lang='lat' dir='ltr'><strong>plana</strong></span> <span class='ocrx_word' id='word_1_223' title='bbox 1600 2169 1865 2239; x_wconf 86' lang='lat' dir='ltr'><strong>proferre,</strong></span> <span class='ocrx_word' id='word_1_224' title='bbox 1896 2155 1948 2216; x_wconf 80' lang='grc' dir='ltr'><strong>Β</strong></span> <span class='ocrx_word' id='word_1_225' title='bbox 1974 2181 2085 2228; x_wconf 91' lang='lat' dir='ltr'><strong>tum</strong></span> <span class='ocrx_word' id='word_1_226' title='bbox 2134 2172 2551 2242; x_wconf 77' lang='lat' dir='ltr'><strong>gastrimargize,</strong></span> <span class='ocrx_word' id='word_1_227' title='bbox 2581 2171 2633 2225; x_wconf 89' lang='lat' dir='ltr'><strong>id</strong></span> <span class='ocrx_word' id='word_1_228' title='bbox 2662 2179 2744 2226; x_wconf 90' lang='lat' dir='ltr'><strong>est</strong></span> <span class='ocrx_word' id='word_1_229' title='bbox 2789 2171 2926 2241; x_wconf 77' lang='lat' dir='ltr'><strong>gulm</strong></span> <span class='ocrx_word' id='word_1_230' title='bbox 2978 2175 3186 2223; x_wconf 89' lang='lat' dir='ltr'><strong>motum</strong></span> <span class='ocrx_word' id='word_1_231' title='bbox 3230 2163 3569 2222; x_wconf 78' lang='lat' dir='ltr'><strong>invenimus?</strong></span> 
     </span>
    </p>
   </div>
   <div class='ocr_carea' id='block_1_32' title="bbox 254 2260 1865 2333">
    <p class='ocr_par' dir='ltr' id='par_1_32' title="bbox 254 2260 1865 2333">
     <span class='ocr_line' id='line_1_32' title="bbox 254 2260 1865 2333; baseline -0.002 -15"><span class='ocrx_word' id='word_1_232' title='bbox 254 2262 360 2319; x_wconf 89' lang='lat' dir='ltr'><strong>sed</strong></span> <span class='ocrx_word' id='word_1_233' title='bbox 387 2262 497 2317; x_wconf 92' lang='lat' dir='ltr'><strong>alta</strong></span> <span class='ocrx_word' id='word_1_234' title='bbox 527 2262 760 2333; x_wconf 86' lang='lat' dir='ltr'><strong>signare.</strong></span> <span class='ocrx_word' id='word_1_235' title='bbox 791 2260 927 2328; x_wconf 85' lang='lat' dir='ltr'><strong>Quia</strong></span> <span class='ocrx_word' id='word_1_236' title='bbox 953 2261 1098 2317; x_wconf 90' lang='lat' dir='ltr'><strong>enim</strong></span> <span class='ocrx_word' id='word_1_237' title='bbox 1127 2276 1226 2332; x_wconf 89' lang='lat' dir='ltr'><strong>per</strong></span> <span class='ocrx_word' id='word_1_238' title='bbox 1256 2276 1351 2317; x_wconf 90' lang='lat' dir='ltr'><strong>eos</strong></span> <span class='ocrx_word' id='word_1_239' title='bbox 1379 2260 1611 2331; x_wconf 88' lang='lat' dir='ltr'><strong>Spiritus</strong></span> <span class='ocrx_word' id='word_1_240' title='bbox 1647 2268 1865 2316; x_wconf 90' lang='lat' dir='ltr'><strong>sanctus</strong></span> 
     </span>
    </p>
   </div>
   <div class='ocr_carea' id='block_1_33' title="bbox 258 2350 1865 2428">
    <p class='ocr_par' dir='ltr' id='par_1_33' title="bbox 258 2350 1865 2428">
     <span class='ocr_line' id='line_1_33' title="bbox 258 2350 1865 2428; baseline -0.004 -14"><span class='ocrx_word' id='word_1_241' title='bbox 258 2357 615 2428; x_wconf 87' lang='lat' dir='ltr'><strong>loquebatur,</strong></span> <span class='ocrx_word' id='word_1_242' title='bbox 654 2365 711 2412; x_wconf 91' lang='lat' dir='ltr'><strong>et</strong></span> <span class='ocrx_word' id='word_1_243' title='bbox 746 2350 969 2427; x_wconf 88' lang='lat' dir='ltr'><strong>planum</strong></span> <span class='ocrx_word' id='word_1_244' title='bbox 998 2363 1145 2421; x_wconf 88' lang='lat' dir='ltr'><strong>erat,</strong></span> <span class='ocrx_word' id='word_1_245' title='bbox 1175 2355 1320 2426; x_wconf 91' lang='lat' dir='ltr'><strong>quod</strong></span> <span class='ocrx_word' id='word_1_246' title='bbox 1349 2354 1482 2425; x_wconf 90' lang='lat' dir='ltr'><strong>ipsi,</strong></span> <span class='ocrx_word' id='word_1_247' title='bbox 1513 2354 1658 2410; x_wconf 89' lang='lat' dir='ltr'><strong>velut</strong></span> <span class='ocrx_word' id='word_1_248' title='bbox 1684 2353 1865 2409; x_wconf 91' lang='lat' dir='ltr'><strong>homi-</strong></span> 
     </span>
    </p>
   </div>
   <div class='ocr_carea' id='block_1_34' title="bbox 257 2447 1864 2519">
    <p class='ocr_par' dir='ltr' id='par_1_34' title="bbox 257 2447 1864 2519">
     <span class='ocr_line' id='line_1_34' title="bbox 257 2447 1864 2519; baseline -0.002 -13"><span class='ocrx_word' id='word_1_249' title='bbox 257 2466 364 2506; x_wconf 89' lang='lat' dir='ltr'><strong>nes</strong></span> <span class='ocrx_word' id='word_1_250' title='bbox 394 2450 674 2517; x_wconf 89' lang='lat' dir='ltr'><strong>dicebant,</strong></span> <span class='ocrx_word' id='word_1_251' title='bbox 714 2449 810 2505; x_wconf 90' lang='lat' dir='ltr'><strong>sed</strong></span> <span class='ocrx_word' id='word_1_252' title='bbox 839 2448 1163 2519; x_wconf 85' lang='lat' dir='ltr'><strong>profundum</strong></span> <span class='ocrx_word' id='word_1_253' title='bbox 1192 2458 1248 2503; x_wconf 91' lang='lat' dir='ltr'><strong>et</strong></span> <span class='ocrx_word' id='word_1_254' title='bbox 1274 2448 1591 2519; x_wconf 82' lang='lat' dir='ltr'><strong>mysticum;</strong></span> <span class='ocrx_word' id='word_1_255' title='bbox 1623 2447 1749 2518; x_wconf 90' lang='lat' dir='ltr'><strong>quia</strong></span> <span class='ocrx_word' id='word_1_256' title='bbox 1777 2447 1864 2502; x_wconf 91' lang='lat' dir='ltr'><strong>lo-</strong></span> 
     </span>
    </p>
   </div>
   <div class='ocr_carea' id='block_1_35' title="bbox 256 2537 1869 2618">
    <p class='ocr_par' dir='ltr' id='par_1_35' title="bbox 256 2537 1869 2618">
     <span class='ocr_line' id='line_1_35' title="bbox 256 2537 1869 2618; baseline -0.004 -20"><span class='ocrx_word' id='word_1_257' title='bbox 256 2542 538 2598; x_wconf 85' lang='lat' dir='ltr'><strong>cutionem</strong></span> <span class='ocrx_word' id='word_1_258' title='bbox 561 2540 873 2597; x_wconf 87' lang='lat' dir='ltr'><strong>hominibus</strong></span> <span class='ocrx_word' id='word_1_259' title='bbox 889 2555 1131 2596; x_wconf 89' lang='lat' dir='ltr'><strong>summus</strong></span> <span class='ocrx_word' id='word_1_260' title='bbox 1156 2549 1211 2595; x_wconf 93' lang='lat' dir='ltr'><strong>et</strong></span> <span class='ocrx_word' id='word_1_261' title='bbox 1225 2539 1724 2608; x_wconf 89' lang='lat' dir='ltr'><strong>incircumscriptus</strong></span> <span class='ocrx_word' id='word_1_262' title='bbox 1744 2537 1869 2618; x_wconf 83' lang='lat' dir='ltr'><strong>Spi-</strong></span> 
     </span>
    </p>
   </div>
   <div class='ocr_carea' id='block_1_36' title="bbox 254 2629 1866 2702">
    <p class='ocr_par' dir='ltr' id='par_1_36' title="bbox 254 2629 1866 2702">
     <span class='ocr_line' id='line_1_36' title="bbox 254 2629 1866 2702; baseline -0.001 -15"><span class='ocrx_word' id='word_1_263' title='bbox 254 2634 400 2688; x_wconf 88' lang='lat' dir='ltr'><strong>ritus</strong></span> <span class='ocrx_word' id='word_1_264' title='bbox 446 2633 787 2702; x_wconf 75' lang='lat' dir='ltr'><strong>suggerebat.</strong></span> <span class='ocrx_word' id='word_1_265' title='bbox 832 2631 969 2698; x_wconf 84' lang='lat' dir='ltr'><strong>Quia</strong></span> <span class='ocrx_word' id='word_1_266' title='bbox 1012 2645 1142 2700; x_wconf 86' lang='lat' dir='ltr'><strong>ergo</strong></span> <span class='ocrx_word' id='word_1_267' title='bbox 1190 2630 1511 2701; x_wconf 91' lang='lat' dir='ltr'><strong>prophetam</strong></span> <span class='ocrx_word' id='word_1_268' title='bbox 1555 2629 1866 2685; x_wconf 88' lang='lat' dir='ltr'><strong>Samuelem</strong></span> 
     </span>
    </p>
   </div>
   <div class='ocr_carea' id='block_1_37' title="bbox 254 2722 1864 2797">
    <p class='ocr_par' dir='ltr' id='par_1_37' title="bbox 254 2722 1864 2797">
     <span class='ocr_line' id='line_1_37' title="bbox 254 2722 1864 2797; baseline -0.002 -16"><span class='ocrx_word' id='word_1_269' title='bbox 254 2726 581 2796; x_wconf 89' lang='lat' dir='ltr'><strong>loquentem</strong></span> <span class='ocrx_word' id='word_1_270' title='bbox 610 2725 963 2797; x_wconf 79' lang='lat' dir='ltr'><strong>exponimus,</strong></span> <span class='ocrx_word' id='word_1_271' title='bbox 1006 2733 1156 2780; x_wconf 87' lang='lat' dir='ltr'><strong>tanto</strong></span> <span class='ocrx_word' id='word_1_272' title='bbox 1201 2723 1396 2794; x_wconf 89' lang='lat' dir='ltr'><strong>majori</strong></span> <span class='ocrx_word' id='word_1_273' title='bbox 1443 2724 1627 2779; x_wconf 91' lang='lat' dir='ltr'><strong>studio</strong></span> <span class='ocrx_word' id='word_1_274' title='bbox 1655 2722 1864 2791; x_wconf 87' lang='lat' dir='ltr'><strong>indige-</strong></span> 
     </span>
    </p>
   </div>
   <div class='ocr_carea' id='block_1_38' title="bbox 255 2810 1867 2886">
    <p class='ocr_par' dir='ltr' id='par_1_38' title="bbox 255 2810 1867 2886">
     <span class='ocr_line' id='line_1_38' title="bbox 255 2810 1867 2886; baseline -0.004 -14"><span class='ocrx_word' id='word_1_275' title='bbox 255 2832 387 2872; x_wconf 89' lang='lat' dir='ltr'><strong>mus</strong></span> <span class='ocrx_word' id='word_1_276' title='bbox 408 2856 424 2882; x_wconf 96' lang='lat'><strong>,</strong></span> <span class='ocrx_word' id='word_1_277' title='bbox 455 2824 658 2886; x_wconf 89' lang='lat' dir='ltr'><strong>quanto</strong></span> <span class='ocrx_word' id='word_1_278' title='bbox 688 2817 802 2885; x_wconf 92' lang='lat' dir='ltr'><strong>ipse</strong></span> <span class='ocrx_word' id='word_1_279' title='bbox 829 2815 883 2869; x_wconf 92' lang='lat' dir='ltr'><strong>in</strong></span> <span class='ocrx_word' id='word_1_280' title='bbox 908 2813 1141 2884; x_wconf 90' lang='lat' dir='ltr'><strong>Spiritus</strong></span> <span class='ocrx_word' id='word_1_281' title='bbox 1160 2815 1335 2869; x_wconf 86' lang='lat' dir='ltr'><strong>sancti</strong></span> <span class='ocrx_word' id='word_1_282' title='bbox 1364 2813 1536 2883; x_wconf 89' lang='lat' dir='ltr'><strong>gratia</strong></span> <span class='ocrx_word' id='word_1_283' title='bbox 1564 2810 1867 2867; x_wconf 88' lang='lat' dir='ltr'><strong>sublimiter</strong></span> 
     </span>
    </p>
   </div>
   <div class='ocr_carea' id='block_1_39' title="bbox 257 2901 1865 2978">
    <p class='ocr_par' dir='ltr' id='par_1_39' title="bbox 257 2901 1865 2978">
     <span class='ocr_line' id='line_1_39' title="bbox 257 2901 1865 2978; baseline -0.004 -15"><span class='ocrx_word' id='word_1_284' title='bbox 257 2915 605 2978; x_wconf 86' lang='lat' dir='ltr'><strong>assumptus,</strong></span> <span class='ocrx_word' id='word_1_285' title='bbox 638 2906 911 2961; x_wconf 81' lang='lat' dir='ltr'><strong>exteriora</strong></span> <span class='ocrx_word' id='word_1_286' title='bbox 939 2905 1101 2969; x_wconf 84' lang='lat' dir='ltr'><strong>dixit,</strong></span> <span class='ocrx_word' id='word_1_287' title='bbox 1134 2903 1231 2959; x_wconf 91' lang='lat' dir='ltr'><strong>sed</strong></span> <span class='ocrx_word' id='word_1_288' title='bbox 1261 2904 1519 2959; x_wconf 90' lang='lat' dir='ltr'><strong>interiora</strong></span> <span class='ocrx_word' id='word_1_289' title='bbox 1546 2902 1698 2958; x_wconf 89' lang='lat' dir='ltr'><strong>vidit.</strong></span> <span class='ocrx_word' id='word_1_290' title='bbox 1727 2901 1865 2957; x_wconf 82' lang='lat' dir='ltr'><strong>Car-</strong></span> 
     </span>
    </p>
   </div>
   <div class='ocr_carea' id='block_1_40' title="bbox 256 2993 1867 3067">
    <p class='ocr_par' dir='ltr' id='par_1_40' title="bbox 256 2993 1867 3067">
     <span class='ocr_line' id='line_1_40' title="bbox 256 2993 1867 3067; baseline -0.003 -14"><span class='ocrx_word' id='word_1_291' title='bbox 256 2998 412 3053; x_wconf 88' lang='lat' dir='ltr'><strong>nalia</strong></span> <span class='ocrx_word' id='word_1_292' title='bbox 451 2997 768 3067; x_wconf 87' lang='lat' dir='ltr'><strong>plerumque</strong></span> <span class='ocrx_word' id='word_1_293' title='bbox 809 2994 1071 3061; x_wconf 90' lang='lat' dir='ltr'><strong>asseruit,</strong></span> <span class='ocrx_word' id='word_1_294' title='bbox 1113 2995 1209 3050; x_wconf 88' lang='lat' dir='ltr'><strong>sed</strong></span> <span class='ocrx_word' id='word_1_295' title='bbox 1251 2994 1441 3050; x_wconf 90' lang='lat' dir='ltr'><strong>intima</strong></span> <span class='ocrx_word' id='word_1_296' title='bbox 1471 3003 1528 3050; x_wconf 87' lang='lat' dir='ltr'><strong>et</strong></span> <span class='ocrx_word' id='word_1_297' title='bbox 1563 2993 1867 3065; x_wconf 84' lang='lat' dir='ltr'><strong>spiritualia</strong></span> 
     </span>
    </p>
   </div>
   <div class='ocr_carea' id='block_1_41' title="bbox 253 3087 1869 3160">
    <p class='ocr_par' dir='ltr' id='par_1_41' title="bbox 253 3087 1869 3160">
     <span class='ocr_line' id='line_1_41' title="bbox 253 3087 1869 3160; baseline -0.003 -12"><span class='ocrx_word' id='word_1_298' title='bbox 253 3090 519 3160; x_wconf 87' lang='lat' dir='ltr'><strong>signavit.</strong></span> <span class='ocrx_word' id='word_1_299' title='bbox 560 3090 665 3145; x_wconf 89' lang='lat' dir='ltr'><strong>Sed</strong></span> <span class='ocrx_word' id='word_1_300' title='bbox 694 3090 819 3160; x_wconf 89' lang='lat' dir='ltr'><strong>quia</strong></span> <span class='ocrx_word' id='word_1_301' title='bbox 849 3090 1087 3144; x_wconf 89' lang='lat' dir='ltr'><strong>humano</strong></span> <span class='ocrx_word' id='word_1_302' title='bbox 1108 3088 1285 3144; x_wconf 90' lang='lat' dir='ltr'><strong>studio</strong></span> <span class='ocrx_word' id='word_1_303' title='bbox 1314 3088 1382 3143; x_wconf 90' lang='lat' dir='ltr'><strong>ad</strong></span> <span class='ocrx_word' id='word_1_304' title='bbox 1410 3088 1587 3143; x_wconf 91' lang='lat' dir='ltr'><strong>divina</strong></span> <span class='ocrx_word' id='word_1_305' title='bbox 1613 3087 1869 3158; x_wconf 86' lang='lat' dir='ltr'><strong>perveni-</strong></span> 
     </span>
    </p>
   </div>
   <div class='ocr_carea' id='block_1_42' title="bbox 254 3179 1868 3252">
    <p class='ocr_par' dir='ltr' id='par_1_42' title="bbox 254 3179 1868 3252">
     <span class='ocr_line' id='line_1_42' title="bbox 254 3179 1868 3252; baseline -0.004 -13"><span class='ocrx_word' id='word_1_306' title='bbox 254 3198 328 3239; x_wconf 84' lang='lat' dir='ltr'><strong>re</strong></span> <span class='ocrx_word' id='word_1_307' title='bbox 360 3180 693 3252; x_wconf 85' lang='lat' dir='ltr'><strong>impossibile</strong></span> <span class='ocrx_word' id='word_1_308' title='bbox 718 3189 831 3248; x_wconf 91' lang='lat' dir='ltr'><strong>est,</strong></span> <span class='ocrx_word' id='word_1_309' title='bbox 859 3195 966 3235; x_wconf 92' lang='lat' dir='ltr'><strong>non</strong></span> <span class='ocrx_word' id='word_1_310' title='bbox 997 3187 1081 3235; x_wconf 90' lang='lat' dir='ltr'><strong>est</strong></span> <span class='ocrx_word' id='word_1_311' title='bbox 1111 3181 1274 3251; x_wconf 77' lang='lat'><strong>259</strong></span> <span class='ocrx_word' id='word_1_312' title='bbox 1299 3179 1457 3235; x_wconf 90' lang='lat' dir='ltr'><strong>nobis</strong></span> <span class='ocrx_word' id='word_1_313' title='bbox 1487 3179 1868 3235; x_wconf 88' lang='lat' dir='ltr'><strong>conﬁdendum</strong></span> 
     </span>
    </p>
   </div>
   <div class='ocr_carea' id='block_1_43' title="bbox 254 3269 1867 3343">
    <p class='ocr_par' dir='ltr' id='par_1_43' title="bbox 254 3269 1867 3343">
     <span class='ocr_line' id='line_1_43' title="bbox 254 3269 1867 3343; baseline -0.004 -13"><span class='ocrx_word' id='word_1_314' title='bbox 254 3275 335 3330; x_wconf 89' lang='lat' dir='ltr'><strong>de</strong></span> <span class='ocrx_word' id='word_1_315' title='bbox 364 3272 568 3329; x_wconf 88' lang='lat' dir='ltr'><strong>viribus</strong></span> <span class='ocrx_word' id='word_1_316' title='bbox 589 3273 848 3343; x_wconf 90' lang='lat' dir='ltr'><strong>propriis,</strong></span> <span class='ocrx_word' id='word_1_317' title='bbox 877 3271 973 3327; x_wconf 88' lang='lat' dir='ltr'><strong>sed</strong></span> <span class='ocrx_word' id='word_1_318' title='bbox 1002 3272 1070 3327; x_wconf 93' lang='lat' dir='ltr'><strong>de</strong></span> <span class='ocrx_word' id='word_1_319' title='bbox 1090 3270 1402 3341; x_wconf 85' lang='lat' dir='ltr'><strong>dignatione</strong></span> <span class='ocrx_word' id='word_1_320' title='bbox 1430 3269 1663 3341; x_wconf 89' lang='lat' dir='ltr'><strong>Spiritus</strong></span> <span class='ocrx_word' id='word_1_321' title='bbox 1690 3269 1867 3326; x_wconf 88' lang='lat' dir='ltr'><strong>sancti</strong></span> 
     </span>
    </p>
   </div>
   <div class='ocr_carea' id='block_1_44' title="bbox 252 3360 1857 3436">
    <p class='ocr_par' dir='ltr' id='par_1_44' title="bbox 252 3360 1857 3436">
     <span class='ocr_line' id='line_1_44' title="bbox 252 3360 1857 3436; baseline -0.004 -17"><span class='ocrx_word' id='word_1_322' title='bbox 252 3364 416 3436; x_wconf 89' lang='lat' dir='ltr'><strong>quia</strong></span> <span class='ocrx_word' id='word_1_323' title='bbox 438 3363 801 3434; x_wconf 86' lang='lat' dir='ltr'><strong>Redemptore</strong></span> <span class='ocrx_word' id='word_1_324' title='bbox 828 3364 1052 3429; x_wconf 89' lang='lat' dir='ltr'><strong>missus,</strong></span> <span class='ocrx_word' id='word_1_325' title='bbox 1110 3361 1340 3431; x_wconf 81' lang='lat' dir='ltr'><strong>Replevit</strong></span> <span class='ocrx_word' id='word_1_326' title='bbox 1368 3360 1543 3419; x_wconf 90' lang='lat' dir='ltr'><strong>orbem</strong></span> <span class='ocrx_word' id='word_1_327' title='bbox 1571 3368 1857 3426; x_wconf 86' lang='lat' dir='ltr'><strong>terrarum,</strong></span> 
     </span>
    </p>
   </div>
   <div class='ocr_carea' id='block_1_45' title="bbox 255 3454 1865 3529">
    <p class='ocr_par' dir='ltr' id='par_1_45' title="bbox 255 3454 1865 3529">
     <span class='ocr_line' id='line_1_45' title="bbox 255 3454 1865 3529; baseline -0.002 -17"><span class='ocrx_word' id='word_1_328' title='bbox 255 3468 314 3512; x_wconf 84' lang='lat' dir='ltr'><strong>et</strong></span> <span class='ocrx_word' id='word_1_329' title='bbox 360 3458 476 3525; x_wconf 78' lang='lat' dir='ltr'><strong>hoc,</strong></span> <span class='ocrx_word' id='word_1_330' title='bbox 508 3457 644 3529; x_wconf 80' lang='lat' dir='ltr'><strong>quod</strong></span> <span class='ocrx_word' id='word_1_331' title='bbox 691 3457 919 3512; x_wconf 79' lang='lat' dir='ltr'><strong>continet</strong></span> <span class='ocrx_word' id='word_1_332' title='bbox 948 3456 1149 3523; x_wconf 84' lang='lat' dir='ltr'><strong>omnia,</strong></span> <span class='ocrx_word' id='word_1_333' title='bbox 1177 3457 1233 3509; x_wconf 86' lang='lat' dir='ltr'><strong>in</strong></span> <span class='ocrx_word' id='word_1_334' title='bbox 1263 3454 1499 3510; x_wconf 81' lang='lat' dir='ltr'><strong>omnibus</strong></span> <span class='ocrx_word' id='word_1_335' title='bbox 1539 3456 1657 3525; x_wconf 85' lang='lat' dir='ltr'><strong>jam</strong></span> <span class='ocrx_word' id='word_1_336' title='bbox 1692 3456 1865 3509; x_wconf 72' lang='lat' dir='ltr'><strong>scien-</strong></span> 
     </span>
    </p>
   </div>
   <div class='ocr_carea' id='block_1_46' title="bbox 1971 2253 3570 2333">
    <p class='ocr_par' dir='ltr' id='par_1_46' title="bbox 1971 2253 3570 2333">
     <span class='ocr_line' id='line_1_46' title="bbox 1971 2253 3570 2333; baseline -0.004 -17"><span class='ocrx_word' id='word_1_337' title='bbox 1971 2262 2221 2319; x_wconf 75' lang='lat' dir='ltr'><strong>Luxurim</strong></span> <span class='ocrx_word' id='word_1_338' title='bbox 2259 2263 2472 2333; x_wconf 89' lang='lat' dir='ltr'><strong>quidem</strong></span> <span class='ocrx_word' id='word_1_339' title='bbox 2521 2271 2731 2326; x_wconf 90' lang='lat' dir='ltr'><strong>motus,</strong></span> <span class='ocrx_word' id='word_1_340' title='bbox 2780 2260 2906 2315; x_wconf 88' lang='lat' dir='ltr'><strong>furti</strong></span> <span class='ocrx_word' id='word_1_341' title='bbox 2949 2260 3183 2325; x_wconf 90' lang='lat' dir='ltr'><strong>crimen,</strong></span> <span class='ocrx_word' id='word_1_342' title='bbox 3233 2256 3404 2325; x_wconf 89' lang='lat' dir='ltr'><strong>turpis</strong></span> <span class='ocrx_word' id='word_1_343' title='bbox 3434 2253 3570 2309; x_wconf 91' lang='lat' dir='ltr'><strong>lucri</strong></span> 
     </span>
    </p>
   </div>
   <div class='ocr_carea' id='block_1_47' title="bbox 1971 2346 3563 2427">
    <p class='ocr_par' dir='ltr' id='par_1_47' title="bbox 1971 2346 3563 2427">
     <span class='ocr_line' id='line_1_47' title="bbox 1971 2346 3563 2427; baseline -0.008 -17"><span class='ocrx_word' id='word_1_344' title='bbox 1971 2356 2269 2427; x_wconf 87' lang='lat' dir='ltr'><strong>appetitus,</strong></span> <span class='ocrx_word' id='word_1_345' title='bbox 2288 2357 2380 2410; x_wconf 77' lang='lat' dir='ltr'><strong>ira:</strong></span> <span class='ocrx_word' id='word_1_346' title='bbox 2409 2355 2663 2426; x_wconf 90' lang='lat' dir='ltr'><strong>impetus,</strong></span> <span class='ocrx_word' id='word_1_347' title='bbox 2681 2354 2983 2408; x_wconf 85' lang='lat' dir='ltr'><strong>amaritudo</strong></span> <span class='ocrx_word' id='word_1_348' title='bbox 3013 2349 3285 2406; x_wconf 70' lang='lat' dir='ltr'><strong>saecularis</strong></span> <span class='ocrx_word' id='word_1_349' title='bbox 3309 2346 3563 2411; x_wconf 64' lang='lat' dir='ltr'><strong>tristitiae,</strong></span> 
     </span>
    </p>
   </div>
   <div class='ocr_carea' id='block_1_48' title="bbox 1971 2445 3569 2518">
    <p class='ocr_par' dir='ltr' id='par_1_48' title="bbox 1971 2445 3569 2518">
     <span class='ocr_line' id='line_1_48' title="bbox 1971 2445 3569 2518; baseline -0.008 -12"><span class='ocrx_word' id='word_1_350' title='bbox 1971 2450 2177 2506; x_wconf 89' lang='lat' dir='ltr'><strong>desidia</strong></span> <span class='ocrx_word' id='word_1_351' title='bbox 2206 2449 2432 2513; x_wconf 62' lang='lat' dir='ltr'><strong>acediae,</strong></span> <span class='ocrx_word' id='word_1_352' title='bbox 2466 2449 2739 2518; x_wconf 89' lang='lat' dir='ltr'><strong>appetitus</strong></span> <span class='ocrx_word' id='word_1_353' title='bbox 2767 2462 2917 2501; x_wconf 80' lang='lat' dir='ltr'><strong>vanae</strong></span> <span class='ocrx_word' id='word_1_354' title='bbox 2946 2445 3149 2514; x_wconf 67' lang='lat' dir='ltr'><strong>gloriae,</strong></span> <span class='ocrx_word' id='word_1_355' title='bbox 3173 2452 3355 2498; x_wconf 90' lang='lat' dir='ltr'><strong>tumor</strong></span> <span class='ocrx_word' id='word_1_356' title='bbox 3380 2454 3569 2510; x_wconf 88' lang='lat' dir='ltr'><strong>super-</strong></span> 
     </span>
    </p>
   </div>
   <div class='ocr_carea' id='block_1_49' title="bbox 1970 2536 3567 2613">
    <p class='ocr_par' dir='ltr' id='par_1_49' title="bbox 1970 2536 3567 2613">
     <span class='ocr_line' id='line_1_49' title="bbox 1970 2536 3567 2613; baseline -0.006 -15"><span class='ocrx_word' id='word_1_357' title='bbox 1970 2543 2075 2598; x_wconf 72' lang='lat' dir='ltr'><strong>bia:</strong></span> <span class='ocrx_word' id='word_1_358' title='bbox 2100 2550 2287 2613; x_wconf 88' lang='lat' dir='ltr'><strong>aperte</strong></span> <span class='ocrx_word' id='word_1_359' title='bbox 2329 2542 2663 2597; x_wconf 90' lang='lat' dir='ltr'><strong>detestabilis</strong></span> <span class='ocrx_word' id='word_1_360' title='bbox 2695 2548 2811 2606; x_wconf 90' lang='lat' dir='ltr'><strong>est;</strong></span> <span class='ocrx_word' id='word_1_361' title='bbox 2853 2539 2994 2609; x_wconf 69' lang='lat' dir='ltr'><strong>gulae</strong></span> <span class='ocrx_word' id='word_1_362' title='bbox 3021 2553 3152 2594; x_wconf 90' lang='lat' dir='ltr'><strong>vero</strong></span> <span class='ocrx_word' id='word_1_363' title='bbox 3198 2536 3381 2592; x_wconf 91' lang='lat' dir='ltr'><strong>vitium</strong></span> <span class='ocrx_word' id='word_1_364' title='bbox 3416 2542 3567 2589; x_wconf 90' lang='lat' dir='ltr'><strong>tanto</strong></span> 
     </span>
    </p>
   </div>
   <div class='ocr_carea' id='block_1_50' title="bbox 1971 2626 3569 2705">
    <p class='ocr_par' dir='ltr' id='par_1_50' title="bbox 1971 2626 3569 2705">
     <span class='ocr_line' id='line_1_50' title="bbox 1971 2626 3569 2705; baseline -0.005 -15"><span class='ocrx_word' id='word_1_365' title='bbox 1971 2644 2056 2692; x_wconf 89' lang='lat' dir='ltr'><strong>est</strong></span> <span class='ocrx_word' id='word_1_366' title='bbox 2084 2634 2492 2701; x_wconf 85' lang='lat' dir='ltr'><strong>lraudulentius,</strong></span> <span class='ocrx_word' id='word_1_367' title='bbox 2522 2643 2727 2705; x_wconf 91' lang='lat' dir='ltr'><strong>quanto</strong></span> <span class='ocrx_word' id='word_1_368' title='bbox 2774 2642 2829 2689; x_wconf 90' lang='lat' dir='ltr'><strong>et</strong></span> <span class='ocrx_word' id='word_1_369' title='bbox 2856 2633 3144 2701; x_wconf 90' lang='lat' dir='ltr'><strong>occultius,</strong></span> <span class='ocrx_word' id='word_1_370' title='bbox 3173 2632 3297 2702; x_wconf 90' lang='lat' dir='ltr'><strong>quia</strong></span> <span class='ocrx_word' id='word_1_371' title='bbox 3333 2638 3389 2685; x_wconf 89' lang='lat' dir='ltr'><strong>et</strong></span> <span class='ocrx_word' id='word_1_372' title='bbox 3415 2626 3569 2698; x_wconf 90' lang='lat' dir='ltr'><strong>quasi</strong></span> 
     </span>
    </p>
   </div>
   <div class='ocr_carea' id='block_1_51' title="bbox 1972 2721 3570 2799">
    <p class='ocr_par' dir='ltr' id='par_1_51' title="bbox 1972 2721 3570 2799">
     <span class='ocr_line' id='line_1_51' title="bbox 1972 2721 3570 2799; baseline -0.006 -16"><span class='ocrx_word' id='word_1_373' title='bbox 1972 2730 2341 2786; x_wconf 88' lang='lat' dir='ltr'><strong>necessarium</strong></span> <span class='ocrx_word' id='word_1_374' title='bbox 2366 2730 2605 2799; x_wconf 85' lang='lat' dir='ltr'><strong>suggerit</strong></span> <span class='ocrx_word' id='word_1_375' title='bbox 2631 2728 2812 2783; x_wconf 92' lang='lat' dir='ltr'><strong>cibum</strong></span> <span class='ocrx_word' id='word_1_376' title='bbox 2842 2727 3089 2797; x_wconf 89' lang='lat' dir='ltr'><strong>corpori,</strong></span> <span class='ocrx_word' id='word_1_377' title='bbox 3121 2726 3215 2779; x_wconf 90' lang='lat' dir='ltr'><strong>sed</strong></span> <span class='ocrx_word' id='word_1_378' title='bbox 3238 2723 3366 2778; x_wconf 91' lang='lat' dir='ltr'><strong>dum</strong></span> <span class='ocrx_word' id='word_1_379' title='bbox 3394 2721 3570 2776; x_wconf 86' lang='lat' dir='ltr'><strong>abun-</strong></span> 
     </span>
    </p>
   </div>
   <div class='ocr_carea' id='block_1_52' title="bbox 1972 2812 3567 2885">
    <p class='ocr_par' dir='ltr' id='par_1_52' title="bbox 1972 2812 3567 2885">
     <span class='ocr_line' id='line_1_52' title="bbox 1972 2812 3567 2885; baseline -0.009 -9"><span class='ocrx_word' id='word_1_380' title='bbox 1972 2821 2166 2876; x_wconf 87' lang='lat' dir='ltr'><strong>dauter</strong></span> <span class='ocrx_word' id='word_1_381' title='bbox 2196 2835 2415 2875; x_wconf 87' lang='lat' dir='ltr'><strong>carnem</strong></span> <span class='ocrx_word' id='word_1_382' title='bbox 2454 2818 2648 2883; x_wconf 78' lang='lat' dir='ltr'><strong>reiicit,</strong></span> <span class='ocrx_word' id='word_1_383' title='bbox 2695 2818 2920 2872; x_wconf 82' lang='lat' dir='ltr'><strong>luxuriae</strong></span> <span class='ocrx_word' id='word_1_384' title='bbox 2955 2815 3189 2885; x_wconf 86' lang='lat' dir='ltr'><strong>gladium</strong></span> <span class='ocrx_word' id='word_1_385' title='bbox 3235 2812 3289 2865; x_wconf 91' lang='lat' dir='ltr'><strong>in</strong></span> <span class='ocrx_word' id='word_1_386' title='bbox 3328 2822 3567 2865; x_wconf 90' lang='lat' dir='ltr'><strong>mentem</strong></span> 
     </span>
    </p>
   </div>
   <div class='ocr_carea' id='block_1_53' title="bbox 1972 2902 3572 2982">
    <p class='ocr_par' dir='ltr' id='par_1_53' title="bbox 1972 2902 3572 2982">
     <span class='ocr_line' id='line_1_53' title="bbox 1972 2902 3572 2982; baseline -0.008 -17"><span class='ocrx_word' id='word_1_387' title='bbox 1972 2912 2187 2982; x_wconf 90' lang='lat' dir='ltr'><strong>mergit.</strong></span> <span class='ocrx_word' id='word_1_388' title='bbox 2216 2910 2420 2966; x_wconf 90' lang='lat' dir='ltr'><strong>Suadct</strong></span> <span class='ocrx_word' id='word_1_389' title='bbox 2446 2914 2589 2980; x_wconf 87' lang='lat' dir='ltr'><strong>quod</strong></span> <span class='ocrx_word' id='word_1_390' title='bbox 2612 2916 2896 2979; x_wconf 89' lang='lat' dir='ltr'><strong>peceatum</strong></span> <span class='ocrx_word' id='word_1_391' title='bbox 2922 2922 3029 2962; x_wconf 91' lang='lat' dir='ltr'><strong>non</strong></span> <span class='ocrx_word' id='word_1_392' title='bbox 3052 2914 3164 2971; x_wconf 89' lang='lat' dir='ltr'><strong>est,</strong></span> <span class='ocrx_word' id='word_1_393' title='bbox 3187 2902 3283 2959; x_wconf 90' lang='lat' dir='ltr'><strong>sed</strong></span> <span class='ocrx_word' id='word_1_394' title='bbox 3302 2902 3446 2957; x_wconf 89' lang='lat' dir='ltr'><strong>unde</strong></span> <span class='ocrx_word' id='word_1_395' title='bbox 3473 2915 3572 2954; x_wconf 93' lang='lat' dir='ltr'><strong>eo-</strong></span> 
     </span>
    </p>
   </div>
   <div class='ocr_carea' id='block_1_54' title="bbox 1971 2994 3572 3072">
    <p class='ocr_par' dir='ltr' id='par_1_54' title="bbox 1971 2994 3572 3072">
     <span class='ocr_line' id='line_1_54' title="bbox 1971 2994 3572 3072; baseline -0.008 -14"><span class='ocrx_word' id='word_1_396' title='bbox 1971 3002 2169 3057; x_wconf 89' lang='lat' dir='ltr'><strong>mestio</strong></span> <span class='ocrx_word' id='word_1_397' title='bbox 2199 3002 2351 3072; x_wconf 90' lang='lat' dir='ltr'><strong>quasi</strong></span> <span class='ocrx_word' id='word_1_398' title='bbox 2391 3016 2500 3057; x_wconf 93' lang='lat' dir='ltr'><strong>non</strong></span> <span class='ocrx_word' id='word_1_399' title='bbox 2546 3006 2828 3071; x_wconf 91' lang='lat' dir='ltr'><strong>peccatum</strong></span> <span class='ocrx_word' id='word_1_400' title='bbox 2875 2997 3152 3067; x_wconf 90' lang='lat' dir='ltr'><strong>recipitur,</strong></span> <span class='ocrx_word' id='word_1_401' title='bbox 3191 2994 3317 3050; x_wconf 90' lang='lat' dir='ltr'><strong>inde</strong></span> <span class='ocrx_word' id='word_1_402' title='bbox 3346 3000 3572 3063; x_wconf 91' lang='lat' dir='ltr'><strong>peccato</strong></span> 
     </span>
    </p>
   </div>
   <div class='ocr_carea' id='block_1_55' title="bbox 1971 3081 3574 3161">
    <p class='ocr_par' dir='ltr' id='par_1_55' title="bbox 1971 3081 3574 3161">
     <span class='ocr_line' id='line_1_55' title="bbox 1971 3081 3574 3161; baseline -0.009 -13"><span class='ocrx_word' id='word_1_403' title='bbox 1971 3092 2199 3148; x_wconf 81' lang='lat' dir='ltr'><strong>luxuriae</strong></span> <span class='ocrx_word' id='word_1_404' title='bbox 2242 3093 2422 3148; x_wconf 91' lang='lat' dir='ltr'><strong>anima</strong></span> <span class='ocrx_word' id='word_1_405' title='bbox 2461 3090 2798 3161; x_wconf 88' lang='lat' dir='ltr'><strong>subjugatur.</strong></span> <span class='ocrx_word' id='word_1_406' title='bbox 2846 3086 3002 3145; x_wconf 86' lang='lat' dir='ltr'><strong>Unde</strong></span> <span class='ocrx_word' id='word_1_407' title='bbox 3046 3096 3101 3143; x_wconf 91' lang='lat' dir='ltr'><strong>et</strong></span> <span class='ocrx_word' id='word_1_408' title='bbox 3140 3087 3194 3141; x_wconf 92' lang='lat' dir='ltr'><strong>in</strong></span> <span class='ocrx_word' id='word_1_409' title='bbox 3221 3083 3472 3156; x_wconf 87' lang='lat' dir='ltr'><strong>paradiso</strong></span> <span class='ocrx_word' id='word_1_410' title='bbox 3505 3081 3574 3135; x_wconf 88' lang='lat' dir='ltr'><strong>ad</strong></span> 
     </span>
    </p>
   </div>
   <div class='ocr_carea' id='block_1_56' title="bbox 1971 3169 3571 3251">
    <p class='ocr_par' dir='ltr' id='par_1_56' title="bbox 1971 3169 3571 3251">
     <span class='ocr_line' id='line_1_56' title="bbox 1971 3169 3571 3251; baseline -0.008 -18"><span class='ocrx_word' id='word_1_411' title='bbox 1971 3182 2253 3238; x_wconf 90' lang='lat' dir='ltr'><strong>mulierem</strong></span> <span class='ocrx_word' id='word_1_412' title='bbox 2272 3180 2408 3251; x_wconf 64' lang='lat' dir='ltr'><strong>gulae</strong></span> <span class='ocrx_word' id='word_1_413' title='bbox 2429 3179 2560 3235; x_wconf 93' lang='lat' dir='ltr'><strong>vitio</strong></span> <span class='ocrx_word' id='word_1_414' title='bbox 2590 3176 2962 3248; x_wconf 88' lang='lat' dir='ltr'><strong>decipiendam</strong></span> <span class='ocrx_word' id='word_1_415' title='bbox 2989 3188 3213 3243; x_wconf 89' lang='lat' dir='ltr'><strong>serpens</strong></span> <span class='ocrx_word' id='word_1_416' title='bbox 3240 3169 3453 3225; x_wconf 85' lang='lat' dir='ltr'><strong>venisse</strong></span> <span class='ocrx_word' id='word_1_417' title='bbox 3479 3181 3571 3222; x_wconf 89' lang='lat' dir='ltr'><strong>os-</strong></span> 
     </span>
    </p>
   </div>
   <div class='ocr_carea' id='block_1_57' title="bbox 1973 3262 3573 3343">
    <p class='ocr_par' dir='ltr' id='par_1_57' title="bbox 1973 3262 3573 3343">
     <span class='ocr_line' id='line_1_57' title="bbox 1973 3262 3573 3343; baseline -0.014 -9"><span class='ocrx_word' id='word_1_418' title='bbox 1973 3277 2212 3334; x_wconf 86' lang='lat' dir='ltr'><strong>tenditur</strong></span> <span class='ocrx_word' id='word_1_419' title='bbox 2255 3273 2348 3343; x_wconf 91' lang='lat' dir='ltr'><strong>qui</strong></span> <span class='ocrx_word' id='word_1_420' title='bbox 2384 3269 2529 3326; x_wconf 90' lang='lat' dir='ltr'><strong>aliud</strong></span> <span class='ocrx_word' id='word_1_421' title='bbox 2572 3276 2919 3337; x_wconf 83' lang='lat' dir='ltr'><strong>suggereret,</strong></span> <span class='ocrx_word' id='word_1_422' title='bbox 2968 3264 3113 3320; x_wconf 90' lang='lat' dir='ltr'><strong>aliud</strong></span> <span class='ocrx_word' id='word_1_423' title='bbox 3160 3262 3466 3325; x_wconf 87' lang='lat' dir='ltr'><strong>obtineret;</strong></span> <span class='ocrx_word' id='word_1_424' title='bbox 3514 3265 3573 3312; x_wconf 90' lang='lat' dir='ltr'><strong>ut</strong></span> 
     </span>
    </p>
   </div>
   <div class='ocr_carea' id='block_1_58' title="bbox 1970 3356 3575 3426">
    <p class='ocr_par' dir='ltr' id='par_1_58' title="bbox 1970 3356 3575 3426">
     <span class='ocr_line' id='line_1_58' title="bbox 1970 3356 3575 3426; baseline -0.014 -2"><span class='ocrx_word' id='word_1_425' title='bbox 1970 3368 2099 3425; x_wconf 90' lang='lat' dir='ltr'><strong>dum</strong></span> <span class='ocrx_word' id='word_1_426' title='bbox 2121 3362 2452 3423; x_wconf 86' lang='lat' dir='ltr'><strong>comedenda</strong></span> <span class='ocrx_word' id='word_1_427' title='bbox 2473 3360 2803 3424; x_wconf 87' lang='lat' dir='ltr'><strong>ostenderet,</strong></span> <span class='ocrx_word' id='word_1_428' title='bbox 2828 3356 3173 3426; x_wconf 82' lang='lat' dir='ltr'><strong>improvisam</strong></span> <span class='ocrx_word' id='word_1_429' title='bbox 3192 3359 3423 3408; x_wconf 91' lang='lat' dir='ltr'><strong>mortem</strong></span> <span class='ocrx_word' id='word_1_430' title='bbox 3446 3365 3575 3419; x_wconf 87' lang='lat' dir='ltr'><strong>pro-</strong></span> 
     </span>
    </p>
   </div>
   <div class='ocr_carea' id='block_1_59' title="bbox 1973 3442 3570 3533">
    <p class='ocr_par' dir='ltr' id='par_1_59' title="bbox 1973 3442 3570 3533">
     <span class='ocr_line' id='line_1_59' title="bbox 1973 3442 3570 3533; baseline -0.016 -17"><span class='ocrx_word' id='word_1_431' title='bbox 1973 3462 2210 3533; x_wconf 89' lang='lat' dir='ltr'><strong>pinaret.</strong></span> <span class='ocrx_word' id='word_1_432' title='bbox 2239 3456 2477 3526; x_wconf 91' lang='lat' dir='ltr'><strong>Serpens</strong></span> <span class='ocrx_word' id='word_1_433' title='bbox 2499 3467 2629 3521; x_wconf 90' lang='lat' dir='ltr'><strong>ergo</strong></span> <span class='ocrx_word' id='word_1_434' title='bbox 2658 3453 2760 3505; x_wconf 89' lang='lat' dir='ltr'><strong>iste</strong></span> <span class='ocrx_word' id='word_1_435' title='bbox 2788 3449 2927 3519; x_wconf 73' lang='lat' dir='ltr'><strong>gulm</strong></span> <span class='ocrx_word' id='word_1_436' title='bbox 2955 3446 3201 3514; x_wconf 87' lang='lat' dir='ltr'><strong>designat</strong></span> <span class='ocrx_word' id='word_1_437' title='bbox 3227 3442 3534 3497; x_wconf 88' lang='lat' dir='ltr'><strong>aviditatem</strong></span> <span class='ocrx_word' id='word_1_438' title='bbox 3554 3479 3570 3505; x_wconf 91' lang='lat'><strong>,</strong></span> 
     </span>
    </p>
   </div>
   <div class='ocr_carea' id='block_1_60' title="bbox 257 3530 3573 3624">
    <p class='ocr_par' dir='ltr' id='par_1_60' title="bbox 257 3530 3573 3624">
     <span class='ocr_line' id='line_1_60' title="bbox 257 3530 3573 3624; baseline -0.006 -21"><span class='ocrx_word' id='word_1_439' title='bbox 257 3552 395 3603; x_wconf 86' lang='lat' dir='ltr'><strong>tiam</strong></span> <span class='ocrx_word' id='word_1_440' title='bbox 426 3548 577 3603; x_wconf 79' lang='lat' dir='ltr'><strong>habet</strong></span> <span class='ocrx_word' id='word_1_441' title='bbox 604 3550 739 3604; x_wconf 83' lang='lat' dir='ltr'><strong>vocis</strong></span> <span class='ocrx_word' id='word_1_442' title='bbox 771 3548 925 3619; x_wconf 89' lang='lat' dir='ltr'><strong>(Sap.</strong></span> <span class='ocrx_word' id='word_1_443' title='bbox 958 3564 994 3615; x_wconf 87' lang='grc' dir='ltr'><strong>ι,</strong></span> <span class='ocrx_word' id='word_1_444' title='bbox 1021 3546 1097 3617; x_wconf 86' lang='lat'><strong>7).</strong></span> <span class='ocrx_word' id='word_1_445' title='bbox 1128 3545 1265 3614; x_wconf 87' lang='lat' dir='ltr'><strong>Quid</strong></span> <span class='ocrx_word' id='word_1_446' title='bbox 1288 3561 1417 3615; x_wconf 88' lang='lat' dir='ltr'><strong>ergo</strong></span> <span class='ocrx_word' id='word_1_447' title='bbox 1442 3546 1554 3616; x_wconf 90' lang='lat' dir='ltr'><strong>jam</strong></span> <span class='ocrx_word' id='word_1_448' title='bbox 1582 3547 1723 3602; x_wconf 89' lang='lat' dir='ltr'><strong>idem</strong></span> <span class='ocrx_word' id='word_1_449' title='bbox 1745 3562 1873 3617; x_wconf 83' lang='lat' dir='ltr'><strong>pro—</strong></span> <span class='ocrx_word' id='word_1_450' title='bbox 1898 3537 1948 3600; x_wconf 87' lang='lat' dir='ltr'><strong>C</strong></span> <span class='ocrx_word' id='word_1_451' title='bbox 1976 3530 2106 3624; x_wconf 76' lang='lat' dir='ltr'><strong>quia</strong></span> <span class='ocrx_word' id='word_1_452' title='bbox 2135 3560 2191 3606; x_wconf 91' lang='lat' dir='ltr'><strong>et</strong></span> <span class='ocrx_word' id='word_1_453' title='bbox 2215 3554 2467 3617; x_wconf 89' lang='lat' dir='ltr'><strong>respectu</strong></span> <span class='ocrx_word' id='word_1_454' title='bbox 2489 3544 2647 3613; x_wconf 71' lang='lat' dir='ltr'><strong>justze</strong></span> <span class='ocrx_word' id='word_1_455' title='bbox 2678 3537 3019 3597; x_wconf 89' lang='lat' dir='ltr'><strong>necessitatis</strong></span> <span class='ocrx_word' id='word_1_456' title='bbox 3048 3535 3191 3603; x_wconf 89' lang='lat' dir='ltr'><strong>repit</strong></span> <span class='ocrx_word' id='word_1_457' title='bbox 3214 3542 3269 3589; x_wconf 89' lang='lat' dir='ltr'><strong>et</strong></span> <span class='ocrx_word' id='word_1_458' title='bbox 3297 3532 3439 3586; x_wconf 82' lang='lat' dir='ltr'><strong>virus</strong></span> <span class='ocrx_word' id='word_1_459' title='bbox 3470 3530 3573 3624; x_wconf 83' lang='lat' dir='ltr'><strong>im-</strong></span> 
     </span>
    </p>
   </div>
   <div class='ocr_carea' id='block_1_61' title="bbox 258 3638 1872 3711">
    <p class='ocr_par' dir='ltr' id='par_1_61' title="bbox 258 3638 1872 3711">
     <span class='ocr_line' id='line_1_61' title="bbox 258 3638 1872 3711; baseline -0.001 -17"><span class='ocrx_word' id='word_1_460' title='bbox 258 3640 434 3711; x_wconf 86' lang='lat' dir='ltr'><strong>pheta</strong></span> <span class='ocrx_word' id='word_1_461' title='bbox 461 3638 531 3694; x_wconf 89' lang='lat' dir='ltr'><strong>de</strong></span> <span class='ocrx_word' id='word_1_462' title='bbox 559 3640 807 3709; x_wconf 76' lang='lat' dir='ltr'><strong>inemptis</strong></span> <span class='ocrx_word' id='word_1_463' title='bbox 832 3638 1197 3694; x_wconf 88' lang='lat' dir='ltr'><strong>lsraelitarum</strong></span> <span class='ocrx_word' id='word_1_464' title='bbox 1216 3639 1380 3709; x_wconf 86' lang='lat' dir='ltr'><strong>gestis</strong></span> <span class='ocrx_word' id='word_1_465' title='bbox 1400 3647 1749 3708; x_wconf 78' lang='lat' dir='ltr'><strong>exsequatur,</strong></span> <span class='ocrx_word' id='word_1_466' title='bbox 1772 3654 1872 3693; x_wconf 92' lang='lat' dir='ltr'><strong>au-</strong></span> 
     </span>
    </p>
   </div>
   <div class='ocr_carea' id='block_1_62' title="bbox 260 3733 1149 3788">
    <p class='ocr_par' dir='ltr' id='par_1_62' title="bbox 260 3733 1149 3788">
     <span class='ocr_line' id='line_1_62' title="bbox 260 3733 1149 3788; baseline -0.008 0"><span class='ocrx_word' id='word_1_467' title='bbox 260 3733 501 3788; x_wconf 90' lang='lat' dir='ltr'><strong>diamus.</strong></span> <span class='ocrx_word' id='word_1_468' title='bbox 1144 3760 1149 3767; x_wconf 71' lang='grc' dir='ltr'><strong><em>ο</em></strong></span> 
     </span>
    </p>
   </div>
   <div class='ocr_carea' id='block_1_63' title="bbox 346 3819 1870 3894">
    <p class='ocr_par' dir='ltr' id='par_1_63' title="bbox 346 3819 1870 3894">
     <span class='ocr_line' id='line_1_63' title="bbox 346 3819 1870 3894; baseline -0.001 -17"><span class='ocrx_word' id='word_1_469' title='bbox 346 3822 389 3892; x_wconf 90' lang='lat' dir='ltr'><strong>(l</strong></span> <span class='ocrx_word' id='word_1_470' title='bbox 416 3822 551 3894; x_wconf 78' lang='lat' dir='ltr'><strong>Reg.</strong></span> <span class='ocrx_word' id='word_1_471' title='bbox 575 3838 695 3893; x_wconf 90' lang='lat' dir='ltr'><strong>cap.</strong></span> <span class='ocrx_word' id='word_1_472' title='bbox 725 3839 800 3889; x_wconf 82' lang='lat' dir='ltr'><strong>x1,</strong></span> <span class='ocrx_word' id='word_1_473' title='bbox 831 3838 974 3878; x_wconf 89' lang='lat' dir='ltr'><strong>vers.</strong></span> <span class='ocrx_word' id='word_1_474' title='bbox 1007 3821 1061 3889; x_wconf 89' lang='lat'><strong>1,</strong></span> <span class='ocrx_word' id='word_1_475' title='bbox 1084 3821 1165 3893; x_wconf 74' lang='lat'><strong>2.)</strong></span> <span class='ocrx_word' id='word_1_476' title='bbox 1196 3819 1267 3876; x_wconf 88' lang='lat' dir='ltr'><strong>Et</strong></span> <span class='ocrx_word' id='word_1_477' title='bbox 1306 3823 1499 3893; x_wconf 77' lang='lat' dir='ltr'><strong>factum</strong></span> <span class='ocrx_word' id='word_1_478' title='bbox 1519 3830 1596 3876; x_wconf 80' lang='lat' dir='ltr'><strong>est</strong></span> <span class='ocrx_word' id='word_1_479' title='bbox 1620 3819 1870 3894; x_wconf 88' lang='lat' dir='ltr'><strong>(inquit)</strong></span> 
     </span>
    </p>
   </div>
   <div class='ocr_carea' id='block_1_64' title="bbox 262 3913 1870 3991">
    <p class='ocr_par' dir='ltr' id='par_1_64' title="bbox 262 3913 1870 3991">
     <span class='ocr_line' id='line_1_64' title="bbox 262 3913 1870 3991; baseline -0.002 -21"><span class='ocrx_word' id='word_1_480' title='bbox 262 3917 423 3991; x_wconf 76' lang='lat' dir='ltr'><strong>quasi</strong></span> <span class='ocrx_word' id='word_1_481' title='bbox 453 3926 567 3984; x_wconf 81' lang='lat' dir='ltr'><strong>post</strong></span> <span class='ocrx_word' id='word_1_482' title='bbox 610 3934 855 3981; x_wconf 77' lang='lat' dir='ltr'><strong>mensem,</strong></span> <span class='ocrx_word' id='word_1_483' title='bbox 892 3916 1128 3970; x_wconf 83' lang='lat' dir='ltr'><strong>ascendit</strong></span> <span class='ocrx_word' id='word_1_484' title='bbox 1152 3913 1303 3969; x_wconf 79' lang='lat' dir='ltr'><strong>Naas</strong></span> <span class='ocrx_word' id='word_1_485' title='bbox 1327 3915 1667 3982; x_wconf 83' lang='lat' dir='ltr'><strong>Ammonites,</strong></span> <span class='ocrx_word' id='word_1_486' title='bbox 1698 3922 1747 3968; x_wconf 88' lang='lat' dir='ltr'><strong>et</strong></span> <span class='ocrx_word' id='word_1_487' title='bbox 1769 3930 1870 3984; x_wconf 84' lang='lat' dir='ltr'><strong>pu-</strong></span> 
     </span>
    </p>
   </div>
   <div class='ocr_carea' id='block_1_65' title="bbox 266 4006 1874 4081">
    <p class='ocr_par' dir='ltr' id='par_1_65' title="bbox 266 4006 1874 4081">
     <span class='ocr_line' id='line_1_65' title="bbox 266 4006 1874 4081; baseline -0.004 -16"><span class='ocrx_word' id='word_1_488' title='bbox 266 4028 440 4081; x_wconf 83' lang='lat' dir='ltr'><strong>gnare</strong></span> <span class='ocrx_word' id='word_1_489' title='bbox 461 4011 609 4081; x_wconf 66' lang='lat' dir='ltr'><strong>coepit</strong></span> <span class='ocrx_word' id='word_1_490' title='bbox 626 4010 870 4064; x_wconf 82' lang='lat' dir='ltr'><strong>adversus</strong></span> <span class='ocrx_word' id='word_1_491' title='bbox 893 4008 1052 4062; x_wconf 81' lang='lat' dir='ltr'><strong>Jabes</strong></span> <span class='ocrx_word' id='word_1_492' title='bbox 1074 4006 1299 4062; x_wconf 86' lang='lat' dir='ltr'><strong>Galaad.</strong></span> <span class='ocrx_word' id='word_1_493' title='bbox 1316 4006 1673 4078; x_wconf 72' lang='lat' dir='ltr'><strong>Dixeruntque</strong></span> <span class='ocrx_word' id='word_1_494' title='bbox 1694 4021 1874 4062; x_wconf 83' lang='lat' dir='ltr'><strong>omnes</strong></span> 
     </span>
    </p>
   </div>
   <div class='ocr_carea' id='block_1_66' title="bbox 267 4099 1873 4172">
    <p class='ocr_par' dir='ltr' id='par_1_66' title="bbox 267 4099 1873 4172">
     <span class='ocr_line' id='line_1_66' title="bbox 267 4099 1873 4172; baseline -0.002 -15"><span class='ocrx_word' id='word_1_495' title='bbox 267 4102 377 4157; x_wconf 79' lang='lat' dir='ltr'><strong>viri</strong></span> <span class='ocrx_word' id='word_1_496' title='bbox 399 4101 552 4157; x_wconf 82' lang='lat' dir='ltr'><strong>Jabes</strong></span> <span class='ocrx_word' id='word_1_497' title='bbox 582 4104 651 4156; x_wconf 86' lang='lat' dir='ltr'><strong>ad</strong></span> <span class='ocrx_word' id='word_1_498' title='bbox 681 4099 874 4155; x_wconf 86' lang='lat' dir='ltr'><strong>Naas:</strong></span> <span class='ocrx_word' id='word_1_499' title='bbox 908 4099 1113 4156; x_wconf 82' lang='lat' dir='ltr'><strong>Habeto</strong></span> <span class='ocrx_word' id='word_1_500' title='bbox 1144 4118 1239 4155; x_wconf 85' lang='lat' dir='ltr'><strong>nos</strong></span> <span class='ocrx_word' id='word_1_501' title='bbox 1262 4100 1560 4172; x_wconf 69' lang='lat' dir='ltr'><strong>{aaderatos,</strong></span> <span class='ocrx_word' id='word_1_502' title='bbox 1603 4109 1655 4155; x_wconf 82' lang='lat' dir='ltr'><strong>et</strong></span> <span class='ocrx_word' id='word_1_503' title='bbox 1684 4100 1873 4154; x_wconf 80' lang='lat' dir='ltr'><strong>servie-</strong></span> 
     </span>
    </p>
   </div>
   <div class='ocr_carea' id='block_1_67' title="bbox 267 4191 1873 4263">
    <p class='ocr_par' dir='ltr' id='par_1_67' title="bbox 267 4191 1873 4263">
     <span class='ocr_line' id='line_1_67' title="bbox 267 4191 1873 4263; baseline -0.002 -13"><span class='ocrx_word' id='word_1_504' title='bbox 267 4211 392 4250; x_wconf 72' lang='lat' dir='ltr'><strong>mus</strong></span> <span class='ocrx_word' id='word_1_505' title='bbox 423 4194 530 4249; x_wconf 85' lang='lat' dir='ltr'><strong>tibi.</strong></span> <span class='ocrx_word' id='word_1_506' title='bbox 561 4194 632 4248; x_wconf 87' lang='lat' dir='ltr'><strong>Et</strong></span> <span class='ocrx_word' id='word_1_507' title='bbox 654 4194 919 4263; x_wconf 82' lang='lat' dir='ltr'><strong>respondit</strong></span> <span class='ocrx_word' id='word_1_508' title='bbox 943 4193 1010 4246; x_wconf 85' lang='lat' dir='ltr'><strong>ad</strong></span> <span class='ocrx_word' id='word_1_509' title='bbox 1029 4211 1115 4248; x_wconf 86' lang='lat' dir='ltr'><strong>eos</strong></span> <span class='ocrx_word' id='word_1_510' title='bbox 1144 4192 1296 4249; x_wconf 80' lang='lat' dir='ltr'><strong>Naas</strong></span> <span class='ocrx_word' id='word_1_511' title='bbox 1317 4196 1665 4248; x_wconf 78' lang='lat' dir='ltr'><strong>Ammonites:</strong></span> <span class='ocrx_word' id='word_1_512' title='bbox 1688 4191 1755 4245; x_wconf 84' lang='lat' dir='ltr'><strong>In</strong></span> <span class='ocrx_word' id='word_1_513' title='bbox 1779 4192 1873 4247; x_wconf 81' lang='lat' dir='ltr'><strong>hoc</strong></span> 
     </span>
    </p>
   </div>
   <div class='ocr_carea' id='block_1_68' title="bbox 268 4286 1876 4361">
    <p class='ocr_par' dir='ltr' id='par_1_68' title="bbox 268 4286 1876 4361">
     <span class='ocr_line' id='line_1_68' title="bbox 268 4286 1876 4361; baseline -0.001 -20"><span class='ocrx_word' id='word_1_514' title='bbox 268 4288 465 4361; x_wconf 78' lang='lat' dir='ltr'><strong>feriant</strong></span> <span class='ocrx_word' id='word_1_515' title='bbox 489 4286 745 4340; x_wconf 79' lang='lat' dir='ltr'><strong>vobiscum</strong></span> <span class='ocrx_word' id='word_1_516' title='bbox 765 4286 949 4357; x_wconf 72' lang='lat' dir='ltr'><strong>foedus,</strong></span> <span class='ocrx_word' id='word_1_517' title='bbox 971 4293 1027 4337; x_wconf 87' lang='lat' dir='ltr'><strong>ut</strong></span> <span class='ocrx_word' id='word_1_518' title='bbox 1050 4302 1225 4338; x_wconf 86' lang='lat' dir='ltr'><strong>eruam</strong></span> <span class='ocrx_word' id='word_1_519' title='bbox 1250 4287 1479 4340; x_wconf 89' lang='lat' dir='ltr'><strong>omnium</strong></span> <span class='ocrx_word' id='word_1_520' title='bbox 1507 4294 1728 4339; x_wconf 82' lang='lat' dir='ltr'><strong>vestrum</strong></span> <span class='ocrx_word' id='word_1_521' title='bbox 1749 4300 1876 4339; x_wconf 84' lang='lat' dir='ltr'><strong>ocu-</strong></span> 
     </span>
    </p>
   </div>
   <div class='ocr_carea' id='block_1_69' title="bbox 269 4373 1873 4449">
    <p class='ocr_par' dir='ltr' id='par_1_69' title="bbox 269 4373 1873 4449">
     <span class='ocr_line' id='line_1_69' title="bbox 269 4373 1873 4449; baseline -0.001 -17"><span class='ocrx_word' id='word_1_522' title='bbox 269 4378 357 4432; x_wconf 76' lang='lat' dir='ltr'><strong>los</strong></span> <span class='ocrx_word' id='word_1_523' title='bbox 380 4377 613 4445; x_wconf 72' lang='lat' dir='ltr'><strong>dextros,</strong></span> <span class='ocrx_word' id='word_1_524' title='bbox 646 4393 934 4449; x_wconf 70' lang='lat' dir='ltr'><strong>portamque</strong></span> <span class='ocrx_word' id='word_1_525' title='bbox 962 4393 1049 4431; x_wconf 77' lang='lat' dir='ltr'><strong>vos</strong></span> <span class='ocrx_word' id='word_1_526' title='bbox 1076 4376 1402 4448; x_wconf 81' lang='lat' dir='ltr'><strong>opprobrium</strong></span> <span class='ocrx_word' id='word_1_527' title='bbox 1429 4378 1486 4431; x_wconf 89' lang='lat' dir='ltr'><strong>in</strong></span> <span class='ocrx_word' id='word_1_528' title='bbox 1513 4377 1749 4431; x_wconf 80' lang='lat' dir='ltr'><strong>universo</strong></span> <span class='ocrx_word' id='word_1_529' title='bbox 1780 4373 1873 4430; x_wconf 85' lang='lat' dir='ltr'><strong>Is-</strong></span> 
     </span>
    </p>
   </div>
   <div class='ocr_carea' id='block_1_70' title="bbox 267 4470 413 4525">
    <p class='ocr_par' dir='ltr' id='par_1_70' title="bbox 267 4470 413 4525">
     <span class='ocr_line' id='line_1_70' title="bbox 267 4470 413 4525; baseline 0.014 -2"><span class='ocrx_word' id='word_1_530' title='bbox 267 4470 413 4525; x_wconf 80' lang='lat' dir='ltr'><strong>rael.</strong></span> 
     </span>
    </p>
   </div>
   <div class='ocr_carea' id='block_1_71' title="bbox 351 4558 1875 4631">
    <p class='ocr_par' dir='ltr' id='par_1_71' title="bbox 351 4558 1875 4631">
     <span class='ocr_line' id='line_1_71' title="bbox 351 4558 1875 4631; baseline -0.001 -16"><span class='ocrx_word' id='word_1_531' title='bbox 351 4560 406 4616; x_wconf 79' lang='lat'><strong>2.</strong></span> <span class='ocrx_word' id='word_1_532' title='bbox 444 4561 501 4617; x_wconf 84' lang='lat' dir='ltr'><strong>Si</strong></span> <span class='ocrx_word' id='word_1_533' title='bbox 527 4562 752 4618; x_wconf 88' lang='lat' dir='ltr'><strong>historia</strong></span> <span class='ocrx_word' id='word_1_534' title='bbox 779 4560 1056 4630; x_wconf 75' lang='lat' dir='ltr'><strong>quzeritur,</strong></span> <span class='ocrx_word' id='word_1_535' title='bbox 1089 4560 1222 4617; x_wconf 89' lang='lat' dir='ltr'><strong>nihil</strong></span> <span class='ocrx_word' id='word_1_536' title='bbox 1247 4559 1457 4631; x_wconf 90' lang='lat' dir='ltr'><strong>planius</strong></span> <span class='ocrx_word' id='word_1_537' title='bbox 1481 4559 1614 4626; x_wconf 91' lang='lat' dir='ltr'><strong>dici,</strong></span> <span class='ocrx_word' id='word_1_538' title='bbox 1641 4559 1774 4614; x_wconf 89' lang='lat' dir='ltr'><strong>nihil</strong></span> <span class='ocrx_word' id='word_1_539' title='bbox 1793 4558 1875 4613; x_wconf 80' lang='lat' dir='ltr'><strong>fa-</strong></span> 
     </span>
    </p>
   </div>
   <div class='ocr_carea' id='block_1_72' title="bbox 270 4650 1876 4725">
    <p class='ocr_par' dir='ltr' id='par_1_72' title="bbox 270 4650 1876 4725">
     <span class='ocr_line' id='line_1_72' title="bbox 270 4650 1876 4725; baseline -0.003 -15"><span class='ocrx_word' id='word_1_540' title='bbox 270 4654 437 4711; x_wconf 89' lang='lat' dir='ltr'><strong>cilius</strong></span> <span class='ocrx_word' id='word_1_541' title='bbox 483 4662 662 4725; x_wconf 86' lang='lat' dir='ltr'><strong>potest</strong></span> <span class='ocrx_word' id='word_1_542' title='bbox 702 4654 947 4725; x_wconf 87' lang='lat' dir='ltr'><strong>intelligi.</strong></span> <span class='ocrx_word' id='word_1_543' title='bbox 981 4652 1197 4713; x_wconf 67' lang='lat' dir='ltr'><strong>Sivero</strong></span> <span class='ocrx_word' id='word_1_544' title='bbox 1240 4652 1487 4722; x_wconf 89' lang='lat' dir='ltr'><strong>spiritum</strong></span> <span class='ocrx_word' id='word_1_545' title='bbox 1531 4651 1684 4722; x_wconf 87' lang='lat' dir='ltr'><strong>sequi</strong></span> <span class='ocrx_word' id='word_1_546' title='bbox 1712 4650 1876 4705; x_wconf 80' lang='lat' dir='ltr'><strong>volu-</strong></span> 
     </span>
    </p>
   </div>
   <div class='ocr_carea' id='block_1_73' title="bbox 270 4743 1882 4815">
    <p class='ocr_par' dir='ltr' id='par_1_73' title="bbox 270 4743 1882 4815">
     <span class='ocr_line' id='line_1_73' title="bbox 270 4743 1882 4815; baseline -0.004 -12"><span class='ocrx_word' id='word_1_547' title='bbox 270 4763 435 4815; x_wconf 86' lang='lat' dir='ltr'><strong>mus,</strong></span> <span class='ocrx_word' id='word_1_548' title='bbox 472 4746 696 4801; x_wconf 90' lang='lat' dir='ltr'><strong>Paulum</strong></span> <span class='ocrx_word' id='word_1_549' title='bbox 727 4746 877 4815; x_wconf 89' lang='lat' dir='ltr'><strong>prius</strong></span> <span class='ocrx_word' id='word_1_550' title='bbox 914 4746 1225 4814; x_wconf 88' lang='lat' dir='ltr'><strong>loquentem</strong></span> <span class='ocrx_word' id='word_1_551' title='bbox 1255 4744 1532 4798; x_wconf 89' lang='lat' dir='ltr'><strong>audiamus</strong></span> <span class='ocrx_word' id='word_1_552' title='bbox 1565 4743 1658 4812; x_wconf 91' lang='lat' dir='ltr'><strong>qui</strong></span> <span class='ocrx_word' id='word_1_553' title='bbox 1686 4751 1882 4798; x_wconf 79' lang='lat' dir='ltr'><strong>vetera</strong></span> 
     </span>
    </p>
   </div>
   <div class='ocr_carea' id='block_1_74' title="bbox 268 4836 1883 4909">
    <p class='ocr_par' dir='ltr' id='par_1_74' title="bbox 268 4836 1883 4909">
     <span class='ocr_line' id='line_1_74' title="bbox 268 4836 1883 4909; baseline -0.005 -12"><span class='ocrx_word' id='word_1_554' title='bbox 268 4843 496 4898; x_wconf 87' lang='lat' dir='ltr'><strong>intuens</strong></span> <span class='ocrx_word' id='word_1_555' title='bbox 517 4841 592 4894; x_wconf 87' lang='lat' dir='ltr'><strong>ait</strong></span> <span class='ocrx_word' id='word_1_556' title='bbox 618 4858 631 4893; x_wconf 88' lang='lat'><strong>:</strong></span> <span class='ocrx_word' id='word_1_557' title='bbox 667 4838 857 4893; x_wconf 86' lang='lat' dir='ltr'><strong>Omnia</strong></span> <span class='ocrx_word' id='word_1_558' title='bbox 878 4841 931 4893; x_wconf 90' lang='lat' dir='ltr'><strong>in</strong></span> <span class='ocrx_word' id='word_1_559' title='bbox 952 4840 1123 4909; x_wconf 78' lang='lat' dir='ltr'><strong>ﬁgura</strong></span> <span class='ocrx_word' id='word_1_560' title='bbox 1139 4838 1507 4909; x_wconf 85' lang='lat' dir='ltr'><strong>contingebant</strong></span> <span class='ocrx_word' id='word_1_561' title='bbox 1526 4836 1633 4892; x_wconf 82' lang='lat' dir='ltr'><strong>illis</strong></span> <span class='ocrx_word' id='word_1_562' title='bbox 1650 4837 1883 4907; x_wconf 75' lang='lat' dir='ltr'><strong>:scripttr</strong></span> 
     </span>
    </p>
   </div>
   <div class='ocr_carea' id='block_1_75' title="bbox 1975 3620 3576 3714">
    <p class='ocr_par' dir='ltr' id='par_1_75' title="bbox 1975 3620 3576 3714">
     <span class='ocr_line' id='line_1_75' title="bbox 1975 3620 3576 3714; baseline -0.016 -16"><span class='ocrx_word' id='word_1_563' title='bbox 1975 3620 2079 3714; x_wconf 76' lang='lat' dir='ltr'><strong>piae</strong></span> <span class='ocrx_word' id='word_1_564' title='bbox 2108 3636 2485 3696; x_wconf 90' lang='lat' dir='ltr'><strong>delectationis</strong></span> <span class='ocrx_word' id='word_1_565' title='bbox 2516 3633 2739 3704; x_wconf 86' lang='lat' dir='ltr'><strong>spargit.</strong></span> <span class='ocrx_word' id='word_1_566' title='bbox 2768 3631 2917 3685; x_wconf 88' lang='lat' dir='ltr'><strong>Bene</strong></span> <span class='ocrx_word' id='word_1_567' title='bbox 2941 3628 3104 3683; x_wconf 88' lang='lat' dir='ltr'><strong>etiam</strong></span> <span class='ocrx_word' id='word_1_568' title='bbox 3126 3622 3464 3679; x_wconf 87' lang='lat' dir='ltr'><strong>Ammonites</strong></span> <span class='ocrx_word' id='word_1_569' title='bbox 3488 3620 3576 3674; x_wconf 91' lang='lat' dir='ltr'><strong>di-</strong></span> 
     </span>
    </p>
   </div>
   <div class='ocr_carea' id='block_1_76' title="bbox 1978 3713 3575 3804">
    <p class='ocr_par' dir='ltr' id='par_1_76' title="bbox 1978 3713 3575 3804">
     <span class='ocr_line' id='line_1_76' title="bbox 1978 3713 3575 3804; baseline -0.017 -13"><span class='ocrx_word' id='word_1_570' title='bbox 1978 3713 2138 3801; x_wconf 84' lang='lat' dir='ltr'><strong>citur,</strong></span> <span class='ocrx_word' id='word_1_571' title='bbox 2157 3733 2249 3804; x_wconf 91' lang='lat' dir='ltr'><strong>qui</strong></span> <span class='ocrx_word' id='word_1_572' title='bbox 2271 3729 2501 3802; x_wconf 92' lang='lat' dir='ltr'><strong>populus</strong></span> <span class='ocrx_word' id='word_1_573' title='bbox 2515 3723 2764 3781; x_wconf 67' lang='lat' dir='ltr'><strong>maeroris</strong></span> <span class='ocrx_word' id='word_1_574' title='bbox 2810 3723 3217 3791; x_wconf 88' lang='lat' dir='ltr'><strong>interpretatur,</strong></span> <span class='ocrx_word' id='word_1_575' title='bbox 3247 3715 3371 3785; x_wconf 91' lang='lat' dir='ltr'><strong>quia</strong></span> <span class='ocrx_word' id='word_1_576' title='bbox 3395 3713 3575 3767; x_wconf 68' lang='lat' dir='ltr'><strong>Ianum</strong></span> 
     </span>
    </p>
   </div>
   <div class='ocr_carea' id='block_1_77' title="bbox 1976 3804 3576 3894">
    <p class='ocr_par' dir='ltr' id='par_1_77' title="bbox 1976 3804 3576 3894">
     <span class='ocr_line' id='line_1_77' title="bbox 1976 3804 3576 3894; baseline -0.016 -11"><span class='ocrx_word' id='word_1_577' title='bbox 1976 3828 2192 3884; x_wconf 86' lang='lat' dir='ltr'><strong>videtur</strong></span> <span class='ocrx_word' id='word_1_578' title='bbox 2226 3821 2371 3894; x_wconf 91' lang='lat' dir='ltr'><strong>quod</strong></span> <span class='ocrx_word' id='word_1_579' title='bbox 2416 3818 2645 3882; x_wconf 89' lang='lat' dir='ltr'><strong>suadet,</strong></span> <span class='ocrx_word' id='word_1_580' title='bbox 2696 3814 2793 3871; x_wconf 89' lang='lat' dir='ltr'><strong>sed</strong></span> <span class='ocrx_word' id='word_1_581' title='bbox 2820 3812 2977 3869; x_wconf 82' lang='lat' dir='ltr'><strong>valde</strong></span> <span class='ocrx_word' id='word_1_582' title='bbox 3019 3811 3331 3865; x_wconf 91' lang='lat' dir='ltr'><strong>luctuosum</strong></span> <span class='ocrx_word' id='word_1_583' title='bbox 3373 3806 3479 3861; x_wconf 89' lang='lat' dir='ltr'><strong>erit</strong></span> <span class='ocrx_word' id='word_1_584' title='bbox 3520 3804 3576 3857; x_wconf 91' lang='lat' dir='ltr'><strong>in</strong></span> 
     </span>
    </p>
   </div>
   <div class='ocr_carea' id='block_1_78' title="bbox 1975 3898 3572 3977">
    <p class='ocr_par' dir='ltr' id='par_1_78' title="bbox 1975 3898 3572 3977">
     <span class='ocr_line' id='line_1_78' title="bbox 1975 3898 3572 3977; baseline -0.018 -1"><span class='ocrx_word' id='word_1_585' title='bbox 1975 3930 2180 3975; x_wconf 65' lang='lat' dir='ltr'><strong>aeterna</strong></span> <span class='ocrx_word' id='word_1_586' title='bbox 2209 3913 2575 3970; x_wconf 88' lang='lat' dir='ltr'><strong>damnatione.</strong></span> <span class='ocrx_word' id='word_1_587' title='bbox 2606 3905 2843 3977; x_wconf 85' lang='lat' dir='ltr'><strong>Populus</strong></span> <span class='ocrx_word' id='word_1_588' title='bbox 2876 3912 3053 3958; x_wconf 90' lang='lat' dir='ltr'><strong>autem</strong></span> <span class='ocrx_word' id='word_1_589' title='bbox 3078 3900 3295 3965; x_wconf 89' lang='lat' dir='ltr'><strong>dicitur,</strong></span> <span class='ocrx_word' id='word_1_590' title='bbox 3325 3898 3449 3967; x_wconf 88' lang='lat' dir='ltr'><strong>quia</strong></span> <span class='ocrx_word' id='word_1_591' title='bbox 3472 3908 3572 3963; x_wconf 86' lang='lat' dir='ltr'><strong>gu-</strong></span> 
     </span>
    </p>
   </div>
   <div class='ocr_carea' id='block_1_79' title="bbox 1977 3988 3572 4080">
    <p class='ocr_par' dir='ltr' id='par_1_79' title="bbox 1977 3988 3572 4080">
     <span class='ocr_line' id='line_1_79' title="bbox 1977 3988 3572 4080; baseline -0.019 -11"><span class='ocrx_word' id='word_1_592' title='bbox 1977 4012 2081 4069; x_wconf 90' lang='lat' dir='ltr'><strong>losi</strong></span> <span class='ocrx_word' id='word_1_593' title='bbox 2110 4010 2310 4080; x_wconf 89' lang='lat' dir='ltr'><strong>quique</strong></span> <span class='ocrx_word' id='word_1_594' title='bbox 2339 4022 2438 4078; x_wconf 89' lang='lat' dir='ltr'><strong>pro</strong></span> <span class='ocrx_word' id='word_1_595' title='bbox 2479 3999 2842 4060; x_wconf 90' lang='lat' dir='ltr'><strong>sollicitudine</strong></span> <span class='ocrx_word' id='word_1_596' title='bbox 2868 3994 3072 4052; x_wconf 83' lang='lat' dir='ltr'><strong>ventris</strong></span> <span class='ocrx_word' id='word_1_597' title='bbox 3096 3988 3572 4047; x_wconf 89' lang='lat' dir='ltr'><strong>innumerabilium</strong></span> 
     </span>
    </p>
   </div>
   <div class='ocr_carea' id='block_1_80' title="bbox 1978 4076 3576 4170">
    <p class='ocr_par' dir='ltr' id='par_1_80' title="bbox 1978 4076 3576 4170">
     <span class='ocr_line' id='line_1_80' title="bbox 1978 4076 3576 4170; baseline -0.019 -9"><span class='ocrx_word' id='word_1_598' title='bbox 1978 4076 2239 4161; x_wconf 74' lang='lat' dir='ltr'><strong>curarum</strong></span> <span class='ocrx_word' id='word_1_599' title='bbox 2250 4076 2552 4170; x_wconf 82' lang='lat' dir='ltr'><strong>frequentia</strong></span> <span class='ocrx_word' id='word_1_600' title='bbox 2568 4094 2957 4163; x_wconf 90' lang='lat' dir='ltr'><strong>deprimuntur.</strong></span> <span class='ocrx_word' id='word_1_601' title='bbox 2985 4085 3087 4153; x_wconf 90' lang='lat' dir='ltr'><strong>Qui</strong></span> <span class='ocrx_word' id='word_1_602' title='bbox 3108 4084 3175 4138; x_wconf 89' lang='lat' dir='ltr'><strong>ad</strong></span> <span class='ocrx_word' id='word_1_603' title='bbox 3190 4082 3350 4136; x_wconf 86' lang='lat' dir='ltr'><strong>Jabes</strong></span> <span class='ocrx_word' id='word_1_604' title='bbox 3368 4076 3576 4170; x_wconf 87' lang='lat' dir='ltr'><strong>Galaad</strong></span> 
     </span>
    </p>
   </div>
   <div class='ocr_carea' id='block_1_81' title="bbox 1980 4169 3580 4261">
    <p class='ocr_par' dir='ltr' id='par_1_81' title="bbox 1980 4169 3580 4261">
     <span class='ocr_line' id='line_1_81' title="bbox 1980 4169 3580 4261; baseline -0.02 -8"><span class='ocrx_word' id='word_1_605' title='bbox 1980 4195 2242 4258; x_wconf 87' lang='lat' dir='ltr'><strong>ascendit,</strong></span> <span class='ocrx_word' id='word_1_606' title='bbox 2275 4169 2402 4261; x_wconf 84' lang='lat' dir='ltr'><strong>quia</strong></span> <span class='ocrx_word' id='word_1_607' title='bbox 2431 4190 2486 4244; x_wconf 93' lang='lat' dir='ltr'><strong>in</strong></span> <span class='ocrx_word' id='word_1_608' title='bbox 2514 4187 2622 4240; x_wconf 89' lang='lat' dir='ltr'><strong>alta</strong></span> <span class='ocrx_word' id='word_1_609' title='bbox 2665 4178 3005 4238; x_wconf 76' lang='lat' dir='ltr'><strong>abstinentia:</strong></span> <span class='ocrx_word' id='word_1_610' title='bbox 3036 4176 3231 4229; x_wconf 90' lang='lat' dir='ltr'><strong>virtute</strong></span> <span class='ocrx_word' id='word_1_611' title='bbox 3262 4172 3435 4241; x_wconf 89' lang='lat' dir='ltr'><strong>posita</strong></span> <span class='ocrx_word' id='word_1_612' title='bbox 3463 4169 3580 4237; x_wconf 87' lang='lat' dir='ltr'><strong>jus-</strong></span> 
     </span>
    </p>
   </div>
   <div class='ocr_carea' id='block_1_82' title="bbox 1980 4260 3579 4354">
    <p class='ocr_par' dir='ltr' id='par_1_82' title="bbox 1980 4260 3579 4354">
     <span class='ocr_line' id='line_1_82' title="bbox 1980 4260 3579 4354; baseline -0.023 -7"><span class='ocrx_word' id='word_1_613' title='bbox 1980 4299 2160 4346; x_wconf 91' lang='lat' dir='ltr'><strong>torum</strong></span> <span class='ocrx_word' id='word_1_614' title='bbox 2189 4260 2419 4354; x_wconf 86' lang='lat' dir='ltr'><strong>corpora</strong></span> <span class='ocrx_word' id='word_1_615' title='bbox 2449 4279 2516 4333; x_wconf 89' lang='lat' dir='ltr'><strong>ad</strong></span> <span class='ocrx_word' id='word_1_616' title='bbox 2537 4277 2780 4332; x_wconf 89' lang='lat' dir='ltr'><strong>ciborum</strong></span> <span class='ocrx_word' id='word_1_617' title='bbox 2807 4265 3301 4338; x_wconf 88' lang='lat' dir='ltr'><strong>concupiscentiam</strong></span> <span class='ocrx_word' id='word_1_618' title='bbox 3326 4260 3579 4331; x_wconf 65' lang='lat' dir='ltr'><strong>pmicipi—</strong></span> 
     </span>
    </p>
   </div>
   <div class='ocr_carea' id='block_1_83' title="bbox 1980 4351 3580 4447">
    <p class='ocr_par' dir='ltr' id='par_1_83' title="bbox 1980 4351 3580 4447">
     <span class='ocr_line' id='line_1_83' title="bbox 1980 4351 3580 4447; baseline -0.021 -10"><span class='ocrx_word' id='word_1_619' title='bbox 1980 4390 2101 4436; x_wconf 91' lang='lat' dir='ltr'><strong>tare</strong></span> <span class='ocrx_word' id='word_1_620' title='bbox 2148 4351 2372 4447; x_wconf 75' lang='lat' dir='ltr'><strong>appetit.</strong></span> <span class='ocrx_word' id='word_1_621' title='bbox 2422 4368 2702 4423; x_wconf 83' lang='lat' dir='ltr'><strong>Exsiccata</strong></span> <span class='ocrx_word' id='word_1_622' title='bbox 2748 4360 2963 4433; x_wconf 90' lang='lat' dir='ltr'><strong>quidem</strong></span> <span class='ocrx_word' id='word_1_623' title='bbox 3006 4365 3155 4412; x_wconf 89' lang='lat' dir='ltr'><strong>recte</strong></span> <span class='ocrx_word' id='word_1_624' title='bbox 3193 4370 3319 4410; x_wconf 85' lang='lat' dir='ltr'><strong>caro</strong></span> <span class='ocrx_word' id='word_1_625' title='bbox 3360 4351 3580 4419; x_wconf 81' lang='lat' dir='ltr'><strong>dicitur,</strong></span> 
     </span>
    </p>
   </div>
   <div class='ocr_carea' id='block_1_84' title="bbox 1982 4445 3577 4541">
    <p class='ocr_par' dir='ltr' id='par_1_84' title="bbox 1982 4445 3577 4541">
     <span class='ocr_line' id='line_1_84' title="bbox 1982 4445 3577 4541; baseline -0.019 -14"><span class='ocrx_word' id='word_1_626' title='bbox 1982 4487 2103 4541; x_wconf 73' lang='lat' dir='ltr'><strong>qua:</strong></span> <span class='ocrx_word' id='word_1_627' title='bbox 2122 4445 2348 4523; x_wconf 83' lang='lat' dir='ltr'><strong>humore</strong></span> <span class='ocrx_word' id='word_1_628' title='bbox 2371 4458 2709 4533; x_wconf 83' lang='lat' dir='ltr'><strong>pinguedinis</strong></span> <span class='ocrx_word' id='word_1_629' title='bbox 2726 4472 2834 4511; x_wconf 91' lang='lat' dir='ltr'><strong>non</strong></span> <span class='ocrx_word' id='word_1_630' title='bbox 2852 4460 3128 4523; x_wconf 87' lang='lat' dir='ltr'><strong>gravatur.</strong></span> <span class='ocrx_word' id='word_1_631' title='bbox 3148 4449 3229 4504; x_wconf 89' lang='lat' dir='ltr'><strong>Ad</strong></span> <span class='ocrx_word' id='word_1_632' title='bbox 3244 4464 3338 4505; x_wconf 91' lang='lat' dir='ltr'><strong>eos</strong></span> <span class='ocrx_word' id='word_1_633' title='bbox 3360 4445 3577 4516; x_wconf 89' lang='lat' dir='ltr'><strong>quidem</strong></span> 
     </span>
    </p>
   </div>
   <div class='ocr_carea' id='block_1_85' title="bbox 1981 4540 3581 4623">
    <p class='ocr_par' dir='ltr' id='par_1_85' title="bbox 1981 4540 3581 4623">
     <span class='ocr_line' id='line_1_85' title="bbox 1981 4540 3581 4623; baseline -0.019 -5"><span class='ocrx_word' id='word_1_634' title='bbox 1981 4540 2123 4618; x_wconf 62' lang='lat' dir='ltr'><strong>Naas</strong></span> <span class='ocrx_word' id='word_1_635' title='bbox 2151 4556 2413 4623; x_wconf 88' lang='lat' dir='ltr'><strong>ascendit,</strong></span> <span class='ocrx_word' id='word_1_636' title='bbox 2442 4569 2579 4623; x_wconf 90' lang='lat' dir='ltr'><strong>quos</strong></span> <span class='ocrx_word' id='word_1_637' title='bbox 2615 4549 2916 4605; x_wconf 80' lang='lat' dir='ltr'><strong>exsiccatos</strong></span> <span class='ocrx_word' id='word_1_638' title='bbox 2944 4544 3088 4599; x_wconf 85' lang='lat' dir='ltr'><strong>videt</strong></span> <span class='ocrx_word' id='word_1_639' title='bbox 3112 4560 3125 4595; x_wconf 88' lang='lat'><strong>:</strong></span> <span class='ocrx_word' id='word_1_640' title='bbox 3159 4543 3283 4611; x_wconf 91' lang='lat' dir='ltr'><strong>quia</strong></span> <span class='ocrx_word' id='word_1_641' title='bbox 3325 4540 3429 4594; x_wconf 89' lang='lat' dir='ltr'><strong>illis</strong></span> <span class='ocrx_word' id='word_1_642' title='bbox 3458 4551 3581 4606; x_wconf 84' lang='lat' dir='ltr'><strong>gra-</strong></span> 
     </span>
    </p>
   </div>
   <div class='ocr_carea' id='block_1_86' title="bbox 1984 4627 3580 4720">
    <p class='ocr_par' dir='ltr' id='par_1_86' title="bbox 1984 4627 3580 4720">
     <span class='ocr_line' id='line_1_86' title="bbox 1984 4627 3580 4720; baseline -0.02 -7"><span class='ocrx_word' id='word_1_643' title='bbox 1984 4658 2136 4713; x_wconf 87' lang='lat' dir='ltr'><strong>viora</strong></span> <span class='ocrx_word' id='word_1_644' title='bbox 2159 4653 2301 4709; x_wconf 89' lang='lat' dir='ltr'><strong>bella</strong></span> <span class='ocrx_word' id='word_1_645' title='bbox 2334 4649 2470 4720; x_wconf 67' lang='lat' dir='ltr'><strong>gulae</strong></span> <span class='ocrx_word' id='word_1_646' title='bbox 2498 4646 2718 4715; x_wconf 78' lang='lat' dir='ltr'><strong>Spiritus</strong></span> <span class='ocrx_word' id='word_1_647' title='bbox 2746 4641 2962 4711; x_wconf 86' lang='lat' dir='ltr'><strong>ingerit,</strong></span> <span class='ocrx_word' id='word_1_648' title='bbox 2995 4652 3131 4707; x_wconf 89' lang='lat' dir='ltr'><strong>quos</strong></span> <span class='ocrx_word' id='word_1_649' title='bbox 3154 4641 3481 4720; x_wconf 14' lang='lat' dir='ltr'><strong>attenuatos!</strong></span> <span class='ocrx_word' id='word_1_650' title='bbox 3496 4627 3580 4697; x_wconf 91' lang='lat' dir='ltr'><strong>je-</strong></span> 
     </span>
    </p>
   </div>
   <div class='ocr_carea' id='block_1_87' title="bbox 1980 4717 3581 4821">
    <p class='ocr_par' dir='ltr' id='par_1_87' title="bbox 1980 4717 3581 4821">
     <span class='ocr_line' id='line_1_87' title="bbox 1980 4717 3581 4821; baseline -0.021 -16"><span class='ocrx_word' id='word_1_651' title='bbox 1980 4748 2147 4821; x_wconf 90' lang='lat' dir='ltr'><strong>juniis</strong></span> <span class='ocrx_word' id='word_1_652' title='bbox 2189 4717 2451 4815; x_wconf 81' lang='lat' dir='ltr'><strong>agnoscit.</strong></span> <span class='ocrx_word' id='word_1_653' title='bbox 2498 4738 2642 4792; x_wconf 86' lang='lat' dir='ltr'><strong>Bene</strong></span> <span class='ocrx_word' id='word_1_654' title='bbox 2687 4742 2866 4789; x_wconf 89' lang='lat' dir='ltr'><strong>autem</strong></span> <span class='ocrx_word' id='word_1_655' title='bbox 2908 4742 3147 4801; x_wconf 86' lang='lat' dir='ltr'><strong>pugnare</strong></span> <span class='ocrx_word' id='word_1_656' title='bbox 3173 4724 3401 4794; x_wconf 59' lang='lat' dir='ltr'><strong>coepisse</strong></span> <span class='ocrx_word' id='word_1_657' title='bbox 3439 4717 3581 4821; x_wconf 50' lang='lat' dir='ltr'><strong>N‘aas</strong></span> 
     </span>
    </p>
   </div>
   <div class='ocr_carea' id='block_1_88' title="bbox 1987 4808 3574 4904">
    <p class='ocr_par' dir='ltr' id='par_1_88' title="bbox 1987 4808 3574 4904">
     <span class='ocr_line' id='line_1_88' title="bbox 1987 4808 3574 4904; baseline -0.023 -7"><span class='ocrx_word' id='word_1_658' title='bbox 1987 4808 2185 4896; x_wconf 75' lang='lat' dir='ltr'><strong>dicitur</strong></span> <span class='ocrx_word' id='word_1_659' title='bbox 2220 4808 2249 4891; x_wconf 39' lang='grc' dir='ltr'><strong>ς*</strong></span> <span class='ocrx_word' id='word_1_660' title='bbox 2264 4834 2390 4904; x_wconf 90' lang='lat' dir='ltr'><strong>quia</strong></span> <span class='ocrx_word' id='word_1_661' title='bbox 2419 4829 2593 4888; x_wconf 87' lang='lat' dir='ltr'><strong>sancti</strong></span> <span class='ocrx_word' id='word_1_662' title='bbox 2625 4826 2724 4882; x_wconf 89' lang='lat' dir='ltr'><strong>viri</strong></span> <span class='ocrx_word' id='word_1_663' title='bbox 2753 4824 2890 4895; x_wconf 76' lang='lat' dir='ltr'><strong>gula:</strong></span> <span class='ocrx_word' id='word_1_664' title='bbox 2917 4816 3317 4889; x_wconf 84' lang='lat' dir='ltr'><strong>suggestionem</strong></span> <span class='ocrx_word' id='word_1_665' title='bbox 3342 4808 3574 4904; x_wconf 78' lang='lat' dir='ltr'><strong>nonha-</strong></span> 
     </span>
    </p>
   </div>
   <div class='ocr_carea' id='block_1_89' title="bbox 268 4900 3581 5001">
    <p class='ocr_par' dir='ltr' id='par_1_89' title="bbox 268 4900 3581 5001">
     <span class='ocr_line' id='line_1_89' title="bbox 268 4900 3581 5001; baseline -0.011 -12"><span class='ocrx_word' id='word_1_666' title='bbox 268 4941 402 4989; x_wconf 67' lang='lat' dir='ltr'><strong>sunt</strong></span> <span class='ocrx_word' id='word_1_667' title='bbox 425 4942 594 4985; x_wconf 88' lang='lat' dir='ltr'><strong>autem</strong></span> <span class='ocrx_word' id='word_1_668' title='bbox 616 4939 825 5001; x_wconf 86' lang='lat' dir='ltr'><strong>propter</strong></span> <span class='ocrx_word' id='word_1_669' title='bbox 851 4947 965 4996; x_wconf 83' lang='lat' dir='ltr'><strong>nos,</strong></span> <span class='ocrx_word' id='word_1_670' title='bbox 992 4930 1045 4984; x_wconf 88' lang='lat' dir='ltr'><strong>in</strong></span> <span class='ocrx_word' id='word_1_671' title='bbox 1065 4946 1191 4999; x_wconf 86' lang='lat' dir='ltr'><strong>quos</strong></span> <span class='ocrx_word' id='word_1_672' title='bbox 1223 4930 1352 4997; x_wconf 78' lang='lat' dir='ltr'><strong>ﬁnes</strong></span> <span class='ocrx_word' id='word_1_673' title='bbox 1374 4929 1681 4983; x_wconf 81' lang='lat' dir='ltr'><strong>swculorum</strong></span> <span class='ocrx_word' id='word_1_674' title='bbox 1719 4929 1874 4983; x_wconf 86' lang='lat' dir='ltr'><strong>deve-</strong></span> <span class='ocrx_word' id='word_1_675' title='bbox 1906 4933 1961 4993; x_wconf 82' lang='lat'><strong>1)</strong></span> <span class='ocrx_word' id='word_1_676' title='bbox 1985 4935 2115 4991; x_wconf 69' lang='lat' dir='ltr'><strong>bent</strong></span> <span class='ocrx_word' id='word_1_677' title='bbox 2144 4931 2199 4986; x_wconf 79' lang='lat' dir='ltr'><strong>in</strong></span> <span class='ocrx_word' id='word_1_678' title='bbox 2238 4928 2441 4984; x_wconf 62' lang='lat' dir='ltr'><strong>ﬁndere</strong></span> <span class='ocrx_word' id='word_1_679' title='bbox 2480 4918 2756 4983; x_wconf 54' lang='lat' dir='ltr'><strong>amicitia,</strong></span> <span class='ocrx_word' id='word_1_680' title='bbox 2787 4914 2880 4971; x_wconf 86' lang='lat' dir='ltr'><strong>sed</strong></span> <span class='ocrx_word' id='word_1_681' title='bbox 2912 4914 2965 4968; x_wconf 85' lang='lat' dir='ltr'><strong>in</strong></span> <span class='ocrx_word' id='word_1_682' title='bbox 2999 4924 3190 4982; x_wconf 71' lang='lat' dir='ltr'><strong>pugna:</strong></span> <span class='ocrx_word' id='word_1_683' title='bbox 3219 4900 3581 5001; x_wconf 57' lang='lat' dir='ltr'><strong>contrarietao</strong></span> 
     </span>
    </p>
   </div>
   <div class='ocr_carea' id='block_1_90' title="bbox 271 5021 1881 5098">
    <p class='ocr_par' dir='ltr' id='par_1_90' title="bbox 271 5021 1881 5098">
     <span class='ocr_line' id='line_1_90' title="bbox 271 5021 1881 5098; baseline -0.004 -15"><span class='ocrx_word' id='word_1_684' title='bbox 271 5037 467 5084; x_wconf 83' lang='lat' dir='ltr'><strong>nerant</strong></span> <span class='ocrx_word' id='word_1_685' title='bbox 514 5025 575 5098; x_wconf 92' lang='grc' dir='ltr'><strong>(Ι</strong></span> <span class='ocrx_word' id='word_1_686' title='bbox 604 5025 725 5081; x_wconf 87' lang='lat' dir='ltr'><strong>Cor.</strong></span> <span class='ocrx_word' id='word_1_687' title='bbox 766 5041 831 5091; x_wconf 83' lang='lat' dir='ltr'><strong>x,</strong></span> <span class='ocrx_word' id='word_1_688' title='bbox 868 5024 978 5095; x_wconf 89' lang='lat'><strong>11).</strong></span> <span class='ocrx_word' id='word_1_689' title='bbox 1019 5023 1153 5079; x_wconf 89' lang='lat' dir='ltr'><strong>Esse</strong></span> <span class='ocrx_word' id='word_1_690' title='bbox 1189 5023 1352 5078; x_wconf 88' lang='lat' dir='ltr'><strong>etiam</strong></span> <span class='ocrx_word' id='word_1_691' title='bbox 1394 5022 1691 5093; x_wconf 90' lang='lat' dir='ltr'><strong>spiritualia</strong></span> <span class='ocrx_word' id='word_1_692' title='bbox 1730 5021 1881 5077; x_wconf 78' lang='lat' dir='ltr'><strong>bella</strong></span> 
     </span>
    </p>
   </div>
   <div class='ocr_carea' id='block_1_91' title="bbox 270 5112 1881 5190">
    <p class='ocr_par' dir='ltr' id='par_1_91' title="bbox 270 5112 1881 5190">
     <span class='ocr_line' id='line_1_91' title="bbox 270 5112 1881 5190; baseline -0.007 -10"><span class='ocrx_word' id='word_1_693' title='bbox 270 5124 553 5190; x_wconf 89' lang='lat' dir='ltr'><strong>insinuat,</strong></span> <span class='ocrx_word' id='word_1_694' title='bbox 583 5122 765 5177; x_wconf 76' lang='lat' dir='ltr'><strong>dicens</strong></span> <span class='ocrx_word' id='word_1_695' title='bbox 795 5138 807 5174; x_wconf 89' lang='lat'>:</span> <span class='ocrx_word' id='word_1_696' title='bbox 842 5119 964 5174; x_wconf 69' lang='lat' dir='ltr'><strong>Nor.</strong></span> <span class='ocrx_word' id='word_1_697' title='bbox 1005 5126 1082 5173; x_wconf 76' lang='lat' dir='ltr'><strong>est</strong></span> <span class='ocrx_word' id='word_1_698' title='bbox 1118 5118 1266 5173; x_wconf 87' lang='lat' dir='ltr'><strong>nobis</strong></span> <span class='ocrx_word' id='word_1_699' title='bbox 1296 5112 1589 5172; x_wconf 84' lang='lat' dir='ltr'><strong>colluctatio</strong></span> <span class='ocrx_word' id='word_1_700' title='bbox 1632 5115 1881 5170; x_wconf 79' lang='lat' dir='ltr'><strong>adversus</strong></span> 
     </span>
    </p>
   </div>
   <div class='ocr_carea' id='block_1_92' title="bbox 273 5206 1879 5283">
    <p class='ocr_par' dir='ltr' id='par_1_92' title="bbox 273 5206 1879 5283">
     <span class='ocr_line' id='line_1_92' title="bbox 273 5206 1879 5283; baseline -0.006 -13"><span class='ocrx_word' id='word_1_701' title='bbox 273 5232 514 5280; x_wconf 87' lang='lat' dir='ltr'><strong>carnem,</strong></span> <span class='ocrx_word' id='word_1_702' title='bbox 547 5224 595 5268; x_wconf 87' lang='lat' dir='ltr'><strong>et</strong></span> <span class='ocrx_word' id='word_1_703' title='bbox 624 5212 948 5283; x_wconf 80' lang='lat' dir='ltr'><strong>sanguinem,</strong></span> <span class='ocrx_word' id='word_1_704' title='bbox 984 5210 1073 5264; x_wconf 86' lang='lat' dir='ltr'><strong>sed</strong></span> <span class='ocrx_word' id='word_1_705' title='bbox 1119 5209 1363 5263; x_wconf 72' lang='lat' dir='ltr'><strong>adversus</strong></span> <span class='ocrx_word' id='word_1_706' title='bbox 1389 5206 1645 5278; x_wconf 82' lang='lat' dir='ltr'><strong>principes</strong></span> <span class='ocrx_word' id='word_1_707' title='bbox 1706 5215 1755 5259; x_wconf 86' lang='lat' dir='ltr'><strong>et</strong></span> <span class='ocrx_word' id='word_1_708' title='bbox 1782 5222 1879 5276; x_wconf 85' lang='lat' dir='ltr'><strong>po-</strong></span> 
     </span>
    </p>
   </div>
   <div class='ocr_carea' id='block_1_93' title="bbox 278 5296 1880 5371">
    <p class='ocr_par' dir='ltr' id='par_1_93' title="bbox 278 5296 1880 5371">
     <span class='ocr_line' id='line_1_93' title="bbox 278 5296 1880 5371; baseline -0.004 -11"><span class='ocrx_word' id='word_1_709' title='bbox 278 5314 515 5371; x_wconf 79' lang='lat' dir='ltr'><strong>testates,</strong></span> <span class='ocrx_word' id='word_1_710' title='bbox 567 5304 812 5358; x_wconf 78' lang='lat' dir='ltr'><strong>adversus</strong></span> <span class='ocrx_word' id='word_1_711' title='bbox 862 5302 1159 5357; x_wconf 78' lang='lat' dir='ltr'><strong>sairitualza</strong></span> <span class='ocrx_word' id='word_1_712' title='bbox 1214 5300 1454 5371; x_wconf 73' lang='lat' dir='ltr'><strong>nequitia:</strong></span> <span class='ocrx_word' id='word_1_713' title='bbox 1498 5299 1552 5352; x_wconf 87' lang='lat' dir='ltr'><strong>in</strong></span> <span class='ocrx_word' id='word_1_714' title='bbox 1589 5296 1880 5353; x_wconf 66' lang='lat' dir='ltr'><strong>calestibus</strong></span> 
     </span>
    </p>
   </div>
   <div class='ocr_carea' id='block_1_94' title="bbox 278 5391 1880 5474">
    <p class='ocr_par' dir='ltr' id='par_1_94' title="bbox 278 5391 1880 5474">
     <span class='ocr_line' id='line_1_94' title="bbox 278 5391 1880 5474; baseline -0.006 -19"><span class='ocrx_word' id='word_1_715' title='bbox 278 5400 503 5474; x_wconf 82' lang='lat' dir='ltr'><strong>(Ephes.</strong></span> <span class='ocrx_word' id='word_1_716' title='bbox 536 5416 611 5467; x_wconf 81' lang='lat' dir='ltr'><strong>Vl,</strong></span> <span class='ocrx_word' id='word_1_717' title='bbox 634 5396 746 5467; x_wconf 69' lang='grc' dir='ltr'><strong>η).</strong></span> <span class='ocrx_word' id='word_1_718' title='bbox 779 5395 913 5452; x_wconf 91' lang='lat' dir='ltr'><strong>Cum</strong></span> <span class='ocrx_word' id='word_1_719' title='bbox 941 5408 1068 5463; x_wconf 86' lang='lat' dir='ltr'><strong>ergo</strong></span> <span class='ocrx_word' id='word_1_720' title='bbox 1098 5394 1239 5454; x_wconf 81' lang='lat' dir='ltr'><strong>Naas</strong></span> <span class='ocrx_word' id='word_1_721' title='bbox 1268 5391 1560 5450; x_wconf 91' lang='lat' dir='ltr'><strong>ascendere</strong></span> <span class='ocrx_word' id='word_1_722' title='bbox 1585 5398 1641 5446; x_wconf 94' lang='lat' dir='ltr'><strong>et</strong></span> <span class='ocrx_word' id='word_1_723' title='bbox 1667 5404 1880 5461; x_wconf 88' lang='lat' dir='ltr'><strong>pugna-</strong></span> 
     </span>
    </p>
   </div>
   <div class='ocr_carea' id='block_1_95' title="bbox 278 5482 1881 5553">
    <p class='ocr_par' dir='ltr' id='par_1_95' title="bbox 278 5482 1881 5553">
     <span class='ocr_line' id='line_1_95' title="bbox 278 5482 1881 5553; baseline -0.007 -5"><span class='ocrx_word' id='word_1_724' title='bbox 278 5509 344 5549; x_wconf 82' lang='lat' dir='ltr'><strong>re</strong></span> <span class='ocrx_word' id='word_1_725' title='bbox 369 5500 560 5547; x_wconf 83' lang='lat' dir='ltr'><strong>contra</strong></span> <span class='ocrx_word' id='word_1_726' title='bbox 608 5489 770 5544; x_wconf 81' lang='lat' dir='ltr'><strong>Jabes</strong></span> <span class='ocrx_word' id='word_1_727' title='bbox 809 5486 1015 5542; x_wconf 86' lang='lat' dir='ltr'><strong>Galaad</strong></span> <span class='ocrx_word' id='word_1_728' title='bbox 1060 5486 1279 5553; x_wconf 90' lang='lat' dir='ltr'><strong>dicitur,</strong></span> <span class='ocrx_word' id='word_1_729' title='bbox 1324 5483 1581 5539; x_wconf 79' lang='lat' dir='ltr'><strong>interiora</strong></span> <span class='ocrx_word' id='word_1_730' title='bbox 1620 5482 1881 5537; x_wconf 86' lang='lat' dir='ltr'><strong>vitiorum</strong></span> 
     </span>
    </p>
   </div>
   <div class='ocr_carea' id='block_1_96' title="bbox 278 5572 1883 5658">
    <p class='ocr_par' dir='ltr' id='par_1_96' title="bbox 278 5572 1883 5658">
     <span class='ocr_line' id='line_1_96' title="bbox 278 5572 1883 5658; baseline -0.008 -18"><span class='ocrx_word' id='word_1_731' title='bbox 278 5585 469 5658; x_wconf 72' lang='lat' dir='ltr'><strong>przelia</strong></span> <span class='ocrx_word' id='word_1_732' title='bbox 501 5584 867 5653; x_wconf 89' lang='lat' dir='ltr'><strong>designantur.</strong></span> <span class='ocrx_word' id='word_1_733' title='bbox 891 5578 1095 5645; x_wconf 87' lang='lat' dir='ltr'><strong>Quibus</strong></span> <span class='ocrx_word' id='word_1_734' title='bbox 1115 5578 1364 5632; x_wconf 88' lang='lat' dir='ltr'><strong>nimirum</strong></span> <span class='ocrx_word' id='word_1_735' title='bbox 1384 5574 1560 5651; x_wconf 83' lang='lat' dir='ltr'><strong>verbis</strong></span> <span class='ocrx_word' id='word_1_736' title='bbox 1580 5588 1746 5630; x_wconf 65' lang='lat' dir='ltr'><strong>sacra:</strong></span> <span class='ocrx_word' id='word_1_737' title='bbox 1766 5572 1883 5628; x_wconf 87' lang='lat' dir='ltr'><strong>his-</strong></span> 
     </span>
    </p>
   </div>
   <div class='ocr_carea' id='block_1_97' title="bbox 280 5665 1877 5745">
    <p class='ocr_par' dir='ltr' id='par_1_97' title="bbox 280 5665 1877 5745">
     <span class='ocr_line' id='line_1_97' title="bbox 280 5665 1877 5745; baseline -0.007 -15"><span class='ocrx_word' id='word_1_738' title='bbox 280 5677 443 5732; x_wconf 70' lang='lat' dir='ltr'><strong>toria:</strong></span> <span class='ocrx_word' id='word_1_739' title='bbox 483 5689 775 5745; x_wconf 90' lang='lat' dir='ltr'><strong>processus</strong></span> <span class='ocrx_word' id='word_1_740' title='bbox 811 5670 1131 5737; x_wconf 86' lang='lat' dir='ltr'><strong>ostenditur,</strong></span> <span class='ocrx_word' id='word_1_741' title='bbox 1164 5677 1221 5723; x_wconf 91' lang='lat' dir='ltr'><strong>ut</strong></span> <span class='ocrx_word' id='word_1_742' title='bbox 1259 5684 1399 5723; x_wconf 88' lang='lat' dir='ltr'><strong>novo</strong></span> <span class='ocrx_word' id='word_1_743' title='bbox 1426 5668 1537 5736; x_wconf 88' lang='lat' dir='ltr'><strong>regi</strong></span> <span class='ocrx_word' id='word_1_744' title='bbox 1565 5681 1705 5723; x_wconf 87' lang='lat' dir='ltr'><strong>nova</strong></span> <span class='ocrx_word' id='word_1_745' title='bbox 1736 5665 1877 5721; x_wconf 86' lang='lat' dir='ltr'><strong>bella</strong></span> 
     </span>
    </p>
   </div>
   <div class='ocr_carea' id='block_1_98' title="bbox 282 5758 1877 5834">
    <p class='ocr_par' dir='ltr' id='par_1_98' title="bbox 282 5758 1877 5834">
     <span class='ocr_line' id='line_1_98' title="bbox 282 5758 1877 5834; baseline -0.006 -12"><span class='ocrx_word' id='word_1_746' title='bbox 282 5776 668 5833; x_wconf 87' lang='lat' dir='ltr'><strong>moverentur;</strong></span> <span class='ocrx_word' id='word_1_747' title='bbox 701 5779 820 5834; x_wconf 79' lang='lat' dir='ltr'><strong>quae</strong></span> <span class='ocrx_word' id='word_1_748' title='bbox 853 5763 977 5817; x_wconf 89' lang='lat' dir='ltr'><strong>dum</strong></span> <span class='ocrx_word' id='word_1_749' title='bbox 1013 5763 1147 5816; x_wconf 87' lang='lat' dir='ltr'><strong>bene</strong></span> <span class='ocrx_word' id='word_1_750' title='bbox 1176 5763 1497 5829; x_wconf 84' lang='lat' dir='ltr'><strong>conﬁceret,</strong></span> <span class='ocrx_word' id='word_1_751' title='bbox 1539 5758 1877 5815; x_wconf 81' lang='lat' dir='ltr'><strong>strennitatis</strong></span> 
     </span>
    </p>
   </div>
   <div class='ocr_carea' id='block_1_99' title="bbox 288 5852 1951 5933">
    <p class='ocr_par' dir='ltr' id='par_1_99' title="bbox 288 5852 1951 5933">
     <span class='ocr_line' id='line_1_99' title="bbox 288 5852 1951 5933; baseline -0.005 -13"><span class='ocrx_word' id='word_1_752' title='bbox 288 5878 405 5920; x_wconf 70' lang='lat' dir='ltr'><strong>sua:</strong></span> <span class='ocrx_word' id='word_1_753' title='bbox 428 5862 656 5933; x_wconf 87' lang='lat' dir='ltr'><strong>gloriam</strong></span> <span class='ocrx_word' id='word_1_754' title='bbox 688 5860 1109 5917; x_wconf 86' lang='lat' dir='ltr'><strong>demonstraret.</strong></span> <span class='ocrx_word' id='word_1_755' title='bbox 1138 5853 1269 5922; x_wconf 84' lang='lat' dir='ltr'><strong>Quis</strong></span> <span class='ocrx_word' id='word_1_756' title='bbox 1305 5864 1386 5913; x_wconf 88' lang='lat' dir='ltr'><strong>est</strong></span> <span class='ocrx_word' id='word_1_757' title='bbox 1417 5868 1545 5925; x_wconf 85' lang='lat' dir='ltr'><strong>ergo</strong></span> <span class='ocrx_word' id='word_1_758' title='bbox 1587 5854 1689 5912; x_wconf 90' lang='lat' dir='ltr'><strong>iste</strong></span> <span class='ocrx_word' id='word_1_759' title='bbox 1734 5852 1877 5912; x_wconf 75' lang='lat' dir='ltr'><strong>Naas</strong></span> <span class='ocrx_word' id='word_1_760' title='bbox 1936 5904 1951 5919; x_wconf 32' lang='grc' dir='ltr'><strong>ά</strong></span> 
     </span>
    </p>
   </div>
   <div class='ocr_carea' id='block_1_100' title="bbox 1870 5970 1906 6039">
    <p class='ocr_par' dir='ltr' id='par_1_100' title="bbox 1870 5970 1906 6039">
     <span class='ocr_line' id='line_1_100' title="bbox 1870 5970 1906 6039; baseline 0 0"><span class='ocrx_word' id='word_1_761' title='bbox 1870 5970 1906 6039; x_wconf 56' lang='grc' dir='ltr'><strong>ἑ</strong></span> 
     </span>
    </p>
   </div>
   <div class='ocr_carea' id='block_1_101' title="bbox 1989 4995 3580 5079">
    <p class='ocr_par' dir='ltr' id='par_1_101' title="bbox 1989 4995 3580 5079">
     <span class='ocr_line' id='line_1_101' title="bbox 1989 4995 3580 5079; baseline -0.025 0"><span class='ocrx_word' id='word_1_762' title='bbox 1989 5030 2119 5079; x_wconf 88' lang='lat' dir='ltr'><strong>tem.</strong></span> <span class='ocrx_word' id='word_1_763' title='bbox 2152 5018 2497 5076; x_wconf 85' lang='lat' dir='ltr'><strong>Abstinentes</strong></span> <span class='ocrx_word' id='word_1_764' title='bbox 2524 5010 2689 5077; x_wconf 88' lang='lat' dir='ltr'><strong>enim,</strong></span> <span class='ocrx_word' id='word_1_765' title='bbox 2720 5003 2875 5075; x_wconf 89' lang='lat' dir='ltr'><strong>quasi</strong></span> <span class='ocrx_word' id='word_1_766' title='bbox 2896 5017 3018 5058; x_wconf 90' lang='lat' dir='ltr'><strong>cum</strong></span> <span class='ocrx_word' id='word_1_767' title='bbox 3039 5002 3289 5067; x_wconf 88' lang='lat' dir='ltr'><strong>serpente</strong></span> <span class='ocrx_word' id='word_1_768' title='bbox 3318 4995 3580 5063; x_wconf 90' lang='lat' dir='ltr'><strong>pugnant,</strong></span> 
     </span>
    </p>
   </div>
   <div class='ocr_carea' id='block_1_102' title="bbox 1990 5083 3584 5189">
    <p class='ocr_par' dir='ltr' id='par_1_102' title="bbox 1990 5083 3584 5189">
     <span class='ocr_line' id='line_1_102' title="bbox 1990 5083 3584 5189; baseline -0.027 -16"><span class='ocrx_word' id='word_1_769' title='bbox 1990 5114 2209 5189; x_wconf 90' lang='lat' dir='ltr'><strong>quando</strong></span> <span class='ocrx_word' id='word_1_770' title='bbox 2238 5110 2377 5179; x_wconf 64' lang='lat' dir='ltr'><strong>gulae</strong></span> <span class='ocrx_word' id='word_1_771' title='bbox 2399 5104 2698 5176; x_wconf 87' lang='lat' dir='ltr'><strong>appetitum</strong></span> <span class='ocrx_word' id='word_1_772' title='bbox 2726 5109 2919 5164; x_wconf 86' lang='lat' dir='ltr'><strong>magna</strong></span> <span class='ocrx_word' id='word_1_773' title='bbox 2940 5091 3141 5189; x_wconf 59' lang='lat' dir='ltr'><strong>virtute</strong></span> <span class='ocrx_word' id='word_1_774' title='bbox 3168 5083 3584 5189; x_wconf 32' lang='lat' dir='ltr'><strong>deprimunti&#39;unt</strong></span> 
     </span>
    </p>
   </div>
   <div class='ocr_carea' id='block_1_103' title="bbox 1989 5167 3584 5264">
    <p class='ocr_par' dir='ltr' id='par_1_103' title="bbox 1989 5167 3584 5264">
     <span class='ocr_line' id='line_1_103' title="bbox 1989 5167 3584 5264; baseline -0.028 0"><span class='ocrx_word' id='word_1_775' title='bbox 1989 5167 2199 5264; x_wconf 45' lang='lat' dir='ltr'><strong>vleneno</strong></span> <span class='ocrx_word' id='word_1_776' title='bbox 2217 5167 2449 5257; x_wconf 52' lang='lat' dir='ltr'><strong>luxuria;</strong></span> <span class='ocrx_word' id='word_1_777' title='bbox 2461 5212 2567 5251; x_wconf 91' lang='lat' dir='ltr'><strong>non</strong></span> <span class='ocrx_word' id='word_1_778' title='bbox 2585 5190 2908 5248; x_wconf 87' lang='lat' dir='ltr'><strong>inﬁciantur.</strong></span> <span class='ocrx_word' id='word_1_779' title='bbox 2940 5181 3185 5249; x_wconf 88' lang='lat' dir='ltr'><strong>Pugnare</strong></span> <span class='ocrx_word' id='word_1_780' title='bbox 3206 5172 3424 5244; x_wconf 89' lang='lat' dir='ltr'><strong>quidem</strong></span> <span class='ocrx_word' id='word_1_781' title='bbox 3445 5167 3584 5264; x_wconf 63' lang='lat' dir='ltr'><strong>gulm</strong></span> 
     </span>
    </p>
   </div>
   <div class='ocr_carea' id='block_1_104' title="bbox 1952 5259 3584 5359">
    <p class='ocr_par' dir='ltr' id='par_1_104' title="bbox 1952 5259 3584 5359">
     <span class='ocr_line' id='line_1_104' title="bbox 1952 5259 3584 5359; baseline -0.029 1"><span class='ocrx_word' id='word_1_782' title='bbox 1952 5288 1955 5291; x_wconf 51' lang='grc'><em>’</em></span> <span class='ocrx_word' id='word_1_783' title='bbox 1990 5310 2075 5359; x_wconf 88' lang='lat' dir='ltr'><strong>est</strong></span> <span class='ocrx_word' id='word_1_784' title='bbox 2102 5295 2393 5355; x_wconf 91' lang='lat' dir='ltr'><strong>esurientia</strong></span> <span class='ocrx_word' id='word_1_785' title='bbox 2416 5285 2800 5346; x_wconf 84' lang='lat' dir='ltr'><strong>abstinentium</strong></span> <span class='ocrx_word' id='word_1_786' title='bbox 2829 5289 3059 5347; x_wconf 89' lang='lat' dir='ltr'><strong>corpora</strong></span> <span class='ocrx_word' id='word_1_787' title='bbox 3086 5271 3154 5326; x_wconf 91' lang='lat' dir='ltr'><strong>ad</strong></span> <span class='ocrx_word' id='word_1_788' title='bbox 3189 5268 3349 5340; x_wconf 77' lang='lat'><strong>260</strong></span> <span class='ocrx_word' id='word_1_789' title='bbox 3377 5259 3584 5318; x_wconf 91' lang='lat' dir='ltr'><strong>inordi-</strong></span> 
     </span>
    </p>
   </div>
   <div class='ocr_carea' id='block_1_105' title="bbox 1991 5379 3134 5453">
    <p class='ocr_par' dir='ltr' id='par_1_105' title="bbox 1991 5379 3134 5453">
     <span class='ocr_line' id='line_1_105' title="bbox 1991 5379 3134 5453; baseline -0.028 -4"><span class='ocrx_word' id='word_1_790' title='bbox 1991 5402 2177 5449; x_wconf 85' lang='lat' dir='ltr'><strong>natam</strong></span> <span class='ocrx_word' id='word_1_791' title='bbox 2206 5386 2408 5445; x_wconf 85' lang='lat' dir='ltr'><strong>ventris</strong></span> <span class='ocrx_word' id='word_1_792' title='bbox 2434 5380 2788 5453; x_wconf 87' lang='lat' dir='ltr'><strong>repletionem</strong></span> <span class='ocrx_word' id='word_1_793' title='bbox 2816 5379 3134 5444; x_wconf 87' lang='lat' dir='ltr'><strong>provocare.</strong></span> 
     </span>
    </p>
   </div>
   <div class='ocr_carea' id='block_1_106' title="bbox 2062 5455 3585 5548">
    <p class='ocr_par' dir='ltr' id='par_1_106' title="bbox 2062 5455 3585 5548">
     <span class='ocr_line' id='line_1_106' title="bbox 2062 5455 3585 5548; baseline -0.028 -8"><span class='ocrx_word' id='word_1_794' title='bbox 2062 5483 2116 5539; x_wconf 76' lang='lat'><strong>3.</strong></span> <span class='ocrx_word' id='word_1_795' title='bbox 2159 5481 2268 5537; x_wconf 90' lang='lat' dir='ltr'><strong>Sed</strong></span> <span class='ocrx_word' id='word_1_796' title='bbox 2294 5476 2563 5548; x_wconf 86' lang='lat' dir='ltr'><strong>perfectos</strong></span> <span class='ocrx_word' id='word_1_797' title='bbox 2603 5471 2746 5525; x_wconf 90' lang='lat' dir='ltr'><strong>viros</strong></span> <span class='ocrx_word' id='word_1_798' title='bbox 2774 5465 2912 5535; x_wconf 68' lang='lat' dir='ltr'><strong>gula:</strong></span> <span class='ocrx_word' id='word_1_799' title='bbox 2942 5455 3211 5529; x_wconf 88' lang='lat' dir='ltr'><strong>appetitus</strong></span> <span class='ocrx_word' id='word_1_800' title='bbox 3244 5459 3456 5506; x_wconf 88' lang='lat' dir='ltr'><strong>tentare</strong></span> <span class='ocrx_word' id='word_1_801' title='bbox 3478 5459 3585 5547; x_wconf 81' lang='lat' dir='ltr'><strong>po-</strong></span> 
     </span>
    </p>
   </div>
   <div class='ocr_carea' id='block_1_107' title="bbox 1993 5536 3586 5643">
    <p class='ocr_par' dir='ltr' id='par_1_107' title="bbox 1993 5536 3586 5643">
     <span class='ocr_line' id='line_1_107' title="bbox 1993 5536 3586 5643; baseline -0.028 -11"><span class='ocrx_word' id='word_1_802' title='bbox 1993 5536 2133 5643; x_wconf 71' lang='lat' dir='ltr'><strong>test,</strong></span> <span class='ocrx_word' id='word_1_803' title='bbox 2161 5536 2417 5642; x_wconf 71' lang='lat' dir='ltr'><strong>superare</strong></span> <span class='ocrx_word' id='word_1_804' title='bbox 2444 5580 2549 5620; x_wconf 83' lang='lat' dir='ltr'><strong>non</strong></span> <span class='ocrx_word' id='word_1_805' title='bbox 2572 5566 2769 5632; x_wconf 88' lang='lat' dir='ltr'><strong>potest.</strong></span> <span class='ocrx_word' id='word_1_806' title='bbox 2788 5555 2931 5609; x_wconf 87' lang='lat' dir='ltr'><strong>Bene</strong></span> <span class='ocrx_word' id='word_1_807' title='bbox 2951 5562 3080 5617; x_wconf 88' lang='lat' dir='ltr'><strong>ergo</strong></span> <span class='ocrx_word' id='word_1_808' title='bbox 3096 5536 3586 5643; x_wconf 55' lang='lat' dir='ltr'><strong>pugnarectepisse</strong></span> 
     </span>
    </p>
   </div>
   <div class='ocr_carea' id='block_1_108' title="bbox 1996 5628 3584 5727">
    <p class='ocr_par' dir='ltr' id='par_1_108' title="bbox 1996 5628 3584 5727">
     <span class='ocr_line' id='line_1_108' title="bbox 1996 5628 3584 5727; baseline -0.028 -5"><span class='ocrx_word' id='word_1_809' title='bbox 1996 5628 2184 5722; x_wconf 65' lang='lat' dir='ltr'><strong>contra</strong></span> <span class='ocrx_word' id='word_1_810' title='bbox 2228 5628 2557 5716; x_wconf 68' lang='lat' dir='ltr'><strong>exsiccatum</strong></span> <span class='ocrx_word' id='word_1_811' title='bbox 2598 5651 2810 5713; x_wconf 81' lang='lat' dir='ltr'><strong>dicitur,</strong></span> <span class='ocrx_word' id='word_1_812' title='bbox 2858 5659 2968 5699; x_wconf 90' lang='lat' dir='ltr'><strong>non</strong></span> <span class='ocrx_word' id='word_1_813' title='bbox 3009 5638 3218 5700; x_wconf 86' lang='lat' dir='ltr'><strong>vicisse,</strong></span> <span class='ocrx_word' id='word_1_814' title='bbox 3262 5632 3387 5702; x_wconf 91' lang='lat' dir='ltr'><strong>quia</strong></span> <span class='ocrx_word' id='word_1_815' title='bbox 3426 5628 3584 5727; x_wconf 72' lang='lat' dir='ltr'><strong>electi</strong></span> 
     </span>
    </p>
   </div>
   <div class='ocr_carea' id='block_1_109' title="bbox 1996 5718 3588 5818">
    <p class='ocr_par' dir='ltr' id='par_1_109' title="bbox 1996 5718 3588 5818">
     <span class='ocr_line' id='line_1_109' title="bbox 1996 5718 3588 5818; baseline -0.03 -3"><span class='ocrx_word' id='word_1_816' title='bbox 1996 5759 2099 5814; x_wconf 87' lang='lat' dir='ltr'><strong>viri</strong></span> <span class='ocrx_word' id='word_1_817' title='bbox 2113 5751 2499 5812; x_wconf 83' lang='lat' dir='ltr'><strong>desideriorum</strong></span> <span class='ocrx_word' id='word_1_818' title='bbox 2516 5744 2811 5802; x_wconf 85' lang='lat' dir='ltr'><strong>carnalium</strong></span> <span class='ocrx_word' id='word_1_819' title='bbox 2828 5738 3088 5806; x_wconf 88' lang='lat' dir='ltr'><strong>impetum</strong></span> <span class='ocrx_word' id='word_1_820' title='bbox 3101 5727 3361 5787; x_wconf 83' lang='lat' dir='ltr'><strong>sentiunt,</strong></span> <span class='ocrx_word' id='word_1_821' title='bbox 3375 5718 3588 5818; x_wconf 41' lang='lat' dir='ltr'><strong>sed-eis:</strong></span> 
     </span>
    </p>
   </div>
   <div class='ocr_carea' id='block_1_110' title="bbox 1998 5810 3591 5909">
    <p class='ocr_par' dir='ltr' id='par_1_110' title="bbox 1998 5810 3591 5909">
     <span class='ocr_line' id='line_1_110' title="bbox 1998 5810 3591 5909; baseline -0.033 0"><span class='ocrx_word' id='word_1_822' title='bbox 1998 5854 2119 5909; x_wconf 74' lang='lat' dir='ltr'><strong>dem</strong></span> <span class='ocrx_word' id='word_1_823' title='bbox 2151 5842 2429 5904; x_wconf 84' lang='lat' dir='ltr'><strong>desideriis</strong></span> <span class='ocrx_word' id='word_1_824' title='bbox 2457 5840 2634 5897; x_wconf 88' lang='lat' dir='ltr'><strong>sciunt</strong></span> <span class='ocrx_word' id='word_1_825' title='bbox 2660 5836 2857 5890; x_wconf 84' lang='lat' dir='ltr'><strong>virtute</strong></span> <span class='ocrx_word' id='word_1_826' title='bbox 2876 5825 3073 5883; x_wconf 87' lang='lat' dir='ltr'><strong>mentis</strong></span> <span class='ocrx_word' id='word_1_827' title='bbox 3099 5818 3382 5879; x_wconf 82' lang='lat' dir='ltr'><strong>obsistere,</strong></span> <span class='ocrx_word' id='word_1_828' title='bbox 3407 5810 3591 5871; x_wconf 73' lang='lat' dir='ltr'><strong>sciunt</strong></span> 
     </span>
    </p>
   </div>
  </div>
