4020 6344
470 330 574 388 815

1679 321 1919 380 SANCTI
1957 316 2283 377 GREGORII
2321 320 2531 379 MAGNI

3638 322 3741 383 316

468 440 772 499 necessaria
816 456 915 512 per
950 440 1329 497 discretionem
1375 437 1681 511 providere.
1712 437 1901 493 Sciunt
1928 433 2049 508 qui-
2075 434 2129 496 Α
2155 438 2249 493 sed
2272 438 2396 493 dum
2429 439 2713 494 exsiccatae
2738 444 2793 493 et
2811 437 3099 495 esurientis
3118 440 3296 499 carnis
3317 440 3618 498 cruciatum
3638 458 3744 498 non

467 531 589 588 dem
617 531 755 603 gulae
780 532 1038 603 impetum
1062 529 1318 587 ferociter
1346 529 1705 600 insurgentem
1729 527 2052 598 deprimere,

468 621 647 679 sciunt
682 621 989 679 necessitati
1035 624 1280 693 corporis
1319 622 1573 678 alimenta
1604 620 1747 691 jnsta
1777 627 2052 691 praestare.

468 709 607 769 Hinc
626 727 855 783 namque
876 713 1077 769 Doctor
1100 713 1351 785 egregius
1391 712 1557 769 dicit:
1590 709 1712 768 Scio
1738 712 2056 766 manducare

467 812 520 859 et
546 805 741 860 esurire
768 805 987 877 (Philip.
1008 820 1088 874 1v,
1122 804 1232 875 12).
1267 804 1587 861 Manducare
1612 803 1826 876 quidem
1853 813 1909 858 et
1928 817 2055 858 esu-

465 899 575 955 rire
608 899 778 966 novit,
812 900 903 971 qui
926 909 981 955 et
1008 916 1204 973 corpus
1234 901 1513 955 moderate
1538 897 1733 964 reiicit,
1766 904 1821 951 et
1848 894 1915 951 ad
1951 896 2057 950 im-

465 989 803 1046 moderatam
832 990 1073 1046 ciborum
1120 990 1524 1062 perceptionem
1570 988 1874 1059 suggerenti
1920 985 2057 1057 gulae

466 1078 600 1135 vitio
623 1095 738 1136 non
764 1081 1055 1136 consentit.
1088 1080 1268 1148 Quare
1290 1088 1343 1135 et
1371 1079 1437 1135 ad
1464 1077 1604 1134 Naas
1634 1076 2053 1148 respondentes,

466 1169 654 1226 dicunt
684 1189 698 1224 :
732 1170 935 1229 Habeto
956 1190 1053 1229 nos
1082 1173 1375 1246 faderatos,
1407 1182 1457 1227 et
1486 1172 1761 1227 serviemus
1790 1171 1897 1226 tibi.
1930 1168 2056 1227 Ρω-

470 1261 569 1318 dus
594 1264 795 1335 quippe
824 1280 855 1320 a
875 1266 997 1335 gula
1029 1276 1219 1337 petunt
1239 1267 1328 1336 qui
1362 1266 1560 1320 vellent
1590 1281 1805 1319 carnem
1837 1277 1936 1333 pro
1956 1276 2056 1317 vo-

470 1360 529 1408 to
577 1354 821 1422 reticere,
868 1356 912 1412 si
953 1357 1007 1413 in
1051 1372 1211 1412 carne
1260 1356 1405 1411 nulla
1452 1364 1673 1424 p05sent
1710 1354 2059 1410 incitamenta

468 1448 675 1503 sentire
696 1448 933 1504 luxuriae.
962 1448 1125 1516 Quasi
1151 1449 1370 1504 dicant:
1402 1448 1509 1504 Nos
1528 1448 1771 1502 dabimus
1792 1446 1937 1517 quod
1964 1446 2060 1503 tibi

464 1537 668 1608 justum
697 1548 779 1597 est
817 1550 876 1596 ut
910 1550 964 1596 tu
995 1542 1151 1597 nobis
1189 1558 1295 1597 non
1324 1540 1520 1597 inieras
1550 1540 1695 1613 quod
1718 1540 1923 1611 justum
1952 1553 2061 1597 non

469 1643 570 1689 est.
600 1633 805 1691 Justum
836 1634 1055 1704 quidem
1085 1643 1169 1691 est
1198 1643 1255 1690 ut
1282 1635 1553 1691 reﬁciatur
1580 1650 1796 1704 corpus,
1828 1634 1921 1688 sed
1951 1632 2056 1687 ini-

468 1740 632 1795 quum
662 1726 818 1782 valde
845 1734 929 1782 est
959 1735 1019 1783 ut
1043 1726 1245 1782 refecta
1268 1742 1394 1781 caro
1422 1740 1520 1797 per
1548 1725 1795 1780 ardorem
1822 1722 2058 1779 libidinis

2155 532 2451 602 perierunt,
2482 530 2597 587 ﬁeri
2627 530 2742 601 ejus
2769 530 3103 587 habitatores
3130 548 3469 605 nequaquam
3490 542 3745 605 possunt.

2155 623 2316 681 Iabes
2368 638 2496 695 ergo
2536 623 2857 693 inhabitant,
2904 624 2997 697 qui
3044 624 3466 682 attenuationem
3504 624 3749 697 corporis

2159 713 2316 787 261
2347 729 2445 785 per
2469 715 2710 785 vigorem
2730 716 2929 771 mentis
2950 715 3003 771 in
3031 715 3117 785 jus
3146 715 3343 772 habent
3367 715 3747 787 possessionis,

2158 815 2214 864 et
2231 808 2380 863 velut
2399 809 2680 865 exsiccatm
2700 809 2867 864 muris
2896 809 3223 875 ambiuntur,
3249 809 3377 865 dum
3402 824 3500 880 per
3520 809 3575 864 id
3597 805 3745 878 quod

2160 912 2357 969 corpus
2387 906 2682 954 emnnant
2710 897 2777 953 ab
2807 898 2985 969 ignitis
3004 898 3228 955 luxurie
3244 897 3438 969 jaculis
3456 912 3535 969 pr.
3560 905 3751 965 tegun-

2160 995 2265 1043 tur.
2298 985 2398 1055 Qui
2426 1003 2547 1043 cum
2569 987 2912 1045 validissimis
2940 987 3335 1058 insurgentibus
3360 986 3498 1059 gulte
3523 985 3753 1043 stimulis

2162 1078 2471 1148 fatigantur,
2501 1092 2707 1152 septem
2736 1079 2926 1137 diebus
2951 1078 3195 1137 inducias
3230 1087 3520 1151 expetunt,
3552 1077 3610 1133 in
3637 1077 3754 1147 qui-

2161 1170 2262 1226 bus
2290 1169 2335 1225 si
2364 1170 2563 1225 auxilia
2601 1169 2829 1238 desunt,
2860 1169 2925 1226 ad
2953 1169 3094 1227 Naas
3124 1171 3486 1240 egrediantur.
3514 1166 3628 1226 Sed
3652 1167 3756 1225 hoc

2164 1262 2591 1320 Ammonitarum
2633 1265 2833 1321 bellum
2882 1266 3077 1322 melius
3118 1265 3472 1337 exponimus,
3511 1264 3557 1320 si
3593 1265 3650 1320 in
3691 1277 3755 1320 eo

2161 1355 2511 1425 deprehensa:
2538 1356 2716 1413 carnis
2742 1356 3111 1414 inﬁrmitatem
3137 1356 3447 1414 intueamur
3474 1364 3530 1412 et
3549 1355 3757 1424 sagaci-

2165 1456 2327 1503 tatem
2356 1448 2577 1503 erudiue
2602 1449 2814 1504 mentis.
2842 1448 2993 1503 Hanc
3022 1463 3239 1518 quoque
3267 1448 3464 1503 clarius
3493 1448 3755 1512 videmus,

2162 1541 2206 1597 si
2235 1537 2382 1611 quod
2406 1540 2738 1597 contrarium
2766 1548 2865 1606 est,
2890 1540 2943 1595 in
2966 1540 3142 1595 stultis
3164 1539 3388 1595 inﬁrmis
3408 1539 3659 1595 subtilius
3681 1545 3758 1593 at-

2164 1634 2469 1687 tendamus.
2500 1630 2633 1686 Nam
2663 1631 2881 1702 quidam
2912 1632 3055 1687 intra
3083 1641 3325 1688 sanctam
3348 1631 3647 1687 Ecclesiam
3669 1631 3761 1688 de-

2164 1724 2277 1779 voti
2313 1739 2409 1794 per
2440 1723 2765 1779 desiderium
2792 1728 2947 1790 sunt,
2977 1720 3071 1777 sed
3094 1730 3353 1779 consueta
3383 1722 3643 1781 vitiorum
3671 1722 3761 1776 de-

468 1815 535 1870 ad
579 1817 958 1873 contumeliam
988 1818 1206 1889 spiritus
1249 1818 1533 1874 excitetur.
1564 1815 1763 1873 Foedus
1793 1826 1922 1885 ergo
1966 1832 2062 1871 ex-
2093 1821 2136 1882 Β
2164 1813 2373 1870 bilitate
2394 1814 2627 1870 remissi.
2653 1811 2886 1869 Possunt
2908 1813 3121 1883 quidem
3141 1813 3285 1870 bona
3314 1827 3645 1885 proponere,
3672 1812 3762 1868 sed

467 1909 720 1980 petimus,
742 1925 866 1966 cum
893 1910 970 1966 sic
994 1909 1176 1965 favere
1207 1910 1357 1967 carni
1386 1910 1452 1964 ad
1480 1909 1723 1965 ciborum
1755 1907 2063 1980 perceptio-

470 2014 598 2055 nem
625 1999 896 2066 volumus,
929 2009 990 2055 ut
1017 2016 1048 2055 a
1077 2015 1241 2057 carne
1270 2001 1417 2056 nulla
1448 2000 1673 2056 luxuriae
1697 2001 1837 2056 mala
1864 1999 2066 2055 sentia-

467 2102 610 2144 mus.
636 2086 745 2143 Sed
772 2088 881 2145 hoc
909 2088 1154 2160 profecto
1180 2090 1319 2147 velle
1348 2106 1653 2162 possumus,
1681 2092 1928 2147 obtinere
1957 2105 2066 2146 non

471 2189 782 2246 possumus,
801 2177 927 2248 quia
944 2178 1194 2233 nimirum
1211 2195 1311 2236 nos
1321 2179 1521 2250 justam
1539 2179 1887 2237 refectionem
1909 2178 2065 2251 quasi

468 2267 731 2324 tributum
758 2269 908 2326 carni
932 2269 1229 2342 oderimus,
1250 2274 1345 2329 sed
1375 2288 1404 2327 a
1433 2288 1596 2329 carne
1620 2272 1774 2329 nobis
1802 2272 1947 2328 nulla
1971 2286 2067 2344 pa-

469 2360 547 2417 cis
574 2359 719 2417 bona
746 2363 1149 2433 promittuntur.
1180 2364 1315 2420 Nam
1341 2381 1463 2421 cum
1495 2365 1736 2421 auditum
1763 2365 1959 2421 mentis
1998 2363 2065 2421 ad

470 2450 728 2507 vitiorum
771 2466 1034 2524 responsa
1082 2455 1220 2511 bene
1265 2455 1560 2525 dirigimus,
1595 2458 1699 2511 hoc
1726 2455 1969 2525 profecto
2008 2456 2065 2510 in

469 2540 607 2614 gnlte
620 2555 757 2599 voce
785 2545 1181 2613 cognoscimus,
1205 2547 1329 2617 quia
1359 2547 1403 2601 si
1426 2561 1644 2603 carnem
1674 2546 2067 2620 impinguemus

472 2645 575 2702 per
612 2642 1019 2691 excrescentem
1060 2638 1586 2708 concupiscentiam,
1618 2636 1795 2693 cordis
1824 2637 2068 2693 caecitate

468 2725 820 2793 percutimur.
842 2724 1023 2794 Quare
1048 2736 1104 2783 et
1132 2728 1272 2785 idem
1295 2728 1437 2785 Naas
1465 2730 1595 2787 dicit
1621 2748 1636 2784 :
1670 2729 1734 2784 In
1758 2729 1853 2785 hoc
1881 2730 2066 2802 feriam

467 2814 723 2870 nobiscum
753 2818 939 2888 (tedas,
962 2827 1019 2873 ut
1042 2835 1219 2875 mam
1240 2822 1467 2875 omnium
1496 2830 1717 2875 uestrum
1740 2822 1916 2877 oculos
1938 2820 2066 2876 dea:-

470 2914 596 2962 tros.
626 2906 827 2964 Dexter
852 2909 1041 2967 oculus
1060 2920 1247 2966 noster
1275 2920 1358 2967 est
1394 2912 1623 2968 intuitus
1660 2920 1876 2967 aeterna:
1907 2911 2066 2967 clari-

470 3000 618 3066 tatis,
649 3001 873 3057 sinister
908 3018 1041 3059 vero
1070 3007 1258 3060 oculus
1299 3015 1381 3059 est
1410 3005 1848 3075 concupiscentia
1877 3019 2066 3059 carna-

471 3089 558 3145 lis.
593 3088 794 3145 Dexter
814 3105 949 3159 ergo
977 3094 1163 3149 oculus
1193 3097 1419 3161 eruitur,
1446 3097 1666 3166 quando
1693 3112 1846 3153 mens
1868 3111 1931 3151 ea
1961 3111 2065 3151 (:33-

2166 1906 2289 1977 quia
2320 1907 2541 1977 exsequi
2572 1906 2717 1976 quod
2757 1914 3067 1978 proponunt
3114 1913 3409 1977 nequeunt,
3456 1912 3511 1961 et
3551 1920 3582 1959 a
3620 1918 3761 1976 prte-

2166 2000 2305 2055 senti
2331 1999 2767 2069 concupiscentia
2809 2004 3155 2069 superantur,
3198 2006 3256 2053 et
3299 1996 3502 2053 bonum
3535 1994 3684 2066 quod
3713 1994 3767 2051 in

2166 2090 2419 2162 prtesenti
2448 2089 2701 2146 deserunt
2741 2089 2795 2145 in
2822 2088 2999 2144 vicino
3046 2096 3293 2161 tempore
3336 2101 3397 2145 se
3438 2100 3767 2157 recuperare

2167 2197 2326 2255 posse
2366 2182 2661 2239 conﬁdunt.
2695 2179 2851 2251 Saepe
2888 2180 3103 2253 quidem
3147 2178 3395 2250 jejunare
3444 2178 3763 2249 disponunt,

2168 2276 2262 2333 sed
2291 2290 2412 2332 cum
2444 2283 2704 2331 consueta
2732 2275 2856 2346 gula
2883 2274 3190 2342 vincuntur,
3218 2286 3286 2328 eo
3314 2270 3402 2327 die
3431 2269 3763 2326 manducan-

2168 2368 2292 2426 dum
2316 2367 2583 2439 judicant,
2614 2369 2666 2424 in
2698 2368 2908 2424 futuros
2945 2365 3317 2437 jejunandum.
3354 2363 3600 2434 Cumque
3629 2362 3765 2433 gula:

2167 2457 2351 2515 feritas
2379 2474 2594 2531 semper
2623 2460 2702 2514 eis
2731 2473 2967 2529 praesens
2995 2458 3084 2523 sit,
3108 2469 3347 2528 praesens
3366 2463 3422 2511 et
3440 2453 3763 2510 desiderium

2168 2548 2361 2604 futura:
2388 2549 2671 2614 bonitatis,
2702 2548 2810 2604 hoc
2834 2547 3102 2619 serpentis
3132 2545 3316 2601 fraude
3344 2544 3544 2616 agitur,
3574 2550 3639 2599 ut
3664 2542 3766 2599 bo-

2167 2658 2295 2698 num
2345 2642 2493 2712 quod
2543 2641 2866 2713 proponitur
2916 2656 3024 2696 non
3080 2638 3403 2694 inveniatur.
3444 2635 3579 2692 Cras
3621 2635 3763 2692 enim

2168 2732 2313 2805 quod
2344 2747 2563 2803 semper
2618 2732 2951 2803 promittitur
2995 2744 3269 2801 nunquam
3320 2728 3609 2799 reperitur.
3659 2724 3763 2782 Sed

2167 2826 2291 2894 quia
2318 2825 2427 2879 hoc
2456 2825 2523 2879 ab
2552 2825 2655 2879 illis
2678 2826 2850 2893 agitur
2875 2839 3104 2894 quorum
3131 2838 3281 2878 mens
3296 2821 3488 2877 debilis
3508 2830 3613 2886 est,
3636 2834 3763 2876 caro

2166 2913 2340 2982 fortis,
2373 2916 2651 2970 videamus
2692 2916 2925 2985 qualiter
2969 2914 3213 2985 serpenti
3242 2910 3473 2968 illudant
3500 2912 3579 2967 illi
3627 2927 3764 2982 quo-

2168 3026 2285 3065 rum
2314 3025 2464 3064 mens
2492 3007 2642 3063 fortis
2664 3018 2765 3072 est,
2795 3025 2922 3064 caro
2951 3016 3129 3062 autem
3158 3004 3385 3063 inﬁrma.
3412 3004 3550 3062 Nam
3578 3004 3646 3061 de
3667 3022 3761 3061 eo-

2168 3098 2291 3154 dem
2323 3109 2574 3168 serpente
2615 3098 2896 3154 Psalmista
2946 3100 3010 3152 ad
3056 3099 3344 3153 Dominum
3389 3099 3555 3154 dicit:
3587 3096 3760 3152 Draco

469 3184 633 3240 citate
668 3188 986 3254 percutitur,
1033 3196 1091 3242 ut
1127 3189 1269 3243 ultra
1314 3190 1379 3244 ad
1410 3189 1640 3245 videnda
1670 3191 1908 3245 coelestia
1956 3205 2061 3245 non
2093 3201 2139 3264 ο
2169 3195 2285 3257 iste,
2316 3211 2461 3265 quem
2492 3192 2748 3265 formasti.
2779 3192 2848 3245 ad
2870 3191 3194 3245 illudendum
3222 3191 3267 3243 ei
3301 3188 3473 3259 (Psal.
3508 3204 3618 3254 cut,
3644 3187 3757 3258 27).

471 3275 763 3344 aperiatur.
799 3274 1020 3332 Eruitur
1065 3280 1283 3348 quidem
1326 3285 1515 3343 oculus
1558 3285 1774 3352 quando
1814 3300 1839 3332 ει
1881 3289 2063 3337 mente

388 3401 396 3409 -
469 3367 700 3438 reproba
731 3368 810 3423 sic
837 3367 1019 3424 lumen
1049 3370 1317 3437 evellitur,
1350 3381 1409 3427 ut
1447 3372 1599 3427 radix
1640 3373 1689 3427 ei
1721 3372 1865 3428 nulla
1895 3388 2064 3427 rema-

472 3467 601 3515 neat
629 3459 699 3517 de
726 3474 831 3531 qua
874 3462 1172 3518 redivivum
1212 3464 1395 3519 lumen
1443 3472 1713 3536 erumpat.
1757 3462 1896 3521 Naas
1933 3478 2063 3535 ergo

470 3548 696 3607 dextros
722 3551 909 3608 oculos
942 3552 1328 3610 lmderatorum
1376 3570 1595 3611 suorum
1635 3556 1810 3625 eruit,
1847 3556 2062 3626 quando

469 3642 594 3711 gula
630 3643 715 3698 sic
756 3642 980 3704 devictis
1020 3647 1414 3704 abstinentibus
1447 3648 1704 3719 praevalet
1732 3658 1793 3705 ut
1829 3649 2062 3705 carnalia

470 3734 585 3790 sola
612 3734 851 3806 cupiant,
878 3746 934 3791 et
964 3738 1100 3793 ultra
1127 3756 1247 3811 qua:
1275 3740 1525 3796 solebant
1552 3757 1733 3799 amare
1760 3760 1864 3799 non
1888 3754 2065 3799 atten-

473 3824 619 3881 dant.
648 3823 719 3881 Et
738 3829 863 3897 quia
891 3828 1133 3900 quisquis
1154 3832 1205 3886 in
1225 3832 1328 3887 hac
1346 3833 1455 3888 vita
1481 3833 1779 3905 projicitur,
1810 3837 1863 3891 in
1887 3836 2063 3892 futura

473 3934 659 3974 coram
713 3923 917 3993 angelis
972 3931 1027 3978 et
1070 3924 1257 3981 electis
1304 3926 1613 3983 hominibus
1653 3928 2060 3997 condemnatur,

471 4010 808 4083 subiungitur
845 4034 862 4070 :
910 4013 1209 4090 Ponamque
1244 4036 1332 4075 vos
1366 4020 1696 4091 opprobrium
1737 4024 1791 4077 in
1826 4024 2063 4079 universo

473 4099 661 4160 Israel.
687 4102 837 4162 Tunc
864 4110 1063 4181 quippe
1090 4111 1305 4180 reprobi
1333 4111 1387 4166 in
1412 4114 1661 4169 universo
1682 4111 1845 4169 Israel
1868 4130 2065 4185 oppro-

471 4195 649 4251 brium
680 4208 974 4268 ponuntur,
996 4204 1212 4271 quando
1235 4203 1289 4258 in
1318 4214 1563 4261 extremo
1584 4207 1852 4275 examine,
1881 4220 2064 4260 coram

471 4286 659 4343 electis
682 4291 932 4346 omnibus
960 4292 1028 4347 de
1056 4296 1381 4363 perpetratis
1426 4297 1795 4366 iniquitatibus
1838 4298 2062 4353 erubes—

471 4387 621 4433 cunt.
650 4377 750 4434 Vel
781 4380 835 4434 in
862 4381 1210 4452 opprobrium
1236 4386 1288 4441 in
1319 4387 1421 4442 hac
1442 4388 1551 4443 vita
1574 4397 1848 4459 ponuntur
1874 4408 1885 4443 :
1914 4391 2061 4460 quia,

472 4467 597 4523 dum
642 4468 741 4539 ipsi
768 4472 1041 4529 obcaecato
1070 4474 1233 4531 corde
1261 4478 1396 4532 mala
1427 4480 1683 4534 audacter
1708 4488 2059 4551 perpetrant,

472 4562 645 4617 sancti
691 4563 794 4618 viri
839 4581 940 4635 pro
988 4582 1173 4623 eorum
1223 4571 1396 4640 culpis
1443 4573 1788 4629 erubescunt.
1821 4572 1929 4629 Sed
1968 4576 2061 4644 qui
2088 4587 2141 4647 D

474 4660 660 4723 turpes
688 4654 881 4721 videri,
910 4658 1111 4714 avulsis
1134 4659 1335 4717 dextris
1363 4662 1553 4734 oculis,
1579 4664 1951 4736 dedignantur,
1979 4672 2062 4721 at-

472 4743 696 4800 tendant
719 4746 865 4817 quod
892 4748 1134 4817 sequitur
1161 4771 1171 4804 :

545 4859 722 4928 (Vers.
745 4860 918 4925 5.)Et
944 4864 1187 4921 dixerunt
1234 4868 1303 4922 ad
1342 4886 1458 4923 eum
1504 4869 1816 4926 habitatores
1865 4870 2060 4931 Iabes:

474 4948 705 5009 Concede
721 4956 869 5011 nobis
888 4968 1083 5029 septem
1104 4960 1239 5027 dies,
1264 4970 1320 5015 ut
1351 4965 1612 5018 mittamus
1633 4967 1842 5020 nuntios
1866 4966 1936 5020 ad
1955 4975 2061 5023 ter-

473 5045 642 5102 minos
665 5046 865 5117 Israel;
897 5061 947 5105 et
975 5054 1022 5108 si
1049 5069 1155 5108 non
1181 5055 1338 5125 fuerit
1365 5056 1454 5130 qui
1478 5056 1723 5130 defendat
1751 5077 1846 5117 nos
1864 5103 1880 5129 ,
1911 5078 2057 5135 egre-

474 5136 765 5197 diemurad
791 5152 857 5199 te.

544 5231 596 5287 4.
622 5234 722 5301 Qui
742 5246 870 5293 sunt
892 5239 1224 5297 habitatores
1243 5238 1422 5304 labes,
1447 5242 1501 5298 id
1522 5252 1604 5300 est
1632 5248 1933 5319 exsiccatae,
1959 5249 2062 5307 nisi

475 5325 564 5391 qui
590 5330 998 5398 castigationem
1026 5342 1333 5391 extenuatae
1359 5338 1538 5395 carnis
1576 5340 1626 5393 in
1658 5341 1817 5411 longo
1862 5344 2064 5401 habent

476 5429 577 5511 usu
607 5420 846 5479 virtutis?
874 5424 1008 5482 Nam
1036 5427 1283 5500 plerique
1312 5432 1568 5488 rrsistere
1594 5435 1730 5502 gulae
1760 5437 2023 5508 incipiunt
2042 5482 2060 5511 ,

474 5510 573 5566 sed
622 5512 749 5569 dum
795 5516 1007 5588 fatigari
1055 5522 1397 5581 abstinentiae
1442 5525 1630 5582 labore
1674 5527 1947 5596 inchoant,
1996 5510 2064 5588 ad

476 5618 631 5658 usum
671 5622 731 5662 se
773 5622 1044 5670 consueta
1080 5616 1384 5682 gulositatis
1422 5619 1702 5675 inclinant.
1731 5620 1893 5677 Velut
1916 5623 2061 5681 enim

476 5696 664 5753 urbem
698 5696 863 5757 Jabes
896 5703 1108 5776 ingredi
1143 5717 1201 5765 et
1238 5709 1382 5769 ellici
1419 5712 1538 5783 ejus
1577 5714 1725 5773 cives
1759 5724 2060 5789 appetunt,

549 5837 575 5867 ⁸
602 5825 767 5889 Gilot.
799 5840 1039 5907 temptas.

2167 3286 2449 3355 Nunquam
2506 3284 2649 3337 enim
2703 3284 3112 3337 convenientius
3149 3281 3380 3335 vincitur
3423 3294 3589 3350 quam
3643 3296 3759 3335 cum

2166 3374 2282 3445 ejus
2304 3374 2537 3429 versutia
2563 3374 2650 3443 pia
2676 3372 2866 3427 iraude
2894 3382 3195 3442 superatur.
3228 3370 3379 3427 Unde
3404 3380 3459 3425 et
3486 3371 3763 3441 sapientiae

2166 3484 2277 3523 suae
2304 3468 2554 3523 astutiam
2581 3470 2738 3522 beato
2765 3464 2865 3521 Job
2892 3466 3226 3537 Redemptor
3246 3467 3646 3537 improperans,
3670 3466 3762 3519 ait:

2168 3557 2235 3614 In
2259 3559 2441 3625 oculis,
2464 3561 2609 3631 quasi
2630 3559 2804 3620 hamo,
2833 3560 3006 3629 capies
3036 3575 3151 3612 eum
3174 3557 3295 3626 (Job
3312 3557 3610 3627 x1.,!(l).ln
3634 3574 3762 3613 ocu-

2168 3652 2233 3707 lis
2260 3654 2477 3723 quippe,
2507 3652 2659 3720 ομιθεί
2682 3651 2847 3705 hamo
2870 3660 3174 3720 serpentem
3197 3652 3341 3720 cepit
3361 3652 3450 3721 qui
3472 3652 3523 3707 ei
3547 3666 3761 3706 carnem

2166 3744 2428 3809 exhibuit,
2461 3743 2791 3797 divinitatem
2822 3740 3036 3808 celavit;
3083 3750 3137 3797 et
3165 3743 3291 3796 dum
3319 3743 3462 3813 cepit
3498 3742 3590 3797 ille
3620 3740 3759 3811 quod

2167 3836 2433 3906 appetiit,
2481 3849 2548 3891 eo
2576 3844 2600 3871 ⁸
2631 3841 2833 3901 tentus,
2882 3842 2936 3889 et
2964 3842 3271 3906 peremptus
3313 3844 3420 3901 est,
3473 3836 3619 3905 quod
3654 3850 3755 3888 non

2168 3927 2320 3982 vidit.

2238 4053 2290 4108 5.
2319 4053 2502 4110 Sancti
2528 4068 2659 4123 ergo
2685 4052 2807 4119 viri,
2836 4058 2896 4106 ιιι
2920 4051 3059 4107 hosti
3088 4052 3329 4117 illudant,
3356 4052 3591 4121 rigorem
3618 4069 3746 4107 con-

2166 4146 2485 4202 versationis
2512 4147 2563 4201 in
2594 4146 2843 4216 praesenti
2876 4144 3074 4200 virtute
3097 4145 3324 4207 habent;
3379 4160 3477 4213 pro
3511 4145 3755 4197 illusiouc

2167 4238 2493 4295 inﬁrmitatis
2520 4239 2668 4293 carni
2691 4237 3035 4293 commodum
3057 4236 3326 4307 quoddam
3349 4236 3402 4291 in
3425 4238 3606 4291 luturo
3632 4254 3760 4307 pro-

2166 4331 2405 4386 mittunt.
2435 4329 2570 4384 Nam
2596 4344 2739 4400 saepe
2765 4329 3002 4398 ingentia
3046 4336 3206 4396 sunt,
3255 4343 3376 4398 qua:
3422 4338 3619 4397 agunt,
3670 4328 3762 4382 sed

2166 4439 2265 4493 pro
2298 4421 2611 4477 inﬁrmitate
2641 4421 2819 4476 carnis
2866 4432 3080 4489 semper
3108 4433 3269 4489 agere
3298 4418 3452 4487 dura,
3484 4428 3541 4473 et
3570 4434 3760 4489 aSpera

2166 4514 2488 4584 promittere
2525 4527 2637 4567 non
2675 4516 3027 4581 praesumunt.
3076 4509 3250 4565 Tanto
3296 4508 3511 4579 quidem
3552 4510 3759 4571 lucilius

2166 4606 2355 4663 eadem
2407 4605 2542 4661 dura
2589 4604 2885 4669 sustinent,
2933 4610 3139 4672 quanto
3201 4616 3390 4657 eorum
3440 4617 3610 4656 onera
3660 4602 3762 4657 sibi

2164 4700 2346 4757 inesse
2373 4698 2427 4753 in
2456 4705 2716 4770 perpetua
2743 4695 3100 4766 promissione
3125 4710 3234 4750 non
3261 4693 3467 4749 vident.
3495 4692 3606 4748 Sed
3636 4694 3762 4748 dum

2165 4792 2371 4864 optime
2397 4790 2606 4859 vivunt,
2637 4796 2693 4845 et
2715 4787 2957 4858 quotidie
2985 4786 3253 4858 proﬁcere
3279 4794 3335 4842 et
3382 4801 3492 4841 non
3533 4786 3765 4841 deiicere

2165 4892 2448 4951 conantur,
2481 4882 2613 4937 illud
2642 4880 2821 4937 carnis
2849 4879 3055 4934 licitum
3077 4878 3529 4945 blandimentum,
3558 4878 3627 4933 de
3659 4894 3762 4947 quo

2164 4975 2454 5046 desperare
2481 4988 2589 5028 non
2619 4977 2863 5042 possunt,
2895 4983 3111 5040 semper
3138 4969 3288 5023 carni
3318 4969 3369 5023 in
3401 4966 3578 5022 futura
3616 4969 3760 5022 msti-

2164 5068 2401 5124 matione
2424 5068 2776 5136 promittunt;
2808 5060 2904 5117 sed
2932 5062 2982 5116 ei
3016 5068 3205 5130 empta:
3251 5056 3562 5115 alliietionis
3610 5059 3761 5114 dolo-

2163 5176 2279 5217 rem
2305 5159 2547 5229 inﬂigere
2570 5169 2909 5227 nequaquam
2934 5153 3206 5209 desinunt.
3235 5149 3336 5207 Per
3357 5152 3410 5207 id
3438 5166 3591 5221 ergo,
3617 5149 3759 5223 quod

2164 5252 2221 5309 in
2249 5252 2492 5323 appetitu
2518 5266 2618 5309 suo
2652 5264 2779 5321 spes
2800 5247 2951 5304 carni
2990 5245 3341 5314 relinquitur,
3374 5245 3529 5315 quasi
3576 5246 3644 5299 ad
3676 5244 3755 5298 fu-

2166 5353 2343 5401 turum
2371 5344 2574 5400 bonum
2599 5341 2837 5411 ejusdem
2867 5339 3067 5402 carnis,
3113 5336 3195 5391 sui
3234 5336 3493 5391 adventus
3526 5352 3756 5406 ιιι-αξξου-

2166 5436 2297 5494 tiam
2326 5436 2545 5507 sp'u'itus
2570 5433 2871 5505 pollicetur.
2894 5429 3001 5486 Sed
3019 5428 3144 5501 quia
3169 5427 3385 5483 solitum
3410 5427 3754 5482 continentise

2165 5530 2402 5601 rigorem
2428 5525 2729 5584 deiiciendo
2777 5539 2889 5581 non
2914 5522 3134 5588 deserit,
3160 5520 3480 5590 promissum
3510 5519 3752 5589 voluptav

2166 5622 2237 5678 tis
2262 5635 2393 5677 caro
2420 5619 2584 5674 habet
2604 5616 2660 5673 in
2686 5616 2886 5679 futuro,
2908 5622 2965 5669 et
2983 5612 3156 5668 electa
3177 5626 3329 5667 mens
3354 5610 3567 5677 virtutis
3590 5609 3752 5663 robur

2168 5718 2223 5777 in
2249 5718 2520 5791 praesenti.
2549 5716 2668 5784 Quo
2689 5714 2746 5772 in
2773 5713 2896 5772 loco
2921 5711 3214 5770 notandum
3240 5717 3343 5779 est,
3371 5709 3499 5780 quia
3519 5708 3588 5766 ad
3614 5706 3749 5763 Naas
