4020 6344
538 405 646 468 319

1767 403 2009 466 SANCTI
2046 401 2373 462 GREGORII
2413 405 2624 464 MAGNl

3734 414 3827 470 520

539 542 679 584 unus
707 524 888 597 plures
912 537 1021 580 non
1052 531 1279 593 possunt
1314 521 1526 593 egredi,
1561 520 1663 579 nisi
1709 523 1802 593 qui
1849 523 1917 578 ad
1957 536 2142 593 parem
2168 523 2226 581 Δ
2247 523 2392 580 illius
2417 523 2645 581 consilio
2670 521 2868 580 dicitur
2900 540 2912 578 :
2941 522 3005 580 Si
3023 524 3236 594 spiritus
3271 532 3576 597 potestatem
3598 528 3825 585 habeam

542 618 912 675 conscendunt
955 615 1219 671 unitatem
1265 615 1594 670 dilectionis.
1639 614 1776 671 Hinc
1828 629 2061 684 namque
2084 622 2142 670 et

543 713 611 770 de
668 713 922 784 perfectis
978 710 1252 782 discipulis
1296 709 1675 780 Redemptoris
1731 710 1924 764 dicitur
1959 728 1970 762 :
2007 708 2138 764 Erat

537 813 644 866 illis
674 828 762 866 cor
801 826 992 878 unum,
1030 817 1080 863 et
1110 808 1288 862 anima
1326 823 1430 862 una
1453 806 1601 878 (Act.
1646 821 1728 872 tv,
1773 803 1906 876 52).
1946 803 2140 874 Sequi-

544 912 634 958 tur
658 921 671 956 :

617 1019 795 1090 (Vers.
830 1019 907 1087 8.)
954 1016 1024 1072 Et
1048 1017 1306 1072 recensuit
1334 1033 1420 1071 eos
1455 1016 1511 1070 in
1555 1013 1781 1079 Bezech;
1833 1015 2138 1086 fueruntque

539 1110 769 1181 ﬁliorum
811 1107 983 1163 Israel
1033 1115 1257 1163 trecenta
1300 1107 1494 1172 millia,
1519 1106 1747 1161 virorum
1793 1113 1964 1159 autem
1994 1103 2139 1158 Iuda

543 1203 760 1271 triginta
783 1200 970 1254 millia.

612 1289 666 1346 9.
696 1290 852 1346 Prius
871 1290 1118 1345 dicuntur
1146 1288 1239 1343 lilii
1279 1287 1444 1343 Israel
1471 1287 1693 1356 egressi,
1724 1285 1924 1343 deinde
1951 1301 1982 1341 a
2008 1285 2138 1342 Saul

541 1383 813 1449 recensiti,
839 1383 965 1450 quia
989 1381 1192 1436 electus
1213 1380 1556 1450 prasdicator,
1591 1396 1712 1435 cum
1743 1389 1931 1435 cont-ra
1953 1379 2139 1436 occul-

543 1482 628 1529 tos
659 1477 840 1528 hostes
867 1487 1084 1526 movere
1106 1469 1475 1538 subjectorum
1500 1486 1717 1525 suorum
1749 1471 1996 1526 militiam
2021 1481 2138 1526 ten-

541 1573 640 1632 tat,
666 1565 815 1634 prius
840 1579 1028 1620 eorum
1054 1563 1194 1618 forte
1224 1563 1562 1633 pr0positum
1587 1563 1797 1635 aSpicit,
1824 1563 2019 1620 deinde
2041 1579 2136 1620 eos

538 1657 593 1711 in
624 1672 848 1710 numero
869 1655 1192 1710 bellatorum
1217 1654 1390 1724 ponit.
1417 1654 1578 1720 Quasi
1603 1655 1744 1708 enim
1769 1655 1910 1710 intus
1927 1672 2132 1721 sumus,

537 1755 594 1802 et
622 1746 895 1802 recenseri
939 1761 1046 1799 non
1084 1758 1405 1814 possumus,
1458 1745 1696 1814 quandiu
1729 1745 1898 1800 virtus
1939 1754 2136 1800 nostra:

540 1843 735 1898 mentis
761 1842 957 1898 nostris
987 1840 1296 1910 pastoribus
1325 1841 1643 1895 occultatur.
1676 1839 1740 1893 Et
1768 1857 1889 1896 cum
1918 1843 2132 1911 egredi—

2241 617 2530 671 ascenderit
2581 633 2734 687 super
2776 625 2853 683 te,
2911 617 3079 672 locum
3133 626 3275 672 tuum
3322 620 3421 675 cito
3473 637 3577 674 non
3626 621 3827 676 deseras

2243 708 2437 781 (Eccle.
2471 726 2527 775 κ,
2556 708 2634 780 4).
2689 707 2864 765 Locus
2906 709 3330 780 uniuscujusque
3367 710 3525 766 electi
3571 719 3655 766 est
3702 713 3826 767 situs

2239 801 2396 856 bona:
2441 801 2888 858 conversationis.
2959 800 3184 868 Quando
3241 813 3418 858 autem
3473 804 3821 873 permittitur,

2237 894 2559 966 impugnans
2602 896 2820 966 spiritus
2849 905 3173 967 potestatem
3214 896 3416 953 habere
3446 907 3658 968 potest,
3708 899 3826 967 quia

2240 984 2556 1056 impugnare
2582 987 2879 1044 electorum
2909 989 3073 1044 corda
3115 988 3422 1045 nullatenus
3461 1000 3676 1060 posset,
3730 992 3827 1047 nisi

2240 1078 2345 1134 hoc
2367 1080 2696 1150 dispensatio
2726 1081 2906 1137 divina
2927 1083 3282 1152 permitteret.
3310 1082 3561 1154 Praecipit
3587 1099 3741 1154 ergo,
3772 1093 3827 1140 ut

2242 1171 2420 1228 locum
2445 1182 2687 1230 nostrum
2717 1191 2824 1230 non
2860 1175 3200 1244 deseramus,
3232 1177 3357 1247 quia
3397 1179 3443 1234 si
3478 1178 3620 1234 inter
3668 1186 3812 1234 tenta

2240 1264 2448 1319 tionum
2497 1265 2688 1322 breves
2736 1267 2988 1323 tenebras
3031 1266 3197 1324 fortes
3242 1285 3456 1334 sumus,
3493 1269 3602 1324 cito
3652 1269 3828 1324 divina

2240 1353 2331 1409 lux
2361 1355 2562 1420 aderit,
2592 1356 2647 1410 in
2675 1356 2828 1426 cujus
2850 1357 3085 1412 adventu
3129 1359 3475 1415 tenebrarum
3506 1360 3680 1416 virtus
3710 1376 3829 1416 eva-

2239 1448 2431 1501 nescit.
2464 1447 2610 1503 Bene
2636 1463 2766 1518 ergo
2795 1449 2988 1505 dicitur
3021 1467 3033 1504 :
3068 1449 3196 1505 Cras
3225 1453 3388 1518 enim,
3421 1469 3536 1508 cum
3561 1454 3828 1508 incaluerit

2239 1542 2338 1608 sol,
2371 1543 2468 1596 erit
2487 1541 2624 1597 vobis
2652 1544 2814 1599 salus.
2843 1543 3164 1601 Sanctorum
3194 1546 3613 1616 prazdicatorum
3638 1549 3830 1604 exhor-

2241 1634 2374 1688 tatio
2399 1633 2513 1690 dies
2538 1642 2640 1701 est,
2672 1635 2796 1706 quia
2826 1637 2951 1690 dum
2983 1645 3188 1691 tentata
3220 1639 3490 1693 minorum
3518 1639 3685 1696 corda
3715 1649 3826 1695 tan-

2240 1725 2337 1794 git,
2365 1724 2431 1779 ad
2461 1740 2615 1795 spem
2642 1727 2883 1782 victoria:
2912 1728 3089 1797 erigit.
3115 1728 3222 1784 Sed
3244 1728 3385 1784 hanc
3405 1745 3513 1784 nox
3560 1730 3821 1800 sequitur,

2240 1816 2365 1885 quia
2394 1818 2494 1872 etsi
2552 1818 2729 1874 divina
2782 1821 2979 1875 auxilia
3026 1829 3373 1892 separantur,
3425 1821 3604 1877 adhuc
3656 1831 3827 1878 tamen

539 1949 662 1989 mur
692 1949 1069 1999 recensemur,
1101 1932 1228 2001 quia
1252 1947 1372 1986 cum
1413 1932 1674 1987 mentium
1705 1941 2008 1988 nostrarum
2054 1935 2132 1990 eis
2161 1895 2210 1957 Β
2240 1907 2506 1965 irruentes
2534 1911 2918 1967 ἀθείάθτίθτυίη
2941 1914 3236 1969 carnalium
3261 1916 3494 1970 tenebm
3521 1930 3632 1970 "0"
3660 1915 3826 1971 disce‘

535 2024 909 2080 fortitudinem
961 2023 1276 2092 pandimus,
1322 2039 1420 2080 nos
1463 2023 1574 2094 jam
1620 2025 1821 2081 habere
1855 2026 2035 2082 socios
2078 2027 2134 2082 in

537 2116 803 2187 spirituali
830 2132 1006 2187 pugna
1035 2116 1329 2171 confidunt.
1371 2117 1476 2171 Sed
1504 2133 1628 2173 cum
1657 2117 1898 2175 infirmas
1926 2126 2136 2175 mentes

539 2207 606 2262 ad
650 2207 984 2277 propositum
1031 2207 1158 2262 boni
1208 2207 1388 2276 operis
1428 2208 1635 2276 erigere
1685 2216 1973 2277 appetunt,
2023 2225 2134 2266 nou

537 2298 714 2356 solum
743 2297 1008 2367 majorqu
1037 2298 1300 2354 doctrinis
1336 2313 1434 2352 nos
1473 2299 1686 2354 erudire
1715 2309 1978 2355 conantur
1996 2342 2010 2368 ,
2037 2299 2132 2356 sed

536 2387 702 2442 etiam
730 2389 1000 2443 minorum
1028 2388 1324 2444 electorum
1352 2389 1615 2458 exemplis
1644 2389 1960 2444 accendere.
1987 2389 2133 2446 Bene

539 2493 668 2548 ergo
692 2479 922 2534 filiorum
968 2479 1132 2534 Israel
1181 2487 1424 2535 trecenta
1465 2480 1661 2549 millia,
1687 2481 1922 2535 virorum
1949 2491 2130 2536 autem

536 2567 676 2624 Juda
724 2570 942 2640 triginta
979 2570 1176 2639 millia,
1233 2571 1498 2627 recensita
1543 2571 1707 2627 fuisse
1757 2573 2125 2642 perhibentur.

536 2660 881 2719 Tricenarius
927 2663 1127 2734 quippe
1178 2678 1435 2718 numerus
1476 2663 1544 2717 ad
1581 2664 1957 2719 rectitudinem
2009 2663 2130 2720 fidei

537 2760 593 2808 et
613 2755 846 2809 studium
868 2755 1104 2825 pertinet
1122 2755 1278 2810 bona:
1299 2755 1629 2824 operationis
1656 2773 1668 2807 :
1693 2755 1816 2825 quia
1840 2755 1983 2809 nulla
2007 2763 2131 2810 sunt

534 2855 804 2916 prtecepta
851 2845 1004 2916 legis,
1044 2847 1090 2901 si
1117 2846 1183 2902 ad
1209 2845 1723 2917 contemplationem
1753 2862 1862 2901 non
1899 2845 2130 2903 tendunt

533 2954 756 2994 summa:
787 2937 1084 2992 Trinitatis.
1109 2937 1248 3008 Apte
1268 2953 1398 3006 ergo
1424 2937 1523 2992 viri
1563 2935 1701 2992 Juda
1727 2937 2008 3004 dicuntur,
2035 2937 2128 3007 qui

533 3030 755 3097 triginta
804 3032 1039 3085 millibus
1095 3033 1475 3098 continentur,
1530 3030 1656 3100 quia
1731 3031 2128 3086 confessionem

537 3123 704 3195 264.
731 3123 931 3178 habent
961 3131 1120 3178 recta:
1149 3121 1293 3191 fidei,
1322 3132 1377 3178 et
1405 3124 1571 3177 robur
1597 3123 1754 3178 bona:
1775 3122 2125 3193 operationis.

535 3215 726 3270 Patres
755 3224 934 3270 autem
985 3216 1156 3270 nostri
1186 3215 1424 3284 ejusdem
1456 3215 1580 3271 fidei
1607 3224 1772 3286 atque
1796 3217 2126 3289 operationis

2237 2002 2390 2057 dunt.
2419 2003 2548 2069 Quis
2575 2012 2658 2059 est
2685 2020 2813 2074 ergo
2842 2006 2958 2061 dies
2983 2007 3250 2062 crastinus
3289 2007 3391 2061 nisi
3421 2007 3622 2062 divinxe
3647 2008 3826 2062 visita-

2237 2092 2398 2148 tionis
2427 2094 2721 2151 adventus?
2763 2095 3045 2151 Crastinus
3094 2097 3235 2151 enim
3269 2097 3382 2152 dies
3421 2097 3661 2163 dicitur,
3710 2098 3825 2166 quia

2235 2185 2456 2241 tentatis
2472 2187 2657 2242 electis
2669 2187 2831 2242 divini
2854 2188 3036 2242 auxilii
3061 2188 3315 2257 splendor
3328 2187 3486 2242 valde
3503 2188 3605 2243 vici
3617 2205 3717 2243 nus
3733 2197 3823 2244 est.

2237 2273 2391 2332 Unde
2413 2284 2468 2332 et
2490 2294 2585 2348 per
2604 2279 2922 2348 prophetam
2948 2279 3203 2334 Dominus
3221 2279 3377 2334 dicit:
3401 2278 3512 2350 Ego
3529 2278 3672 2333 Deus
3686 2283 3748 2333 de
3759 2281 3825 2334 ri-

2235 2371 2368 2436 cino,
2392 2380 2440 2424 et
2460 2388 2562 2426 non
2577 2371 2716 2426 Deus
2739 2372 2800 2426 de
2823 2372 2975 2443 longe
2993 2372 3207 2443 (Jerem.
3234 2389 3385 2438 xxut,
3402 2372 3514 2443 9.3).
3542 2370 3830 2427 llincPsaL

2233 2463 2392 2518 mista
2419 2463 2549 2519 dicit
2581 2482 2595 2518 ε
2628 2464 2802 2536 Prope
2829 2475 2905 2520 est
2935 2465 3187 2520 Dominus
3209 2465 3442 2520 omnibus
3475 2466 3827 2519 invocantibus

2233 2572 2345 2610 eum
2363 2558 2416 2610 in
2441 2558 2651 2612 veritate
2674 2557 2846 2629 (Psal.
2872 2574 3049 2623 cxuv,
3066 2559 3175 2629 l8).
3202 2557 3336 2613 Hinc
3364 2559 3488 2613 item
3515 2559 3632 2629 ipse
3657 2559 3828 2613 Domi-

2233 2662 2334 2702 nus
2360 2647 2702 2718 repromittit,
2746 2649 2930 2705 dicens
2962 2667 2975 2703 :
3002 2650 3288 2720 Antequam
3328 2667 3408 2703 me
3436 2651 3687 2704 int'ocetis
3708 2691 3723 2715 ,
3753 2651 3826 2703 di-

2231 2754 2347 2792 cam
2391 2756 2406 2792 :
2438 2738 2603 2809 Ecce,
2628 2741 2812 2798 adsum
2843 2741 2978 2813 (Isa.
3011 2758 3158 2808 LVI",
3186 2741 3262 2810 9).
3290 2741 3411 2797 Dies
3441 2758 3572 2813 ergo
3605 2744 3822 2814 primus,

2231 2828 2323 2884 lux
2356 2831 2787 2902 praedicationis,
2835 2834 3102 2890 crastinus
3130 2833 3322 2888 divina:
3367 2835 3553 2902 gratia:
3593 2842 3694 2890 est.
3729 2833 3825 2889 Sed

2233 2925 2529 2980 notandum
2555 2927 2681 2997 quia
2713 2926 2893 2983 dixit:
2945 2926 3071 2981 Cum
3121 2927 3393 2982 incaluerit
3443 2927 3558 2990 sol;
3605 2936 3666 2980 ut
3724 2925 3822 2981 diei

2231 3017 2447 3074 claritas
2476 3019 2862 3076 obscuritatem
2887 3036 3077 3076 sensus
3102 3020 3394 3087 illuminet,
3433 3029 3489 3076 et
3518 3020 3674 3076 calor
3703 3019 3823 3076 solis

2232 3113 2493 3167 accendat
2509 3128 2752 3169 amorem
2771 3113 2976 3181 cordis;
3003 3121 3062 3168 ut
3079 3128 3231 3170 mens
3253 3113 3453 3169 bonum
3477 3112 3627 3182 quod
3653 3113 3823 3182 cupiat

2233 3217 2330 3273 per
2357 3193 2531 3260 lucdlu
2552 3206 2763 3276 videat,
2791 3214 2847 3262 et
2877 3206 3021 3276 quod
3053 3207 3202 3264 videt
3231 3223 3328 3278 per
3351 3207 3591 3263 calorem
3636 3207 3822 3262 mentis

531 3305 712 3375 luere,
745 3306 840 3362 sed
883 3307 936 3361 in
976 3307 1433 3378 contemplatiOue
1461 3273 1782 3376 divinitatis,
1818 3273 1927 3379 .1...
1972 3310 2135 3380 longe
2163 3273 2212 3340 ο
2240 3298 2601 3368 concupiscat
2636 3299 2920 3355 Geminum
2945 3299 3144 3372 quippe
3171 3301 3276 3358 hoc
3303 3302 3500 3356 mentis
3530 3300 3821 3358 remedium

532 3397 693 3453 altius
715 3414 875 3470 quam
903 3415 1002 3454 nos
1025 3399 1474 3470 profecerant,eo
1497 3408 1550 3453 et
1574 3416 1739 3469 opera
1764 3399 1885 3455 fidei
1905 3399 2131 3456 fortiora

530 3491 878 3548 exhibebant.
910 3493 1087 3560 Quare
1109 3495 1272 3548 etiam
1303 3494 1532 3549 filiorum
1549 3493 1712 3549 lsrael
1740 3503 1979 3550 trecenta
2002 3495 2126 3550 mil-

528 3581 601 3636 lia
629 3593 997 3638 recensentur.
1041 3585 1280 3654 Triginta
1325 3586 1539 3657 quidem
1569 3602 1598 3640 a
1630 3587 1826 3650 tribus,
1859 3595 1914 3640 et
1940 3587 2129 3642 decem

529 3672 586 3726 in
617 3673 831 3742 triginta
863 3677 1116 3742 veniunt,
1161 3677 1255 3730 sed
1302 3677 1354 3730 iu
1405 3677 1694 3731 tricenario
1739 3694 1965 3734 numero
2017 3687 2129 3733 tam

530 3763 804 3830 denarius,
837 3781 998 3834 quam
1031 3767 1299 3821 ternarias
1324 3768 1554 3837 simplex
1587 3777 1696 3832 est;
1723 3769 1819 3823 sed
1861 3782 1918 3826 ut
1959 3785 2131 3840 usque

530 3857 599 3910 ad
622 3865 897 3913 trecentos
926 3874 1272 3914 numeremus
1291 3902 1303 3924 ,
1335 3866 1389 3914 et
1417 3859 1695 3914 denarium
1728 3861 2000 3928 tricesies,
2032 3862 2130 3917 tri-

531 3951 810 4004 cenarium
855 3949 1034 4006 decies
1087 3951 1534 4021 multiplicamus,
1584 3952 1708 4021 quia
1746 3962 1800 4007 et
1844 3953 1888 4008 si
1935 3968 2127 4025 magna

529 4048 614 4095 est
635 4041 1042 4111 contemplatio,
1075 4057 1265 4110 magna
1292 4051 1418 4097 sunt
1449 4059 1611 4114 opera
1649 4045 1904 4115 subjecta:
1932 4048 2124 4118 plebis,

532 4128 628 4184 illa
663 4139 842 4186 tamen
873 4148 992 4201 quae
1023 4144 1412 4203 przccesserunt
1442 4134 1493 4188 in
1533 4135 1775 4205 patribus
1801 4138 1999 4194 nostris
2045 4139 2126 4194 in-

528 4224 910 4291 comparabilia
953 4224 1186 4278 fuerunt.
1235 4224 1396 4279 Velut
1441 4226 1583 4280 enim
1634 4228 1884 4285 denarius
1935 4240 2127 4288 noster

530 4329 787 4370 numerus
816 4315 993 4370 decies
1035 4318 1084 4371 in
1135 4317 1346 4372 illorum
1397 4319 1728 4389 perfectione
1771 4323 2123 4394 glomeratur,

530 4405 655 4460 dum
699 4422 885 4461 eorum
917 4409 1232 4478 perfecﬁoni
1264 4412 1418 4467 valde
1472 4426 1653 4470 nostra
1711 4417 2120 4476 submittuntur.

529 4494 769 4564 Triginta
803 4514 930 4568 ergo
959 4501 1121 4555 millia
1165 4503 1398 4557 virorum
1429 4504 1561 4560 Juda
1584 4549 1598 4574 ,
1624 4516 1677 4562 et
1707 4517 1948 4566 trecenta
1982 4512 2122 4568 filio-

526 4603 645 4641 rum
671 4589 830 4644 lsravl
864 4593 1137 4647 nobiscum
1182 4596 1479 4661 recensita,
1511 4598 1577 4652 ad
1609 4603 1950 4669 pugnandum
1983 4620 2117 4660 con-

2237 3399 2427 3446 contra
2449 3392 2667 3463 duplum
2698 3392 2894 3448 diaboli
2923 3392 3123 3448 bellum
3169 3393 3476 3448 exhibetur.
3510 3393 3649 3448 Nam
3674 3393 3820 3448 mali-

2234 3496 2370 3553 gnus
2393 3484 2610 3554 spiritus
2626 3526 2639 3550 ,
2667 3493 2726 3538 ut
2753 3493 2962 3540 mentes
2987 3484 3287 3541 electorum
3311 3485 3568 3540 tentando
3591 3494 3817 3556 superet,

2235 3577 2384 3647 prius
2415 3578 2663 3634 tenebras
2691 3579 3076 3648 cogitationum
3100 3580 3363 3635 malarum
3391 3579 3601 3647 objicit,
3633 3578 3816 3634 deinde

2235 3670 2792 3738 concupiscentiarum
2822 3669 3065 3726 flammas
3094 3671 3368 3739 accendit,
3403 3673 3528 3742 quia
3554 3672 3661 3728 nisi
3686 3672 3818 3740 prius

2234 3769 2470 3816 mentem
2519 3763 2832 3828 caacaverit,
2878 3762 2945 3816 ad
2998 3763 3320 3832 pravitatem
3370 3763 3816 3832 concupiscentia:

2234 3868 2342 3908 non
2375 3854 2619 3923 impellit.
2670 3853 2853 3910 Electa
2903 3871 3031 3910 vero
3064 3856 3228 3927 265
3255 3871 3408 3910 meus
3451 3854 3582 3908 dum
3635 3853 3818 3908 tentari

2235 3944 2588 4014 permittitur,
2622 3944 2740 4013 ejus
2785 3952 2958 4002 status
3005 3945 3059 4000 in
3102 3953 3332 4013 utroque
3381 3944 3660 4009 turbatur,
3704 3942 3816 4012 quia

2234 4033 2286 4088 in
2313 4043 2516 4089 tantum
2538 4035 3094 4106 concupiscentiarum
3111 4036 3385 4091 molestias
3405 4035 3611 4091 sentire
3626 4042 3814 4104 potest,

2233 4125 2286 4179 in
2313 4133 2592 4194 quantum,
2622 4125 2969 4196 permittente
2997 4125 3127 4190 Deo,
3156 4125 3545 4194 cogitationum
3572 4125 3812 4179 tenebras

2231 4217 2464 4287 abjicere
2493 4234 2524 4273 a
2553 4234 2612 4274 se
2661 4235 2770 4274 non
2813 4227 3010 4290 potest.
3065 4217 3172 4274 Sed
3211 4219 3336 4288 quia
3387 4233 3418 4271 a
3467 4217 3582 4272 Deo
3633 4216 3814 4272 tentari

2228 4310 2659 4381 permittitur,’in
2689 4311 2926 4366 adventu
2949 4309 3064 4380 ejus
3085 4311 3292 4380 gratiae,
3322 4310 3389 4364 ab
3416 4317 3653 4378 utroque
3683 4309 3816 4362 malo

2227 4402 2499 4458 relevatur
2530 4421 2542 4455 :
2573 4402 2697 4457 dum
2739 4413 2926 4459 contra
2977 4403 3227 4458 tenebras
3274 4403 3450 4457 lucem
3511 4403 3814 4473 accipit,et

2227 4511 2324 4567 per
2351 4497 2586 4552 calorem
2615 4498 2955 4554 advenientis
2982 4499 3230 4568 Spiritus,
3266 4499 3446 4568 abjicit
3475 4499 3645 4568 frigus
3673 4514 3812 4553 tuen-

2227 4587 2312 4641 tis.
2344 4586 2536 4657 incipit
2564 4589 2705 4643 enim
2737 4590 2921 4644 videre
2951 4591 3192 4646 coelestia
3221 4591 3312 4660 qui
3351 4591 3534 4646 levare
3583 4601 3811 4646 mentem

525 4689 606 4734 tra
647 4680 786 4736 Naas
818 4687 1196 4753 pnetlicatorcs
1225 4689 1458 4757 ducunt;
1488 4692 1532 4745 si
1563 4665 1970 4763 cumvadjuvare
1998 4706 2116 4754 ten-
2147 4665 2201 4727 Β
2226 4694 2256 4734 ³
2283 4680 2586 4736 carnalibus
2628 4698 2735 4736 ηοη
2787 4682 3028 4749 valebat:
3068 4694 3124 4737 ει
3169 4697 3292 4751 fl":c
3337 4693 3584 4737 amante"
3630 4682 3815 4752 aSPiCit

526 4782 668 4829 latos
710 4777 1039 4834 abstinentes
1065 4781 1312 4835 subditos
1342 4783 1563 4849 volunt,
1615 4792 1668 4838 et
1699 4785 2112 4847 fortissimorum

521 4875 732 4936 patrum
787 4869 865 4925 eis
911 4871 1108 4924 eximia
1163 4871 1302 4926 facta
1354 4883 1663 4942 proponunt
1712 4885 1767 4931 et
1818 4880 2109 4939 minorum.

521 4956 682 5013 Israel
707 4962 920 5029 quidem
951 4964 1146 5018 dicitur
1181 4964 1376 5020 Videns
1406 4967 1603 5033 Deum,
1631 4970 1743 5023 sive
1764 5012 1778 5034 ,
1815 4974 1866 5026 in
1895 4990 2003 5042 quo
2033 4986 2116 5032 est

521 5047 694 5115 Deus;
725 5055 866 5120 quod
895 5055 1138 5124 profecto
1169 5073 1366 5111 nomen
1409 5059 1618 5115 infirmo
1673 5063 1848 5120 adhuc
1886 5076 1978 5120 aut
2015 5070 2117 5123 im-

517 5140 694 5208 perito
741 5159 846 5196 non
898 5149 1169 5200 convenit.
1215 5148 1493 5217 Quotquot
1540 5152 1814 5220 perfectos
1857 5158 2003 5214 viros
2057 5160 2110 5215 in

517 5230 810 5288 afﬂictione
840 5238 1017 5292 carnis
1065 5247 1118 5292 et
1164 5241 1623 5311 contenqilatione
1655 5248 1849 5303 mentis
1880 5253 2108 5319 proferi-

515 5335 667 5388 mus,
698 5337 1003 5396 serpentem
1034 5329 1173 5386 Naas
1203 5341 1284 5386 tot
1313 5335 1533 5388 armatis
1563 5336 1828 5395 elidimus.
1859 5342 1962 5396 Sed
1993 5343 2105 5412 jam

515 5414 766 5472 obsessos
793 5420 989 5488 quibus
1017 5425 1197 5479 verbis
1222 5427 1362 5493 regis
1409 5430 1679 5486 exercitus
1705 5436 1976 5492 confdrtet
2004 5455 2107 5493 au-

515 5505 741 5564 diamus.

587 5597 763 5668 (Vers.
797 5600 874 5672 9.)
899 5603 966 5657 Et
991 5607 1232 5663 dixerunt
1260 5611 1324 5664 iis
1361 5615 1446 5683 qui
1488 5626 1730 5670 venerant
1755 5634 1773 5671 :
1798 5619 1888 5674 Sic
1925 5620 2110 5678 dicetis

510 5689 654 5756 viris,
677 5694 760 5763 qui
782 5695 947 5748 suntJ
953 5697 1068 5753 abes
1091 5700 1304 5756 Galaad
1328 5719 1347 5758 :
1370 5705 1497 5760 Cras
1519 5708 1617 5761 erit
1639 5708 1779 5763 vobis
1800 5711 1965 5779 salus,
1991 5730 2105 5768 cum

509 5779 782 5838 incaluerit
809 5786 904 5840 sol.

581 5872 673 5930 10.
699 5873 832 5933 Tale
855 5876 1084 5938 fortasse
1111 5893 1194 5941 est
1236 5887 1407 5958 illud,
1451 5892 1599 5962 quod
1643 5894 1798 5954 nobis
1845 5899 2105 5969 sapientis

2223 4779 2475 4833 ardenter
2502 4779 2668 4850 cupit.
2714 4777 2862 4834 Bene
2908 4792 3038 4847 ergo
3085 4777 3284 4833 dicitur
3317 4795 3330 4830 :
3364 4776 3497 4831 Cras
3537 4781 3639 4833 erit
3683 4777 3812 4831 vobis

2221 4871 2394 4938 salus,
2423 4887 2536 4924 cum
2564 4872 2834 4926 incalucrit
2862 4872 2974 4938 sol;
3006 4871 3131 4942 quia
3179 4871 3225 4926 si
3255 4871 3460 4926 validas
3491 4872 3701 4941 antiqui
3724 4872 3812 4926 hoc

2219 4965 2317 5018 stis
2347 4963 2779 5034 impugnationes
2823 4965 3049 5020 viriliter
3091 4963 3342 5032 ferimus,
3389 4963 3586 5018 divina:
3636 4963 3813 5034 gratia:

2220 5054 2499 5110 celeritate
2547 5055 2889 5110 sublevamur
2917 5055 2986 5110 ad
3031 5055 3204 5111 lucem
3257 5055 3434 5112 cordis
3460 5065 3516 5111 et
3560 5058 3808 5111 virtutem

2220 5160 2428 5216 magnae
2454 5148 2751 5202 charitatis.
2775 5147 2843 5201 Et
2862 5148 2987 5218 quia
3017 5148 3119 5203 boc
3149 5157 3456 5205 sanctorum
3489 5149 3807 5219 praedicato-

2219 5254 2338 5292 rum
2377 5239 2658 5294 consiliqu
2709 5238 2883 5295 electa
2930 5240 3266 5296 subditorum
3327 5240 3492 5296 corda
3535 5248 3807 5310 gratanter

2218 5331 2509 5400 excipiunt,
2553 5331 2795 5401 sequitur
2823 5350 2837 5387 :
3830 5317 3842 5344 I‘

2291 5434 2467 5504 (Vers.
2491 5434 2569 5505 9.)
2586 5433 2842 5490 Venerunt
2852 5453 2972 5508 ergo
2984 5439 3151 5492 nuntii
3165 5438 3668 5492 etannuntiaverunt
3688 5435 3798 5490 viris

2213 5527 2390 5582 labes.
2419 5527 2520 5592 Qui
2547 5529 2707 5584 ltetati
2735 5538 2878 5585 sunt.

2282 5623 2391 5678 Sed
2420 5625 2581 5678 etiam
2612 5625 2878 5693 promisso
2912 5625 3011 5682 sibi
3044 5626 3278 5691 auxilio,
3311 5625 3441 5695 quid
3483 5621 3791 5680 Ammouitis

2212 5715 2896 5785 respondeant-audiamus.
2924 5717 3057 5772 Nam
3078 5719 3353 5788 sequitur:

2285 5805 2461 5876 (Vere.
2498 5805 2608 5874 10.)
2640 5806 2709 5862 Et
2735 5809 2978 5863 dixerunt
3021 5827 3039 5865 :
3069 5810 3230 5864 Mane
3265 5811 3519 5865 exibimus
3561 5811 3629 5864 ad
3670 5820 3777 5867 νος,

2208 5908 2258 5956 et
2285 5899 2487 5971 faciatis
2515 5898 2661 5955 nobis
2690 5918 2842 5958 omne
2871 5902 3006 5974 quod
3033 5903 3286 5974 placuerit
3313 5904 3473 5961 vobis.
