4020 6344
219 386 312 442 321

1026 379 1093 438 ΙΝ
1132 377 1399 437 PRIMUM
1436 375 1678 436 REGUM
1722 370 2238 439 EXPOSITIONES.
2279 402 2348 414 —
2387 373 2519 430 LIB.
2566 375 2627 430 V.

3358 436 3366 444 .
3387 380 3506 438 522'

283 501 368 558 Η.
398 499 511 555 Hoc
528 496 790 570 profecto,
815 497 936 568 quia
959 495 1034 550 illi
1062 493 1249 550 dicunt
1271 494 1362 563 qui
1386 492 1500 570 jam
1522 491 1590 546 de
1613 489 1790 545 vicino
1821 490 1869 551 A
1897 498 2044 550 rum,
2080 492 2240 553 atque
2282 483 2560 556 Evangelii
2604 487 2807 556 jejunia
2849 488 3239 559 producuntur.
3293 489 3363 546 Et
3399 509 3496 550 ve-

217 597 414 653 auxilio
433 595 606 650 securi
633 601 759 648 sunt
783 590 1068 661 quamdam
1101 603 1252 659 Spem
1282 587 1527 642 hostibus
1558 584 1800 638 tribuunt

217 700 346 756 quos
376 681 741 753 promittendo
769 679 1015 734 illudunt.
1050 677 1198 732 Voce
1223 677 1438 746 quidem
1469 674 1799 729 debilitatem

218 776 492 841 simulant,
520 773 613 829 sed
643 771 1012 827 fortitudinem
1041 767 1290 839 promissi
1317 765 1497 820 auxilii
1520 765 1663 818 intus
1683 777 1800 819 ser-

214 878 357 924 vant.
377 867 532 922 Aliud
561 880 690 934 ergo
715 864 1057 936 promittunt,
1083 862 1226 916 aliud
1255 860 1501 916 credunt.
1527 858 1629 926 Qui
1652 858 1796 913 enim

214 961 502 1018 dicebant:
549 957 680 1013 Cras
727 958 978 1012 exibimus
1026 956 1094 1009 ad
1147 972 1264 1019 vos,
1307 963 1355 1007 et
1402 953 1602 1024 facietis
1650 951 1797 1006 nobis

213 1071 364 1110 omne
390 1057 526 1125 quod
569 1051 821 1122 placuerit
859 1049 1018 1113 vobis,
1050 1048 1153 1103 hoc
1178 1047 1379 1102 dabant
1408 1046 1651 1100 hostibus
1679 1059 1799 1100 cre-

216 1145 360 1208 dere,
385 1144 529 1211 quod
560 1141 639 1196 sic
658 1156 718 1196 se
745 1141 799 1194 in
821 1154 1008 1195 eorum
1039 1137 1285 1192 manibus
1312 1137 1606 1203 traderent,
1633 1144 1692 1190 ut
1718 1135 1798 1190 fa-

217 1251 342 1292 cere
383 1236 452 1289 de
481 1233 559 1288 cis
589 1240 812 1303 possent
853 1245 1188 1302 quascunque
1215 1228 1533 1284 voluissent.
1567 1227 1674 1283 Sed
1703 1226 1798 1296 qui

207 1330 259 1384 iu
287 1329 432 1382 diem
472 1334 790 1397 sequentem
834 1333 1119 1380 venturum
1150 1337 1334 1392 regem
1379 1323 1430 1397 in
1459 1338 1615 1380 suum
1644 1321 1797 1376 auxi-

207 1419 334 1474 lium
367 1426 648 1482 noverant,
674 1417 822 1472 exire
850 1431 970 1472 cum
999 1431 1067 1472 eo
1097 1431 1202 1470 non
1220 1415 1286 1468 ad
1315 1395 1549 1469 hostium
1582 1429 1792 1477 manus,

205 1511 294 1566 sed
325 1511 390 1565 ad
424 1509 855 1566 interfectionem
903 1508 1236 1578 cogitabant.
1287 1506 1591 1561 Secundum
1636 1507 1796 1576 spiri-

205 1603 403 1658 tualem
430 1618 562 1657 vero
592 1617 807 1657 sensum
839 1601 1077 1670 serpenti
1116 1600 1277 1665 Naas,
1307 1599 1360 1653 id
1388 1607 1472 1654 est
1498 1599 1636 1666 gulae
1664 1613 1803 1675 con-I

205 1698 556 1767 cupiscentite
587 1697 638 1750 in
665 1697 753 1751 die
782 1711 884 1751 suo
906 1704 1150 1750 nostrum
1180 1695 1381 1748 exitum
1408 1693 1790 1763 promittimus,

201 1787 294 1842 sed
325 1803 425 1841 nos
454 1789 508 1841 in
551 1787 637 1841 die
685 1795 873 1842 nostro
913 1786 1030 1856 ejus
1079 1786 1223 1842 acies
1264 1784 1617 1840 debellamus.
1670 1783 1792 1838 Dies

1900 579 2082 634 niente
2109 578 2196 633 die
2224 579 2481 643 crastino,
2515 579 2691 635 media
2721 589 2901 637 castra
2929 581 3121 637 doctor
3151 583 3447 651 ingreditur
3476 603 3491 640 :

1901 673 2026 742 quia
2048 689 2170 728 cum
2191 672 2368 727 divina
2391 675 2580 742 gratia,
2606 689 2724 744 qua:
2745 676 2813 729 ad
2838 675 3142 730 docendum
3163 677 3328 731 corda
3357 693 3497 746 pra“.-

1899 764 2199 820 dicatorum
2227 765 2526 831 illuminat,
2574 766 2878 822 auditorum
2920 768 3084 822 etiam
3115 779 3326 824 mentes
3355 771 3496 824 irra-

1899 855 2033 924 diat,
2057 866 2110 910 et
2139 856 2203 910 ad
2231 871 2383 926 spem
2404 856 2643 912 victoriae
2673 865 2926 927 potenter
2953 858 3116 913 levat.
3150 859 3206 913 In
3224 860 3310 914 die
3335 861 3498 928 igitur

1900 949 2134 1003 crastino
2182 947 2376 1004 doctor
2426 949 2854 1020 triumphaturus
2916 959 3093 1006 castra
3148 953 3492 1009 inimicorum

1900 1039 2212 1108 ingreditur,
2263 1048 2318 1095 et
2355 1041 2556 1110 aperit,
2609 1042 2662 1095 in
2705 1041 2894 1110 eisque
2931 1045 3489 1113 concupiscentiarum

1901 1131 2047 1186 acies
2085 1139 2339 1200 potenter
2389 1130 2533 1187 ferit.
2585 1131 2654 1185 Et
2691 1133 2815 1201 quia
2865 1134 3103 1202 ipsorum
3157 1135 3496 1192 subditorum

1899 1229 2110 1277 mentes
2153 1206 2425 1277 audiendo
2457 1221 2774 1292 proﬁciunt,
2817 1224 2872 1278 in
2903 1225 3076 1294 vigilia
3108 1227 3370 1282 matutina
3397 1245 3497 1285 rex

1899 1315 2094 1370 dicitur
2118 1323 2293 1369 castra
2324 1314 2754 1371 Ammonitarum
2802 1315 3043 1384 ingredi,
3087 1325 3140 1372 et
3171 1334 3339 1387 usque
3366 1321 3496 1374 dum

1899 1406 2013 1464 dies
2042 1407 2416 1476 incalesceret,
2443 1407 2497 1462 in
2527 1423 2716 1463 eorum
2749 1409 2985 1463 caedibus
3016 1411 3315 1467 immorari.
3349 1413 3496 1482 Vigi-

1900 1499 1971 1554 lia
1999 1500 2218 1570 quidem
2248 1500 2510 1554 matutina
2550 1500 2605 1556 in
2651 1501 2748 1556 Dei
2804 1502 3133 1572 aspiratione
3182 1515 3264 1560 est
3314 1508 3495 1562 fervor

1897 1593 2028 1648 solis
2055 1593 2108 1648 in
2148 1592 2264 1662 ejus
2294 1593 2647 1664 plenitudine.
2677 1594 2839 1649 Velut
2869 1596 3010 1650 enim
3042 1597 3306 1652 matutina
3335 1599 3494 1655 nobis

1899 1683 1991 1738 lux
2024 1684 2214 1749 oritur,
2261 1684 2477 1752 quando
2525 1685 2762 1740 tenebris
2811 1687 3172 1742 tentationum
3230 1689 3491 1758 depressi,

1896 1776 2072 1831 lucem
2096 1776 2308 1831 virtutis
2337 1777 2405 1831 ab
2427 1792 2524 1832 ore
2540 1777 2951 1848 praedicatorum
2979 1779 3160 1836 videre
3187 1782 3493 1853 incipimus,

201 1879 417 1948 quidem
442 1880 559 1949 ejus
588 1890 671 1936 est
707 1881 998 1936 delectatio
1032 1895 1308 1951 corporea:
1337 1880 1656 1935 saturitatis.
1689 1878 1793 1946 Qui
1825 1870 1869 1929 Β
1897 1882 2061 1938 quam
2092 1883 2401 1937 εθίιιιειηιιτο
2450 1867 2515 1922 Et
2555 1869 2637 1923 δοῖ
2681 1870 2836 1924 DObiS
2885 1871 3194 1938 incalescit,
3243 1891 3364 1929 cum
3395 1891 3495 1944 per

199 1973 342 2026 enim
371 1972 627 2042 proponit
653 1981 900 2026 ventrem
931 1987 1029 2042 pro
1055 1981 1185 2026 voto
1215 1968 1446 2040 replere,
1470 1970 1623 2040 quasi
1646 1971 1788 2026 diem

199 2065 432 2134 primum
462 2063 913 2134 concupiscentiae
942 2063 1173 2128 dedicat,
1208 2071 1261 2118 et
1293 2073 1471 2118 tamen
1501 2064 1674 2118 adhuc
1703 2063 1788 2117 in-

196 2163 283 2210 tus
313 2161 415 2220 est,
438 2155 562 2222 quia
580 2155 1058 2225 quamdamlucem
1083 2153 1459 2209 delectationis
1484 2154 1786 2223 proposuit,

195 2261 363 2316 quam
389 2247 665 2317 operando
703 2263 811 2302 non
840 2247 995 2301 vidit.
1024 2245 1158 2301 Cras
1183 2261 1311 2314 ergo
1349 2235 1638 2314 exiit,'qui
1685 2245 1790 2300 hoc

194 2339 378 2395 laetum
409 2340 555 2410 quod
603 2341 750 2395 carni
797 2341 1068 2409 promisit,
1129 2349 1186 2394 ct
1231 2337 1508 2408 operando
1538 2347 1594 2392 et
1639 2337 1789 2393 dele—

194 2430 391 2487 ctando
420 2431 684 2486 exhibuit.
717 2429 823 2486 Sed
870 2430 1043 2485 sancti
1086 2429 1220 2498 viri,
1264 2437 1324 2483 ut
1367 2429 1615 2499 superius
1644 2427 1782 2495 dixi,

191 2522 332 2591 gula:
360 2522 624 2589 illudunt;
662 2522 791 2591 quia
822 2537 942 2577 cum
973 2521 1039 2576 ab
1068 2521 1185 2591 ejus
1229 2521 1469 2591 appetitu
1498 2518 1787 2591 desperare

191 2613 244 2668 in
290 2621 615 2684 perpetuum
665 2620 970 2683 nequeunt,
1023 2611 1152 2666 illud
1181 2611 1326 2681 quod
1365 2611 1689 2681 promittunt
1731 2619 1787 2666 et

192 2721 302 2762 non
334 2714 590 2774 sumunt,
638 2706 790 2776 quasi
830 2707 884 2760 in
919 2705 1096 2760 futura
1147 2705 1269 2760 luce
1297 2703 1672 2759 delectationis
1697 2718 1786 2759 re-

191 2799 539 2869 promittunt.
573 2797 760 2853 Coacti
801 2798 1016 2868 quidem
1045 2804 1171 2853 sunt
1213 2796 1343 2851 foris
1370 2795 1533 2850 nimia
1578 2794 1783 2863 fragili-

193 2900 313 2947 tate
342 2892 540 2958 carnis,
573 2900 630 2946 et
654 2891 798 2946 intus
826 2891 997 2945 induti
1026 2891 1224 2944 robore
1250 2903 1457 2958 magna:
1481 2888 1781 2943 charitatis.

188 2987 299 3042 Per
349 2985 476 3040 illud
519 2984 768 3055 quidem,
813 2984 903 3053 qui
958 2982 1288 3053 appetitibus
1328 2980 1640 3035 renuntiare
1687 2995 1784 3035 ne-

187 3087 429 3150 queunt,
462 3080 616 3147 quasi
663 3077 920 3132 exteriori
968 3091 1106 3132 voce
1151 3074 1494 3145 promittunt,
1543 3073 1689 3144 quod
1725 3074 1780 3127 in

186 3173 495 3229 intentione
518 3187 625 3227 non
656 3171 878 3226 habent.
903 3169 1007 3224 Per
1030 3168 1162 3223 illud
1181 3183 1335 3236 vero,
1352 3167 1476 3236 quia
1505 3165 1572 3221 de
1594 3165 1780 3220 divino

186 3265 366 3322 securi
391 3273 536 3331 sunt,
566 3262 709 3316 aliud
738 3268 1048 3332 proponunt
1077 3272 1258 3328 agere,

187 3358 520 3414 inﬁrmitatis
547 3371 699 3411 voce.
746 3354 803 3409 In
831 3353 919 3409 die
947 3353 1109 3421 igitur
1136 3368 1237 3408 suo
1277 3351 1345 3406 ad
1383 3350 1526 3406 Naas
1553 3356 1776 3413 exeunt,

185 3451 317 3521 quia
366 3450 432 3504 ad
481 3448 898 3519 oppugnandum
938 3447 1074 3516 gula:
1120 3444 1651 3515 concupiscentiam,
1683 3457 1780 3512 per

183 3542 362 3598 lucem
393 3541 614 3610 superni
652 3539 834 3593 auxilii
876 3537 1314 3609 progrediuntur,
1365 3543 1420 3590 et
1447 3533 1648 3588 visitati
1690 3549 1781 3588 su-

183 3647 354 3703 perna
394 3632 603 3699 gratia,
642 3630 748 3698 jam
801 3636 991 3683 contra
1038 3640 1253 3681 omnem
1297 3624 1479 3679 carnis
1521 3621 1780 3692 impetum

183 3724 356 3778 fortes
384 3730 532 3787 sunt,
561 3721 652 3791 qui
676 3719 916 3774 derelicti
945 3717 1013 3772 ad
1036 3716 1324 3781 modicum,
1356 3713 1475 3784 ejus
1500 3714 1781 3784 impugna-

183 3821 370 3867 menta
396 3813 646 3868 timuere.
671 3811 774 3878 Qui
809 3810 1053 3879 profecto
1079 3807 1268 3862 divinae
1291 3807 1476 3877 gratiae
1502 3805 1776 3874 splendor,

180 3907 316 3978 quia
369 3921 467 3975 per
525 3920 620 3960 ora
671 3903 1086 3974 przedicatorum
1144 3899 1432 3967 aliquando
1481 3897 1780 3961 minoribus

179 4005 390 4052 sancta:
418 3995 668 4051 Ecclesia:
692 3992 946 4048 membris
976 3991 1291 4056 infunditur,
1316 3989 1597 4058 sequitur:

258 4087 449 4160 (Vers.
484 4088 597 4155 11.)
631 4085 700 4139 Et
729 4088 922 4158 factum
948 4094 1044 4151 est,
1078 4100 1191 4137 cum
1212 4082 1428 4136 venisset
1457 4081 1565 4134 dies
1593 4081 1781 4134 crasti-

181 4198 310 4248 nus,
344 4183 606 4236 constituit
638 4179 770 4235 Saul
799 4179 1042 4249 papulum
1072 4177 1126 4230 in
1156 4184 1258 4230 tres
1280 4184 1475 4245 partes,
1507 4181 1556 4227 et
1580 4174 1780 4244 ingres-

178 4291 272 4331 sus
306 4284 380 4329 est
407 4275 577 4331 media
607 4283 781 4328 castra
811 4274 865 4326 in
909 4271 1089 4342 vigilia
1126 4270 1405 4335 matutina,
1444 4275 1494 4322 et
1533 4267 1779 4338 percussit

179 4369 408 4422 Ammon
434 4383 590 4438 usque
620 4364 742 4420 dum
769 4365 1104 4418 incalesceret
1135 4364 1235 4416 sol.

255 4456 350 4510 12.
381 4455 438 4510 1η
472 4464 654 4526 partes
672 4449 888 4524 quidem
912 4452 1166 4506 dividitur
1193 4449 1445 4522 populus,
1472 4456 1533 4504 ut
1557 4461 1780 4518 serpen-

179 4558 299 4604 tem
329 4547 468 4602 Naas
499 4549 660 4619 266
701 4562 809 4602 non
839 4559 946 4600 una
985 4544 1100 4599 acie
1141 4543 1416 4597 feriamus.
1461 4538 1531 4593 Et
1559 4537 1779 4608 quidem

176 4639 238 4696 in
267 4647 382 4695 tres
410 4648 595 4709 partes
623 4637 898 4704 dividitur,
927 4643 985 4692 ut
1011 4650 1181 4691 sacrae
1206 4631 1544 4689 abstinentiae
1571 4631 1776 4686 fructus
1803 4645 1857 4704 ι)

178 4739 238 4786 et
269 4731 502 4800 dignitas
531 4730 850 4786 ostendatur
878 4745 891 4783 :
929 4728 1055 4800 quia
1084 4727 1152 4783 ad
1182 4742 1323 4796 eam,
1351 4740 1512 4795 quam
1555 4723 1782 4779 mandu-

179 4823 363 4879 cando
391 4823 682 4893 perdimus,
725 4830 926 4878 sanctae
953 4820 1232 4876 Trinitatis
1268 4817 1780 4889 contemplationem

173 4916 482 4988 jejunando
512 4931 851 4972 revocamur.
886 4915 1022 4970 Hinc
1050 4922 1132 4970 est
1167 4913 1332 4978 enim,
1361 4912 1502 4982 quod
1543 4911 1694 4979 legis,
1725 4918 1782 4967 et

177 5005 517 5077 Prophetiaz,
541 5015 596 5063 et
619 5007 894 5077 Evangelii
915 5005 1119 5076 jejunia
1148 5001 1616 5059 commendantur.
1645 5000 1780 5054 Nam

177 5098 407 5169 Moyses
435 5107 495 5152 ut
521 5097 694 5167 legem
735 5097 1016 5167 percipere
1063 5099 1384 5157 mereretur,
1434 5090 1517 5146 bis
1545 5089 1780 5160 quadra-

174 5190 338 5261 ginta
385 5189 593 5243 dierum
632 5203 861 5244 numero
905 5187 1170 5258 jejunavit
1220 5183 1420 5258 (Exod.
1453 5199 1636 5248 xxxiv,
1663 5181 1780 5255 ‘28).

135 5254 334 5368 jhllias
359 5289 420 5334 ut
446 5278 658 5336 Jesabel
694 5295 887 5335 manus
907 5254 1190 5344 evaderet,
1220 5254 1573 5349 quadraginta
1595 5272 1784 5330 diebus

132 5369 138 5377 ⁴
173 5372 236 5426 in
273 5372 432 5426 unius
467 5373 570 5428 cibi
617 5373 930 5429 fortitudine
957 5373 1024 5428 ad
1053 5370 1192 5427 Oreb
1235 5372 1331 5426 Dei
1378 5377 1618 5426 montem
1648 5383 1788 5439 perm

173 5463 338 5519 venit
366 5462 491 5534 (III
526 5464 654 5536 Reg.
686 5481 799 5528 xix,
831 5463 910 5534 8).
941 5463 1201 5518 Dominus
1231 5477 1294 5517 ac
1323 5460 1654 5531 Redemptor
1684 5475 1779 5513 no-

175 5564 302 5612 ster
329 5555 483 5611 Jesus
527 5555 776 5612 Christus
817 5571 916 5626 per
957 5554 1311 5624 quadraginta
1358 5555 1474 5610 dies
1503 5554 1556 5608 in
1597 5567 1779 5608 eremo

167 5645 458 5717 jejunans,
495 5646 703 5702 nullum
741 5645 1055 5702 omnimodo
1083 5645 1262 5701 cibum
1300 5645 1530 5716 sumpsit
1562 5643 1778 5717 (Matth.

173 5755 265 5796 xv.
296 5739 374 5810 2).
422 5739 480 5796 lu
519 5750 630 5798 tres
667 5755 797 5811 ergo
839 5747 1024 5812 partes
1071 5739 1200 5795 Saul
1243 5742 1499 5811 populum
1545 5734 1733 5796 dividit
1766 5757 1778 5793 :

176 5832 320 5903 quia
346 5832 398 5888 in
429 5833 737 5905 exemplum
767 5831 1182 5899 abstinentiam,
1214 5830 1375 5903 Legis
1403 5839 1460 5888 et
1486 5829 1784 5903 Propheta-

1895 1972 2086 2013 eorum
2113 1958 2281 2012 verba
2315 1973 2469 2013 mens
2495 1966 2680 2013 nostra
2710 1959 3077 2025 succenditur,
3109 1970 3163 2015 et
3202 1965 3356 2031 quasi
3387 1962 3496 2020 fer-

1896 2050 2070 2106 ventis
2098 2051 2227 2106 solis
2269 2051 2450 2106 calore
2494 2051 2739 2120 decocta,
2769 2051 3052 2108 desideriis
3107 2051 3489 2112 inﬂammatur.

1895 2139 2048 2197 Tunc
2086 2143 2290 2212 quippe
2315 2143 2544 2198 Ammon
2575 2128 2927 2198 vehementer
2965 2144 3186 2199 caeditur
3213 2163 3226 2198 :
3259 2147 3382 2215 quia
3413 2149 3495 2203 vi-

1895 2234 2092 2289 tiorum
2120 2234 2356 2305 populus
2381 2235 2449 2289 de
2476 2235 2674 2289 nostris
2703 2235 2952 2291 sensibus
2979 2235 3262 2305 effugatur.
3293 2237 3515 2295 Rector'

1891 2321 2076 2394 igitur,
2109 2325 2200 2394 qui
2230 2325 2288 2379 in
2332 2325 2511 2393 vigilia
2542 2325 2804 2380 matutina
2845 2325 3275 2382 Ammonitarum
3316 2339 3494 2385 castra

1890 2415 2208 2483 ingreditur,
2241 2429 2412 2485 usque
2439 2414 2567 2468 dum
2611 2415 2904 2471 incalescat
2944 2416 3088 2482 dies,
3139 2417 3207 2471 ab
3238 2419 3494 2475 interfec-

1890 2505 2039 2560 tione
2066 2503 2301 2573 gladium
2330 2519 2440 2559 non
2465 2505 2755 2570 recondat,
2789 2506 2914 2574 quia
2943 2507 3130 2562 tandiu
3170 2507 3332 2564 debet
3361 2511 3493 2565 sub-

1889 2599 2123 2655 ditorum
2175 2613 2394 2653 suorum
2445 2597 2733 2653 eruditioni
2780 2599 3051 2664 insistere,
3097 2600 3333 2668 quandiu
3373 2601 3495 2658 illos

1889 2691 2116 2760 aspiciat
2142 2691 2350 2760 magnis
2371 2691 2570 2746 interni
2601 2691 2818 2746 luminis
2838 2692 3111 2746 caloribus
3141 2691 3488 2762 inflammari.

1889 2785 2009 2851 Quo
2034 2785 2085 2837 in
2111 2783 2232 2838 loco
2254 2783 2549 2838 notandum
2571 2789 2656 2837 est
2687 2799 2699 2835 :
2732 2781 2858 2850 quia
2887 2782 3045 2848 Naas,
3077 2783 3128 2837 id
3159 2792 3241 2838 est
3266 2800 3492 2854 serpens

1890 2876 2316 2930 Ammonitarum
2345 2889 2440 2930 rex
2469 2888 2590 2929 esse
2617 2874 2849 2927 dicitur:
2884 2874 3001 2943 ipse
3029 2881 3211 2929 autem
3241 2875 3475 2930 Ammon

1886 2966 2119 3036 p0pulus
2147 2964 2396 3020 maeroris
2440 2965 2842 3032 interpretatur.
2873 2963 2940 3016 Et
2968 2964 3094 3034 quia
3126 2964 3179 3018 in
3224 2966 3330 3021 hoc
3357 2981 3481 3021 ser-

1888 3057 2051 3112 dente
2073 3056 2213 3124 gula:
2241 3055 2428 3110 vitium
2461 3054 2732 3123 designari
2763 3055 3014 3120 diximus,
3043 3070 3166 3109 cum
3196 3055 3336 3111 Naas
3364 3072 3486 3128 per-

1887 3148 2109 3211 cutitur,
2159 3146 2410 3202 mmroris
2456 3145 2689 3214 populus
2732 3144 3072 3200 debellatur:
3105 3148 3228 3215 quia
3269 3163 3337 3202 ex
3378 3163 3486 3202 uno

1288 3234 1450 3328 φιξηη
1482 3257 1778 3328 loquuntur
1805 3252 1852 3313 (ς
1884 3237 2021 3306 gulae
2046 3235 2208 3299 vitio,
2242 3236 2525 3289 innumera
2545 3234 2799 3288 vitiorum
2829 3234 3042 3301 agmina
3073 3235 3139 3288 ad
3169 3235 3477 3291 conflictum

1883 3330 2074 3384 animae
2103 3327 2492 3398 producuntur.
2527 3324 2734 3379 Etcum
2781 3325 2920 3379 idem
2952 3325 3088 3393 gulae
3121 3326 3304 3378 vitium
3337 3326 3476 3380 reci-

1882 3419 2046 3482 ditur,
2080 3417 2186 3472 alia
2216 3417 2382 3471 multa
2415 3414 2571 3471 nobis
2602 3415 2728 3468 vitia
2753 3414 3120 3481 subjugamus.
3150 3413 3333 3468 Unum
3363 3415 3485 3482 qui-

1883 3509 2006 3565 dem
2036 3509 2172 3580 gulze
2215 3508 2405 3563 vitium
2437 3515 2556 3571 est,
2588 3507 2684 3561 sed
2722 3505 2893 3560 aculei
2943 3505 3178 3560 libidinis
3218 3507 3485 3562 innumeri

1886 3610 2034 3668 sunt,
2053 3602 2147 3671 qui
2169 3599 2565 3672 praecedentem
2589 3598 2762 3665 illum,
2783 3598 2934 3666 quasi
2957 3612 3139 3666 regem
3165 3609 3480 3668 sequuntur.
3551 3625 3556 3630 α

1884 3691 1986 3759 Qui
2019 3693 2142 3746 lzeta
2172 3689 2391 3761 quidem
2423 3697 2748 3758 suggerunt,
2781 3688 2875 3743 sed
2905 3688 2972 3743 ad
3002 3691 3188 3744 aeterni
3218 3691 3373 3745 ﬁctus
3401 3691 3484 3746 la-

1881 3790 2065 3838 menta
2119 3781 2442 3852 perducunt.
2499 3779 2634 3834 Cum
2683 3778 2823 3833 Naas
2870 3793 3000 3847 ergo
3051 3790 3338 3848 pugnatur,
3387 3781 3485 3835 sed

1881 3875 2130 3930 mmroris
2169 3873 2400 3944 populus
2443 3872 2700 3929 caeditur:
2735 3871 2859 3940 quia
2907 3886 3030 3924 cum
3083 3871 3260 3939 gulam
3293 3871 3484 3926 doma-

1882 3981 2004 4021 mus
2033 4007 2048 4032 ,
2081 3966 2358 4020 libidinum
2391 3957 2736 4019 incitamenta
2770 3962 3127 4032 perimuntur.
3164 3960 3315 4014 Unde
3345 3961 3484 4017 bene

1882 4077 1990 4116 non
2018 4059 2133 4130 ipse
2163 4056 2325 4123 Naas,
2355 4056 2447 4111 sed
2478 4056 2711 4109 Ammon
2738 4054 3011 4120 subjectus
3040 4051 3162 4115 sibi,
3195 4051 3245 4104 id
3274 4059 3356 4105 est
3385 4067 3484 4119 po-

1881 4151 2040 4222 pulus
2063 4148 2379 4205 interiectus
2394 4147 2652 4202 asseritur
2667 4164 2679 4198 :
2697 4144 2820 4212 quia
2838 4142 3108 4212 appetitus
3131 4141 3482 4196 comestionis

1883 4238 2325 4308 restringendus,
2373 4252 2483 4290 non
2535 4232 2959 4300 exstinguendus
3009 4239 3112 4284 est.
3187 4229 3293 4283 Sed
3341 4230 3483 4285 bene

1882 4347 2158 4403 nunquam
2187 4328 2556 4397 restringitur,
2589 4327 2635 4380 si
2672 4325 3005 4393 subsequens
3033 4323 3279 4377 maeroris
3307 4338 3484 4392 popu-

1883 4423 1984 4489 lus,
2013 4423 2066 4478 id
2087 4430 2171 4476 est
2195 4430 2378 4490 turpes
2399 4426 2580 4473 motus
2603 4415 2880 4471 libidinum
2902 4430 3008 4470 non
3032 4422 3315 4470 necantur.
3335 4413 3481 4469 Cou-

1885 4522 1969 4568 tra
1996 4512 2138 4569 Naas
2165 4525 2296 4581 ergo
2334 4509 2492 4564 nobis
2536 4507 2834 4578 principale
2880 4513 3155 4562 certamen
3195 4515 3278 4560 est
3309 4523 3322 4559 :
3354 4508 3480 4576 quia

1886 4619 2010 4661 cum
2039 4604 2142 4658 iste
2171 4607 2480 4672 superatur,
2511 4599 2740 4654 Ammon
2772 4597 3090 4653 interﬁcitur
3115 4614 3127 4649 :
3161 4597 3480 4674 quiadibido

1889 4707 2017 4755 tunc
2042 4696 2181 4752 bene
2212 4693 2454 4758 caeditur,
2482 4691 2528 4747 si
2558 4691 2675 4760 ejus
2702 4690 3001 4760 principale
3040 4688 3248 4743 initium
3289 4689 3478 4755 subju-

1887 4800 2063 4863 gatur.
2094 4787 2201 4844 Sed
2231 4784 2504 4857 profectus
2541 4783 2822 4855 pudicitiw
2866 4795 3148 4851 quousque
3190 4778 3476 4849 procedat,

1886 4883 2120 4939 latenter
2149 4875 2453 4936 ostenditur
2483 4890 2580 4946 per
2606 4887 2670 4928 ea
2717 4888 2836 4942 qua:
2873 4871 3297 4940 subsequuntur.
3342 4866 3476 4923 Nam

1887 4973 2015 5030 dicit
2037 4991 2049 5026 :

1957 5089 2141 5160 (Vers.
2174 5084 2287 5158 il.)
2322 5083 2523 5152 Reliqui
2545 5097 2663 5136 vero
2691 5076 2915 5148 dispersi
2935 5081 3074 5139 sunt,
3106 5073 3182 5127 ita
3202 5079 3258 5124 ut
3288 5085 3379 5124 nec
3405 5087 3481 5124 re-

1884 5182 2236 5250 linquerentur
2259 5178 2362 5232 duo
2389 5176 2608 5247 pariter.

1961 5273 2050 5329 15.
2083 5271 2337 5327 Probatio
2371 5283 2513 5324 vera:
2536 5262 2876 5321 abstinentia:
2904 5272 3010 5314 non
3041 5263 3126 5311 est
3149 5255 3203 5310 in
3234 5261 3476 5308 attenua-

1881 5363 2029 5422 tione
2053 5361 2325 5430 corporis,
2375 5358 2470 5414 sed
2522 5357 2574 5411 in
2622 5351 2957 5424 perfectione
3005 5343 3290 5402 castitatis.
3341 5341 3475 5396 Nam

1883 5457 2041 5528 267
2069 5455 2207 5509 bene
2234 5465 2459 5520 serpens
2491 5447 2758 5510 atteritur,
2786 5444 2830 5497 si
2860 5441 2937 5496 sic
2965 5439 3086 5508 gula
3115 5432 3473 5518 restringitur,

1885 5524 2244 5600 tit‘libidinosi
2277 5549 2454 5596 motus
2483 5536 2730 5608 corporis
2771 5533 2948 5588 omnis
2977 5527 3233 5584 violentia
3265 5524 3478 5578 minua-

1887 5645 1992 5692 tur.
2037 5634 2170 5688 Nam
2217 5615 2396 5687 metus
2435 5627 2652 5682 illicitus
2681 5623 2863 5688 carni,
2911 5616 3148 5688 quandiu
3195 5616 3310 5684 ipsa
3347 5626 3476 5668 caro

1886 5738 1989 5798 est,
2024 5727 2138 5783 tolli
2169 5742 2276 5780 non
2304 5729 2507 5793 potest,
2535 5716 2792 5772 violentia
2830 5711 3083 5768 movendi
3116 5707 3229 5764 tolli
3269 5709 3469 5776 potest.

1885 5821 2003 5880 Non
2030 5819 2244 5892 quidem
2271 5815 2388 5871 tolli
2417 5819 2598 5885 potest
2616 5809 2783 5876 carni,
2807 5806 2951 5879 quod
2982 5806 3068 5862 lex
3098 5801 3275 5859 carnis
3297 5809 3471 5853 mem-
