4020 6344
515 374 624 441 333

1728 365 1971 427 SANCTI
2014 361 2339 423 GREGORII
2376 362 2595 423 MAGNI

3689 369 3789 427 εει

512 498 611 553 bra
640 508 750 550 non
786 496 1039 557 moveat;
1086 488 1183 545 sed
1227 491 1408 543 tamen
1453 484 1567 542 tolli
1597 491 1775 557 potest
1804 484 1953 541 carni
1982 483 2098 537 vio-
2129 481 2178 539 A
2203 482 2304 535 duo
2332 484 2526 552 pariter
2550 497 2617 537 ea:
2658 480 2733 537 eis
2762 497 2866 537 non
2905 481 3009 537 sint
3037 482 3201 538 relicti
3224 498 3242 538 :
3268 483 3396 553 quia
3423 498 3523 555 per
3550 500 3791 543 macera-

517 588 681 644 lentia
711 584 985 651 motionis,
1024 589 1085 636 ut
1112 580 1450 650 relinquatur
1478 581 1526 634 ei
1556 588 1767 644 motus;
1795 577 1889 634 sed
1930 576 2104 631 eidem

516 678 687 735 metui
726 675 902 732 omnis
928 673 1305 729 delectationis
1334 672 1664 728 obscmnitas
1706 669 2002 735 auferatur,
2051 677 2107 722 et

515 769 746 840 simplex
772 775 952 821 motus
982 764 1071 819 ille
1096 764 1188 830 sit,
1222 764 1276 818 in
1298 776 1407 831 quo
1438 773 1462 800 ι
1497 762 1700 830 reliqua
1731 759 1964 815 libidinis
1989 768 2105 812 tur-

513 860 706 933 pitudo
738 872 845 914 non
876 858 965 913 sit.
997 856 1143 911 Bene
1186 870 1315 924 ergo
1345 854 1433 908 alii
1458 855 1511 908 in
1552 852 1730 923 fugam
1760 851 1898 908 versi
1928 848 2108 919 perhi-

514 954 732 1019 bentur,
762 949 890 1020 quia
936 964 1060 1004 cum
1095 948 1428 1002 abstinentes
1456 960 1703 1018 quosque
1728 944 1905 997 divina
1936 941 2107 1010 gratia

515 1044 760 1118 perfeCte
803 1051 1115 1098 remunerat
1156 1055 1185 1093 a
1224 1038 1599 1108 corporalibus
1640 1052 1826 1092 eorum
1871 1034 2108 1088 motibus

515 1137 757 1194 omnium
786 1132 1199 1190 obscaenitatem
1247 1130 1463 1186 aculeos
1510 1128 1691 1195 toilit;
1723 1126 1816 1183 sed
1860 1126 1937 1181 eis
1966 1126 2110 1194 ipsos

518 1237 700 1283 motus
746 1224 1017 1280 naturales
1044 1223 1260 1289 deserit,
1304 1231 1361 1276 nt
1388 1222 1584 1277 tentari
1627 1236 1842 1290 semper
1864 1219 2107 1289 possint,

517 1319 664 1375 vinci
695 1332 966 1385 nunquam
1009 1316 1253 1385 possint;
1306 1315 1430 1368 dum
1482 1314 1535 1367 id
1578 1312 1811 1379 deserit,
1860 1310 2003 1378 quod
2032 1310 2112 1363 eis

518 1408 674 1465 valde
726 1407 1000 1477 displicet,
1051 1404 1144 1459 sed
1192 1405 1269 1459 sic
1318 1403 1560 1458 debilitat
1598 1401 1743 1471 quod
1790 1399 2010 1464 deserit,
2052 1406 2113 1451 ut

519 1500 816 1571 praevalere
880 1497 1176 1554 victoribus
1238 1512 1345 1552 non
1413 1494 1710 1566 permittat.
1777 1491 2111 1546 Ammonitas

522 1593 726 1662 quippe
772 1599 1145 1661 percusserat,
1214 1590 1302 1659 qui
1348 1588 1561 1643 dicebat
1605 1605 1618 1640 :
1670 1585 1880 1655 Castigo
1927 1600 2110 1652 corpus

518 1699 704 1749 meum,
735 1690 787 1736 et
823 1682 1053 1736 servituti
1074 1680 1314 1751 subjicio,
1340 1696 1403 1733 ne
1426 1680 1543 1733 aliis
1568 1678 1866 1747 pradicans
1883 1716 1900 1739 ,
1924 1691 2109 1745 repro-

518 1772 609 1827 bus
640 1775 833 1844 eﬂiciar
876 1772 938 1843 (1
969 1772 1091 1827 Cor.
1123 1787 1174 1825 1x
1197 1812 1211 1837 ,
1244 1771 1358 1839 27).
1409 1768 1709 1824 lnteriectls
1746 1768 1910 1821 etiam
1955 1766 2106 1829 aliis,

2210 575 2411 630 tionem
2438 576 2681 645 corporis
2704 576 2756 630 in
2789 582 2994 630 tantum
3021 575 3310 645 proﬁciunt
3337 577 3553 634 culmen
3586 582 3790 650 perfec-

2210 666 2395 734 tionis,
2429 680 2487 720 ut
2512 668 2579 719 ab
2609 668 2687 721 eis
2714 665 2974 735 quidquid
3007 682 3034 721 a
3062 682 3247 736 carne,
3274 668 3533 737 quidquid
3561 685 3593 723 a
3618 682 3796 729 mente

2209 758 2488 826 ingeritur,
2533 759 2723 813 leviter
2752 770 3057 827 superetur,
3089 760 3217 814 dum
3257 762 3553 817 convenire
3603 764 3659 818 in
3702 781 3796 835 pu-

2208 864 2366 920 gnam
2396 866 2503 905 non
2531 851 2740 906 sinitur.
2784 854 2946 922 268
2985 851 3052 905 Et
3090 852 3206 908 haec
3229 853 3447 922 quidem
3478 855 3708 910 victoria
3735 857 3799 912 de

2209 946 2459 999 omnibus
2487 946 2730 1001 sensibus
2756 946 2999 1014 corporis
3022 944 3179 1001 electi
3222 947 3544 1016 percipiunt,
3579 949 3673 1017 qui
3706 950 3800 1003 ob-

2209 1038 2474 1092 sidentem
2498 1037 2634 1091 Naas
2656 1037 2757 1092 sibi
2774 1037 3041 1102 subjicere
3068 1052 3166 1106 por
3190 1037 3533 1093 abstinentia
3552 1039 3797 1095 virtutem

2211 1138 2452 1200 possunt.
2490 1129 2624 1184 Nam
2651 1128 2855 1185 refecta
2881 1143 3011 1183 caro
3036 1136 3093 1183 et
3118 1128 3469 1198 impinguata,
3501 1129 3568 1184 ad
3597 1129 3800 1199 lapsum

2211 1220 2421 1289 linguae,
2455 1221 2754 1288 oculorum,
2797 1219 3031 1285 auditus,
3056 1219 3308 1289 allectus,
3340 1229 3396 1276 et
3426 1229 3606 1277 tactus
3640 1222 3802 1279 facilis

2211 1320 2313 1366 est.
2364 1312 2497 1366 Dum
2537 1325 2667 1381 ergo
2696 1311 2867 1367 illiciti
2896 1310 3259 1382 corporalium
3285 1326 3540 1367 sensuum
3568 1322 3747 1367 motus
3772 1328 3801 1367 s

2211 1402 2348 1470 gula:
2393 1403 2553 1465 vitio,
2600 1402 2667 1456 ad
2717 1404 2915 1458 mentis
2964 1415 3197 1472 pugnam
3243 1402 3606 1470 deducuntur,
3655 1403 3804 1474 quasi

2211 1493 2440 1547 Ammon
2489 1493 2721 1564 populus
2758 1493 2900 1549 Naas
2946 1506 3129 1562 regem
3172 1494 3239 1548 ad
3268 1492 3629 1549 lsraeiitarum
3660 1494 3803 1549 obsi-

2212 1584 2426 1639 dionem
2454 1585 2762 1640 comitatur.
2809 1584 2915 1641 Sed
2946 1586 3071 1643 dum
3112 1586 3252 1642 Naas
3282 1586 3524 1657 perfecte
3553 1586 3805 1655 vincitur,

2212 1676 2445 1731 Ammon
2477 1684 2532 1731 et
2561 1678 2922 1747 exstinguitur
2948 1694 3016 1734 ex
3046 1686 3222 1750 parte,
3253 1686 3308 1733 et
3351 1694 3419 1734 ex
3450 1687 3608 1749 parte
3650 1680 3730 1735 sic
3755 1681 3805 1736 in

2214 1769 2391 1839 fugam
2416 1771 2664 1837 vertitur,
2686 1779 2746 1825 ut
2767 1788 2833 1827 ex
2856 1787 2925 1828 eo
2946 1774 3053 1829 duo
3074 1775 3278 1845 pariter
3296 1789 3404 1829 non
3436 1773 3804 1841 inveniantur;

521 1868 777 1943 fugitivos
834 1866 1141 1922 interficere
1192 1881 1303 1921 non
1356 1872 1604 1935 poterat,
1662 1865 1787 1934 quia
1836 1863 2110 1933 deplorat,
2146 1852 2190 1912 Β
2217 1863 2342 1931 quia
2380 1860 2506 1916 dum
2536 1878 2632 1931 per
2678 1863 3062 1919 abstinentiam
3092 1880 3288 1935 corpus
3317 1865 3621 1929 atterimus,
3657 1865 3808 1921 innu-

517 1959 732 2014 dicens:
759 1958 922 2012 Video
948 1958 1107 2011 aliam
1136 1958 1300 2028 legem
1328 1958 1381 2010 in
1408 1958 1648 2010 membris
1666 1957 1790 2009 meis
1817 1970 2110 2026 repugnari.

520 2059 621 2104 tem
642 2049 743 2120 tegi
767 2048 953 2102 mentis
975 2064 1101 2103 mete
1131 2048 1308 2117 (Rom.
1341 2063 1432 2111 vn,
1460 2047 1574 2116 25).
1606 2046 1738 2101 Item
1770 2046 1895 2115 quia
1923 2044 2113 2099 debili~

516 2152 662 2198 talos
681 2141 922 2206 videbat,
953 2142 1045 2211 qui
1078 2148 1466 2205 remanserant,
1498 2140 1664 2194 dicit:
1689 2137 1854 2193 Nulla
1872 2149 2114 2193 creature

515 2236 704 2304 poterit
722 2250 818 2288 nos
847 2249 1093 2303 separare
1120 2248 1153 2286 a
1174 2232 1430 2285 charitate
1449 2230 1640 2285 Christi
1672 2230 1835 2302 (Ibid.
1859 2246 1972 2297 vm,
1996 2229 2110 2301 59).

516 2326 658 2395 Quid
685 2335 770 2381 est
792 2339 949 2395 ergo,
976 2324 1120 2395 quod
1162 2324 1413 2393 deplorat
1439 2325 1613 2393 legem
1643 2325 1821 2379 inesse
1861 2324 2117 2379 membris

520 2418 626 2487 legi
656 2417 854 2472 mentis
882 2423 1295 2487 repugnantem,
1325 2416 1370 2470 si
1399 2415 1651 2470 extinctis
1672 2415 1808 2481 aliis,
1834 2414 1925 2469 alii
1953 2414 2005 2469 in
2034 2414 2119 2469 fu-

524 2522 652 2581 gam
681 2507 824 2564 versi
854 2515 1016 2574 sunt;
1063 2506 1165 2562 nisi
1202 2509 1329 2576 quia
1378 2506 1604 2575 perfecti
1643 2506 1743 2560 viri
1782 2505 1888 2560 hoc
1917 2505 2112 2575 ipsum,

520 2607 667 2677 quod
700 2606 977 2676 simplices
1013 2611 1193 2661 motus
1221 2603 1399 2659 carnis
1427 2610 1616 2658 contra
1644 2601 1979 2657 voluntatem
2022 2618 2116 2656 su-

520 2699 745 2763 stinent,
775 2697 1128 2752 vehementer
1153 2694 1380 2750 dolent?
1404 2690 1623 2748 Vellent
1666 2693 1866 2762 quippe
1893 2692 1971 2747 sic
1998 2706 2118 2745 ma-

521 2808 656 2851 nere
680 2793 738 2849 in
766 2807 947 2858 carne,
980 2797 1041 2847 ut
1062 2797 1250 2847 contra
1276 2789 1475 2845 mentis
1503 2787 1840 2844 voluntatem
1866 2786 1935 2841 de
1954 2800 2119 2841 carne

519 2885 667 2943 nulla
690 2884 1050 2941 sustinerent.
1068 2880 1223 2949 Quod
1248 2879 1487 2949 quidem.
1507 2879 1635 2949 quia
1659 2878 1988 2949 impossibile
2012 2886 2117 2941 est,

521 2978 786 3049 praemisit
811 2978 996 3033 dicens
1021 2992 1036 3029 :
1076 2973 1221 3029 Velle
1242 2973 1447 3044 adjacet
1468 2974 1615 3039 mihi,
1646 2990 1795 3044 posse
1820 2984 1989 3027 autem
2014 2988 2121 3026 non

518 3068 747 3123 invenio.
777 3066 901 3122 Non
924 3068 1061 3121 enim
1082 3065 1216 3136 quod
1238 3066 1351 3119 volo
1373 3065 1579 3128 bonum,
1601 3066 1697 3119 hor
1718 3081 1847 3135 ago;
1874 3066 1964 3118 sed
1986 3064 2121 3135 quod

522 3158 607 3214 odi
635 3158 849 3222 malum,
870 3156 1003 3212 illud
1032 3153 1461 3228 facio(1bid.vu,
1488 3156 1575 3219 l8,
1606 3153 1717 3224 19).
1737 3154 1901 3221 Quasi
1929 3155 2074 3210 dicat
2104 3172 2119 3208 :

2212 1968 2391 2008 meros
2410 1960 2717 2008 nostrorum
2738 1968 2992 2010 sensuum
3015 1954 3233 2009 illicitos
3253 1961 3435 2009 motus
3450 1970 3805 2021 enervamus;

2218 2055 2274 2102 et
2298 2061 2436 2115 quos
2462 2047 2683 2102 omnino
2712 2047 2991 2103 eradicare
3018 2062 3127 2101 non
3154 2062 3459 2117 possumus,
3482 2048 3641 2116 quasi
3667 2047 3812 2102 debi-

2214 2140 2295 2195 les
2310 2139 2627 2209 eﬂugamus.
2654 2138 2735 2195 Ex
2761 2140 2954 2209 quibus
2976 2138 3085 2194 duo
3106 2139 3308 2207 pariter
3328 2137 3483 2193 nobis
3500 2138 3557 2193 in
3578 2153 3807 2209 pugnam

2217 2244 2327 2284 non
2358 2237 2679 2295 remanent;
2727 2230 2854 2299 quia
2898 2229 2953 2285 in
2983 2229 3345 2285 oblectatione
3372 2228 3601 2297 alicujus
3627 2244 3810 2285 sensus

2219 2320 2502 2390 corporei,
2559 2336 2667 2376 non
2713 2320 3093 2391 eonjungimus
3143 2336 3363 2377 sensum
3410 2322 3634 2378 mentis.
3682 2320 3809 2378 Nam

2218 2430 2361 2484 saepe
2388 2415 2558 2471 oculis
2584 2415 2894 2485 aspicimus,
2939 2430 3099 2486 saepte
3125 2415 3372 2471 audimus
3400 2415 3647 2480 auribus,
3676 2428 3811 2485 sape

2221 2514 2398 2574 tactu,
2443 2521 2585 2576 saepe
2615 2505 2817 2563 olfactu
2860 2506 3207 2577 percipimus,
3236 2522 3358 2577 quia
3396 2506 3671 2562 carnalem
3698 2505 3809 2560 sai-

2221 2615 2370 2655 mum
2397 2600 2615 2655 trahere
2643 2599 2710 2653 ad
2752 2599 2997 2655 illicitum
3029 2614 3270 2655 amorem
3301 2606 3555 2669 possunt,
3584 2596 3689 2653 sed
3716 2612 3810 2651 no-

2221 2702 2389 2747 stram
2417 2690 2653 2761 perfecte
2680 2705 2900 2746 carnem
2946 2689 3277 2745 macerando
3322 2689 3558 2743 victores
3598 2700 3811 2750 sumus,

2222 2783 2349 2852 quia
2374 2782 2512 2839 duos
2539 2783 2741 2852 pariter
2765 2782 2833 2837 de
2866 2782 3024 2838 victis
3051 2781 3377 2837 adversariis
3406 2795 3516 2835 non
3548 2779 3805 2834 videmus.

2222 2872 2663 2944 Concupiscenda
2686 2872 2904 2942 quidem
2937 2881 3066 2929 tunc
3085 2874 3377 2939 cernimus,
3408 2871 3504 2925 sed
3532 2871 3659 2925 ocul
3684 2883 3810 2923 ‘r'...n

2225 2966 2460 3020 motibus
2512 2966 2812 3035 appetitum
2862 2965 3054 3019 animae
3110 2965 3440 3032 conjungere
3492 2963 3809 3017 devitamus.

2224 3055 2379 3126 Smpe
2407 3056 2569 3111 etiam
2590 3056 2741 3111 cordi
2772 3056 3031 3127 cogitatio
3061 3056 3245 3111 illicita
3275 3056 3477 3121 obviat,
3509 3056 3607 3112 sed
3645 3056 3809 3109 victor

2226 3148 2525 3218 serpentis.
2576 3148 2854 3216 fugitivum
2883 3156 3088 3203 motum
3120 3163 3308 3211 suum,
3358 3162 3520 3216 quem
3568 3146 3810 3210 attendit,

442 3255 451 3259 ’
524 3249 733 3306 Vellem
764 3264 885 3306 esse
914 3250 971 3304 in
1010 3263 1194 3312 carne,
1228 3263 1335 3303 non
1367 3264 1431 3304 ea
1478 3245 1829 3319 perfectione,
1865 3262 1966 3315 qua
2000 3262 2125 3315 per-
2149 3232 2195 3292 C
2227 3239 2404 3295 solum
2442 3237 2666 3293 invenit.
2715 3237 2796 3293 Ad
2827 3252 2889 3292 ea
2920 3239 3063 3295 enim
3084 3278 3098 3303 ,
3133 3252 3253 3306 qure
3302 3237 3465 3292 corde
3513 3236 3814 3293 accidenter

528 3342 703 3398 fectus
728 3340 782 3397 in
814 3355 976 3396 carne
1002 3340 1278 3411 perfectus
1306 3346 1410 3405 est,
1441 3340 1537 3395 sed
1557 3340 1697 3395 sicut
1726 3338 1915 3407 Ange‘i
1946 3338 2037 3393 Dei
2068 3341 2119 3393 in

525 3434 686 3493 caelo.
710 3433 818 3491 Sed
860 3435 962 3490 hoc
985 3449 1147 3506 posse
1170 3450 1278 3490 non
1306 3434 1544 3498 invenio,
1569 3434 1693 3504 quia
1714 3434 1951 3504 quandiu
1975 3449 2121 3490 mors

530 3525 743 3597 peccati
773 3525 1029 3596 absorpta
1058 3525 1113 3580 in
1161 3524 1338 3581 futura
1365 3526 1762 3581 resurrectione
1802 3540 1909 3580 non
1938 3526 2118 3590 fuerit,

528 3619 683 3687 illud,
703 3618 848 3689 quod
870 3620 924 3675 in
952 3633 1041 3675 me
1069 3628 1352 3689 peccatum
1378 3620 1663 3687 inhabitat,
1687 3624 1869 3673 movet
1890 3634 1977 3672 me
2001 3633 2124 3673 con-

531 3716 621 3765 tra
665 3724 775 3765 me.
815 3708 920 3764 Sed
965 3710 1109 3779 quod
1153 3711 1421 3779 exstingui
1453 3718 1732 3780 peccatum
1774 3725 1879 3764 non
1922 3717 2121 3779 potest,

536 3799 763 3872 cffugari
787 3808 987 3873 potest.
1038 3800 1215 3857 Motus
1253 3804 1452 3874 quippe
1480 3803 1657 3858 carnis
1682 3803 1835 3872 quasi
1867 3804 1918 3858 in
1946 3803 2122 3874 fugam

532 3895 787 3963 vertitur,
814 3895 942 3951 dum
975 3896 1092 3967 ipsa
1123 3895 1263 3951 bene
1287 3893 1583 3965 jejunando
1613 3895 1921 3964 castigatur.
1948 3895 2124 3951 Tanto

532 3987 680 4042 enim
721 3986 897 4042 rarius
937 4000 1000 4042 ac
1028 3984 1298 4041 difficilius
1328 4000 1386 4040 se
1424 3995 1611 4041 contra
1657 3986 1901 4056 spiritum
1947 3988 2121 4055 erigit,

530 4080 733 4146 quanto
750 4074 851 4130 sibi
870 4089 991 4129 eam
1015 4074 1303 4144 praesidens
1328 4074 1545 4143 spiritus
1572 4090 1664 4142 per
1686 4074 2122 4128 extenuationem

533 4164 737 4234 subdit,
778 4180 901 4221 cum
930 4165 1007 4220 sic
1030 4178 1148 4219 eam
1180 4165 1380 4232 domat,
1416 4173 1473 4220 ut
1500 4164 1650 4221 tarde
1691 4166 1984 4236 superbiat,
2017 4168 2128 4220 cito

454 4270 459 4273 ‘
535 4255 912 4325 conquiescat.

613 4345 700 4399 14.
744 4345 851 4401 Sed
893 4343 1163 4399 subtiliter
1192 4353 1274 4400 est
1318 4346 1666 4415 intuendum,
1714 4348 1854 4417 quod
1887 4348 2123 4402 dicitur:

541 4434 608 4490 Ut
632 4454 734 4491 non
763 4436 1177 4508 relinquerentur
1205 4438 1306 4493 duo
1334 4442 1547 4510 pariter.
1570 4442 1683 4494 Duo
1707 4440 1919 4510 quidem
1952 4455 2126 4495 rema-

536 4534 693 4593 nent,
722 4526 814 4582 sed
846 4527 1047 4597 pariter
1075 4545 1182 4583 non
1213 4540 1515 4586 remanent.
1568 4532 1682 4585 Duo
1731 4533 1946 4600 quidem
1980 4543 2125 4600 sunt,

2226 3331 2452 3398 cogitat,
2484 3328 2720 3399 aliquem
2761 3332 2828 3385 de
2852 3330 3100 3385 sensibus
3126 3329 3369 3399 corporis
3396 3344 3493 3398 per
3522 3338 3731 3383 motum
3753 3329 3814 3382 il-

2225 3419 2430 3477 licitum
2482 3434 2821 3489 nequaquam
2851 3421 3010 3475 levat.
3046 3418 3204 3474 Tales
3244 3420 3445 3488 quippe
3474 3428 3636 3486 sunt,
3685 3434 3812 3489 quos

2227 3512 2491 3582 propheta
2511 3512 2757 3575 miratur,
2776 3511 2959 3567 dicens
2996 3529 3009 3564 :
3050 3510 3149 3575 Qui
3175 3520 3294 3564 sunt
3332 3510 3440 3575 isti,
3476 3512 3563 3581 qui
3588 3520 3646 3564 ut
3668 3511 3815 3566 nubes

2226 3602 2486 3668 uolunt,“
2506 3604 2653 3673 quasi
2682 3603 2931 3657 columba:
2955 3603 3024 3654 ad
3047 3604 3300 3673 fenestras
3320 3617 3441 3657 suas
3464 3600 3606 3670 (Isa.
3633 3618 3724 3664 1.x,
3743 3601 3814 3669 8).

2229 3694 2393 3760 Quasi
2421 3694 2562 3749 enim
2585 3693 2851 3749 columbis
2875 3694 2939 3746 ad
2965 3693 3231 3748 fenestras
3259 3707 3384 3747 suas
3410 3701 3559 3757 sunt,
3586 3694 3682 3762 qui
3706 3709 3817 3747 con-

2229 3785 2557 3857 cupiscenda
2581 3786 2872 3855 recipiunt,
2898 3784 2991 3839 sed
3013 3786 3411 3855 simplicitatem
3437 3785 3629 3839 mundi
3650 3782 3818 3839 cordis

2229 3874 2665 3947 concupiscendo
2692 3890 2800 3930 non
2841 3876 3105 3944 perdunt;
3136 3876 3264 3944 quia
3293 3873 3481 3929 vident
3508 3888 3634 3943 qua:
3662 3888 3814 3943 appe-

2231 3974 2382 4035 tant,
2412 3966 2505 4021 sed
2537 3966 2721 4021 illici.e
2754 3975 3013 4036 appetere
3041 3967 3182 4036 quod
3211 3972 3469 4029 cernunt,
3518 3966 3714 4019 vitant.
3744 3961 3817 4018 Ad

2231 4059 2371 4115 hanc
2399 4057 2642 4127 profecto
2668 4058 2971 4124 victoriam,
3011 4058 3134 4125 quia
3168 4055 3584 4126 praedicatorum
3614 4065 3815 4111 nostro-

2231 4166 2350 4204 rum
2382 4150 2538 4204 exlio:
2558 4152 2759 4205 talione
2788 4166 2902 4219 pro;
2926 4152 3119 4217 ριιυυδ,
3150 4148 3290 4204 bene
3322 4164 3415 4217 per
3444 4146 3574 4201 Sani
3600 4148 3814 4202 Ammo-

2233 4242 2467 4297 nitarum
2494 4244 2727 4311 populus
2766 4243 3007 4297 devictus
3038 4249 3095 4297 et
3119 4256 3289 4298 caesus
3318 4257 3437 4298 esse
3466 4251 3813 4297 memoratur.

2233 4331 2471 4399 Quorum
2516 4334 2761 4403 profecto
2806 4334 2944 4389 bella
2978 4350 3083 4390 non
3117 4333 3438 4396 uniformia.
3483 4332 3581 4388 sed
3610 4333 3815 4388 diversa

2232 4435 2377 4481 sunt.
2428 4427 2557 4482 Nam
2590 4428 2874 4496 aliquando
2920 4428 3161 4483 occultos
3190 4427 3529 4485 adversarios
3574 4436 3818 4498 potenter

2235 4523 2563 4591 opprimunt,
2594 4521 2881 4590 aliquando
2909 4521 3069 4574 falsos
3111 4522 3304 4576 fratres
3324 4521 3603 4589 sapienter
3626 4520 3815 4575 ferum.

536 4615 793 4683 cogitatio
840 4616 1137 4687 immunda,
1167 4628 1223 4674 et
1268 4622 1527 4677 naturalis
1574 4632 1751 4678 motus
1798 4624 1997 4678 carnis.
2047 4625 2124 4678 Ad
2151 4610 2360 4674 Dlilos
2388 4617 2533 4671 intus
2578 4630 2767 4683 magna
2802 4614 2999 4669 virtute
3042 4615 3294 4679 domant,
3344 4614 3476 4671 istos
3528 4613 3663 4667 foris
3692 4614 3817 4667 mira

534 4714 845 4761 sanctorum
888 4708 1106 4777 quidem
1155 4709 1464 4767 conflictum
1514 4714 1804 4781 aliquando
1852 4715 2125 4771 immunda

535 4800 793 4869 cogitatio
823 4803 1110 4872 pmvenit,
1163 4805 1847 4876 aliquando‘insurgentem
1878 4808 1977 4863 sibi
2008 4826 2129 4864 sen-

535 4889 677 4944 tiunt
707 4890 879 4960 legem
909 4894 1086 4949 carnis
1117 4903 1305 4950 contra
1339 4897 1509 4965 legem
1550 4900 1772 4966 mentis;
1804 4901 1895 4955 sed
1926 4903 2015 4971 qui
2044 4902 2128 4957 vi-

538 4986 716 5034 ctores
733 4979 845 5049 jam
875 4992 1021 5049 sunt,
1054 4983 1240 5040 hostes
1268 4986 1320 5039 in
1357 4986 1532 5056 fugam
1562 5004 1748 5044 versos
1776 5007 1883 5047 non
1912 4994 2123 5059 timent,

537 5072 584 5125 si
626 5072 820 5129 iterum
852 5077 918 5131 ad
950 5091 1185 5147 pugnam
1211 5080 1468 5146 redeunt;
1498 5084 1624 5151 quia
1654 5098 1777 5139 cum
1807 5085 1884 5139 eis
1926 5086 2129 5155 pariter

537 5178 779 5233 pugnare
804 5183 911 5221 non
942 5179 1188 5238 possunt.
1240 5171 1372 5227 Nam
1399 5188 1520 5229 cum
1559 5191 1722 5245 prava
1747 5179 2001 5247 cogitatio
2028 5181 2128 5236 ob-

536 5253 671 5321 viat,
700 5254 851 5326 prius
878 5273 997 5314 eam
1024 5262 1306 5333 abjiciunt,
1348 5280 1508 5335 quam
1538 5267 1606 5321 de
1638 5269 1753 5337 ejus
1789 5271 2129 5339 suggestione

537 5357 668 5400 caro
705 5357 1007 5405 moveatur.
1050 5351 1263 5409 Etcum
1292 5356 1469 5411 carnis
1494 5356 1582 5413 lex
1618 5359 1859 5415 membra
1887 5377 2129 5418 commo-

538 5442 655 5499 vet,
684 5436 770 5492 lex
797 5440 994 5497 mentis
1024 5450 1235 5516 turpem
1256 5454 1482 5512 motum,
1515 5450 1689 5519 turpia
1719 5452 2005 5520 cogitando
2028 5470 2128 5511 ne-

544 5538 812 5595 quaquam
841 5529 1026 5600 fovet;
1053 5542 1109 5589 et
1136 5535 1264 5590 dum
1289 5537 1517 5593 alterum
1551 5541 1751 5609 abjicit,
1785 5544 2004 5600 alterius
2033 5562 2132 5616 pu-

544 5628 706 5686 gnam
750 5636 1088 5693 nequaquam
1135 5629 1319 5682 sentit.
1367 5628 1509 5686 Bene
1553 5647 1681 5700 ergo
1721 5634 1788 5687 de
1835 5636 2130 5693 electorum

542 5708 784 5777 perfecta
811 5716 1036 5771 victoria
1067 5718 1285 5787 dicitur,
1330 5722 1453 5790 quia
1482 5740 1494 5775 :
1528 5722 1762 5793 Dispersi
1790 5737 1911 5781 sunt
1940 5730 2049 5799 alii,
2074 5743 2131 5787 ut

518 5876 526 5925 τ
618 5854 645 5883 δ
674 5847 864 5916 Aliter,
887 5851 1063 5921 aliqua
1091 5851 1315 5908 libidinis
1341 5857 1599 5921 turpitudo
1623 5874 1726 5915 non
1755 5862 1835 5915 sit.

2238 4708 2497 4779 patientia
2530 4709 2623 4763 toi:
2644 4717 2785 4761 rant.
2810 4706 2956 4763 Intus
2988 4724 3082 4775 per
3104 4709 3364 4763 immensa
3394 4709 3695 4765 certamina
3720 4721 3819 4761 ma-

2237 4815 2469 4869 gnorum
2513 4801 2904 4869 triumphorum
2932 4799 3103 4867 gloria
3134 4800 3369 4869 insignes
3392 4808 3538 4865 sunt,
3568 4804 3668 4856 sed
3698 4799 3819 4853 foris

2238 4890 2747 4959 incomparabilibus
2796 4898 2959 4945 tanta:
3006 4891 3436 4949 mansuetudinis
3496 4906 3611 4947 sua
3660 4891 3819 4947 titulis

2236 4983 2586 5041 adornantur.
2617 4981 2717 5049 Qui
2745 4996 2875 5050 ergo
2920 4982 3149 5041 internas
3177 4984 3419 5039 victoriae
3455 4986 3818 5040 narrationem

2235 5075 2607 5144 cognovimus,
2640 5073 2873 5143 qualiter
2900 5074 3062 5131 etiam
3091 5074 3223 5129 foris
3250 5075 3487 5140 vincant,
3521 5075 3816 5131 audiamus.

2234 5165 2365 5223 Nam
2394 5169 2636 5237 sequitur
2660 5186 2672 5223 :

2306 5256 2375 5322 Et
2404 5272 2477 5323 ait
2515 5270 2734 5341 populus
2774 5270 2843 5323 ad
2869 5270 3207 5325 Samuetem:
3238 5268 3367 5333 Quis
3394 5279 3498 5337 est,
3525 5272 3614 5340 qui
3645 5270 3776 5325 dixit
3801 5282 3819 5321 :

2238 5362 2371 5418 Saut
2408 5381 2531 5417 num
2558 5364 2791 5435 regnabit
2820 5380 2973 5433 super
2997 5365 3132 5419 nos?
3171 5362 3309 5419 Date
3348 5365 3505 5427 viros,
3532 5372 3583 5416 et
3627 5361 3820 5429 interﬁ-

2236 5457 2427 5509 ciemus
2453 5473 2559 5512 eos.
2591 5456 2662 5510 Et
2690 5459 2767 5511 ait
2805 5457 2935 5512 Saut
2958 5474 2976 5511 :
3005 5456 3132 5513 Non
3179 5459 3442 5513 occidetur
3466 5456 3739 5528 quisquam
3766 5455 3815 5508 iu

2234 5547 2318 5601 die
2346 5548 2461 5614 hac,
2489 5550 2610 5619 quia
2636 5551 2757 5619 fecit
2786 5549 3039 5607 Dor-inus
3062 5551 3278 5604 salutent
3303 5551 3359 5603 in
3388 5548 3584 5603 Israel.

2306 5639 2395 5694 15.
2426 5642 2504 5695 Ad
2532 5641 2840 5696 Samuelem
2868 5642 3072 5712 quippe
3098 5641 3357 5697 Dominus
3382 5640 3631 5710 superius
3666 5636 3809 5692 dixe-

2235 5742 2319 5789 rat
2352 5751 2366 5786 :
2392 5732 2514 5788 Non
2548 5742 2595 5786 te
2621 5733 2943 5805 abjecerunt,
2967 5735 3059 5789 sed
3085 5750 3183 5802 me,
3214 5751 3279 5791 ne
3316 5748 3527 5805 regnem
3554 5746 3707 5800 super
3730 5739 3807 5781 eos
