  <div class='ocr_page' id='page_1' title='image "/cluster/home/n/w/nwhite01/storage/ocr_20150623/79/hvd.32044015469414/168.png"; bbox 0 0 4020 6344; ppageno 0'>
   <div class='ocr_carea' id='block_1_1' title="bbox 207 413 305 473">
    <p class='ocr_par' dir='ltr' id='par_1_1' title="bbox 207 413 305 473">
     <span class='ocr_line' id='line_1_1' title="bbox 207 413 305 473; baseline 0.031 -4"><span class='ocrx_word' id='word_1_1' title='bbox 207 413 305 473; x_wconf 73' lang='lat'><strong>5‘25</strong></span> 
     </span>
    </p>
   </div>
   <div class='ocr_carea' id='block_1_2' title="bbox 1021 402 2618 474">
    <p class='ocr_par' dir='ltr' id='par_1_2' title="bbox 1021 402 2618 474">
     <span class='ocr_line' id='line_1_2' title="bbox 1021 402 2618 474; baseline -0.004 0"><span class='ocrx_word' id='word_1_2' title='bbox 1021 417 1090 474; x_wconf 76' lang='lat' dir='ltr'><strong>IN</strong></span> <span class='ocrx_word' id='word_1_3' title='bbox 1125 410 1390 472; x_wconf 79' lang='lat' dir='ltr'><strong>PRIMUM</strong></span> <span class='ocrx_word' id='word_1_4' title='bbox 1421 404 1668 468; x_wconf 67' lang='grc' dir='ltr'>ιιΕοοΜ</span> <span class='ocrx_word' id='word_1_5' title='bbox 1707 402 2231 468; x_wconf 66' lang='lat' dir='ltr'><strong>EXPOSITIONES.</strong></span> <span class='ocrx_word' id='word_1_6' title='bbox 2270 440 2342 454; x_wconf 93' lang='lat'><strong>—</strong></span> <span class='ocrx_word' id='word_1_7' title='bbox 2378 411 2508 469; x_wconf 83' lang='lat' dir='ltr'><strong>LIB.</strong></span> <span class='ocrx_word' id='word_1_8' title='bbox 2551 411 2618 470; x_wconf 71' lang='grc' dir='ltr'><strong>ν.</strong></span> 
     </span>
    </p>
   </div>
   <div class='ocr_carea' id='block_1_3' title="bbox 3373 407 3477 470">
    <p class='ocr_par' dir='ltr' id='par_1_3' title="bbox 3373 407 3477 470">
     <span class='ocr_line' id='line_1_3' title="bbox 3373 407 3477 470; baseline -0.067 0"><span class='ocrx_word' id='word_1_9' title='bbox 3373 407 3477 470; x_wconf 70' lang='lat'><strong>326</strong></span> 
     </span>
    </p>
   </div>
   <div class='ocr_carea' id='block_1_4' title="bbox 208 522 3481 603">
    <p class='ocr_par' dir='ltr' id='par_1_4' title="bbox 208 522 3481 603">
     <span class='ocr_line' id='line_1_4' title="bbox 208 522 3481 603; baseline -0.001 -17"><span class='ocrx_word' id='word_1_10' title='bbox 208 530 259 603; x_wconf 90' lang='grc' dir='ltr'><strong>(Ι</strong></span> <span class='ocrx_word' id='word_1_11' title='bbox 276 529 402 599; x_wconf 78' lang='lat' dir='ltr'><strong>Reg.</strong></span> <span class='ocrx_word' id='word_1_12' title='bbox 423 544 536 594; x_wconf 87' lang='lat' dir='ltr'><strong>vm,</strong></span> <span class='ocrx_word' id='word_1_13' title='bbox 561 527 640 597; x_wconf 90' lang='lat'><strong>7).</strong></span> <span class='ocrx_word' id='word_1_14' title='bbox 663 526 739 584; x_wconf 90' lang='lat' dir='ltr'><strong>De</strong></span> <span class='ocrx_word' id='word_1_15' title='bbox 751 527 878 585; x_wconf 85' lang='lat' dir='ltr'><strong>Saul</strong></span> <span class='ocrx_word' id='word_1_16' title='bbox 892 537 1072 586; x_wconf 86' lang='lat' dir='ltr'><strong>autem</strong></span> <span class='ocrx_word' id='word_1_17' title='bbox 1098 529 1262 599; x_wconf 85' lang='lat' dir='ltr'><strong>paulo</strong></span> <span class='ocrx_word' id='word_1_18' title='bbox 1289 536 1414 582; x_wconf 89' lang='lat' dir='ltr'><strong>ante</strong></span> <span class='ocrx_word' id='word_1_19' title='bbox 1436 525 1636 581; x_wconf 89' lang='lat' dir='ltr'><strong>dictum</strong></span> <span class='ocrx_word' id='word_1_20' title='bbox 1661 528 1743 579; x_wconf 82' lang='lat' dir='ltr'><strong>est</strong></span> <span class='ocrx_word' id='word_1_21' title='bbox 1769 540 1779 574; x_wconf 93' lang='lat'><strong>:</strong></span> <span class='ocrx_word' id='word_1_22' title='bbox 1813 522 1866 582; x_wconf 78' lang='grc' dir='ltr'><strong>Α</strong></span> <span class='ocrx_word' id='word_1_23' title='bbox 1889 531 2064 594; x_wconf 68' lang='lat' dir='ltr'><strong>Satur,</strong></span> <span class='ocrx_word' id='word_1_24' title='bbox 2093 533 2270 580; x_wconf 91' lang='lat' dir='ltr'><strong>utrum</strong></span> <span class='ocrx_word' id='word_1_25' title='bbox 2292 524 2362 580; x_wconf 99' lang='lat' dir='ltr'><strong>sit</strong></span> <span class='ocrx_word' id='word_1_26' title='bbox 2385 525 2603 594; x_wconf 89' lang='lat' dir='ltr'><strong>merito,</strong></span> <span class='ocrx_word' id='word_1_27' title='bbox 2625 524 2769 596; x_wconf 86' lang='lat' dir='ltr'><strong>quod</strong></span> <span class='ocrx_word' id='word_1_28' title='bbox 2795 533 2879 584; x_wconf 82' lang='lat' dir='ltr'><strong>est</strong></span> <span class='ocrx_word' id='word_1_29' title='bbox 2905 525 3114 597; x_wconf 83' lang='lat' dir='ltr'><strong>ordino,</strong></span> <span class='ocrx_word' id='word_1_30' title='bbox 3138 541 3250 588; x_wconf 85' lang='lat' dir='ltr'><strong>non</strong></span> <span class='ocrx_word' id='word_1_31' title='bbox 3274 539 3481 598; x_wconf 82' lang='lat' dir='ltr'><strong>cogno-</strong></span> 
     </span>
    </p>
   </div>
   <div class='ocr_carea' id='block_1_5' title="bbox 209 617 1784 686">
    <p class='ocr_par' dir='ltr' id='par_1_5' title="bbox 209 617 1784 686">
     <span class='ocr_line' id='line_1_5' title="bbox 209 617 1784 686; baseline -0.004 -12"><span class='ocrx_word' id='word_1_32' title='bbox 209 621 336 686; x_wconf 74' lang='lat' dir='ltr'><strong>Quia</strong></span> <span class='ocrx_word' id='word_1_33' title='bbox 381 621 727 686; x_wconf 68' lang='lat' dir='ltr'><strong>despexerunt</strong></span> <span class='ocrx_word' id='word_1_34' title='bbox 764 637 897 684; x_wconf 88' lang='lat' dir='ltr'><strong>eum,</strong></span> <span class='ocrx_word' id='word_1_35' title='bbox 929 628 979 673; x_wconf 85' lang='lat' dir='ltr'><strong>et</strong></span> <span class='ocrx_word' id='word_1_36' title='bbox 1024 637 1127 674; x_wconf 86' lang='lat' dir='ltr'><strong>non</strong></span> <span class='ocrx_word' id='word_1_37' title='bbox 1175 619 1458 673; x_wconf 83' lang='lat' dir='ltr'><strong>attulerunt</strong></span> <span class='ocrx_word' id='word_1_38' title='bbox 1495 617 1542 671; x_wconf 88' lang='lat' dir='ltr'><strong>ei</strong></span> <span class='ocrx_word' id='word_1_39' title='bbox 1569 632 1784 670; x_wconf 84' lang='lat' dir='ltr'><strong>munera</strong></span> 
     </span>
    </p>
   </div>
   <div class='ocr_carea' id='block_1_6' title="bbox 208 708 1787 800">
    <p class='ocr_par' dir='ltr' id='par_1_6' title="bbox 208 708 1787 800">
     <span class='ocr_line' id='line_1_6' title="bbox 208 708 1787 800; baseline -0.002 -33"><span class='ocrx_word' id='word_1_40' title='bbox 208 712 388 781; x_wconf 60' lang='lat' dir='ltr'><strong>(Ibid,</strong></span> <span class='ocrx_word' id='word_1_41' title='bbox 422 728 475 773; x_wconf 64' lang='grc' dir='ltr'><strong>χ,</strong></span> <span class='ocrx_word' id='word_1_42' title='bbox 500 710 615 774; x_wconf 76' lang='lat'><strong>9.7).</strong></span> <span class='ocrx_word' id='word_1_43' title='bbox 642 709 747 765; x_wconf 86' lang='lat' dir='ltr'><strong>Sed</strong></span> <span class='ocrx_word' id='word_1_44' title='bbox 771 712 860 766; x_wconf 90' lang='lat' dir='ltr'><strong>ille</strong></span> <span class='ocrx_word' id='word_1_45' title='bbox 886 711 1148 779; x_wconf 86' lang='lat' dir='ltr'><strong>abjectus,</strong></span> <span class='ocrx_word' id='word_1_46' title='bbox 1171 712 1270 766; x_wconf 86' lang='lat' dir='ltr'><strong>iste</strong></span> <span class='ocrx_word' id='word_1_47' title='bbox 1298 711 1602 800; x_wconf 75' lang='lat' dir='ltr'><strong>despectus,</strong></span> <span class='ocrx_word' id='word_1_48' title='bbox 1636 708 1787 765; x_wconf 73' lang='lat' dir='ltr'><strong>crcsis</strong></span> 
     </span>
    </p>
   </div>
   <div class='ocr_carea' id='block_1_7' title="bbox 133 802 1788 874">
    <p class='ocr_par' dir='ltr' id='par_1_7' title="bbox 133 802 1788 874">
     <span class='ocr_line' id='line_1_7' title="bbox 133 802 1788 874; baseline -0.002 -16"><span class='ocrx_word' id='word_1_49' title='bbox 133 863 140 872; x_wconf 51' lang='grc'><em>,</em></span> <span class='ocrx_word' id='word_1_50' title='bbox 204 804 306 874; x_wconf 87' lang='lat' dir='ltr'><strong>jam</strong></span> <span class='ocrx_word' id='word_1_51' title='bbox 343 802 588 856; x_wconf 79' lang='lat' dir='ltr'><strong>hostibus</strong></span> <span class='ocrx_word' id='word_1_52' title='bbox 616 812 904 858; x_wconf 78' lang='lat' dir='ltr'><strong>consecuta</strong></span> <span class='ocrx_word' id='word_1_53' title='bbox 930 803 1176 870; x_wconf 73' lang='lat' dir='ltr'><strong>victoria,</strong></span> <span class='ocrx_word' id='word_1_54' title='bbox 1206 802 1588 858; x_wconf 77' lang='lat' dir='ltr'><strong>vociferantem</strong></span> <span class='ocrx_word' id='word_1_55' title='bbox 1619 815 1788 872; x_wconf 86' lang='lat' dir='ltr'><strong>pOpu-</strong></span> 
     </span>
    </p>
   </div>
   <div class='ocr_carea' id='block_1_8' title="bbox 205 890 1784 964">
    <p class='ocr_par' dir='ltr' id='par_1_8' title="bbox 205 890 1784 964">
     <span class='ocr_line' id='line_1_8' title="bbox 205 890 1784 964; baseline -0.004 -14"><span class='ocrx_word' id='word_1_56' title='bbox 205 895 308 950; x_wconf 89' lang='lat' dir='ltr'><strong>lum</strong></span> <span class='ocrx_word' id='word_1_57' title='bbox 341 893 544 946; x_wconf 82' lang='lat' dir='ltr'><strong>audivit</strong></span> <span class='ocrx_word' id='word_1_58' title='bbox 585 910 598 946; x_wconf 93' lang='lat'><strong>:</strong></span> <span class='ocrx_word' id='word_1_59' title='bbox 644 890 780 948; x_wconf 86' lang='lat' dir='ltr'><strong>Date</strong></span> <span class='ocrx_word' id='word_1_60' title='bbox 808 890 954 950; x_wconf 86' lang='lat' dir='ltr'><strong>nobis</strong></span> <span class='ocrx_word' id='word_1_61' title='bbox 993 894 1145 960; x_wconf 88' lang='lat' dir='ltr'><strong>viros,</strong></span> <span class='ocrx_word' id='word_1_62' title='bbox 1195 902 1244 947; x_wconf 78' lang='lat' dir='ltr'><strong>et</strong></span> <span class='ocrx_word' id='word_1_63' title='bbox 1282 893 1649 964; x_wconf 79' lang='lat' dir='ltr'><strong>interficiemus</strong></span> <span class='ocrx_word' id='word_1_64' title='bbox 1678 907 1784 945; x_wconf 88' lang='lat' dir='ltr'><strong>eos.</strong></span> 
     </span>
    </p>
   </div>
   <div class='ocr_carea' id='block_1_9' title="bbox 205 985 1788 1062">
    <p class='ocr_par' dir='ltr' id='par_1_9' title="bbox 205 985 1788 1062">
     <span class='ocr_line' id='line_1_9' title="bbox 205 985 1788 1062; baseline -0.003 -18"><span class='ocrx_word' id='word_1_65' title='bbox 205 987 391 1044; x_wconf 87' lang='lat' dir='ltr'><strong>Posset</strong></span> <span class='ocrx_word' id='word_1_66' title='bbox 433 989 650 1059; x_wconf 82' lang='lat' dir='ltr'><strong>quidem</strong></span> <span class='ocrx_word' id='word_1_67' title='bbox 681 998 928 1062; x_wconf 89' lang='lat' dir='ltr'><strong>uterque,</strong></span> <span class='ocrx_word' id='word_1_68' title='bbox 976 1005 1086 1044; x_wconf 93' lang='lat' dir='ltr'><strong>non</strong></span> <span class='ocrx_word' id='word_1_69' title='bbox 1116 986 1506 1054; x_wconf 84' lang='lat' dir='ltr'><strong>interﬁciendo,</strong></span> <span class='ocrx_word' id='word_1_70' title='bbox 1535 985 1630 1041; x_wconf 89' lang='lat' dir='ltr'><strong>sed</strong></span> <span class='ocrx_word' id='word_1_71' title='bbox 1653 1001 1788 1040; x_wconf 88' lang='lat' dir='ltr'><strong>con-</strong></span> 
     </span>
    </p>
   </div>
   <div class='ocr_carea' id='block_1_10' title="bbox 203 1075 1791 1149">
    <p class='ocr_par' dir='ltr' id='par_1_10' title="bbox 203 1075 1791 1149">
     <span class='ocr_line' id='line_1_10' title="bbox 203 1075 1791 1149; baseline -0.004 -12"><span class='ocrx_word' id='word_1_72' title='bbox 203 1080 506 1147; x_wconf 86' lang='lat' dir='ltr'><strong>sentiendo,</strong></span> <span class='ocrx_word' id='word_1_73' title='bbox 551 1081 619 1135; x_wconf 92' lang='lat' dir='ltr'><strong>de</strong></span> <span class='ocrx_word' id='word_1_74' title='bbox 649 1080 877 1136; x_wconf 90' lang='lat' dir='ltr'><strong>inimicis</strong></span> <span class='ocrx_word' id='word_1_75' title='bbox 905 1080 1187 1149; x_wconf 89' lang='lat' dir='ltr'><strong>vindicari,</strong></span> <span class='ocrx_word' id='word_1_76' title='bbox 1228 1079 1322 1136; x_wconf 90' lang='lat' dir='ltr'><strong>sed</strong></span> <span class='ocrx_word' id='word_1_77' title='bbox 1353 1079 1514 1134; x_wconf 87' lang='lat' dir='ltr'><strong>etiam</strong></span> <span class='ocrx_word' id='word_1_78' title='bbox 1544 1077 1669 1146; x_wconf 84' lang='lat' dir='ltr'><strong>quia</strong></span> <span class='ocrx_word' id='word_1_79' title='bbox 1697 1075 1791 1131; x_wconf 87' lang='lat' dir='ltr'><strong>ab-</strong></span> 
     </span>
    </p>
   </div>
   <div class='ocr_carea' id='block_1_11' title="bbox 199 1169 1793 1245">
    <p class='ocr_par' dir='ltr' id='par_1_11' title="bbox 199 1169 1793 1245">
     <span class='ocr_line' id='line_1_11' title="bbox 199 1169 1793 1245; baseline -0.003 -17"><span class='ocrx_word' id='word_1_80' title='bbox 199 1174 372 1244; x_wconf 86' lang='lat' dir='ltr'><strong>jectus</strong></span> <span class='ocrx_word' id='word_1_81' title='bbox 415 1172 589 1228; x_wconf 79' lang='lat' dir='ltr'><strong>fuerat</strong></span> <span class='ocrx_word' id='word_1_82' title='bbox 616 1175 880 1245; x_wconf 85' lang='lat' dir='ltr'><strong>propheta</strong></span> <span class='ocrx_word' id='word_1_83' title='bbox 927 1174 1188 1243; x_wconf 85' lang='lat' dir='ltr'><strong>loquitur,</strong></span> <span class='ocrx_word' id='word_1_84' title='bbox 1213 1189 1309 1230; x_wconf 86' lang='lat' dir='ltr'><strong>rex</strong></span> <span class='ocrx_word' id='word_1_85' title='bbox 1337 1173 1620 1244; x_wconf 83' lang='lat' dir='ltr'><strong>despecms</strong></span> <span class='ocrx_word' id='word_1_86' title='bbox 1649 1169 1793 1227; x_wconf 87' lang='lat' dir='ltr'><strong>favet</strong></span> 
     </span>
    </p>
   </div>
   <div class='ocr_carea' id='block_1_12' title="bbox 203 1264 1795 1338">
    <p class='ocr_par' dir='ltr' id='par_1_12' title="bbox 203 1264 1795 1338">
     <span class='ocr_line' id='line_1_12' title="bbox 203 1264 1795 1338; baseline -0.001 -18"><span class='ocrx_word' id='word_1_87' title='bbox 203 1265 441 1322; x_wconf 82' lang='lat' dir='ltr'><strong>dicenti:</strong></span> <span class='ocrx_word' id='word_1_88' title='bbox 474 1265 595 1321; x_wconf 88' lang='lat' dir='ltr'><strong>Non</strong></span> <span class='ocrx_word' id='word_1_89' title='bbox 626 1267 884 1320; x_wconf 78' lang='lat' dir='ltr'><strong>occidetur</strong></span> <span class='ocrx_word' id='word_1_90' title='bbox 923 1268 1224 1338; x_wconf 79' lang='lat' dir='ltr'><strong>quisquam,</strong></span> <span class='ocrx_word' id='word_1_91' title='bbox 1278 1267 1404 1338; x_wconf 87' lang='lat' dir='ltr'><strong>quia</strong></span> <span class='ocrx_word' id='word_1_92' title='bbox 1451 1264 1624 1321; x_wconf 90' lang='lat' dir='ltr'><strong>sancti</strong></span> <span class='ocrx_word' id='word_1_93' title='bbox 1665 1279 1795 1336; x_wconf 75' lang='lat' dir='ltr'><strong>prte-</strong></span> 
     </span>
    </p>
   </div>
   <div class='ocr_carea' id='block_1_13' title="bbox 204 1355 1792 1427">
    <p class='ocr_par' dir='ltr' id='par_1_13' title="bbox 204 1355 1792 1427">
     <span class='ocr_line' id='line_1_13' title="bbox 204 1355 1792 1427; baseline -0.002 -16"><span class='ocrx_word' id='word_1_94' title='bbox 204 1355 475 1412; x_wconf 91' lang='lat' dir='ltr'><strong>dicatores</strong></span> <span class='ocrx_word' id='word_1_95' title='bbox 530 1357 698 1412; x_wconf 89' lang='lat' dir='ltr'><strong>nostri</strong></span> <span class='ocrx_word' id='word_1_96' title='bbox 751 1357 943 1427; x_wconf 79' lang='lat' dir='ltr'><strong>majori</strong></span> <span class='ocrx_word' id='word_1_97' title='bbox 992 1357 1217 1412; x_wconf 81' lang='lat' dir='ltr'><strong>victoria</strong></span> <span class='ocrx_word' id='word_1_98' title='bbox 1267 1363 1628 1422; x_wconf 85' lang='lat' dir='ltr'><strong>coronantur,</strong></span> <span class='ocrx_word' id='word_1_99' title='bbox 1671 1368 1792 1409; x_wconf 91' lang='lat' dir='ltr'><strong>cum</strong></span> 
     </span>
    </p>
   </div>
   <div class='ocr_carea' id='block_1_14' title="bbox 205 1443 1794 1519">
    <p class='ocr_par' dir='ltr' id='par_1_14' title="bbox 205 1443 1794 1519">
     <span class='ocr_line' id='line_1_14' title="bbox 205 1443 1794 1519; baseline -0.001 -17"><span class='ocrx_word' id='word_1_100' title='bbox 205 1454 232 1485; x_wconf 80' lang='grc'>⁸</span> <span class='ocrx_word' id='word_1_101' title='bbox 260 1448 491 1503; x_wconf 85' lang='lat' dir='ltr'><strong>adversa</strong></span> <span class='ocrx_word' id='word_1_102' title='bbox 545 1449 914 1519; x_wconf 85' lang='lat' dir='ltr'><strong>proximorum</strong></span> <span class='ocrx_word' id='word_1_103' title='bbox 958 1448 1230 1514; x_wconf 78' lang='lat' dir='ltr'><strong>tolerant,</strong></span> <span class='ocrx_word' id='word_1_104' title='bbox 1282 1462 1444 1518; x_wconf 90' lang='lat' dir='ltr'><strong>quam</strong></span> <span class='ocrx_word' id='word_1_105' title='bbox 1497 1462 1619 1501; x_wconf 89' lang='lat' dir='ltr'><strong>cum</strong></span> <span class='ocrx_word' id='word_1_106' title='bbox 1666 1443 1794 1500; x_wconf 79' lang='lat' dir='ltr'><strong>foris</strong></span> 
     </span>
    </p>
   </div>
   <div class='ocr_carea' id='block_1_15' title="bbox 203 1534 1797 1608">
    <p class='ocr_par' dir='ltr' id='par_1_15' title="bbox 203 1534 1797 1608">
     <span class='ocr_line' id='line_1_15' title="bbox 203 1534 1797 1608; baseline -0.002 -14"><span class='ocrx_word' id='word_1_107' title='bbox 203 1537 391 1595; x_wconf 82' lang='lat' dir='ltr'><strong>hostes</strong></span> <span class='ocrx_word' id='word_1_108' title='bbox 425 1548 754 1608; x_wconf 76' lang='lat' dir='ltr'><strong>expugnant.</strong></span> <span class='ocrx_word' id='word_1_109' title='bbox 793 1537 945 1594; x_wconf 88' lang='lat' dir='ltr'><strong>Unde</strong></span> <span class='ocrx_word' id='word_1_110' title='bbox 982 1546 1038 1593; x_wconf 87' lang='lat' dir='ltr'><strong>et</strong></span> <span class='ocrx_word' id='word_1_111' title='bbox 1081 1553 1210 1593; x_wconf 88' lang='lat' dir='ltr'><strong>vera</strong></span> <span class='ocrx_word' id='word_1_112' title='bbox 1252 1536 1516 1606; x_wconf 77' lang='lat' dir='ltr'><strong>sapientia</strong></span> <span class='ocrx_word' id='word_1_113' title='bbox 1560 1536 1611 1591; x_wconf 91' lang='lat' dir='ltr'><strong>in</strong></span> <span class='ocrx_word' id='word_1_114' title='bbox 1641 1534 1797 1591; x_wconf 86' lang='lat' dir='ltr'><strong>Salo-</strong></span> 
     </span>
    </p>
   </div>
   <div class='ocr_carea' id='block_1_16' title="bbox 201 1625 1790 1706">
    <p class='ocr_par' dir='ltr' id='par_1_16' title="bbox 201 1625 1790 1706">
     <span class='ocr_line' id='line_1_16' title="bbox 201 1625 1790 1706; baseline -0.003 -20"><span class='ocrx_word' id='word_1_115' title='bbox 201 1646 364 1686; x_wconf 85' lang='lat' dir='ltr'><strong>mone</strong></span> <span class='ocrx_word' id='word_1_116' title='bbox 410 1631 676 1700; x_wconf 87' lang='lat' dir='ltr'><strong>loquitur,</strong></span> <span class='ocrx_word' id='word_1_117' title='bbox 731 1631 891 1706; x_wconf 72' lang='grc'><strong>269</strong></span> <span class='ocrx_word' id='word_1_118' title='bbox 919 1630 1101 1684; x_wconf 90' lang='lat' dir='ltr'><strong>dicens</strong></span> <span class='ocrx_word' id='word_1_119' title='bbox 1141 1648 1154 1682; x_wconf 90' lang='lat'><strong>:</strong></span> <span class='ocrx_word' id='word_1_120' title='bbox 1189 1627 1380 1684; x_wconf 83' lang='lat' dir='ltr'><strong>Melior</strong></span> <span class='ocrx_word' id='word_1_121' title='bbox 1407 1637 1485 1682; x_wconf 82' lang='lat' dir='ltr'><strong>est</strong></span> <span class='ocrx_word' id='word_1_122' title='bbox 1510 1625 1537 1663; x_wconf 71' lang='grc' dir='ltr'>δ</span> <span class='ocrx_word' id='word_1_123' title='bbox 1566 1628 1790 1697; x_wconf 87' lang='lat' dir='ltr'><strong>patiens,</strong></span> 
     </span>
    </p>
   </div>
   <div class='ocr_carea' id='block_1_17' title="bbox 199 1721 1798 1796">
    <p class='ocr_par' dir='ltr' id='par_1_17' title="bbox 199 1721 1798 1796">
     <span class='ocr_line' id='line_1_17' title="bbox 199 1721 1798 1796; baseline -0.004 -14"><span class='ocrx_word' id='word_1_124' title='bbox 199 1726 309 1782; x_wconf 75' lang='lat' dir='ltr'><strong>viro</strong></span> <span class='ocrx_word' id='word_1_125' title='bbox 343 1727 467 1796; x_wconf 78' lang='lat' dir='ltr'><strong>forti</strong></span> <span class='ocrx_word' id='word_1_126' title='bbox 489 1724 671 1793; x_wconf 83' lang='lat' dir='ltr'><strong>(Prov,</strong></span> <span class='ocrx_word' id='word_1_127' title='bbox 702 1741 792 1779; x_wconf 73' lang='lat' dir='ltr'><strong>xvn</strong></span> <span class='ocrx_word' id='word_1_128' title='bbox 812 1767 826 1793; x_wconf 92' lang='lat'><strong>,</strong></span> <span class='ocrx_word' id='word_1_129' title='bbox 851 1723 966 1792; x_wconf 73' lang='lat'><strong>&#39;52).</strong></span> <span class='ocrx_word' id='word_1_130' title='bbox 997 1723 1102 1779; x_wconf 87' lang='lat' dir='ltr'><strong>Sed</strong></span> <span class='ocrx_word' id='word_1_131' title='bbox 1132 1723 1454 1788; x_wconf 90' lang='lat' dir='ltr'><strong>notandum,</strong></span> <span class='ocrx_word' id='word_1_132' title='bbox 1486 1721 1632 1794; x_wconf 92' lang='lat' dir='ltr'><strong>quod</strong></span> <span class='ocrx_word' id='word_1_133' title='bbox 1663 1721 1798 1777; x_wconf 86' lang='lat' dir='ltr'><strong>dici-</strong></span> 
     </span>
    </p>
   </div>
   <div class='ocr_carea' id='block_1_18' title="bbox 203 1817 1799 1890">
    <p class='ocr_par' dir='ltr' id='par_1_18' title="bbox 203 1817 1799 1890">
     <span class='ocr_line' id='line_1_18' title="bbox 203 1817 1799 1890; baseline -0.001 -15"><span class='ocrx_word' id='word_1_134' title='bbox 203 1825 291 1875; x_wconf 80' lang='lat' dir='ltr'><strong>tur</strong></span> <span class='ocrx_word' id='word_1_135' title='bbox 317 1836 331 1873; x_wconf 91' lang='lat'><strong>:</strong></span> <span class='ocrx_word' id='word_1_136' title='bbox 364 1819 431 1874; x_wconf 85' lang='lat' dir='ltr'><strong>In</strong></span> <span class='ocrx_word' id='word_1_137' title='bbox 455 1819 542 1874; x_wconf 81' lang='lat' dir='ltr'><strong>die</strong></span> <span class='ocrx_word' id='word_1_138' title='bbox 561 1820 678 1875; x_wconf 89' lang='lat' dir='ltr'><strong>hac.</strong></span> <span class='ocrx_word' id='word_1_139' title='bbox 709 1819 767 1874; x_wconf 91' lang='lat' dir='ltr'><strong>ln</strong></span> <span class='ocrx_word' id='word_1_140' title='bbox 796 1817 883 1875; x_wconf 90' lang='lat' dir='ltr'><strong>die</strong></span> <span class='ocrx_word' id='word_1_141' title='bbox 902 1819 1118 1890; x_wconf 88' lang='lat' dir='ltr'><strong>quidem</strong></span> <span class='ocrx_word' id='word_1_142' title='bbox 1148 1820 1388 1876; x_wconf 74' lang='lat' dir='ltr'><strong>victoria:</strong></span> <span class='ocrx_word' id='word_1_143' title='bbox 1408 1834 1521 1877; x_wconf 64' lang='lat' dir='ltr'><strong>suae</strong></span> <span class='ocrx_word' id='word_1_144' title='bbox 1547 1818 1799 1876; x_wconf 86' lang='lat' dir='ltr'><strong>occidere</strong></span> 
     </span>
    </p>
   </div>
   <div class='ocr_carea' id='block_1_19' title="bbox 1890 617 3486 688">
    <p class='ocr_par' dir='ltr' id='par_1_19' title="bbox 1890 617 3486 688">
     <span class='ocr_line' id='line_1_19' title="bbox 1890 617 3486 688; baseline 0 -15"><span class='ocrx_word' id='word_1_145' title='bbox 1890 618 2075 682; x_wconf 79' lang='lat' dir='ltr'><strong>scitur,</strong></span> <span class='ocrx_word' id='word_1_146' title='bbox 2109 617 2210 673; x_wconf 88' lang='lat' dir='ltr'><strong>nisi</strong></span> <span class='ocrx_word' id='word_1_147' title='bbox 2237 633 2358 674; x_wconf 87' lang='lat' dir='ltr'><strong>cum</strong></span> <span class='ocrx_word' id='word_1_148' title='bbox 2388 633 2612 688; x_wconf 83' lang='lat' dir='ltr'><strong>operum</strong></span> <span class='ocrx_word' id='word_1_149' title='bbox 2660 617 2978 678; x_wconf 80' lang='lat' dir='ltr'><strong>fortitudine</strong></span> <span class='ocrx_word' id='word_1_150' title='bbox 3019 619 3347 677; x_wconf 84' lang='lat' dir='ltr'><strong>declaratur.</strong></span> <span class='ocrx_word' id='word_1_151' title='bbox 3392 617 3486 674; x_wconf 88' lang='lat' dir='ltr'><strong>Di-</strong></span> 
     </span>
    </p>
   </div>
   <div class='ocr_carea' id='block_1_20' title="bbox 1892 709 3484 786">
    <p class='ocr_par' dir='ltr' id='par_1_20' title="bbox 1892 709 3484 786">
     <span class='ocr_line' id='line_1_20' title="bbox 1892 709 3484 786; baseline 0.004 -22"><span class='ocrx_word' id='word_1_152' title='bbox 1892 718 2046 764; x_wconf 88' lang='lat' dir='ltr'><strong>catur</strong></span> <span class='ocrx_word' id='word_1_153' title='bbox 2071 724 2202 779; x_wconf 87' lang='lat' dir='ltr'><strong>ergo</strong></span> <span class='ocrx_word' id='word_1_154' title='bbox 2245 725 2354 768; x_wconf 90' lang='lat' dir='ltr'><strong>non</strong></span> <span class='ocrx_word' id='word_1_155' title='bbox 2396 710 2464 766; x_wconf 92' lang='lat' dir='ltr'><strong>de</strong></span> <span class='ocrx_word' id='word_1_156' title='bbox 2492 711 2636 778; x_wconf 89' lang='lat' dir='ltr'><strong>alio,</strong></span> <span class='ocrx_word' id='word_1_157' title='bbox 2662 710 2756 766; x_wconf 90' lang='lat' dir='ltr'><strong>sed</strong></span> <span class='ocrx_word' id='word_1_158' title='bbox 2785 711 2853 768; x_wconf 90' lang='lat' dir='ltr'><strong>de</strong></span> <span class='ocrx_word' id='word_1_159' title='bbox 2897 726 2964 768; x_wconf 90' lang='lat' dir='ltr'><strong>eo</strong></span> <span class='ocrx_word' id='word_1_160' title='bbox 2993 711 3100 767; x_wconf 91' lang='lat' dir='ltr'><strong>alio</strong></span> <span class='ocrx_word' id='word_1_161' title='bbox 3140 709 3336 786; x_wconf 84' lang='lat' dir='ltr'><strong>[Forte</strong></span> <span class='ocrx_word' id='word_1_162' title='bbox 3377 709 3484 770; x_wconf 83' lang='lat' dir='ltr'><strong>alio</strong></span> 
     </span>
    </p>
   </div>
   <div class='ocr_carea' id='block_1_21' title="bbox 1889 800 3485 874">
    <p class='ocr_par' dir='ltr' id='par_1_21' title="bbox 1889 800 3485 874">
     <span class='ocr_line' id='line_1_21' title="bbox 1889 800 3485 874; baseline 0.001 -18"><span class='ocrx_word' id='word_1_163' title='bbox 1889 800 2225 874; x_wconf 73' lang='lat' dir='ltr'><strong>superﬂuit],</strong></span> <span class='ocrx_word' id='word_1_164' title='bbox 2270 801 2360 873; x_wconf 90' lang='lat' dir='ltr'><strong>qui</strong></span> <span class='ocrx_word' id='word_1_165' title='bbox 2410 815 2607 873; x_wconf 80' lang='lat' dir='ltr'><strong>magna</strong></span> <span class='ocrx_word' id='word_1_166' title='bbox 2653 801 2881 860; x_wconf 84' lang='lat' dir='ltr'><strong>victoria</strong></span> <span class='ocrx_word' id='word_1_167' title='bbox 2934 802 3127 860; x_wconf 82' lang='lat' dir='ltr'><strong>claruit</strong></span> <span class='ocrx_word' id='word_1_168' title='bbox 3172 820 3188 857; x_wconf 90' lang='lat'><strong>:</strong></span> <span class='ocrx_word' id='word_1_169' title='bbox 3239 802 3485 858; x_wconf 75' lang='lat' dir='ltr'><strong>Perrexit</strong></span> 
     </span>
    </p>
   </div>
   <div class='ocr_carea' id='block_1_22' title="bbox 1891 891 3488 972">
    <p class='ocr_par' dir='ltr' id='par_1_22' title="bbox 1891 891 3488 972">
     <span class='ocr_line' id='line_1_22' title="bbox 1891 891 3488 972; baseline 0.003 -25"><span class='ocrx_word' id='word_1_170' title='bbox 1891 895 2058 948; x_wconf 85' lang='lat' dir='ltr'><strong>omnis</strong></span> <span class='ocrx_word' id='word_1_171' title='bbox 2090 895 2306 964; x_wconf 84' lang='lat' dir='ltr'><strong>populus</strong></span> <span class='ocrx_word' id='word_1_172' title='bbox 2334 894 2389 948; x_wconf 84' lang='lat' dir='ltr'><strong>in</strong></span> <span class='ocrx_word' id='word_1_173' title='bbox 2423 891 2664 972; x_wconf 83' lang='lat' dir='ltr'><strong>Galgala,</strong></span> <span class='ocrx_word' id='word_1_174' title='bbox 2697 905 2747 950; x_wconf 83' lang='lat' dir='ltr'><strong>et</strong></span> <span class='ocrx_word' id='word_1_175' title='bbox 2777 897 3012 969; x_wconf 78' lang='lat' dir='ltr'><strong>fecerunt</strong></span> <span class='ocrx_word' id='word_1_176' title='bbox 3040 895 3113 952; x_wconf 90' lang='lat' dir='ltr'><strong>ibi</strong></span> <span class='ocrx_word' id='word_1_177' title='bbox 3141 913 3311 968; x_wconf 75' lang='lat' dir='ltr'><strong>rrgem</strong></span> <span class='ocrx_word' id='word_1_178' title='bbox 3354 894 3488 952; x_wconf 87' lang='lat' dir='ltr'><strong>Saul</strong></span> 
     </span>
    </p>
   </div>
   <div class='ocr_carea' id='block_1_23' title="bbox 1893 987 3487 1063">
    <p class='ocr_par' dir='ltr' id='par_1_23' title="bbox 1893 987 3487 1063">
     <span class='ocr_line' id='line_1_23' title="bbox 1893 987 3487 1063; baseline 0.001 -18"><span class='ocrx_word' id='word_1_179' title='bbox 1893 1006 2068 1046; x_wconf 89' lang='lat' dir='ltr'><strong>coram</strong></span> <span class='ocrx_word' id='word_1_180' title='bbox 2112 987 2378 1052; x_wconf 83' lang='lat' dir='ltr'><strong>Domino.</strong></span> <span class='ocrx_word' id='word_1_181' title='bbox 2433 997 2492 1044; x_wconf 92' lang='lat' dir='ltr'><strong>ut</strong></span> <span class='ocrx_word' id='word_1_182' title='bbox 2537 989 2768 1062; x_wconf 77' lang='lat' dir='ltr'><strong>dignitas</strong></span> <span class='ocrx_word' id='word_1_183' title='bbox 2821 989 3018 1047; x_wconf 86' lang='lat' dir='ltr'><strong>summi</strong></span> <span class='ocrx_word' id='word_1_184' title='bbox 3063 990 3332 1063; x_wconf 74' lang='lat' dir='ltr'><strong>pontiﬁcis</strong></span> <span class='ocrx_word' id='word_1_185' title='bbox 3380 1006 3487 1046; x_wconf 92' lang='lat' dir='ltr'><strong>non</strong></span> 
     </span>
    </p>
   </div>
   <div class='ocr_carea' id='block_1_24' title="bbox 1894 1080 3484 1151">
    <p class='ocr_par' dir='ltr' id='par_1_24' title="bbox 1894 1080 3484 1151">
     <span class='ocr_line' id='line_1_24' title="bbox 1894 1080 3484 1151; baseline 0 -15"><span class='ocrx_word' id='word_1_186' title='bbox 1894 1089 2108 1137; x_wconf 90' lang='lat' dir='ltr'><strong>constet</strong></span> <span class='ocrx_word' id='word_1_187' title='bbox 2133 1080 2187 1134; x_wconf 93' lang='lat' dir='ltr'><strong>in</strong></span> <span class='ocrx_word' id='word_1_188' title='bbox 2215 1080 2512 1136; x_wconf 86' lang='lat' dir='ltr'><strong>ambitione</strong></span> <span class='ocrx_word' id='word_1_189' title='bbox 2535 1081 2807 1151; x_wconf 88' lang='lat' dir='ltr'><strong>culminis,</strong></span> <span class='ocrx_word' id='word_1_190' title='bbox 2830 1081 2927 1138; x_wconf 86' lang='lat' dir='ltr'><strong>sed</strong></span> <span class='ocrx_word' id='word_1_191' title='bbox 2947 1083 3004 1138; x_wconf 90' lang='lat' dir='ltr'><strong>in</strong></span> <span class='ocrx_word' id='word_1_192' title='bbox 3025 1097 3236 1142; x_wconf 87' lang='lat' dir='ltr'><strong>summa</strong></span> <span class='ocrx_word' id='word_1_193' title='bbox 3250 1083 3484 1137; x_wconf 88' lang='lat' dir='ltr'><strong>virtutis.</strong></span> 
     </span>
    </p>
   </div>
   <div class='ocr_carea' id='block_1_25' title="bbox 1893 1172 3490 1249">
    <p class='ocr_par' dir='ltr' id='par_1_25' title="bbox 1893 1172 3490 1249">
     <span class='ocr_line' id='line_1_25' title="bbox 1893 1172 3490 1249; baseline -0.001 -21"><span class='ocrx_word' id='word_1_194' title='bbox 1893 1172 1964 1230; x_wconf 87' lang='lat' dir='ltr'><strong>Et</strong></span> <span class='ocrx_word' id='word_1_195' title='bbox 1982 1174 2038 1228; x_wconf 90' lang='lat' dir='ltr'><strong>in</strong></span> <span class='ocrx_word' id='word_1_196' title='bbox 2057 1172 2274 1244; x_wconf 80' lang='lat' dir='ltr'><strong>Galgala</strong></span> <span class='ocrx_word' id='word_1_197' title='bbox 2295 1173 2514 1244; x_wconf 79' lang='lat' dir='ltr'><strong>quidem</strong></span> <span class='ocrx_word' id='word_1_198' title='bbox 2535 1174 2661 1240; x_wconf 88' lang='lat' dir='ltr'><strong>itur,</strong></span> <span class='ocrx_word' id='word_1_199' title='bbox 2687 1181 2747 1230; x_wconf 91' lang='lat' dir='ltr'><strong>ut</strong></span> <span class='ocrx_word' id='word_1_200' title='bbox 2769 1174 2864 1249; x_wconf 79' lang='lat' dir='ltr'><strong>jud</strong></span> <span class='ocrx_word' id='word_1_201' title='bbox 2888 1189 3014 1232; x_wconf 81' lang='lat' dir='ltr'><strong>care</strong></span> <span class='ocrx_word' id='word_1_202' title='bbox 3037 1174 3108 1234; x_wconf 84' lang='lat' dir='ltr'><strong>de</strong></span> <span class='ocrx_word' id='word_1_203' title='bbox 3128 1190 3341 1233; x_wconf 86' lang='lat' dir='ltr'><strong>summo</strong></span> <span class='ocrx_word' id='word_1_204' title='bbox 3371 1174 3490 1230; x_wconf 90' lang='lat' dir='ltr'><strong>loco</strong></span> 
     </span>
    </p>
   </div>
   <div class='ocr_carea' id='block_1_26' title="bbox 1894 1261 3494 1336">
    <p class='ocr_par' dir='ltr' id='par_1_26' title="bbox 1894 1261 3494 1336">
     <span class='ocr_line' id='line_1_26' title="bbox 1894 1261 3494 1336; baseline -0.006 -10"><span class='ocrx_word' id='word_1_205' title='bbox 1894 1281 2006 1326; x_wconf 87' lang='lat' dir='ltr'><strong>non</strong></span> <span class='ocrx_word' id='word_1_206' title='bbox 2053 1264 2276 1328; x_wconf 86' lang='lat' dir='ltr'><strong>audeat,</strong></span> <span class='ocrx_word' id='word_1_207' title='bbox 2306 1264 2396 1322; x_wconf 90' lang='lat' dir='ltr'><strong>cui</strong></span> <span class='ocrx_word' id='word_1_208' title='bbox 2448 1261 2745 1336; x_wconf 73' lang='lat' dir='ltr'><strong>Scriptum</strong></span> <span class='ocrx_word' id='word_1_209' title='bbox 2792 1280 2961 1324; x_wconf 65' lang='lat' dir='ltr'><strong>sacrae</strong></span> <span class='ocrx_word' id='word_1_210' title='bbox 3007 1263 3326 1322; x_wconf 84' lang='lat' dir='ltr'><strong>abscondita</strong></span> <span class='ocrx_word' id='word_1_211' title='bbox 3369 1272 3494 1318; x_wconf 80' lang='lat' dir='ltr'><strong>sunt</strong></span> 
     </span>
    </p>
   </div>
   <div class='ocr_carea' id='block_1_27' title="bbox 1895 1353 3494 1435">
    <p class='ocr_par' dir='ltr' id='par_1_27' title="bbox 1895 1353 3494 1435">
     <span class='ocr_line' id='line_1_27' title="bbox 1895 1353 3494 1435; baseline -0.002 -22"><span class='ocrx_word' id='word_1_212' title='bbox 1895 1364 2187 1430; x_wconf 81' lang='lat' dir='ltr'><strong>praecepta.</strong></span> <span class='ocrx_word' id='word_1_213' title='bbox 2219 1353 2290 1413; x_wconf 86' lang='lat' dir='ltr'><strong>Et</strong></span> <span class='ocrx_word' id='word_1_214' title='bbox 2317 1372 2504 1414; x_wconf 89' lang='lat' dir='ltr'><strong>coram</strong></span> <span class='ocrx_word' id='word_1_215' title='bbox 2553 1357 2784 1415; x_wconf 90' lang='lat' dir='ltr'><strong>Domino</strong></span> <span class='ocrx_word' id='word_1_216' title='bbox 2813 1373 2913 1416; x_wconf 87' lang='lat' dir='ltr'><strong>rex</strong></span> <span class='ocrx_word' id='word_1_217' title='bbox 2941 1358 3336 1435; x_wconf 45' lang='lat' dir='ltr'><strong>constituitur;</strong></span> <span class='ocrx_word' id='word_1_218' title='bbox 3369 1360 3494 1426; x_wconf 84' lang='lat' dir='ltr'><strong>quin</strong></span> 
     </span>
    </p>
   </div>
   <div class='ocr_carea' id='block_1_28' title="bbox 1898 1448 3578 1522">
    <p class='ocr_par' dir='ltr' id='par_1_28' title="bbox 1898 1448 3578 1522">
     <span class='ocr_line' id='line_1_28' title="bbox 1898 1448 3578 1522; baseline -0.004 -15"><span class='ocrx_word' id='word_1_219' title='bbox 1898 1459 2025 1510; x_wconf 78' lang='lat' dir='ltr'><strong>tunc</strong></span> <span class='ocrx_word' id='word_1_220' title='bbox 2067 1451 2258 1506; x_wconf 89' lang='lat' dir='ltr'><strong>doctor</strong></span> <span class='ocrx_word' id='word_1_221' title='bbox 2297 1449 2664 1522; x_wconf 73' lang='lat' dir='ltr'><strong>subiectorum</strong></span> <span class='ocrx_word' id='word_1_222' title='bbox 2701 1465 2924 1508; x_wconf 83' lang='lat' dir='ltr'><strong>suorum</strong></span> <span class='ocrx_word' id='word_1_223' title='bbox 2951 1449 3241 1506; x_wconf 80' lang='lat' dir='ltr'><strong>devotione</strong></span> <span class='ocrx_word' id='word_1_224' title='bbox 3270 1448 3490 1513; x_wconf 86' lang='lat' dir='ltr'><strong>colitur,</strong></span> <span class='ocrx_word' id='word_1_225' title='bbox 3571 1497 3578 1502; x_wconf 90' lang='lat'><strong>.</strong></span> 
     </span>
    </p>
   </div>
   <div class='ocr_carea' id='block_1_29' title="bbox 1898 1538 3492 1616">
    <p class='ocr_par' dir='ltr' id='par_1_29' title="bbox 1898 1538 3492 1616">
     <span class='ocr_line' id='line_1_29' title="bbox 1898 1538 3492 1616; baseline -0.004 -18"><span class='ocrx_word' id='word_1_226' title='bbox 1898 1559 2021 1602; x_wconf 88' lang='lat' dir='ltr'><strong>cum</strong></span> <span class='ocrx_word' id='word_1_227' title='bbox 2052 1543 2150 1616; x_wconf 88' lang='lat' dir='ltr'><strong>ipsi</strong></span> <span class='ocrx_word' id='word_1_228' title='bbox 2179 1550 2457 1613; x_wconf 82' lang='lat' dir='ltr'><strong>acceptam</strong></span> <span class='ocrx_word' id='word_1_229' title='bbox 2497 1541 2613 1612; x_wconf 88' lang='lat' dir='ltr'><strong>ejus</strong></span> <span class='ocrx_word' id='word_1_230' title='bbox 2640 1541 2807 1600; x_wconf 82' lang='lat' dir='ltr'><strong>vitam</strong></span> <span class='ocrx_word' id='word_1_231' title='bbox 2856 1541 3215 1616; x_wconf 84' lang='lat' dir='ltr'><strong>omnipotenti</strong></span> <span class='ocrx_word' id='word_1_232' title='bbox 3261 1538 3492 1594; x_wconf 91' lang='lat' dir='ltr'><strong>Domino</strong></span> 
     </span>
    </p>
   </div>
   <div class='ocr_carea' id='block_1_30' title="bbox 1898 1631 3498 1708">
    <p class='ocr_par' dir='ltr' id='par_1_30' title="bbox 1898 1631 3498 1708">
     <span class='ocr_line' id='line_1_30' title="bbox 1898 1631 3498 1708; baseline -0.004 -17"><span class='ocrx_word' id='word_1_233' title='bbox 1898 1644 2314 1706; x_wconf 87' lang='lat' dir='ltr'><strong>recognoscunt.</strong></span> <span class='ocrx_word' id='word_1_234' title='bbox 2365 1635 2442 1692; x_wconf 92' lang='lat' dir='ltr'><strong>De</strong></span> <span class='ocrx_word' id='word_1_235' title='bbox 2492 1635 2610 1708; x_wconf 86' lang='lat' dir='ltr'><strong>ipsa</strong></span> <span class='ocrx_word' id='word_1_236' title='bbox 2651 1641 2840 1692; x_wconf 85' lang='lat' dir='ltr'><strong>autem</strong></span> <span class='ocrx_word' id='word_1_237' title='bbox 2878 1632 3192 1708; x_wconf 73' lang='lat' dir='ltr'><strong>cognitione</strong></span> <span class='ocrx_word' id='word_1_238' title='bbox 3232 1631 3390 1697; x_wconf 63' lang='lat' dir='ltr'><strong>vitae,</strong></span> <span class='ocrx_word' id='word_1_239' title='bbox 3442 1636 3498 1687; x_wconf 84' lang='lat' dir='ltr'><strong>et</strong></span> 
     </span>
    </p>
   </div>
   <div class='ocr_carea' id='block_1_31' title="bbox 1899 1723 3498 1802">
    <p class='ocr_par' dir='ltr' id='par_1_31' title="bbox 1899 1723 3498 1802">
     <span class='ocr_line' id='line_1_31' title="bbox 1899 1723 3498 1802; baseline -0.004 -15"><span class='ocrx_word' id='word_1_240' title='bbox 1899 1731 2158 1787; x_wconf 74' lang='lat' dir='ltr'><strong>doctrinae</strong></span> <span class='ocrx_word' id='word_1_241' title='bbox 2189 1730 2418 1800; x_wconf 88' lang='lat' dir='ltr'><strong>pastoris</strong></span> <span class='ocrx_word' id='word_1_242' title='bbox 2458 1729 2579 1784; x_wconf 87' lang='lat' dir='ltr'><strong>sui:</strong></span> <span class='ocrx_word' id='word_1_243' title='bbox 2605 1743 2730 1799; x_wconf 76' lang='lat' dir='ltr'><strong>quia</strong></span> <span class='ocrx_word' id='word_1_244' title='bbox 2773 1741 2918 1802; x_wconf 65' lang='lat' dir='ltr'><strong>saepe</strong></span> <span class='ocrx_word' id='word_1_245' title='bbox 2959 1741 3067 1784; x_wconf 92' lang='lat' dir='ltr'><strong>non</strong></span> <span class='ocrx_word' id='word_1_246' title='bbox 3097 1725 3228 1792; x_wconf 87' lang='lat' dir='ltr'><strong>sibi,</strong></span> <span class='ocrx_word' id='word_1_247' title='bbox 3256 1723 3352 1782; x_wconf 89' lang='lat' dir='ltr'><strong>sed</strong></span> <span class='ocrx_word' id='word_1_248' title='bbox 3382 1737 3498 1780; x_wconf 84' lang='lat' dir='ltr'><strong>me-</strong></span> 
     </span>
    </p>
   </div>
   <div class='ocr_carea' id='block_1_32' title="bbox 1900 1815 3500 1892">
    <p class='ocr_par' dir='ltr' id='par_1_32' title="bbox 1900 1815 3500 1892">
     <span class='ocr_line' id='line_1_32' title="bbox 1900 1815 3500 1892; baseline -0.003 -16"><span class='ocrx_word' id='word_1_249' title='bbox 1900 1820 2126 1877; x_wconf 88' lang='lat' dir='ltr'><strong>lioribus</strong></span> <span class='ocrx_word' id='word_1_250' title='bbox 2169 1819 2430 1885; x_wconf 86' lang='lat' dir='ltr'><strong>creditur,</strong></span> <span class='ocrx_word' id='word_1_251' title='bbox 2480 1819 2622 1876; x_wconf 86' lang='lat' dir='ltr'><strong>bene</strong></span> <span class='ocrx_word' id='word_1_252' title='bbox 2671 1818 2868 1874; x_wconf 89' lang='lat' dir='ltr'><strong>dicitur</strong></span> <span class='ocrx_word' id='word_1_253' title='bbox 2907 1819 3138 1892; x_wconf 84' lang='lat' dir='ltr'><strong>populus</strong></span> <span class='ocrx_word' id='word_1_254' title='bbox 3183 1819 3242 1874; x_wconf 88' lang='lat' dir='ltr'><strong>in</strong></span> <span class='ocrx_word' id='word_1_255' title='bbox 3276 1815 3500 1886; x_wconf 80' lang='lat' dir='ltr'><strong>Galgala</strong></span> 
     </span>
    </p>
   </div>
   <div class='ocr_carea' id='block_1_33' title="bbox 202 1907 3500 1984">
    <p class='ocr_par' dir='ltr' id='par_1_33' title="bbox 202 1907 3500 1984">
     <span class='ocr_line' id='line_1_33' title="bbox 202 1907 3500 1984; baseline -0 -18"><span class='ocrx_word' id='word_1_256' title='bbox 202 1911 434 1982; x_wconf 87' lang='lat' dir='ltr'><strong>appetit,</strong></span> <span class='ocrx_word' id='word_1_257' title='bbox 465 1912 559 1982; x_wconf 89' lang='lat' dir='ltr'><strong>qui</strong></span> <span class='ocrx_word' id='word_1_258' title='bbox 588 1927 703 1979; x_wconf 92' lang='lat' dir='ltr'><strong>eos,</strong></span> <span class='ocrx_word' id='word_1_259' title='bbox 732 1928 867 1983; x_wconf 90' lang='lat' dir='ltr'><strong>quos</strong></span> <span class='ocrx_word' id='word_1_260' title='bbox 895 1912 1140 1968; x_wconf 85' lang='lat' dir='ltr'><strong>claritate</strong></span> <span class='ocrx_word' id='word_1_261' title='bbox 1168 1913 1426 1969; x_wconf 89' lang='lat' dir='ltr'><strong>virtutum</strong></span> <span class='ocrx_word' id='word_1_262' title='bbox 1466 1912 1532 1967; x_wconf 88' lang='lat' dir='ltr'><strong>ad</strong></span> <span class='ocrx_word' id='word_1_263' title='bbox 1561 1928 1800 1969; x_wconf 88' lang='lat' dir='ltr'><strong>amorem</strong></span> <span class='ocrx_word' id='word_1_264' title='bbox 1836 1911 1878 1968; x_wconf 88' lang='grc' dir='ltr'><strong><em>Β</em></strong></span> <span class='ocrx_word' id='word_1_265' title='bbox 1905 1927 2088 1984; x_wconf 83' lang='lat' dir='ltr'><strong>regem</strong></span> <span class='ocrx_word' id='word_1_266' title='bbox 2116 1927 2303 1970; x_wconf 84' lang='lat' dir='ltr'><strong>coram</strong></span> <span class='ocrx_word' id='word_1_267' title='bbox 2324 1910 2552 1968; x_wconf 85' lang='lat' dir='ltr'><strong>Domino</strong></span> <span class='ocrx_word' id='word_1_268' title='bbox 2568 1910 2950 1970; x_wconf 84' lang='lat' dir='ltr'><strong>constituisse:</strong></span> <span class='ocrx_word' id='word_1_269' title='bbox 2977 1909 3074 1966; x_wconf 87' lang='lat' dir='ltr'><strong>sed</strong></span> <span class='ocrx_word' id='word_1_270' title='bbox 3100 1909 3244 1966; x_wconf 85' lang='lat' dir='ltr'><strong>idem</strong></span> <span class='ocrx_word' id='word_1_271' title='bbox 3264 1907 3500 1981; x_wconf 85' lang='lat' dir='ltr'><strong>populus</strong></span> 
     </span>
    </p>
   </div>
   <div class='ocr_carea' id='block_1_34' title="bbox 200 2001 1799 2073">
    <p class='ocr_par' dir='ltr' id='par_1_34' title="bbox 200 2001 1799 2073">
     <span class='ocr_line' id='line_1_34' title="bbox 200 2001 1799 2073; baseline 0.004 -16"><span class='ocrx_word' id='word_1_272' title='bbox 200 2001 300 2058; x_wconf 80' lang='lat' dir='ltr'><strong>Dei</strong></span> <span class='ocrx_word' id='word_1_273' title='bbox 331 2003 617 2073; x_wconf 88' lang='lat' dir='ltr'><strong>pertrahit,</strong></span> <span class='ocrx_word' id='word_1_274' title='bbox 641 2005 706 2059; x_wconf 87' lang='lat' dir='ltr'><strong>ad</strong></span> <span class='ocrx_word' id='word_1_275' title='bbox 730 2005 1032 2061; x_wconf 72' lang='lat' dir='ltr'><strong>nocendum</strong></span> <span class='ocrx_word' id='word_1_276' title='bbox 1063 2005 1182 2064; x_wconf 88' lang='lat' dir='ltr'><strong>aliis</strong></span> <span class='ocrx_word' id='word_1_277' title='bbox 1209 2005 1475 2062; x_wconf 88' lang='lat' dir='ltr'><strong>accendit.</strong></span> <span class='ocrx_word' id='word_1_278' title='bbox 1508 2005 1607 2060; x_wconf 77' lang='lat' dir='ltr'><strong>Vel</strong></span> <span class='ocrx_word' id='word_1_279' title='bbox 1631 2006 1684 2063; x_wconf 91' lang='lat' dir='ltr'><strong>in</strong></span> <span class='ocrx_word' id='word_1_280' title='bbox 1711 2006 1799 2062; x_wconf 87' lang='lat' dir='ltr'><strong>die</strong></span> 
     </span>
    </p>
   </div>
   <div class='ocr_carea' id='block_1_35' title="bbox 199 2094 1800 2166">
    <p class='ocr_par' dir='ltr' id='par_1_35' title="bbox 199 2094 1800 2166">
     <span class='ocr_line' id='line_1_35' title="bbox 199 2094 1800 2166; baseline 0.001 -16"><span class='ocrx_word' id='word_1_281' title='bbox 199 2094 446 2150; x_wconf 71' lang='lat' dir='ltr'><strong>victoria:</strong></span> <span class='ocrx_word' id='word_1_282' title='bbox 477 2095 710 2162; x_wconf 89' lang='lat' dir='ltr'><strong>occidit;</strong></span> <span class='ocrx_word' id='word_1_283' title='bbox 760 2097 886 2166; x_wconf 89' lang='lat' dir='ltr'><strong>quia</strong></span> <span class='ocrx_word' id='word_1_284' title='bbox 929 2111 990 2151; x_wconf 90' lang='lat' dir='ltr'><strong>ea</strong></span> <span class='ocrx_word' id='word_1_285' title='bbox 1017 2095 1138 2153; x_wconf 93' lang='lat' dir='ltr'><strong>luce</strong></span> <span class='ocrx_word' id='word_1_286' title='bbox 1165 2095 1446 2160; x_wconf 82' lang='lat' dir='ltr'><strong>claritatis,</strong></span> <span class='ocrx_word' id='word_1_287' title='bbox 1479 2111 1585 2165; x_wconf 89' lang='lat' dir='ltr'><strong>qua</strong></span> <span class='ocrx_word' id='word_1_288' title='bbox 1629 2097 1680 2151; x_wconf 91' lang='lat' dir='ltr'><strong>in</strong></span> <span class='ocrx_word' id='word_1_289' title='bbox 1705 2112 1800 2152; x_wconf 88' lang='lat' dir='ltr'><strong>ve-</strong></span> 
     </span>
    </p>
   </div>
   <div class='ocr_carea' id='block_1_36' title="bbox 198 2187 1800 2259">
    <p class='ocr_par' dir='ltr' id='par_1_36' title="bbox 198 2187 1800 2259">
     <span class='ocr_line' id='line_1_36' title="bbox 198 2187 1800 2259; baseline 0 -16"><span class='ocrx_word' id='word_1_290' title='bbox 198 2188 544 2243; x_wconf 84' lang='lat' dir='ltr'><strong>nerationem</strong></span> <span class='ocrx_word' id='word_1_291' title='bbox 593 2187 965 2258; x_wconf 60' lang='lat' dir='ltr'><strong>pradicatoris</strong></span> <span class='ocrx_word' id='word_1_292' title='bbox 1011 2187 1314 2252; x_wconf 88' lang='lat' dir='ltr'><strong>adducitur,</strong></span> <span class='ocrx_word' id='word_1_293' title='bbox 1363 2187 1430 2242; x_wconf 89' lang='lat' dir='ltr'><strong>ad</strong></span> <span class='ocrx_word' id='word_1_294' title='bbox 1470 2187 1593 2259; x_wconf 85' lang='lat' dir='ltr'><strong>odia</strong></span> <span class='ocrx_word' id='word_1_295' title='bbox 1623 2187 1800 2243; x_wconf 89' lang='lat' dir='ltr'><strong>eidem</strong></span> 
     </span>
    </p>
   </div>
   <div class='ocr_carea' id='block_1_37' title="bbox 199 2273 1797 2349">
    <p class='ocr_par' dir='ltr' id='par_1_37' title="bbox 199 2273 1797 2349">
     <span class='ocr_line' id='line_1_37' title="bbox 199 2273 1797 2349; baseline -0.002 -16"><span class='ocrx_word' id='word_1_296' title='bbox 199 2274 420 2333; x_wconf 75' lang='lat' dir='ltr'><strong>doctori</strong></span> <span class='ocrx_word' id='word_1_297' title='bbox 456 2276 855 2332; x_wconf 82' lang='lat' dir='ltr'><strong>detrahentium</strong></span> <span class='ocrx_word' id='word_1_298' title='bbox 891 2276 1175 2333; x_wconf 83' lang='lat' dir='ltr'><strong>excitatur.</strong></span> <span class='ocrx_word' id='word_1_299' title='bbox 1221 2273 1319 2340; x_wconf 83' lang='lat' dir='ltr'><strong>Qui</strong></span> <span class='ocrx_word' id='word_1_300' title='bbox 1364 2276 1499 2330; x_wconf 88' lang='lat' dir='ltr'><strong>enim</strong></span> <span class='ocrx_word' id='word_1_301' title='bbox 1530 2275 1640 2330; x_wconf 86' lang='lat' dir='ltr'><strong>odit</strong></span> <span class='ocrx_word' id='word_1_302' title='bbox 1681 2277 1797 2349; x_wconf 85' lang='lat' dir='ltr'><strong>fra-</strong></span> 
     </span>
    </p>
   </div>
   <div class='ocr_carea' id='block_1_38' title="bbox 201 2366 1797 2440">
    <p class='ocr_par' dir='ltr' id='par_1_38' title="bbox 201 2366 1797 2440">
     <span class='ocr_line' id='line_1_38' title="bbox 201 2366 1797 2440; baseline -0.001 -16"><span class='ocrx_word' id='word_1_303' title='bbox 201 2377 335 2424; x_wconf 65' lang='lat' dir='ltr'><strong>trem</strong></span> <span class='ocrx_word' id='word_1_304' title='bbox 363 2385 534 2433; x_wconf 89' lang='lat' dir='ltr'><strong>suum,</strong></span> <span class='ocrx_word' id='word_1_305' title='bbox 568 2370 827 2425; x_wconf 79' lang='lat' dir='ltr'><strong>homicida</strong></span> <span class='ocrx_word' id='word_1_306' title='bbox 857 2377 934 2425; x_wconf 85' lang='lat' dir='ltr'><strong>est</strong></span> <span class='ocrx_word' id='word_1_307' title='bbox 956 2367 1014 2436; x_wconf 88' lang='grc' dir='ltr'><strong>(Ι</strong></span> <span class='ocrx_word' id='word_1_308' title='bbox 1041 2368 1201 2423; x_wconf 80' lang='lat' dir='ltr'><strong>Joan.</strong></span> <span class='ocrx_word' id='word_1_309' title='bbox 1227 2383 1302 2433; x_wconf 90' lang='grc' dir='ltr'>ιιι,</span> <span class='ocrx_word' id='word_1_310' title='bbox 1335 2366 1445 2440; x_wconf 84' lang='grc'><strong>15).</strong></span> <span class='ocrx_word' id='word_1_311' title='bbox 1478 2367 1612 2435; x_wconf 86' lang='lat' dir='ltr'><strong>Quia</strong></span> <span class='ocrx_word' id='word_1_312' title='bbox 1654 2367 1797 2423; x_wconf 90' lang='lat' dir='ltr'><strong>enim</strong></span> 
     </span>
    </p>
   </div>
   <div class='ocr_carea' id='block_1_39' title="bbox 197 2458 1801 2533">
    <p class='ocr_par' dir='ltr' id='par_1_39' title="bbox 197 2458 1801 2533">
     <span class='ocr_line' id='line_1_39' title="bbox 197 2458 1801 2533; baseline -0.002 -16"><span class='ocrx_word' id='word_1_313' title='bbox 197 2461 269 2517; x_wconf 86' lang='lat' dir='ltr'><strong>de</strong></span> <span class='ocrx_word' id='word_1_314' title='bbox 299 2462 548 2517; x_wconf 87' lang='lat' dir='ltr'><strong>doctrina</strong></span> <span class='ocrx_word' id='word_1_315' title='bbox 574 2461 703 2516; x_wconf 90' lang='lat' dir='ltr'><strong>boni</strong></span> <span class='ocrx_word' id='word_1_316' title='bbox 733 2463 966 2533; x_wconf 88' lang='lat' dir='ltr'><strong>pastoris</strong></span> <span class='ocrx_word' id='word_1_317' title='bbox 990 2462 1066 2515; x_wconf 89' lang='lat' dir='ltr'><strong>sic</strong></span> <span class='ocrx_word' id='word_1_318' title='bbox 1093 2458 1381 2530; x_wconf 74' lang='lat' dir='ltr'><strong>adiuvandi</strong></span> <span class='ocrx_word' id='word_1_319' title='bbox 1411 2467 1536 2514; x_wconf 91' lang='lat' dir='ltr'><strong>sunt</strong></span> <span class='ocrx_word' id='word_1_320' title='bbox 1563 2459 1711 2525; x_wconf 90' lang='lat' dir='ltr'><strong>boni,</strong></span> <span class='ocrx_word' id='word_1_321' title='bbox 1741 2466 1801 2514; x_wconf 90' lang='lat' dir='ltr'><strong>ut</strong></span> 
     </span>
    </p>
   </div>
   <div class='ocr_carea' id='block_1_40' title="bbox 199 2552 1800 2622">
    <p class='ocr_par' dir='ltr' id='par_1_40' title="bbox 199 2552 1800 2622">
     <span class='ocr_line' id='line_1_40' title="bbox 199 2552 1800 2622; baseline -0.001 -13"><span class='ocrx_word' id='word_1_322' title='bbox 199 2553 508 2610; x_wconf 89' lang='lat' dir='ltr'><strong>tolerentur</strong></span> <span class='ocrx_word' id='word_1_323' title='bbox 553 2553 721 2621; x_wconf 89' lang='lat' dir='ltr'><strong>mali;</strong></span> <span class='ocrx_word' id='word_1_324' title='bbox 765 2568 960 2618; x_wconf 86' lang='lat' dir='ltr'><strong>causa,</strong></span> <span class='ocrx_word' id='word_1_325' title='bbox 998 2568 1101 2622; x_wconf 88' lang='lat' dir='ltr'><strong>qua</strong></span> <span class='ocrx_word' id='word_1_326' title='bbox 1151 2568 1312 2608; x_wconf 92' lang='lat' dir='ltr'><strong>nemo</strong></span> <span class='ocrx_word' id='word_1_327' title='bbox 1341 2552 1665 2608; x_wconf 78' lang='lat' dir='ltr'><strong>occidendus</strong></span> <span class='ocrx_word' id='word_1_328' title='bbox 1709 2552 1800 2620; x_wconf 91' lang='lat' dir='ltr'><strong>sit,</strong></span> 
     </span>
    </p>
   </div>
   <div class='ocr_carea' id='block_1_41' title="bbox 198 2642 1800 2720">
    <p class='ocr_par' dir='ltr' id='par_1_41' title="bbox 198 2642 1800 2720">
     <span class='ocr_line' id='line_1_41' title="bbox 198 2642 1800 2720; baseline -0.002 -19"><span class='ocrx_word' id='word_1_329' title='bbox 198 2645 343 2701; x_wconf 77' lang='lat' dir='ltr'><strong>bene</strong></span> <span class='ocrx_word' id='word_1_330' title='bbox 371 2645 740 2714; x_wconf 80' lang='lat' dir='ltr'><strong>subjungitur:</strong></span> <span class='ocrx_word' id='word_1_331' title='bbox 775 2642 932 2710; x_wconf 84' lang='lat' dir='ltr'><strong>Quia,</strong></span> <span class='ocrx_word' id='word_1_332' title='bbox 962 2645 1162 2714; x_wconf 85' lang='lat' dir='ltr'><strong>inquit,</strong></span> <span class='ocrx_word' id='word_1_333' title='bbox 1193 2645 1344 2700; x_wconf 84' lang='lat' dir='ltr'><strong>hodie</strong></span> <span class='ocrx_word' id='word_1_334' title='bbox 1387 2647 1511 2720; x_wconf 76' lang='lat' dir='ltr'><strong>fecit</strong></span> <span class='ocrx_word' id='word_1_335' title='bbox 1539 2643 1800 2701; x_wconf 78' lang='lat' dir='ltr'><strong>Dominus</strong></span> 
     </span>
    </p>
   </div>
   <div class='ocr_carea' id='block_1_42' title="bbox 196 2732 1054 2806">
    <p class='ocr_par' dir='ltr' id='par_1_42' title="bbox 196 2732 1054 2806">
     <span class='ocr_line' id='line_1_42' title="bbox 196 2732 1054 2806; baseline 0.002 -18"><span class='ocrx_word' id='word_1_336' title='bbox 196 2732 425 2788; x_wconf 64' lang='lat' dir='ltr'><strong>salutem</strong></span> <span class='ocrx_word' id='word_1_337' title='bbox 451 2736 508 2789; x_wconf 88' lang='lat' dir='ltr'><strong>in</strong></span> <span class='ocrx_word' id='word_1_338' title='bbox 539 2734 732 2791; x_wconf 77' lang='lat' dir='ltr'><strong>Israel.</strong></span> <span class='ocrx_word' id='word_1_339' title='bbox 760 2734 1016 2806; x_wconf 83' lang='lat' dir='ltr'><strong>Sequitur</strong></span> <span class='ocrx_word' id='word_1_340' title='bbox 1041 2754 1054 2790; x_wconf 89' lang='lat'>:</span> 
     </span>
    </p>
   </div>
   <div class='ocr_carea' id='block_1_43' title="bbox 276 2827 1802 2901">
    <p class='ocr_par' dir='ltr' id='par_1_43' title="bbox 276 2827 1802 2901">
     <span class='ocr_line' id='line_1_43' title="bbox 276 2827 1802 2901; baseline 0 -16"><span class='ocrx_word' id='word_1_341' title='bbox 276 2828 432 2885; x_wconf 75' lang='lat' dir='ltr'><strong>Dixit</strong></span> <span class='ocrx_word' id='word_1_342' title='bbox 457 2838 627 2884; x_wconf 83' lang='lat' dir='ltr'><strong>autem</strong></span> <span class='ocrx_word' id='word_1_343' title='bbox 648 2829 862 2885; x_wconf 79' lang='lat' dir='ltr'><strong>Samuel</strong></span> <span class='ocrx_word' id='word_1_344' title='bbox 891 2830 958 2883; x_wconf 85' lang='lat' dir='ltr'><strong>ad</strong></span> <span class='ocrx_word' id='word_1_345' title='bbox 984 2829 1231 2901; x_wconf 80' lang='lat' dir='ltr'><strong>pupulum</strong></span> <span class='ocrx_word' id='word_1_346' title='bbox 1251 2844 1271 2885; x_wconf 89' lang='lat'><strong><em>:</em></strong></span> <span class='ocrx_word' id='word_1_347' title='bbox 1291 2827 1510 2898; x_wconf 52' lang='lat' dir='ltr'><strong>.Venite,</strong></span> <span class='ocrx_word' id='word_1_348' title='bbox 1538 2843 1715 2885; x_wconf 86' lang='lat' dir='ltr'><strong>eamus</strong></span> <span class='ocrx_word' id='word_1_349' title='bbox 1745 2830 1802 2885; x_wconf 86' lang='lat' dir='ltr'><strong>in</strong></span> 
     </span>
    </p>
   </div>
   <div class='ocr_carea' id='block_1_44' title="bbox 159 2917 1803 2994">
    <p class='ocr_par' dir='ltr' id='par_1_44' title="bbox 159 2917 1803 2994">
     <span class='ocr_line' id='line_1_44' title="bbox 159 2917 1803 2994; baseline 0.001 -20"><span class='ocrx_word' id='word_1_350' title='bbox 159 2945 176 2954; x_wconf 57' lang='grc' dir='ltr'><em>α</em></span> <span class='ocrx_word' id='word_1_351' title='bbox 196 2917 453 2992; x_wconf 84' lang='lat' dir='ltr'><strong>Galgala,</strong></span> <span class='ocrx_word' id='word_1_352' title='bbox 482 2931 530 2974; x_wconf 86' lang='lat' dir='ltr'><strong>et</strong></span> <span class='ocrx_word' id='word_1_353' title='bbox 567 2923 866 2977; x_wconf 73' lang='lat' dir='ltr'><strong>innovemus</strong></span> <span class='ocrx_word' id='word_1_354' title='bbox 906 2921 976 2976; x_wconf 87' lang='lat' dir='ltr'><strong>ibi</strong></span> <span class='ocrx_word' id='word_1_355' title='bbox 1017 2938 1247 2994; x_wconf 88' lang='lat' dir='ltr'><strong>regnum.</strong></span> <span class='ocrx_word' id='word_1_356' title='bbox 1282 2919 1350 2975; x_wconf 84' lang='lat' dir='ltr'><strong>Et</strong></span> <span class='ocrx_word' id='word_1_357' title='bbox 1381 2923 1607 2993; x_wconf 72' lang='lat' dir='ltr'><strong>perrexit</strong></span> <span class='ocrx_word' id='word_1_358' title='bbox 1636 2923 1803 2978; x_wconf 88' lang='lat' dir='ltr'><strong>omnis</strong></span> 
     </span>
    </p>
   </div>
   <div class='ocr_carea' id='block_1_45' title="bbox 192 3008 1802 3087">
    <p class='ocr_par' dir='ltr' id='par_1_45' title="bbox 192 3008 1802 3087">
     <span class='ocr_line' id='line_1_45' title="bbox 192 3008 1802 3087; baseline 0.001 -23"><span class='ocrx_word' id='word_1_359' title='bbox 192 3010 428 3082; x_wconf 78' lang='lat' dir='ltr'><strong>populus</strong></span> <span class='ocrx_word' id='word_1_360' title='bbox 452 3011 508 3065; x_wconf 88' lang='lat' dir='ltr'><strong>in</strong></span> <span class='ocrx_word' id='word_1_361' title='bbox 537 3008 760 3082; x_wconf 81' lang='lat' dir='ltr'><strong>Galgala</strong></span> <span class='ocrx_word' id='word_1_362' title='bbox 781 3053 798 3080; x_wconf 90' lang='lat'><strong>,</strong></span> <span class='ocrx_word' id='word_1_363' title='bbox 835 3019 885 3065; x_wconf 82' lang='lat' dir='ltr'><strong>et</strong></span> <span class='ocrx_word' id='word_1_364' title='bbox 911 3013 1078 3084; x_wconf 82' lang='lat' dir='ltr'><strong>fecere</strong></span> <span class='ocrx_word' id='word_1_365' title='bbox 1113 3009 1187 3065; x_wconf 87' lang='lat' dir='ltr'><strong>ibi</strong></span> <span class='ocrx_word' id='word_1_366' title='bbox 1234 3027 1404 3087; x_wconf 80' lang='lat' dir='ltr'><strong>regem</strong></span> <span class='ocrx_word' id='word_1_367' title='bbox 1446 3010 1580 3066; x_wconf 89' lang='lat' dir='ltr'><strong>Saul</strong></span> <span class='ocrx_word' id='word_1_368' title='bbox 1626 3027 1802 3067; x_wconf 89' lang='lat' dir='ltr'><strong>coram</strong></span> 
     </span>
    </p>
   </div>
   <div class='ocr_carea' id='block_1_46' title="bbox 193 3099 456 3159">
    <p class='ocr_par' dir='ltr' id='par_1_46' title="bbox 193 3099 456 3159">
     <span class='ocr_line' id='line_1_46' title="bbox 193 3099 456 3159; baseline -0.008 -2"><span class='ocrx_word' id='word_1_369' title='bbox 193 3099 456 3159; x_wconf 80' lang='lat' dir='ltr'><strong>Domino.</strong></span> 
     </span>
    </p>
   </div>
   <div class='ocr_carea' id='block_1_47' title="bbox 271 3189 1802 3264">
    <p class='ocr_par' dir='ltr' id='par_1_47' title="bbox 271 3189 1802 3264">
     <span class='ocr_line' id='line_1_47' title="bbox 271 3189 1802 3264; baseline 0.001 -18"><span class='ocrx_word' id='word_1_370' title='bbox 271 3190 368 3247; x_wconf 65' lang='lat'><strong>{6.</strong></span> <span class='ocrx_word' id='word_1_371' title='bbox 415 3189 475 3247; x_wconf 85' lang='lat' dir='ltr'><strong>Si</strong></span> <span class='ocrx_word' id='word_1_372' title='bbox 508 3203 638 3264; x_wconf 79' lang='lat' dir='ltr'><strong>ergo</strong></span> <span class='ocrx_word' id='word_1_373' title='bbox 667 3193 847 3247; x_wconf 90' lang='lat' dir='ltr'><strong>omnia</strong></span> <span class='ocrx_word' id='word_1_374' title='bbox 867 3207 933 3249; x_wconf 88' lang='lat' dir='ltr'><strong>eo</strong></span> <span class='ocrx_word' id='word_1_375' title='bbox 959 3192 1141 3259; x_wconf 89' lang='lat' dir='ltr'><strong>modo,</strong></span> <span class='ocrx_word' id='word_1_376' title='bbox 1170 3208 1275 3264; x_wconf 92' lang='lat' dir='ltr'><strong>quo</strong></span> <span class='ocrx_word' id='word_1_377' title='bbox 1296 3193 1543 3264; x_wconf 62' lang='lat' dir='ltr'><strong>superius</strong></span> <span class='ocrx_word' id='word_1_378' title='bbox 1570 3193 1623 3248; x_wconf 92' lang='lat' dir='ltr'><strong>in</strong></span> <span class='ocrx_word' id='word_1_379' title='bbox 1654 3192 1802 3250; x_wconf 90' lang='lat' dir='ltr'><strong>ordi-</strong></span> 
     </span>
    </p>
   </div>
   <div class='ocr_carea' id='block_1_48' title="bbox 1902 2001 3499 2076">
    <p class='ocr_par' dir='ltr' id='par_1_48' title="bbox 1902 2001 3499 2076">
     <span class='ocr_line' id='line_1_48' title="bbox 1902 2001 3499 2076; baseline 0.001 -13"><span class='ocrx_word' id='word_1_380' title='bbox 1902 2007 1961 2066; x_wconf 88' lang='lat' dir='ltr'><strong>in</strong></span> <span class='ocrx_word' id='word_1_381' title='bbox 1997 2006 2250 2076; x_wconf 78' lang='lat' dir='ltr'><strong>Galgala,</strong></span> <span class='ocrx_word' id='word_1_382' title='bbox 2280 2013 2533 2064; x_wconf 87' lang='lat' dir='ltr'><strong>monente</strong></span> <span class='ocrx_word' id='word_1_383' title='bbox 2581 2004 2835 2062; x_wconf 84' lang='lat' dir='ltr'><strong>Samuele</strong></span> <span class='ocrx_word' id='word_1_384' title='bbox 2887 2004 3211 2076; x_wconf 82' lang='lat' dir='ltr'><strong>perrexisse.</strong></span> <span class='ocrx_word' id='word_1_385' title='bbox 3264 2001 3499 2073; x_wconf 75' lang='lat' dir='ltr'><strong>Eamus,</strong></span> 
     </span>
    </p>
   </div>
   <div class='ocr_carea' id='block_1_49' title="bbox 1904 2093 3502 2172">
    <p class='ocr_par' dir='ltr' id='par_1_49' title="bbox 1904 2093 3502 2172">
     <span class='ocr_line' id='line_1_49' title="bbox 1904 2093 3502 2172; baseline -0.002 -18"><span class='ocrx_word' id='word_1_386' title='bbox 1904 2100 2099 2170; x_wconf 86' lang='lat' dir='ltr'><strong>inquit,</strong></span> <span class='ocrx_word' id='word_1_387' title='bbox 2130 2100 2186 2154; x_wconf 81' lang='lat' dir='ltr'><strong>in</strong></span> <span class='ocrx_word' id='word_1_388' title='bbox 2209 2097 2456 2172; x_wconf 78' lang='lat' dir='ltr'><strong>Galgala,</strong></span> <span class='ocrx_word' id='word_1_389' title='bbox 2483 2107 2533 2159; x_wconf 78' lang='lat' dir='ltr'><strong>et</strong></span> <span class='ocrx_word' id='word_1_390' title='bbox 2561 2099 2862 2156; x_wconf 71' lang='lat' dir='ltr'><strong>innovemus</strong></span> <span class='ocrx_word' id='word_1_391' title='bbox 2888 2095 2962 2151; x_wconf 86' lang='lat' dir='ltr'><strong>ibi</strong></span> <span class='ocrx_word' id='word_1_392' title='bbox 2985 2111 3227 2169; x_wconf 63' lang='lat' dir='ltr'><strong>regulum</strong></span> <span class='ocrx_word' id='word_1_393' title='bbox 3257 2093 3502 2163; x_wconf 79' lang='lat' dir='ltr'><strong>Regnum</strong></span> 
     </span>
    </p>
   </div>
   <div class='ocr_carea' id='block_1_50' title="bbox 1902 2182 3509 2266">
    <p class='ocr_par' dir='ltr' id='par_1_50' title="bbox 1902 2182 3509 2266">
     <span class='ocr_line' id='line_1_50' title="bbox 1902 2182 3509 2266; baseline -0.016 0"><span class='ocrx_word' id='word_1_394' title='bbox 1902 2192 2101 2266; x_wconf 61' lang='grc' dir='ltr'><strong>(Πύρρε</strong></span> <span class='ocrx_word' id='word_1_395' title='bbox 2147 2191 2472 2248; x_wconf 68' lang='lat' dir='ltr'><strong>innovatur:</strong></span> <span class='ocrx_word' id='word_1_396' title='bbox 2499 2189 2628 2260; x_wconf 79' lang='lat' dir='ltr'><strong>quia</strong></span> <span class='ocrx_word' id='word_1_397' title='bbox 2674 2187 2806 2248; x_wconf 86' lang='lat' dir='ltr'><strong>dum</strong></span> <span class='ocrx_word' id='word_1_398' title='bbox 2841 2186 3048 2244; x_wconf 84' lang='lat' dir='ltr'><strong>electus</strong></span> <span class='ocrx_word' id='word_1_399' title='bbox 3086 2182 3409 2258; x_wconf 76' lang='lat' dir='ltr'><strong>praedicator</strong></span> <span class='ocrx_word' id='word_1_400' title='bbox 3447 2183 3509 2242; x_wconf 82' lang='lat' dir='ltr'><strong>in</strong></span> 
     </span>
    </p>
   </div>
   <div class='ocr_carea' id='block_1_51' title="bbox 1902 2276 3505 2355">
    <p class='ocr_par' dir='ltr' id='par_1_51' title="bbox 1902 2276 3505 2355">
     <span class='ocr_line' id='line_1_51' title="bbox 1902 2276 3505 2355; baseline -0.004 -12"><span class='ocrx_word' id='word_1_401' title='bbox 1902 2298 2094 2354; x_wconf 77' lang='lat' dir='ltr'><strong>magna</strong></span> <span class='ocrx_word' id='word_1_402' title='bbox 2123 2285 2327 2340; x_wconf 83' lang='lat' dir='ltr'><strong>virtute</strong></span> <span class='ocrx_word' id='word_1_403' title='bbox 2356 2283 2704 2355; x_wconf 79' lang='lat' dir='ltr'><strong>conspicitur,</strong></span> <span class='ocrx_word' id='word_1_404' title='bbox 2737 2282 2788 2339; x_wconf 86' lang='lat' dir='ltr'><strong>ei</strong></span> <span class='ocrx_word' id='word_1_405' title='bbox 2831 2295 2972 2342; x_wconf 83' lang='lat' dir='ltr'><strong>nova</strong></span> <span class='ocrx_word' id='word_1_406' title='bbox 3001 2287 3054 2342; x_wconf 81' lang='lat' dir='ltr'><strong>et</strong></span> <span class='ocrx_word' id='word_1_407' title='bbox 3091 2277 3303 2340; x_wconf 85' lang='lat' dir='ltr'><strong>recenti</strong></span> <span class='ocrx_word' id='word_1_408' title='bbox 3339 2276 3505 2338; x_wconf 73' lang='lat' dir='ltr'><strong>devo~</strong></span> 
     </span>
    </p>
   </div>
   <div class='ocr_carea' id='block_1_52' title="bbox 1901 2367 3510 2440">
    <p class='ocr_par' dir='ltr' id='par_1_52' title="bbox 1901 2367 3510 2440">
     <span class='ocr_line' id='line_1_52' title="bbox 1901 2367 3510 2440; baseline -0.002 -11"><span class='ocrx_word' id='word_1_409' title='bbox 1901 2373 2052 2430; x_wconf 85' lang='lat' dir='ltr'><strong>tione</strong></span> <span class='ocrx_word' id='word_1_410' title='bbox 2099 2374 2410 2431; x_wconf 81' lang='lat' dir='ltr'><strong>auditorum</strong></span> <span class='ocrx_word' id='word_1_411' title='bbox 2461 2372 2628 2430; x_wconf 86' lang='lat' dir='ltr'><strong>corda</strong></span> <span class='ocrx_word' id='word_1_412' title='bbox 2677 2371 3087 2432; x_wconf 81' lang='lat' dir='ltr'><strong>submittuntur.</strong></span> <span class='ocrx_word' id='word_1_413' title='bbox 3144 2367 3300 2431; x_wconf 75' lang='lat' dir='ltr'><strong>Uade</strong></span> <span class='ocrx_word' id='word_1_414' title='bbox 3349 2367 3510 2440; x_wconf 88' lang='lat' dir='ltr'><strong>quasi</strong></span> 
     </span>
    </p>
   </div>
   <div class='ocr_carea' id='block_1_53' title="bbox 1902 2459 3507 2536">
    <p class='ocr_par' dir='ltr' id='par_1_53' title="bbox 1902 2459 3507 2536">
     <span class='ocr_line' id='line_1_53' title="bbox 1902 2459 3507 2536; baseline 0 -14"><span class='ocrx_word' id='word_1_415' title='bbox 1902 2473 2120 2522; x_wconf 87' lang='lat' dir='ltr'><strong>ostensa</strong></span> <span class='ocrx_word' id='word_1_416' title='bbox 2143 2465 2288 2536; x_wconf 88' lang='lat' dir='ltr'><strong>regis</strong></span> <span class='ocrx_word' id='word_1_417' title='bbox 2307 2464 2537 2524; x_wconf 74' lang='lat' dir='ltr'><strong>victoria</strong></span> <span class='ocrx_word' id='word_1_418' title='bbox 2567 2478 2794 2533; x_wconf 82' lang='lat' dir='ltr'><strong>regnum</strong></span> <span class='ocrx_word' id='word_1_419' title='bbox 2822 2463 3134 2530; x_wconf 80' lang='lat' dir='ltr'><strong>innovatur,</strong></span> <span class='ocrx_word' id='word_1_420' title='bbox 3161 2459 3380 2532; x_wconf 77' lang='lat' dir='ltr'><strong>quando</strong></span> <span class='ocrx_word' id='word_1_421' title='bbox 3407 2474 3507 2522; x_wconf 82' lang='lat' dir='ltr'><strong>co-</strong></span> 
     </span>
    </p>
   </div>
   <div class='ocr_carea' id='block_1_54' title="bbox 1901 2552 3508 2629">
    <p class='ocr_par' dir='ltr' id='par_1_54' title="bbox 1901 2552 3508 2629">
     <span class='ocr_line' id='line_1_54' title="bbox 1901 2552 3508 2629; baseline 0.002 -19"><span class='ocrx_word' id='word_1_422' title='bbox 1901 2555 2052 2625; x_wconf 82' lang='lat' dir='ltr'><strong>gnita</strong></span> <span class='ocrx_word' id='word_1_423' title='bbox 2080 2570 2278 2628; x_wconf 78' lang='lat' dir='ltr'><strong>magna</strong></span> <span class='ocrx_word' id='word_1_424' title='bbox 2303 2557 2468 2629; x_wconf 70' lang='lat'><strong>270</strong></span> <span class='ocrx_word' id='word_1_425' title='bbox 2490 2564 2907 2620; x_wconf 78' lang='lat' dir='ltr'><strong>conversatione</strong></span> <span class='ocrx_word' id='word_1_426' title='bbox 2933 2554 3206 2624; x_wconf 82' lang='lat' dir='ltr'><strong>doctoris,</strong></span> <span class='ocrx_word' id='word_1_427' title='bbox 3233 2554 3352 2627; x_wconf 74' lang='lat' dir='ltr'><strong>ipsa</strong></span> <span class='ocrx_word' id='word_1_428' title='bbox 3378 2552 3508 2613; x_wconf 83' lang='lat' dir='ltr'><strong>sub-</strong></span> 
     </span>
    </p>
   </div>
   <div class='ocr_carea' id='block_1_55' title="bbox 1904 2645 3506 2720">
    <p class='ocr_par' dir='ltr' id='par_1_55' title="bbox 1904 2645 3506 2720">
     <span class='ocr_line' id='line_1_55' title="bbox 1904 2645 3506 2720; baseline 0.002 -19"><span class='ocrx_word' id='word_1_429' title='bbox 1904 2645 2141 2706; x_wconf 82' lang='lat' dir='ltr'><strong>diturum</strong></span> <span class='ocrx_word' id='word_1_430' title='bbox 2159 2649 2327 2706; x_wconf 84' lang='lat' dir='ltr'><strong>corda</strong></span> <span class='ocrx_word' id='word_1_431' title='bbox 2349 2647 2696 2720; x_wconf 86' lang='lat' dir='ltr'><strong>splendorem</strong></span> <span class='ocrx_word' id='word_1_432' title='bbox 2713 2662 2866 2706; x_wconf 62' lang='lat' dir='ltr'><strong>novat</strong></span> <span class='ocrx_word' id='word_1_433' title='bbox 2881 2647 3189 2706; x_wconf 81' lang='lat' dir='ltr'><strong>devotionis</strong></span> <span class='ocrx_word' id='word_1_434' title='bbox 3208 2645 3506 2717; x_wconf 79' lang='lat' dir='ltr'><strong>accipiunt,</strong></span> 
     </span>
    </p>
   </div>
   <div class='ocr_carea' id='block_1_56' title="bbox 1903 2734 3579 2815">
    <p class='ocr_par' dir='ltr' id='par_1_56' title="bbox 1903 2734 3579 2815">
     <span class='ocr_line' id='line_1_56' title="bbox 1903 2734 3579 2815; baseline 0.001 -21"><span class='ocrx_word' id='word_1_435' title='bbox 1903 2747 1960 2794; x_wconf 90' lang='lat' dir='ltr'><strong>et</strong></span> <span class='ocrx_word' id='word_1_436' title='bbox 1983 2734 2083 2812; x_wconf 85' lang='lat' dir='ltr'><strong>per</strong></span> <span class='ocrx_word' id='word_1_437' title='bbox 2111 2738 2236 2812; x_wconf 43' lang='lat' dir='ltr'><strong>ejus,</strong></span> <span class='ocrx_word' id='word_1_438' title='bbox 2257 2741 2566 2812; x_wconf 82' lang='lat' dir='ltr'><strong>exemplum</strong></span> <span class='ocrx_word' id='word_1_439' title='bbox 2594 2741 2666 2802; x_wconf 80' lang='lat' dir='ltr'><strong>ad</strong></span> <span class='ocrx_word' id='word_1_440' title='bbox 2693 2741 3036 2815; x_wconf 78' lang='lat' dir='ltr'><strong>propositum</strong></span> <span class='ocrx_word' id='word_1_441' title='bbox 3062 2754 3273 2812; x_wconf 75' lang='lat' dir='ltr'><strong>magnae</strong></span> <span class='ocrx_word' id='word_1_442' title='bbox 3292 2739 3512 2798; x_wconf 87' lang='lat' dir='ltr'><strong>virtutis</strong></span> <span class='ocrx_word' id='word_1_443' title='bbox 3578 2807 3579 2810; x_wconf 24' lang='grc' dir='ltr'><strong>η</strong></span> 
     </span>
    </p>
   </div>
   <div class='ocr_carea' id='block_1_57' title="bbox 1904 2828 3508 2906">
    <p class='ocr_par' dir='ltr' id='par_1_57' title="bbox 1904 2828 3508 2906">
     <span class='ocr_line' id='line_1_57' title="bbox 1904 2828 3508 2906; baseline 0 -20"><span class='ocrx_word' id='word_1_444' title='bbox 1904 2831 2230 2890; x_wconf 83' lang='lat' dir='ltr'><strong>excitantur.</strong></span> <span class='ocrx_word' id='word_1_445' title='bbox 2262 2831 2372 2890; x_wconf 84' lang='lat' dir='ltr'><strong>Sed</strong></span> <span class='ocrx_word' id='word_1_446' title='bbox 2411 2831 2526 2906; x_wconf 75' lang='lat' dir='ltr'><strong>jam</strong></span> <span class='ocrx_word' id='word_1_447' title='bbox 2549 2832 2644 2906; x_wconf 85' lang='lat' dir='ltr'><strong>qui</strong></span> <span class='ocrx_word' id='word_1_448' title='bbox 2687 2832 2744 2889; x_wconf 91' lang='lat' dir='ltr'><strong>in</strong></span> <span class='ocrx_word' id='word_1_449' title='bbox 2782 2847 2893 2892; x_wconf 90' lang='lat' dir='ltr'><strong>uno</strong></span> <span class='ocrx_word' id='word_1_450' title='bbox 2933 2832 3276 2890; x_wconf 81' lang='lat' dir='ltr'><strong>internorum</strong></span> <span class='ocrx_word' id='word_1_451' title='bbox 3319 2828 3508 2901; x_wconf 62' lang='lat' dir='ltr'><strong>praelia</strong></span> 
     </span>
    </p>
   </div>
   <div class='ocr_carea' id='block_1_58' title="bbox 1905 2920 3510 2996">
    <p class='ocr_par' dir='ltr' id='par_1_58' title="bbox 1905 2920 3510 2996">
     <span class='ocr_line' id='line_1_58' title="bbox 1905 2920 3510 2996; baseline 0 -17"><span class='ocrx_word' id='word_1_452' title='bbox 1905 2922 2207 2993; x_wconf 88' lang='lat' dir='ltr'><strong>triumphos</strong></span> <span class='ocrx_word' id='word_1_453' title='bbox 2247 2925 2590 2996; x_wconf 74' lang='lat' dir='ltr'><strong>aspeximus,</strong></span> <span class='ocrx_word' id='word_1_454' title='bbox 2620 2924 2676 2986; x_wconf 86' lang='lat' dir='ltr'><strong>iu</strong></span> <span class='ocrx_word' id='word_1_455' title='bbox 2717 2921 3030 2995; x_wconf 83' lang='lat' dir='ltr'><strong>alterojam</strong></span> <span class='ocrx_word' id='word_1_456' title='bbox 3071 2920 3225 2996; x_wconf 79' lang='lat' dir='ltr'><strong>pacis</strong></span> <span class='ocrx_word' id='word_1_457' title='bbox 3259 2928 3510 2994; x_wconf 60' lang='lat' dir='ltr'><strong>uapore.</strong></span> 
     </span>
    </p>
   </div>
   <div class='ocr_carea' id='block_1_59' title="bbox 1905 3013 3010 3093">
    <p class='ocr_par' dir='ltr' id='par_1_59' title="bbox 1905 3013 3010 3093">
     <span class='ocr_line' id='line_1_59' title="bbox 1905 3013 3010 3093; baseline -0.002 -15"><span class='ocrx_word' id='word_1_458' title='bbox 1905 3015 2136 3078; x_wconf 79' lang='lat' dir='ltr'><strong>mirabili</strong></span> <span class='ocrx_word' id='word_1_459' title='bbox 2164 3015 2421 3093; x_wconf 79' lang='lat' dir='ltr'><strong>aequitate</strong></span> <span class='ocrx_word' id='word_1_460' title='bbox 2446 3015 2680 3078; x_wconf 79' lang='lat' dir='ltr'><strong>decursa</strong></span> <span class='ocrx_word' id='word_1_461' title='bbox 2705 3013 3010 3078; x_wconf 69' lang='lat' dir='ltr'><strong>videamus.</strong></span> 
     </span>
    </p>
   </div>
   <div class='ocr_carea' id='block_1_60' title="bbox 2535 3105 2872 3170">
    <p class='ocr_par' dir='ltr' id='par_1_60' title="bbox 2535 3105 2872 3170">
     <span class='ocr_line' id='line_1_60' title="bbox 2535 3105 2872 3170; baseline -0.012 0"><span class='ocrx_word' id='word_1_462' title='bbox 2535 3105 2766 3170; x_wconf 69' lang='lat' dir='ltr'><strong>CAPUT</strong></span> <span class='ocrx_word' id='word_1_463' title='bbox 2801 3105 2872 3166; x_wconf 86' lang='lat' dir='ltr'><strong>ll.</strong></span> 
     </span>
    </p>
   </div>
   <div class='ocr_carea' id='block_1_61' title="bbox 1983 3197 3513 3273">
    <p class='ocr_par' dir='ltr' id='par_1_61' title="bbox 1983 3197 3513 3273">
     <span class='ocr_line' id='line_1_61' title="bbox 1983 3197 3513 3273; baseline 0.002 -17"><span class='ocrx_word' id='word_1_464' title='bbox 1983 3199 2037 3273; x_wconf 89' lang='grc' dir='ltr'>(ι</span> <span class='ocrx_word' id='word_1_465' title='bbox 2063 3199 2196 3270; x_wconf 75' lang='lat' dir='ltr'><strong>Reg.</strong></span> <span class='ocrx_word' id='word_1_466' title='bbox 2226 3216 2322 3267; x_wconf 81' lang='lat' dir='ltr'><strong>xu,</strong></span> <span class='ocrx_word' id='word_1_467' title='bbox 2351 3198 2492 3271; x_wconf 74' lang='grc'><strong>1-5.)</strong></span> <span class='ocrx_word' id='word_1_468' title='bbox 2519 3199 2670 3259; x_wconf 73' lang='lat' dir='ltr'><strong>Dixit</strong></span> <span class='ocrx_word' id='word_1_469' title='bbox 2692 3207 2866 3260; x_wconf 71' lang='lat' dir='ltr'><strong>autem</strong></span> <span class='ocrx_word' id='word_1_470' title='bbox 2889 3197 3106 3258; x_wconf 74' lang='lat' dir='ltr'><strong>Sumnel</strong></span> <span class='ocrx_word' id='word_1_471' title='bbox 3129 3197 3201 3258; x_wconf 76' lang='lat' dir='ltr'><strong>ad</strong></span> <span class='ocrx_word' id='word_1_472' title='bbox 3219 3197 3513 3258; x_wconf 65' lang='lat' dir='ltr'><strong>universus</strong></span> 
     </span>
    </p>
   </div>
   <div class='ocr_carea' id='block_1_62' title="bbox 192 3280 3574 3366">
    <p class='ocr_par' dir='ltr' id='par_1_62' title="bbox 192 3280 3574 3366">
     <span class='ocr_line' id='line_1_62' title="bbox 192 3280 3574 3366; baseline 0.003 -28"><span class='ocrx_word' id='word_1_473' title='bbox 192 3280 388 3338; x_wconf 82' lang='lat' dir='ltr'><strong>nando</strong></span> <span class='ocrx_word' id='word_1_474' title='bbox 409 3295 610 3350; x_wconf 81' lang='lat' dir='ltr'><strong>regem,</strong></span> <span class='ocrx_word' id='word_1_475' title='bbox 635 3280 789 3346; x_wconf 74' lang='lat' dir='ltr'><strong>ﬁunt,</strong></span> <span class='ocrx_word' id='word_1_476' title='bbox 812 3282 878 3337; x_wconf 90' lang='lat' dir='ltr'><strong>ad</strong></span> <span class='ocrx_word' id='word_1_477' title='bbox 905 3290 1105 3338; x_wconf 64' lang='lat' dir='ltr'><strong>sancta:</strong></span> <span class='ocrx_word' id='word_1_478' title='bbox 1130 3281 1380 3339; x_wconf 66' lang='lat' dir='ltr'><strong>Ecclesiae</strong></span> <span class='ocrx_word' id='word_1_479' title='bbox 1409 3300 1612 3340; x_wconf 91' lang='lat' dir='ltr'><strong>morem</strong></span> <span class='ocrx_word' id='word_1_480' title='bbox 1638 3284 1806 3340; x_wconf 87' lang='lat' dir='ltr'><strong>dedu-</strong></span> <span class='ocrx_word' id='word_1_481' title='bbox 1833 3283 1881 3348; x_wconf 83' lang='lat' dir='ltr'><strong><em>C</em></strong></span> <span class='ocrx_word' id='word_1_482' title='bbox 1913 3293 2085 3354; x_wconf 69' lang='grc' dir='ltr'>Ῑδτιιει</span> <span class='ocrx_word' id='word_1_483' title='bbox 2106 3311 2125 3350; x_wconf 83' lang='lat'><em>;</em></span> <span class='ocrx_word' id='word_1_484' title='bbox 2155 3292 2295 3350; x_wconf 75' lang='lat' dir='ltr'><strong>Ecce</strong></span> <span class='ocrx_word' id='word_1_485' title='bbox 2321 3293 2495 3350; x_wconf 71' lang='grc' dir='ltr'><strong>ωιίυξ</strong></span> <span class='ocrx_word' id='word_1_486' title='bbox 2523 3308 2697 3351; x_wconf 73' lang='lat' dir='ltr'><strong>uocem</strong></span> <span class='ocrx_word' id='word_1_487' title='bbox 2741 3300 2964 3354; x_wconf 79' lang='lat' dir='ltr'><strong>uestram</strong></span> <span class='ocrx_word' id='word_1_488' title='bbox 2982 3293 3146 3366; x_wconf 66' lang='lat' dir='ltr'><strong>juxta</strong></span> <span class='ocrx_word' id='word_1_489' title='bbox 3170 3292 3370 3362; x_wconf 81' lang='lat' dir='ltr'><strong>omnia,</strong></span> <span class='ocrx_word' id='word_1_490' title='bbox 3395 3305 3512 3363; x_wconf 71' lang='lat' dir='ltr'><strong>qua</strong></span> <span class='ocrx_word' id='word_1_491' title='bbox 3571 3305 3574 3310; x_wconf 86' lang='lat'>&#39;</span> 
     </span>
    </p>
   </div>
   <div class='ocr_carea' id='block_1_63' title="bbox 191 3372 1801 3444">
    <p class='ocr_par' dir='ltr' id='par_1_63' title="bbox 191 3372 1801 3444">
     <span class='ocr_line' id='line_1_63' title="bbox 191 3372 1801 3444; baseline 0.001 -15"><span class='ocrx_word' id='word_1_492' title='bbox 191 3372 381 3429; x_wconf 82' lang='lat' dir='ltr'><strong>cimus</strong></span> <span class='ocrx_word' id='word_1_493' title='bbox 405 3413 422 3442; x_wconf 94' lang='lat'><strong>,</strong></span> <span class='ocrx_word' id='word_1_494' title='bbox 462 3385 657 3444; x_wconf 85' lang='lat' dir='ltr'><strong>magna</strong></span> <span class='ocrx_word' id='word_1_495' title='bbox 699 3372 996 3430; x_wconf 84' lang='lat' dir='ltr'><strong>subtilitate</strong></span> <span class='ocrx_word' id='word_1_496' title='bbox 1039 3374 1154 3444; x_wconf 86' lang='lat' dir='ltr'><strong>ejus</strong></span> <span class='ocrx_word' id='word_1_497' title='bbox 1182 3383 1424 3430; x_wconf 88' lang='lat' dir='ltr'><strong>rectores</strong></span> <span class='ocrx_word' id='word_1_498' title='bbox 1463 3375 1801 3432; x_wconf 87' lang='lat' dir='ltr'><strong>ordinantur.</strong></span> 
     </span>
    </p>
   </div>
   <div class='ocr_carea' id='block_1_64' title="bbox 192 3462 1801 3536">
    <p class='ocr_par' dir='ltr' id='par_1_64' title="bbox 192 3462 1801 3536">
     <span class='ocr_line' id='line_1_64' title="bbox 192 3462 1801 3536; baseline 0.002 -17"><span class='ocrx_word' id='word_1_499' title='bbox 192 3462 363 3519; x_wconf 75' lang='lat' dir='ltr'><strong>Prius</strong></span> <span class='ocrx_word' id='word_1_500' title='bbox 387 3463 588 3536; x_wconf 78' lang='lat' dir='ltr'><strong>quippe</strong></span> <span class='ocrx_word' id='word_1_501' title='bbox 621 3465 899 3536; x_wconf 69' lang='lat' dir='ltr'><strong>praphetae</strong></span> <span class='ocrx_word' id='word_1_502' title='bbox 940 3481 1037 3521; x_wconf 80' lang='lat' dir='ltr'><strong>rex</strong></span> <span class='ocrx_word' id='word_1_503' title='bbox 1087 3465 1364 3534; x_wconf 75' lang='lat' dir='ltr'><strong>eligendus</strong></span> <span class='ocrx_word' id='word_1_504' title='bbox 1404 3477 1654 3522; x_wconf 89' lang='lat' dir='ltr'><strong>ostensus</strong></span> <span class='ocrx_word' id='word_1_505' title='bbox 1691 3475 1801 3533; x_wconf 91' lang='lat' dir='ltr'><strong>est,</strong></span> 
     </span>
    </p>
   </div>
   <div class='ocr_carea' id='block_1_65' title="bbox 191 3556 1806 3630">
    <p class='ocr_par' dir='ltr' id='par_1_65' title="bbox 191 3556 1806 3630">
     <span class='ocr_line' id='line_1_65' title="bbox 191 3556 1806 3630; baseline 0.001 -16"><span class='ocrx_word' id='word_1_506' title='bbox 191 3557 403 3614; x_wconf 84' lang='lat' dir='ltr'><strong>deinde</strong></span> <span class='ocrx_word' id='word_1_507' title='bbox 428 3556 687 3629; x_wconf 70' lang='lat' dir='ltr'><strong>qumsitus</strong></span> <span class='ocrx_word' id='word_1_508' title='bbox 706 3557 858 3627; x_wconf 86' lang='lat' dir='ltr'><strong>quasi</strong></span> <span class='ocrx_word' id='word_1_509' title='bbox 886 3559 1192 3630; x_wconf 88' lang='lat' dir='ltr'><strong>lncognitus</strong></span> <span class='ocrx_word' id='word_1_510' title='bbox 1215 3576 1229 3613; x_wconf 89' lang='lat'><strong>:</strong></span> <span class='ocrx_word' id='word_1_511' title='bbox 1255 3567 1446 3630; x_wconf 91' lang='lat' dir='ltr'><strong>postea</strong></span> <span class='ocrx_word' id='word_1_512' title='bbox 1470 3559 1635 3615; x_wconf 91' lang='lat' dir='ltr'><strong>etiam</strong></span> <span class='ocrx_word' id='word_1_513' title='bbox 1657 3567 1806 3615; x_wconf 89' lang='lat' dir='ltr'><strong>sorte</strong></span> 
     </span>
    </p>
   </div>
   <div class='ocr_carea' id='block_1_66' title="bbox 193 3647 1805 3718">
    <p class='ocr_par' dir='ltr' id='par_1_66' title="bbox 193 3647 1805 3718">
     <span class='ocr_line' id='line_1_66' title="bbox 193 3647 1805 3718; baseline 0.002 -13"><span class='ocrx_word' id='word_1_514' title='bbox 193 3648 494 3716; x_wconf 82' lang='lat' dir='ltr'><strong>inventus,</strong></span> <span class='ocrx_word' id='word_1_515' title='bbox 520 3647 666 3703; x_wconf 90' lang='lat' dir='ltr'><strong>domi</strong></span> <span class='ocrx_word' id='word_1_516' title='bbox 695 3649 1066 3716; x_wconf 82' lang='lat' dir='ltr'><strong>absconditus,</strong></span> <span class='ocrx_word' id='word_1_517' title='bbox 1115 3651 1384 3706; x_wconf 83' lang='lat' dir='ltr'><strong>revelatus</strong></span> <span class='ocrx_word' id='word_1_518' title='bbox 1423 3667 1452 3705; x_wconf 90' lang='lat' dir='ltr'><strong>a</strong></span> <span class='ocrx_word' id='word_1_519' title='bbox 1492 3649 1744 3718; x_wconf 87' lang='lat' dir='ltr'><strong>Domino,</strong></span> <span class='ocrx_word' id='word_1_520' title='bbox 1773 3667 1805 3709; x_wconf 89' lang='lat' dir='ltr'><strong>a</strong></span> 
     </span>
    </p>
   </div>
   <div class='ocr_carea' id='block_1_67' title="bbox 189 3737 1806 3815">
    <p class='ocr_par' dir='ltr' id='par_1_67' title="bbox 189 3737 1806 3815">
     <span class='ocr_line' id='line_1_67' title="bbox 189 3737 1806 3815; baseline 0.006 -22"><span class='ocrx_word' id='word_1_521' title='bbox 189 3740 412 3815; x_wconf 85' lang='lat' dir='ltr'><strong>populo</strong></span> <span class='ocrx_word' id='word_1_522' title='bbox 438 3737 705 3809; x_wconf 84' lang='lat' dir='ltr'><strong>sublatus,</strong></span> <span class='ocrx_word' id='word_1_523' title='bbox 733 3747 788 3795; x_wconf 89' lang='lat' dir='ltr'><strong>et</strong></span> <span class='ocrx_word' id='word_1_524' title='bbox 815 3739 868 3794; x_wconf 82' lang='lat' dir='ltr'><strong>in</strong></span> <span class='ocrx_word' id='word_1_525' title='bbox 897 3741 1099 3812; x_wconf 81' lang='lat' dir='ltr'><strong>regiam</strong></span> <span class='ocrx_word' id='word_1_526' title='bbox 1122 3742 1436 3811; x_wconf 77' lang='lat' dir='ltr'><strong>dignitatem</strong></span> <span class='ocrx_word' id='word_1_527' title='bbox 1458 3744 1526 3800; x_wconf 89' lang='lat' dir='ltr'><strong>ab</strong></span> <span class='ocrx_word' id='word_1_528' title='bbox 1555 3745 1806 3802; x_wconf 72' lang='lat' dir='ltr'><strong>omnibus</strong></span> 
     </span>
    </p>
   </div>
   <div class='ocr_carea' id='block_1_68' title="bbox 190 3831 1804 3906">
    <p class='ocr_par' dir='ltr' id='par_1_68' title="bbox 190 3831 1804 3906">
     <span class='ocr_line' id='line_1_68' title="bbox 190 3831 1804 3906; baseline 0.001 -18"><span class='ocrx_word' id='word_1_529' title='bbox 190 3839 459 3902; x_wconf 80' lang='lat' dir='ltr'><strong>receptus</strong></span> <span class='ocrx_word' id='word_1_530' title='bbox 487 3839 590 3888; x_wconf 87' lang='lat' dir='ltr'><strong>est.</strong></span> <span class='ocrx_word' id='word_1_531' title='bbox 625 3831 764 3898; x_wconf 77' lang='lat' dir='ltr'><strong>Quid</strong></span> <span class='ocrx_word' id='word_1_532' title='bbox 803 3840 885 3888; x_wconf 88' lang='lat' dir='ltr'><strong>est</strong></span> <span class='ocrx_word' id='word_1_533' title='bbox 925 3847 1082 3904; x_wconf 89' lang='lat' dir='ltr'><strong>ergo,</strong></span> <span class='ocrx_word' id='word_1_534' title='bbox 1113 3833 1258 3903; x_wconf 88' lang='lat' dir='ltr'><strong>quod</strong></span> <span class='ocrx_word' id='word_1_535' title='bbox 1290 3833 1463 3890; x_wconf 90' lang='lat' dir='ltr'><strong>adhuc</strong></span> <span class='ocrx_word' id='word_1_536' title='bbox 1493 3835 1545 3889; x_wconf 93' lang='lat' dir='ltr'><strong>in</strong></span> <span class='ocrx_word' id='word_1_537' title='bbox 1583 3833 1804 3906; x_wconf 86' lang='lat' dir='ltr'><strong>Galgala</strong></span> 
     </span>
    </p>
   </div>
   <div class='ocr_carea' id='block_1_69' title="bbox 190 3920 1804 3998">
    <p class='ocr_par' dir='ltr' id='par_1_69' title="bbox 190 3920 1804 3998">
     <span class='ocr_line' id='line_1_69' title="bbox 190 3920 1804 3998; baseline 0.003 -20"><span class='ocrx_word' id='word_1_538' title='bbox 190 3920 486 3990; x_wconf 76' lang='lat' dir='ltr'><strong>temiitur,</strong></span> <span class='ocrx_word' id='word_1_539' title='bbox 535 3929 597 3977; x_wconf 91' lang='lat' dir='ltr'><strong>ut</strong></span> <span class='ocrx_word' id='word_1_540' title='bbox 638 3922 749 3979; x_wconf 88' lang='lat' dir='ltr'><strong>illic</strong></span> <span class='ocrx_word' id='word_1_541' title='bbox 799 3936 1027 3993; x_wconf 88' lang='lat' dir='ltr'><strong>regnum</strong></span> <span class='ocrx_word' id='word_1_542' title='bbox 1079 3924 1412 3981; x_wconf 85' lang='lat' dir='ltr'><strong>innovetur?</strong></span> <span class='ocrx_word' id='word_1_543' title='bbox 1457 3927 1563 3982; x_wconf 90' lang='lat' dir='ltr'><strong>Sed</strong></span> <span class='ocrx_word' id='word_1_544' title='bbox 1611 3943 1804 3998; x_wconf 82' lang='lat' dir='ltr'><strong>magna</strong></span> 
     </span>
    </p>
   </div>
   <div class='ocr_carea' id='block_1_70' title="bbox 191 4012 1805 4090">
    <p class='ocr_par' dir='ltr' id='par_1_70' title="bbox 191 4012 1805 4090">
     <span class='ocr_line' id='line_1_70' title="bbox 191 4012 1805 4090; baseline 0.004 -21"><span class='ocrx_word' id='word_1_545' title='bbox 191 4012 539 4069; x_wconf 81' lang='lat' dir='ltr'><strong>discretione</strong></span> <span class='ocrx_word' id='word_1_546' title='bbox 565 4028 662 4069; x_wconf 82' lang='lat' dir='ltr'><strong>rex</strong></span> <span class='ocrx_word' id='word_1_547' title='bbox 690 4015 952 4087; x_wconf 72' lang='lat' dir='ltr'><strong>qureritur</strong></span> <span class='ocrx_word' id='word_1_548' title='bbox 991 4023 1046 4072; x_wconf 90' lang='lat' dir='ltr'><strong>et</strong></span> <span class='ocrx_word' id='word_1_549' title='bbox 1074 4015 1366 4083; x_wconf 91' lang='lat' dir='ltr'><strong>invenitur,</strong></span> <span class='ocrx_word' id='word_1_550' title='bbox 1391 4019 1516 4090; x_wconf 89' lang='lat' dir='ltr'><strong>quia</strong></span> <span class='ocrx_word' id='word_1_551' title='bbox 1547 4019 1805 4076; x_wconf 73' lang='lat' dir='ltr'><strong>altissima</strong></span> 
     </span>
    </p>
   </div>
   <div class='ocr_carea' id='block_1_71' title="bbox 186 4103 1806 4182">
    <p class='ocr_par' dir='ltr' id='par_1_71' title="bbox 186 4103 1806 4182">
     <span class='ocr_line' id='line_1_71' title="bbox 186 4103 1806 4182; baseline 0.002 -19"><span class='ocrx_word' id='word_1_552' title='bbox 186 4111 340 4163; x_wconf 76' lang='lat' dir='ltr'><strong>sunt</strong></span> <span class='ocrx_word' id='word_1_553' title='bbox 369 4103 724 4162; x_wconf 82' lang='lat' dir='ltr'><strong>Ecclesiarum</strong></span> <span class='ocrx_word' id='word_1_554' title='bbox 749 4108 986 4177; x_wconf 81' lang='lat' dir='ltr'><strong>negotia,</strong></span> <span class='ocrx_word' id='word_1_555' title='bbox 1014 4124 1132 4179; x_wconf 75' lang='lat' dir='ltr'><strong>quae.</strong></span> <span class='ocrx_word' id='word_1_556' title='bbox 1161 4110 1203 4164; x_wconf 90' lang='lat' dir='ltr'><strong>si</strong></span> <span class='ocrx_word' id='word_1_557' title='bbox 1249 4111 1444 4164; x_wconf 87' lang='lat' dir='ltr'><strong>inlirmi</strong></span> <span class='ocrx_word' id='word_1_558' title='bbox 1470 4119 1524 4165; x_wconf 93' lang='lat' dir='ltr'><strong>et</strong></span> <span class='ocrx_word' id='word_1_559' title='bbox 1546 4110 1806 4182; x_wconf 87' lang='lat' dir='ltr'><strong>imperiti-</strong></span> 
     </span>
    </p>
   </div>
   <div class='ocr_carea' id='block_1_72' title="bbox 186 4200 1804 4277">
    <p class='ocr_par' dir='ltr' id='par_1_72' title="bbox 186 4200 1804 4277">
     <span class='ocr_line' id='line_1_72' title="bbox 186 4200 1804 4277; baseline 0.004 -19"><span class='ocrx_word' id='word_1_560' title='bbox 186 4200 548 4272; x_wconf 76' lang='lat' dir='ltr'><strong>snscipiunt,</strong></span> <span class='ocrx_word' id='word_1_561' title='bbox 591 4203 708 4272; x_wconf 86' lang='lat' dir='ltr'><strong>ipsa</strong></span> <span class='ocrx_word' id='word_1_562' title='bbox 759 4217 941 4258; x_wconf 89' lang='lat' dir='ltr'><strong>rerum</strong></span> <span class='ocrx_word' id='word_1_563' title='bbox 990 4205 1358 4274; x_wconf 81' lang='lat' dir='ltr'><strong>magnitudine</strong></span> <span class='ocrx_word' id='word_1_564' title='bbox 1410 4206 1804 4277; x_wconf 89' lang='lat' dir='ltr'><strong>deprimuntur.</strong></span> 
     </span>
    </p>
   </div>
   <div class='ocr_carea' id='block_1_73' title="bbox 185 4294 1809 4372">
    <p class='ocr_par' dir='ltr' id='par_1_73' title="bbox 185 4294 1809 4372">
     <span class='ocr_line' id='line_1_73' title="bbox 185 4294 1809 4372; baseline 0.002 -21"><span class='ocrx_word' id='word_1_565' title='bbox 185 4294 430 4351; x_wconf 86' lang='lat' dir='ltr'><strong>Attente</strong></span> <span class='ocrx_word' id='word_1_566' title='bbox 456 4307 586 4365; x_wconf 83' lang='lat' dir='ltr'><strong>ergo</strong></span> <span class='ocrx_word' id='word_1_567' title='bbox 625 4304 681 4352; x_wconf 90' lang='lat' dir='ltr'><strong>et</strong></span> <span class='ocrx_word' id='word_1_568' title='bbox 719 4297 1067 4353; x_wconf 87' lang='lat' dir='ltr'><strong>subtilissima</strong></span> <span class='ocrx_word' id='word_1_569' title='bbox 1108 4299 1809 4372; x_wconf 79' lang='lat' dir='ltr'><strong>investigatione,perquiri-</strong></span> 
     </span>
    </p>
   </div>
   <div class='ocr_carea' id='block_1_74' title="bbox 185 4386 1812 4460">
    <p class='ocr_par' dir='ltr' id='par_1_74' title="bbox 185 4386 1812 4460">
     <span class='ocr_line' id='line_1_74' title="bbox 185 4386 1812 4460; baseline 0.003 -18"><span class='ocrx_word' id='word_1_570' title='bbox 185 4394 320 4452; x_wconf 82' lang='lat' dir='ltr'><strong>tur,</strong></span> <span class='ocrx_word' id='word_1_571' title='bbox 351 4386 443 4456; x_wconf 91' lang='lat' dir='ltr'><strong>qui</strong></span> <span class='ocrx_word' id='word_1_572' title='bbox 464 4394 618 4441; x_wconf 86' lang='lat' dir='ltr'><strong>tanto</strong></span> <span class='ocrx_word' id='word_1_573' title='bbox 645 4386 864 4443; x_wconf 89' lang='lat' dir='ltr'><strong>culmini</strong></span> <span class='ocrx_word' id='word_1_574' title='bbox 891 4389 1228 4459; x_wconf 69' lang='lat' dir='ltr'><strong>prmferatur.</strong></span> <span class='ocrx_word' id='word_1_575' title='bbox 1255 4389 1356 4457; x_wconf 86' lang='lat' dir='ltr'><strong>Qui</strong></span> <span class='ocrx_word' id='word_1_576' title='bbox 1384 4391 1627 4460; x_wconf 86' lang='lat' dir='ltr'><strong>profecto</strong></span> <span class='ocrx_word' id='word_1_577' title='bbox 1653 4392 1812 4448; x_wconf 69' lang='lat' dir='ltr'><strong>Valde</strong></span> 
     </span>
    </p>
   </div>
   <div class='ocr_carea' id='block_1_75' title="bbox 184 4478 1812 4554">
    <p class='ocr_par' dir='ltr' id='par_1_75' title="bbox 184 4478 1812 4554">
     <span class='ocr_line' id='line_1_75' title="bbox 184 4478 1812 4554; baseline 0.004 -21"><span class='ocrx_word' id='word_1_578' title='bbox 184 4478 582 4552; x_wconf 85' lang='lat' dir='ltr'><strong>praedicandus</strong></span> <span class='ocrx_word' id='word_1_579' title='bbox 603 4487 706 4546; x_wconf 88' lang='lat' dir='ltr'><strong>est,</strong></span> <span class='ocrx_word' id='word_1_580' title='bbox 726 4495 835 4536; x_wconf 91' lang='lat' dir='ltr'><strong>non</strong></span> <span class='ocrx_word' id='word_1_581' title='bbox 858 4497 979 4536; x_wconf 91' lang='lat' dir='ltr'><strong>cum</strong></span> <span class='ocrx_word' id='word_1_582' title='bbox 1003 4483 1358 4552; x_wconf 83' lang='lat' dir='ltr'><strong>quaerentium</strong></span> <span class='ocrx_word' id='word_1_583' title='bbox 1376 4482 1580 4554; x_wconf 83' lang='lat' dir='ltr'><strong>judicio</strong></span> <span class='ocrx_word' id='word_1_584' title='bbox 1610 4487 1812 4540; x_wconf 84' lang='lat' dir='ltr'><strong>consti-</strong></span> 
     </span>
    </p>
   </div>
   <div class='ocr_carea' id='block_1_76' title="bbox 185 4569 1810 4645">
    <p class='ocr_par' dir='ltr' id='par_1_76' title="bbox 185 4569 1810 4645">
     <span class='ocr_line' id='line_1_76' title="bbox 185 4569 1810 4645; baseline 0.002 -17"><span class='ocrx_word' id='word_1_585' title='bbox 185 4571 401 4635; x_wconf 84' lang='lat' dir='ltr'><strong>tuitur,</strong></span> <span class='ocrx_word' id='word_1_586' title='bbox 433 4571 530 4627; x_wconf 85' lang='lat' dir='ltr'><strong>sed</strong></span> <span class='ocrx_word' id='word_1_587' title='bbox 575 4569 791 4642; x_wconf 86' lang='lat' dir='ltr'><strong>quando</strong></span> <span class='ocrx_word' id='word_1_588' title='bbox 830 4573 884 4628; x_wconf 93' lang='lat' dir='ltr'><strong>in</strong></span> <span class='ocrx_word' id='word_1_589' title='bbox 928 4574 1044 4645; x_wconf 89' lang='lat' dir='ltr'><strong>ipsa</strong></span> <span class='ocrx_word' id='word_1_590' title='bbox 1091 4575 1443 4645; x_wconf 88' lang='lat' dir='ltr'><strong>dispositione</strong></span> <span class='ocrx_word' id='word_1_591' title='bbox 1480 4579 1676 4633; x_wconf 89' lang='lat' dir='ltr'><strong>summi</strong></span> <span class='ocrx_word' id='word_1_592' title='bbox 1707 4577 1810 4632; x_wconf 84' lang='lat' dir='ltr'><strong>mi-</strong></span> 
     </span>
    </p>
   </div>
   <div class='ocr_carea' id='block_1_77' title="bbox 1911 3383 3512 3456">
    <p class='ocr_par' dir='ltr' id='par_1_77' title="bbox 1911 3383 3512 3456">
     <span class='ocr_line' id='line_1_77' title="bbox 1911 3383 3512 3456; baseline -0.001 -17"><span class='ocrx_word' id='word_1_593' title='bbox 1911 3384 2068 3445; x_wconf 75' lang='lat' dir='ltr'><strong>locuti</strong></span> <span class='ocrx_word' id='word_1_594' title='bbox 2106 3385 2229 3442; x_wconf 79' lang='lat' dir='ltr'><strong>estis</strong></span> <span class='ocrx_word' id='word_1_595' title='bbox 2275 3385 2345 3438; x_wconf 88' lang='lat' dir='ltr'><strong>ad</strong></span> <span class='ocrx_word' id='word_1_596' title='bbox 2380 3400 2498 3456; x_wconf 79' lang='lat' dir='ltr'><strong>me,</strong></span> <span class='ocrx_word' id='word_1_597' title='bbox 2533 3392 2586 3442; x_wconf 73' lang='lat' dir='ltr'><strong>et</strong></span> <span class='ocrx_word' id='word_1_598' title='bbox 2622 3383 2864 3439; x_wconf 81' lang='lat' dir='ltr'><strong>constitui</strong></span> <span class='ocrx_word' id='word_1_599' title='bbox 2898 3398 3054 3453; x_wconf 83' lang='lat' dir='ltr'><strong>super</strong></span> <span class='ocrx_word' id='word_1_600' title='bbox 3091 3397 3180 3444; x_wconf 80' lang='lat' dir='ltr'><strong>vos</strong></span> <span class='ocrx_word' id='word_1_601' title='bbox 3222 3396 3434 3453; x_wconf 67' lang='lat' dir='ltr'><strong>regem:</strong></span> <span class='ocrx_word' id='word_1_602' title='bbox 3462 3388 3512 3438; x_wconf 81' lang='lat' dir='ltr'><strong>et</strong></span> 
     </span>
    </p>
   </div>
   <div class='ocr_carea' id='block_1_78' title="bbox 1909 3471 3512 3547">
    <p class='ocr_par' dir='ltr' id='par_1_78' title="bbox 1909 3471 3512 3547">
     <span class='ocr_line' id='line_1_78' title="bbox 1909 3471 3512 3547; baseline -0.003 -17"><span class='ocrx_word' id='word_1_603' title='bbox 1909 3491 2052 3536; x_wconf 78' lang='lat' dir='ltr'><strong>nunc</strong></span> <span class='ocrx_word' id='word_1_604' title='bbox 2087 3491 2182 3531; x_wconf 77' lang='lat' dir='ltr'><strong>rex</strong></span> <span class='ocrx_word' id='word_1_605' title='bbox 2207 3474 2480 3547; x_wconf 74' lang='lat' dir='ltr'><strong>gradiatur</strong></span> <span class='ocrx_word' id='word_1_606' title='bbox 2501 3482 2622 3534; x_wconf 76' lang='lat' dir='ltr'><strong>ante</strong></span> <span class='ocrx_word' id='word_1_607' title='bbox 2647 3489 2754 3530; x_wconf 87' lang='lat' dir='ltr'><strong>vos.</strong></span> <span class='ocrx_word' id='word_1_608' title='bbox 2793 3471 2912 3546; x_wconf 73' lang='lat' dir='ltr'><strong>Ego</strong></span> <span class='ocrx_word' id='word_1_609' title='bbox 2937 3481 3113 3534; x_wconf 75' lang='lat' dir='ltr'><strong>autem</strong></span> <span class='ocrx_word' id='word_1_610' title='bbox 3148 3473 3318 3540; x_wconf 84' lang='lat' dir='ltr'><strong>senui,</strong></span> <span class='ocrx_word' id='word_1_611' title='bbox 3342 3480 3393 3526; x_wconf 85' lang='lat' dir='ltr'><strong>et</strong></span> <span class='ocrx_word' id='word_1_612' title='bbox 3428 3472 3512 3527; x_wconf 69' lang='lat' dir='ltr'><strong>iu-</strong></span> 
     </span>
    </p>
   </div>
   <div class='ocr_carea' id='block_1_79' title="bbox 1913 3562 3513 3638">
    <p class='ocr_par' dir='ltr' id='par_1_79' title="bbox 1913 3562 3513 3638">
     <span class='ocr_line' id='line_1_79' title="bbox 1913 3562 3513 3638; baseline -0.002 -15"><span class='ocrx_word' id='word_1_613' title='bbox 1913 3569 2089 3634; x_wconf 82' lang='lat' dir='ltr'><strong>caaui.</strong></span> <span class='ocrx_word' id='word_1_614' title='bbox 2117 3567 2288 3624; x_wconf 82' lang='lat' dir='ltr'><strong>Porro</strong></span> <span class='ocrx_word' id='word_1_615' title='bbox 2316 3568 2418 3638; x_wconf 77' lang='lat' dir='ltr'><strong>ﬁlii</strong></span> <span class='ocrx_word' id='word_1_616' title='bbox 2442 3568 2542 3627; x_wconf 72' lang='lat' dir='ltr'><strong>uici</strong></span> <span class='ocrx_word' id='word_1_617' title='bbox 2562 3565 2823 3625; x_wconf 72' lang='lat' dir='ltr'><strong>vobiscum</strong></span> <span class='ocrx_word' id='word_1_618' title='bbox 2847 3574 2992 3624; x_wconf 75' lang='lat' dir='ltr'><strong>sunt.</strong></span> <span class='ocrx_word' id='word_1_619' title='bbox 3027 3562 3210 3638; x_wconf 70' lang='lat' dir='ltr'><strong>Itaque</strong></span> <span class='ocrx_word' id='word_1_620' title='bbox 3238 3579 3513 3624; x_wconf 79' lang='lat' dir='ltr'><strong>conversa-</strong></span> 
     </span>
    </p>
   </div>
   <div class='ocr_carea' id='block_1_80' title="bbox 1913 3652 3514 3732">
    <p class='ocr_par' dir='ltr' id='par_1_80' title="bbox 1913 3652 3514 3732">
     <span class='ocr_line' id='line_1_80' title="bbox 1913 3652 3514 3732; baseline -0.001 -20"><span class='ocrx_word' id='word_1_621' title='bbox 1913 3667 1994 3719; x_wconf 84' lang='lat' dir='ltr'><strong>tus</strong></span> <span class='ocrx_word' id='word_1_622' title='bbox 2023 3675 2200 3717; x_wconf 77' lang='lat' dir='ltr'><strong>coram</strong></span> <span class='ocrx_word' id='word_1_623' title='bbox 2245 3655 2386 3713; x_wconf 82' lang='lat' dir='ltr'><strong>vobis</strong></span> <span class='ocrx_word' id='word_1_624' title='bbox 2426 3655 2489 3712; x_wconf 90' lang='lat' dir='ltr'><strong>ab</strong></span> <span class='ocrx_word' id='word_1_625' title='bbox 2517 3656 2870 3714; x_wconf 82' lang='lat' dir='ltr'><strong>adolescentia</strong></span> <span class='ocrx_word' id='word_1_626' title='bbox 2915 3671 3032 3712; x_wconf 85' lang='lat' dir='ltr'><strong>mea</strong></span> <span class='ocrx_word' id='word_1_627' title='bbox 3076 3670 3238 3732; x_wconf 76' lang='lat' dir='ltr'><strong>usque</strong></span> <span class='ocrx_word' id='word_1_628' title='bbox 3281 3652 3352 3708; x_wconf 83' lang='lat' dir='ltr'><strong>ad</strong></span> <span class='ocrx_word' id='word_1_629' title='bbox 3380 3653 3514 3710; x_wconf 82' lang='lat' dir='ltr'><strong>diem</strong></span> 
     </span>
    </p>
   </div>
   <div class='ocr_carea' id='block_1_81' title="bbox 1911 3743 3514 3822">
    <p class='ocr_par' dir='ltr' id='par_1_81' title="bbox 1911 3743 3514 3822">
     <span class='ocr_line' id='line_1_81' title="bbox 1911 3743 3514 3822; baseline -0.003 -16"><span class='ocrx_word' id='word_1_630' title='bbox 1911 3751 2077 3819; x_wconf 84' lang='lat' dir='ltr'><strong>hanc,</strong></span> <span class='ocrx_word' id='word_1_631' title='bbox 2105 3767 2219 3808; x_wconf 85' lang='lat' dir='ltr'><strong>ecce</strong></span> <span class='ocrx_word' id='word_1_632' title='bbox 2250 3759 2440 3822; x_wconf 76' lang='lat' dir='ltr'><strong>prteslo</strong></span> <span class='ocrx_word' id='word_1_633' title='bbox 2469 3764 2604 3806; x_wconf 78' lang='lat' dir='ltr'><strong>sum.</strong></span> <span class='ocrx_word' id='word_1_634' title='bbox 2635 3746 2930 3820; x_wconf 84' lang='lat' dir='ltr'><strong>Loquimini</strong></span> <span class='ocrx_word' id='word_1_635' title='bbox 2963 3746 3029 3805; x_wconf 80' lang='lat' dir='ltr'><strong>de</strong></span> <span class='ocrx_word' id='word_1_636' title='bbox 3067 3762 3148 3804; x_wconf 78' lang='lat' dir='ltr'><strong>me</strong></span> <span class='ocrx_word' id='word_1_637' title='bbox 3183 3761 3359 3809; x_wconf 84' lang='lat' dir='ltr'><strong>coram</strong></span> <span class='ocrx_word' id='word_1_638' title='bbox 3402 3743 3514 3802; x_wconf 86' lang='lat' dir='ltr'><strong>Do-</strong></span> 
     </span>
    </p>
   </div>
   <div class='ocr_carea' id='block_1_82' title="bbox 1910 3839 3514 3919">
    <p class='ocr_par' dir='ltr' id='par_1_82' title="bbox 1910 3839 3514 3919">
     <span class='ocr_line' id='line_1_82' title="bbox 1910 3839 3514 3919; baseline -0.008 -12"><span class='ocrx_word' id='word_1_639' title='bbox 1910 3849 2050 3907; x_wconf 75' lang='lat' dir='ltr'><strong>mino</strong></span> <span class='ocrx_word' id='word_1_640' title='bbox 2078 3855 2129 3904; x_wconf 86' lang='lat' dir='ltr'><strong>et</strong></span> <span class='ocrx_word' id='word_1_641' title='bbox 2164 3861 2340 3906; x_wconf 76' lang='lat' dir='ltr'><strong>caram</strong></span> <span class='ocrx_word' id='word_1_642' title='bbox 2368 3843 2572 3903; x_wconf 77' lang='lat' dir='ltr'><strong>Christo</strong></span> <span class='ocrx_word' id='word_1_643' title='bbox 2612 3843 2757 3919; x_wconf 78' lang='lat' dir='ltr'><strong>ejus,</strong></span> <span class='ocrx_word' id='word_1_644' title='bbox 2794 3850 2970 3900; x_wconf 68' lang='lat' dir='ltr'><strong>utrum</strong></span> <span class='ocrx_word' id='word_1_645' title='bbox 3004 3840 3183 3902; x_wconf 74' lang='lat' dir='ltr'><strong>bovem</strong></span> <span class='ocrx_word' id='word_1_646' title='bbox 3207 3839 3514 3911; x_wconf 72' lang='lat' dir='ltr'><strong>cujusquam</strong></span> 
     </span>
    </p>
   </div>
   <div class='ocr_carea' id='block_1_83' title="bbox 1911 3934 3512 4012">
    <p class='ocr_par' dir='ltr' id='par_1_83' title="bbox 1911 3934 3512 4012">
     <span class='ocr_line' id='line_1_83' title="bbox 1911 3934 3512 4012; baseline -0.006 -17"><span class='ocrx_word' id='word_1_647' title='bbox 1911 3941 2148 4006; x_wconf 73' lang='lat' dir='ltr'><strong>tulerim,</strong></span> <span class='ocrx_word' id='word_1_648' title='bbox 2191 3947 2282 3996; x_wconf 85' lang='lat' dir='ltr'><strong>aut</strong></span> <span class='ocrx_word' id='word_1_649' title='bbox 2321 3941 2548 3996; x_wconf 78' lang='lat' dir='ltr'><strong>asinum.</strong></span> <span class='ocrx_word' id='word_1_650' title='bbox 2581 3934 2645 3994; x_wconf 84' lang='lat' dir='ltr'><strong>Si</strong></span> <span class='ocrx_word' id='word_1_651' title='bbox 2669 3937 2960 4012; x_wconf 74' lang='lat' dir='ltr'><strong>quempiam.</strong></span> <span class='ocrx_word' id='word_1_652' title='bbox 2989 3934 3337 3995; x_wconf 78' lang='lat' dir='ltr'><strong>calumniatus</strong></span> <span class='ocrx_word' id='word_1_653' title='bbox 3365 3945 3512 4000; x_wconf 83' lang='lat' dir='ltr'><strong>sum,</strong></span> 
     </span>
    </p>
   </div>
   <div class='ocr_carea' id='block_1_84' title="bbox 1909 4025 3511 4101">
    <p class='ocr_par' dir='ltr' id='par_1_84' title="bbox 1909 4025 3511 4101">
     <span class='ocr_line' id='line_1_84' title="bbox 1909 4025 3511 4101; baseline -0.007 -15"><span class='ocrx_word' id='word_1_654' title='bbox 1909 4032 1954 4086; x_wconf 87' lang='lat' dir='ltr'><strong>si</strong></span> <span class='ocrx_word' id='word_1_655' title='bbox 1973 4031 2207 4101; x_wconf 76' lang='lat' dir='ltr'><strong>Oppressi</strong></span> <span class='ocrx_word' id='word_1_656' title='bbox 2238 4029 2496 4101; x_wconf 61' lang='lat' dir='ltr'><strong>aliquem,</strong></span> <span class='ocrx_word' id='word_1_657' title='bbox 2519 4029 2566 4084; x_wconf 84' lang='lat' dir='ltr'><strong>si</strong></span> <span class='ocrx_word' id='word_1_658' title='bbox 2594 4026 2657 4082; x_wconf 80' lang='lat' dir='ltr'><strong>de</strong></span> <span class='ocrx_word' id='word_1_659' title='bbox 2685 4041 2844 4084; x_wconf 77' lang='lat' dir='ltr'><strong>manu</strong></span> <span class='ocrx_word' id='word_1_660' title='bbox 2871 4025 3177 4096; x_wconf 74' lang='lat' dir='ltr'><strong>cujusquam</strong></span> <span class='ocrx_word' id='word_1_661' title='bbox 3205 4037 3391 4079; x_wconf 83' lang='lat' dir='ltr'><strong>manus</strong></span> <span class='ocrx_word' id='word_1_662' title='bbox 3416 4035 3511 4076; x_wconf 80' lang='lat' dir='ltr'><strong>ac-</strong></span> 
     </span>
    </p>
   </div>
   <div class='ocr_carea' id='block_1_85' title="bbox 1910 4113 3338 4195">
    <p class='ocr_par' dir='ltr' id='par_1_85' title="bbox 1910 4113 3338 4195">
     <span class='ocr_line' id='line_1_85' title="bbox 1910 4113 3338 4195; baseline -0.008 -16"><span class='ocrx_word' id='word_1_663' title='bbox 1910 4125 2042 4195; x_wconf 86' lang='lat' dir='ltr'><strong>cepi,</strong></span> <span class='ocrx_word' id='word_1_664' title='bbox 2074 4133 2399 4188; x_wconf 75' lang='lat' dir='ltr'><strong>coatetnnaus</strong></span> <span class='ocrx_word' id='word_1_665' title='bbox 2423 4119 2560 4184; x_wconf 76' lang='lat' dir='ltr'><strong>illud</strong></span> <span class='ocrx_word' id='word_1_666' title='bbox 2581 4117 2758 4185; x_wconf 73' lang='lat' dir='ltr'><strong>hodie,</strong></span> <span class='ocrx_word' id='word_1_667' title='bbox 2786 4117 3156 4184; x_wconf 64' lang='lat' dir='ltr'><strong>restituerisque</strong></span> <span class='ocrx_word' id='word_1_668' title='bbox 3175 4113 3338 4169; x_wconf 84' lang='lat' dir='ltr'><strong>vobis.</strong></span> 
     </span>
    </p>
   </div>
   <div class='ocr_carea' id='block_1_86' title="bbox 1983 4200 3515 4284">
    <p class='ocr_par' dir='ltr' id='par_1_86' title="bbox 1983 4200 3515 4284">
     <span class='ocr_line' id='line_1_86' title="bbox 1983 4200 3515 4284; baseline -0.006 -15"><span class='ocrx_word' id='word_1_669' title='bbox 1983 4215 2036 4269; x_wconf 84' lang='lat' dir='ltr'><strong>l.</strong></span> <span class='ocrx_word' id='word_1_670' title='bbox 2077 4214 2210 4271; x_wconf 87' lang='lat' dir='ltr'><strong>Cum</strong></span> <span class='ocrx_word' id='word_1_671' title='bbox 2259 4211 2481 4284; x_wconf 81' lang='lat' dir='ltr'><strong>reprobi</strong></span> <span class='ocrx_word' id='word_1_672' title='bbox 2521 4216 2770 4282; x_wconf 75' lang='lat' dir='ltr'><strong>pastores</strong></span> <span class='ocrx_word' id='word_1_673' title='bbox 2800 4211 3068 4280; x_wconf 76' lang='lat' dir='ltr'><strong>praesunt,</strong></span> <span class='ocrx_word' id='word_1_674' title='bbox 3108 4200 3412 4276; x_wconf 71' lang='lat' dir='ltr'><strong>principale,</strong></span> <span class='ocrx_word' id='word_1_675' title='bbox 3431 4201 3515 4260; x_wconf 84' lang='lat' dir='ltr'><strong>eis</strong></span> 
     </span>
    </p>
   </div>
   <div class='ocr_carea' id='block_1_87' title="bbox 1910 4292 3514 4378">
    <p class='ocr_par' dir='ltr' id='par_1_87' title="bbox 1910 4292 3514 4378">
     <span class='ocr_line' id='line_1_87' title="bbox 1910 4292 3514 4378; baseline -0.005 -16"><span class='ocrx_word' id='word_1_676' title='bbox 1910 4307 2248 4378; x_wconf 84' lang='lat' dir='ltr'><strong>propositum</strong></span> <span class='ocrx_word' id='word_1_677' title='bbox 2299 4313 2383 4356; x_wconf 89' lang='lat' dir='ltr'><strong>est</strong></span> <span class='ocrx_word' id='word_1_678' title='bbox 2436 4304 2489 4356; x_wconf 93' lang='lat' dir='ltr'><strong>in</strong></span> <span class='ocrx_word' id='word_1_679' title='bbox 2535 4299 2725 4369; x_wconf 87' lang='lat' dir='ltr'><strong>rapina</strong></span> <span class='ocrx_word' id='word_1_680' title='bbox 2772 4295 3138 4356; x_wconf 77' lang='lat' dir='ltr'><strong>subditorum.</strong></span> <span class='ocrx_word' id='word_1_681' title='bbox 3185 4292 3324 4363; x_wconf 84' lang='lat' dir='ltr'><strong>Quia</strong></span> <span class='ocrx_word' id='word_1_682' title='bbox 3367 4292 3514 4354; x_wconf 83' lang='lat' dir='ltr'><strong>enim</strong></span> 
     </span>
    </p>
   </div>
   <div class='ocr_carea' id='block_1_88' title="bbox 1911 4387 3511 4460">
    <p class='ocr_par' dir='ltr' id='par_1_88' title="bbox 1911 4387 3511 4460">
     <span class='ocr_line' id='line_1_88' title="bbox 1911 4387 3511 4460; baseline -0.008 -6"><span class='ocrx_word' id='word_1_683' title='bbox 1911 4407 2240 4454; x_wconf 72' lang='lat' dir='ltr'><strong>mternorum</strong></span> <span class='ocrx_word' id='word_1_684' title='bbox 2266 4394 2538 4452; x_wconf 85' lang='lat' dir='ltr'><strong>bonorum</strong></span> <span class='ocrx_word' id='word_1_685' title='bbox 2562 4388 2947 4448; x_wconf 72' lang='lat' dir='ltr'><strong>abundantiam</strong></span> <span class='ocrx_word' id='word_1_686' title='bbox 2975 4387 3218 4460; x_wconf 73' lang='lat' dir='ltr'><strong>aspicere</strong></span> <span class='ocrx_word' id='word_1_687' title='bbox 3243 4387 3511 4455; x_wconf 78' lang='lat' dir='ltr'><strong>nesciunt,</strong></span> 
     </span>
    </p>
   </div>
   <div class='ocr_carea' id='block_1_89' title="bbox 1912 4475 3516 4559">
    <p class='ocr_par' dir='ltr' id='par_1_89' title="bbox 1912 4475 3516 4559">
     <span class='ocr_line' id='line_1_89' title="bbox 1912 4475 3516 4559; baseline -0.01 -15"><span class='ocrx_word' id='word_1_688' title='bbox 1912 4504 2020 4558; x_wconf 92' lang='lat' dir='ltr'><strong>quo</strong></span> <span class='ocrx_word' id='word_1_689' title='bbox 2070 4485 2353 4557; x_wconf 65' lang='lat' dir='ltr'><strong>pzmsentia</strong></span> <span class='ocrx_word' id='word_1_690' title='bbox 2401 4482 2680 4538; x_wconf 85' lang='lat' dir='ltr'><strong>ardentius</strong></span> <span class='ocrx_word' id='word_1_691' title='bbox 2703 4480 3134 4559; x_wconf 75' lang='lat' dir='ltr'><strong>concupiscunt,</strong></span> <span class='ocrx_word' id='word_1_692' title='bbox 3187 4493 3254 4536; x_wconf 88' lang='lat' dir='ltr'><strong>eo</strong></span> <span class='ocrx_word' id='word_1_693' title='bbox 3307 4475 3516 4536; x_wconf 81' lang='lat' dir='ltr'><strong>avidius</strong></span> 
     </span>
    </p>
   </div>
   <div class='ocr_carea' id='block_1_90' title="bbox 1913 4566 3513 4646">
    <p class='ocr_par' dir='ltr' id='par_1_90' title="bbox 1913 4566 3513 4646">
     <span class='ocr_line' id='line_1_90' title="bbox 1913 4566 3513 4646; baseline -0.009 -10"><span class='ocrx_word' id='word_1_694' title='bbox 1913 4578 2095 4636; x_wconf 89' lang='lat' dir='ltr'><strong>oblata</strong></span> <span class='ocrx_word' id='word_1_695' title='bbox 2124 4576 2416 4646; x_wconf 76' lang='lat' dir='ltr'><strong>recipiunt,</strong></span> <span class='ocrx_word' id='word_1_696' title='bbox 2440 4588 2550 4628; x_wconf 89' lang='lat' dir='ltr'><strong>non</strong></span> <span class='ocrx_word' id='word_1_697' title='bbox 2581 4572 2766 4628; x_wconf 81' lang='lat' dir='ltr'><strong>oblata</strong></span> <span class='ocrx_word' id='word_1_698' title='bbox 2795 4569 3062 4626; x_wconf 75' lang='lat' dir='ltr'><strong>violenter</strong></span> <span class='ocrx_word' id='word_1_699' title='bbox 3102 4569 3320 4630; x_wconf 80' lang='lat' dir='ltr'><strong>tollunt.</strong></span> <span class='ocrx_word' id='word_1_700' title='bbox 3349 4566 3513 4624; x_wconf 87' lang='lat' dir='ltr'><strong>Inno-</strong></span> 
     </span>
    </p>
   </div>
   <div class='ocr_carea' id='block_1_91' title="bbox 181 4662 3513 4742">
    <p class='ocr_par' dir='ltr' id='par_1_91' title="bbox 181 4662 3513 4742">
     <span class='ocr_line' id='line_1_91' title="bbox 181 4662 3513 4742; baseline -0.004 -17"><span class='ocrx_word' id='word_1_701' title='bbox 181 4665 422 4725; x_wconf 85' lang='lat' dir='ltr'><strong>nisterii</strong></span> <span class='ocrx_word' id='word_1_702' title='bbox 472 4675 723 4724; x_wconf 89' lang='lat' dir='ltr'><strong>strenuus</strong></span> <span class='ocrx_word' id='word_1_703' title='bbox 772 4667 1064 4724; x_wconf 89' lang='lat' dir='ltr'><strong>invenitur.</strong></span> <span class='ocrx_word' id='word_1_704' title='bbox 1097 4669 1244 4726; x_wconf 85' lang='lat' dir='ltr'><strong>Bene</strong></span> <span class='ocrx_word' id='word_1_705' title='bbox 1291 4685 1419 4740; x_wconf 88' lang='lat' dir='ltr'><strong>ergo</strong></span> <span class='ocrx_word' id='word_1_706' title='bbox 1453 4671 1568 4742; x_wconf 88' lang='lat' dir='ltr'><strong>jam</strong></span> <span class='ocrx_word' id='word_1_707' title='bbox 1611 4673 1803 4728; x_wconf 91' lang='lat' dir='ltr'><strong>trium-</strong></span> <span class='ocrx_word' id='word_1_708' title='bbox 1831 4679 1886 4741; x_wconf 79' lang='grc' dir='ltr'><strong>Ι)</strong></span> <span class='ocrx_word' id='word_1_709' title='bbox 1909 4669 2155 4729; x_wconf 89' lang='lat' dir='ltr'><strong>centibus</strong></span> <span class='ocrx_word' id='word_1_710' title='bbox 2184 4665 2526 4729; x_wconf 82' lang='lat' dir='ltr'><strong>insidiantur,</strong></span> <span class='ocrx_word' id='word_1_711' title='bbox 2559 4662 2765 4720; x_wconf 86' lang='lat' dir='ltr'><strong>debiles</strong></span> <span class='ocrx_word' id='word_1_712' title='bbox 2802 4662 3137 4733; x_wconf 85' lang='lat' dir='ltr'><strong>opprimunt,</strong></span> <span class='ocrx_word' id='word_1_713' title='bbox 3167 4672 3390 4716; x_wconf 83' lang='lat' dir='ltr'><strong>munera</strong></span> <span class='ocrx_word' id='word_1_714' title='bbox 3417 4671 3513 4714; x_wconf 85' lang='lat' dir='ltr'><strong>ac-</strong></span> 
     </span>
    </p>
   </div>
   <div class='ocr_carea' id='block_1_92' title="bbox 179 4757 1807 4836">
    <p class='ocr_par' dir='ltr' id='par_1_92' title="bbox 179 4757 1807 4836">
     <span class='ocr_line' id='line_1_92' title="bbox 179 4757 1807 4836; baseline 0.004 -23"><span class='ocrx_word' id='word_1_715' title='bbox 179 4757 414 4830; x_wconf 86' lang='lat' dir='ltr'><strong>phante</strong></span> <span class='ocrx_word' id='word_1_716' title='bbox 427 4757 723 4814; x_wconf 84' lang='lat' dir='ltr'><strong>constituto</strong></span> <span class='ocrx_word' id='word_1_717' title='bbox 735 4773 864 4828; x_wconf 87' lang='lat' dir='ltr'><strong>rege</strong></span> <span class='ocrx_word' id='word_1_718' title='bbox 884 4759 1080 4816; x_wconf 90' lang='lat' dir='ltr'><strong>dicitur</strong></span> <span class='ocrx_word' id='word_1_719' title='bbox 1095 4779 1107 4815; x_wconf 90' lang='lat'><strong>:</strong></span> <span class='ocrx_word' id='word_1_720' title='bbox 1127 4760 1478 4818; x_wconf 73' lang='lat' dir='ltr'><strong>Perrexerunt</strong></span> <span class='ocrx_word' id='word_1_721' title='bbox 1493 4765 1546 4818; x_wconf 88' lang='lat' dir='ltr'><strong>in</strong></span> <span class='ocrx_word' id='word_1_722' title='bbox 1562 4761 1807 4836; x_wconf 84' lang='lat' dir='ltr'><strong>Galgala,</strong></span> 
     </span>
    </p>
   </div>
   <div class='ocr_carea' id='block_1_93' title="bbox 178 4847 1808 4924">
    <p class='ocr_par' dir='ltr' id='par_1_93' title="bbox 178 4847 1808 4924">
     <span class='ocr_line' id='line_1_93' title="bbox 178 4847 1808 4924; baseline 0.004 -20"><span class='ocrx_word' id='word_1_723' title='bbox 178 4855 248 4904; x_wconf 71' lang='lat' dir='ltr'><strong>et</strong></span> <span class='ocrx_word' id='word_1_724' title='bbox 281 4849 522 4919; x_wconf 80' lang='lat' dir='ltr'><strong>fecerunt</strong></span> <span class='ocrx_word' id='word_1_725' title='bbox 546 4847 619 4904; x_wconf 85' lang='lat' dir='ltr'><strong>ibi</strong></span> <span class='ocrx_word' id='word_1_726' title='bbox 659 4866 830 4920; x_wconf 89' lang='lat' dir='ltr'><strong>regem</strong></span> <span class='ocrx_word' id='word_1_727' title='bbox 861 4849 995 4906; x_wconf 85' lang='lat' dir='ltr'><strong>Saul</strong></span> <span class='ocrx_word' id='word_1_728' title='bbox 1032 4869 1208 4908; x_wconf 87' lang='lat' dir='ltr'><strong>coram</strong></span> <span class='ocrx_word' id='word_1_729' title='bbox 1239 4851 1461 4909; x_wconf 88' lang='lat' dir='ltr'><strong>Domino</strong></span> <span class='ocrx_word' id='word_1_730' title='bbox 1482 4870 1504 4912; x_wconf 92' lang='lat'><strong><em>:</em></strong></span> <span class='ocrx_word' id='word_1_731' title='bbox 1527 4855 1654 4924; x_wconf 89' lang='lat' dir='ltr'><strong>quia</strong></span> <span class='ocrx_word' id='word_1_732' title='bbox 1685 4870 1808 4911; x_wconf 90' lang='lat' dir='ltr'><strong>cum</strong></span> 
     </span>
    </p>
   </div>
   <div class='ocr_carea' id='block_1_94' title="bbox 177 4939 1807 5014">
    <p class='ocr_par' dir='ltr' id='par_1_94' title="bbox 177 4939 1807 5014">
     <span class='ocr_line' id='line_1_94' title="bbox 177 4939 1807 5014; baseline 0.006 -21"><span class='ocrx_word' id='word_1_733' title='bbox 177 4939 580 5014; x_wconf 74' lang='lat' dir='ltr'><strong>prmdicatoris</strong></span> <span class='ocrx_word' id='word_1_734' title='bbox 643 4941 904 5000; x_wconf 84' lang='lat' dir='ltr'><strong>fortitudo</strong></span> <span class='ocrx_word' id='word_1_735' title='bbox 953 4944 1337 5012; x_wconf 90' lang='lat' dir='ltr'><strong>cognoscitur,</strong></span> <span class='ocrx_word' id='word_1_736' title='bbox 1393 4945 1447 4999; x_wconf 91' lang='lat' dir='ltr'><strong>in</strong></span> <span class='ocrx_word' id='word_1_737' title='bbox 1501 4946 1807 5003; x_wconf 90' lang='lat' dir='ltr'><strong>auditorum</strong></span> 
     </span>
    </p>
   </div>
   <div class='ocr_carea' id='block_1_95' title="bbox 174 5035 1810 5108">
    <p class='ocr_par' dir='ltr' id='par_1_95' title="bbox 174 5035 1810 5108">
     <span class='ocr_line' id='line_1_95' title="bbox 174 5035 1810 5108; baseline 0.001 -16"><span class='ocrx_word' id='word_1_738' title='bbox 174 5049 432 5096; x_wconf 84' lang='lat' dir='ltr'><strong>suorum</strong></span> <span class='ocrx_word' id='word_1_739' title='bbox 476 5036 742 5092; x_wconf 89' lang='lat' dir='ltr'><strong>mentibus</strong></span> <span class='ocrx_word' id='word_1_740' title='bbox 772 5038 1087 5092; x_wconf 89' lang='lat' dir='ltr'><strong>honoratur.</strong></span> <span class='ocrx_word' id='word_1_741' title='bbox 1139 5035 1194 5090; x_wconf 92' lang='lat' dir='ltr'><strong>ln</strong></span> <span class='ocrx_word' id='word_1_742' title='bbox 1225 5036 1445 5106; x_wconf 77' lang='lat' dir='ltr'><strong>Galgala</strong></span> <span class='ocrx_word' id='word_1_743' title='bbox 1475 5039 1722 5108; x_wconf 89' lang='lat' dir='ltr'><strong>quidem,</strong></span> <span class='ocrx_word' id='word_1_744' title='bbox 1755 5039 1810 5094; x_wconf 93' lang='lat' dir='ltr'><strong>id</strong></span> 
     </span>
    </p>
   </div>
   <div class='ocr_carea' id='block_1_96' title="bbox 175 5126 1806 5197">
    <p class='ocr_par' dir='ltr' id='par_1_96' title="bbox 175 5126 1806 5197">
     <span class='ocr_line' id='line_1_96' title="bbox 175 5126 1806 5197; baseline -0.001 -12"><span class='ocrx_word' id='word_1_745' title='bbox 175 5136 285 5185; x_wconf 87' lang='lat' dir='ltr'><strong>est</strong></span> <span class='ocrx_word' id='word_1_746' title='bbox 319 5135 514 5192; x_wconf 87' lang='lat' dir='ltr'><strong>rotam,</strong></span> <span class='ocrx_word' id='word_1_747' title='bbox 545 5127 704 5196; x_wconf 90' lang='lat' dir='ltr'><strong>imus,</strong></span> <span class='ocrx_word' id='word_1_748' title='bbox 727 5127 942 5196; x_wconf 88' lang='lat' dir='ltr'><strong>quando</strong></span> <span class='ocrx_word' id='word_1_749' title='bbox 969 5142 1062 5197; x_wconf 89' lang='lat' dir='ltr'><strong>per</strong></span> <span class='ocrx_word' id='word_1_750' title='bbox 1084 5143 1293 5182; x_wconf 90' lang='lat' dir='ltr'><strong>sacrum</strong></span> <span class='ocrx_word' id='word_1_751' title='bbox 1324 5126 1594 5196; x_wconf 89' lang='lat' dir='ltr'><strong>eloquium</strong></span> <span class='ocrx_word' id='word_1_752' title='bbox 1617 5127 1806 5184; x_wconf 88' lang='lat' dir='ltr'><strong>docto-</strong></span> 
     </span>
    </p>
   </div>
   <div class='ocr_carea' id='block_1_97' title="bbox 175 5216 1802 5287">
    <p class='ocr_par' dir='ltr' id='par_1_97' title="bbox 175 5216 1802 5287">
     <span class='ocr_line' id='line_1_97' title="bbox 175 5216 1802 5287; baseline -0.001 -13"><span class='ocrx_word' id='word_1_753' title='bbox 175 5219 276 5274; x_wconf 86' lang='lat' dir='ltr'><strong>ris</strong></span> <span class='ocrx_word' id='word_1_754' title='bbox 308 5216 481 5270; x_wconf 90' lang='lat' dir='ltr'><strong>nostri</strong></span> <span class='ocrx_word' id='word_1_755' title='bbox 503 5218 870 5287; x_wconf 88' lang='lat' dir='ltr'><strong>operationem</strong></span> <span class='ocrx_word' id='word_1_756' title='bbox 899 5216 1232 5282; x_wconf 81' lang='lat' dir='ltr'><strong>discutimus,</strong></span> <span class='ocrx_word' id='word_1_757' title='bbox 1258 5225 1312 5272; x_wconf 92' lang='lat' dir='ltr'><strong>et</strong></span> <span class='ocrx_word' id='word_1_758' title='bbox 1335 5232 1458 5272; x_wconf 91' lang='lat' dir='ltr'><strong>eum</strong></span> <span class='ocrx_word' id='word_1_759' title='bbox 1488 5217 1596 5273; x_wconf 91' lang='lat' dir='ltr'><strong>illic</strong></span> <span class='ocrx_word' id='word_1_760' title='bbox 1620 5233 1802 5274; x_wconf 89' lang='lat' dir='ltr'><strong>coram</strong></span> 
     </span>
    </p>
   </div>
   <div class='ocr_carea' id='block_1_98' title="bbox 173 5307 1803 5380">
    <p class='ocr_par' dir='ltr' id='par_1_98' title="bbox 173 5307 1803 5380">
     <span class='ocr_line' id='line_1_98' title="bbox 173 5307 1803 5380; baseline 0 -15"><span class='ocrx_word' id='word_1_761' title='bbox 173 5307 441 5365; x_wconf 87' lang='lat' dir='ltr'><strong>Domino</strong></span> <span class='ocrx_word' id='word_1_762' title='bbox 496 5322 677 5377; x_wconf 80' lang='lat' dir='ltr'><strong>regem</strong></span> <span class='ocrx_word' id='word_1_763' title='bbox 723 5307 950 5364; x_wconf 82' lang='lat' dir='ltr'><strong>facimus</strong></span> <span class='ocrx_word' id='word_1_764' title='bbox 994 5327 1007 5362; x_wconf 88' lang='lat'><strong>:</strong></span> <span class='ocrx_word' id='word_1_765' title='bbox 1059 5311 1212 5380; x_wconf 86' lang='lat' dir='ltr'><strong>quia,</strong></span> <span class='ocrx_word' id='word_1_766' title='bbox 1260 5323 1420 5378; x_wconf 90' lang='lat' dir='ltr'><strong>quem</strong></span> <span class='ocrx_word' id='word_1_767' title='bbox 1466 5308 1803 5379; x_wconf 88' lang='lat' dir='ltr'><strong>probabilem</strong></span> 
     </span>
    </p>
   </div>
   <div class='ocr_carea' id='block_1_99' title="bbox 175 5398 1807 5472">
    <p class='ocr_par' dir='ltr' id='par_1_99' title="bbox 175 5398 1807 5472">
     <span class='ocr_line' id='line_1_99' title="bbox 175 5398 1807 5472; baseline 0.001 -16"><span class='ocrx_word' id='word_1_768' title='bbox 175 5398 504 5465; x_wconf 79' lang='lat' dir='ltr'><strong>cernimus,</strong></span> <span class='ocrx_word' id='word_1_769' title='bbox 521 5398 738 5469; x_wconf 88' lang='lat' dir='ltr'><strong>dignum</strong></span> <span class='ocrx_word' id='word_1_770' title='bbox 757 5415 875 5456; x_wconf 89' lang='lat' dir='ltr'><strong>esse</strong></span> <span class='ocrx_word' id='word_1_771' title='bbox 894 5409 1043 5456; x_wconf 89' lang='lat' dir='ltr'><strong>tanto</strong></span> <span class='ocrx_word' id='word_1_772' title='bbox 1057 5401 1290 5456; x_wconf 89' lang='lat' dir='ltr'><strong>culmine</strong></span> <span class='ocrx_word' id='word_1_773' title='bbox 1303 5400 1625 5472; x_wconf 85' lang='lat' dir='ltr'><strong>judicaans.</strong></span> <span class='ocrx_word' id='word_1_774' title='bbox 1649 5399 1807 5458; x_wconf 89' lang='lat' dir='ltr'><strong>Prius</strong></span> 
     </span>
    </p>
   </div>
   <div class='ocr_carea' id='block_1_100' title="bbox 171 5490 1806 5563">
    <p class='ocr_par' dir='ltr' id='par_1_100' title="bbox 171 5490 1806 5563">
     <span class='ocr_line' id='line_1_100' title="bbox 171 5490 1806 5563; baseline 0.002 -15"><span class='ocrx_word' id='word_1_775' title='bbox 171 5505 344 5559; x_wconf 83' lang='lat' dir='ltr'><strong>ergo</strong></span> <span class='ocrx_word' id='word_1_776' title='bbox 388 5490 582 5546; x_wconf 89' lang='lat' dir='ltr'><strong>dicitur</strong></span> <span class='ocrx_word' id='word_1_777' title='bbox 631 5493 761 5548; x_wconf 88' lang='lat' dir='ltr'><strong>Saul</strong></span> <span class='ocrx_word' id='word_1_778' title='bbox 802 5509 832 5548; x_wconf 89' lang='lat' dir='ltr'><strong>a</strong></span> <span class='ocrx_word' id='word_1_779' title='bbox 876 5494 1078 5563; x_wconf 88' lang='lat' dir='ltr'><strong>populo</strong></span> <span class='ocrx_word' id='word_1_780' title='bbox 1109 5494 1345 5560; x_wconf 86' lang='lat' dir='ltr'><strong>electus,</strong></span> <span class='ocrx_word' id='word_1_781' title='bbox 1390 5496 1458 5548; x_wconf 88' lang='lat' dir='ltr'><strong>ad</strong></span> <span class='ocrx_word' id='word_1_782' title='bbox 1503 5501 1806 5551; x_wconf 84' lang='lat' dir='ltr'><strong>extremum</strong></span> 
     </span>
    </p>
   </div>
   <div class='ocr_carea' id='block_1_101' title="bbox 171 5580 1809 5655">
    <p class='ocr_par' dir='ltr' id='par_1_101' title="bbox 171 5580 1809 5655">
     <span class='ocr_line' id='line_1_101' title="bbox 171 5580 1809 5655; baseline 0.002 -17"><span class='ocrx_word' id='word_1_783' title='bbox 171 5597 308 5638; x_wconf 81' lang='lat' dir='ltr'><strong>rex</strong></span> <span class='ocrx_word' id='word_1_784' title='bbox 341 5583 391 5633; x_wconf 90' lang='lat' dir='ltr'><strong>in</strong></span> <span class='ocrx_word' id='word_1_785' title='bbox 416 5580 635 5651; x_wconf 82' lang='lat' dir='ltr'><strong>Galgala</strong></span> <span class='ocrx_word' id='word_1_786' title='bbox 664 5586 989 5639; x_wconf 84' lang='lat' dir='ltr'><strong>constitutus</strong></span> <span class='ocrx_word' id='word_1_787' title='bbox 1018 5599 1200 5638; x_wconf 90' lang='lat' dir='ltr'><strong>coram</strong></span> <span class='ocrx_word' id='word_1_788' title='bbox 1230 5584 1455 5639; x_wconf 86' lang='lat' dir='ltr'><strong>Domino</strong></span> <span class='ocrx_word' id='word_1_789' title='bbox 1483 5600 1495 5636; x_wconf 92' lang='lat'><strong>:</strong></span> <span class='ocrx_word' id='word_1_790' title='bbox 1528 5584 1650 5655; x_wconf 90' lang='lat' dir='ltr'><strong>quia</strong></span> <span class='ocrx_word' id='word_1_791' title='bbox 1682 5584 1809 5641; x_wconf 90' lang='lat' dir='ltr'><strong>licet</strong></span> 
     </span>
    </p>
   </div>
   <div class='ocr_carea' id='block_1_102' title="bbox 167 5673 1806 5748">
    <p class='ocr_par' dir='ltr' id='par_1_102' title="bbox 167 5673 1806 5748">
     <span class='ocr_line' id='line_1_102' title="bbox 167 5673 1806 5748; baseline 0 -16"><span class='ocrx_word' id='word_1_792' title='bbox 167 5673 376 5732; x_wconf 77' lang='lat' dir='ltr'><strong>multa</strong></span> <span class='ocrx_word' id='word_1_793' title='bbox 412 5676 622 5732; x_wconf 82' lang='lat' dir='ltr'><strong>consilii</strong></span> <span class='ocrx_word' id='word_1_794' title='bbox 643 5677 905 5747; x_wconf 77' lang='lat' dir='ltr'><strong>gravitate</strong></span> <span class='ocrx_word' id='word_1_795' title='bbox 932 5676 984 5730; x_wconf 80' lang='lat' dir='ltr'><strong>in</strong></span> <span class='ocrx_word' id='word_1_796' title='bbox 1016 5686 1201 5731; x_wconf 87' lang='lat' dir='ltr'><strong>sancta</strong></span> <span class='ocrx_word' id='word_1_797' title='bbox 1229 5673 1466 5732; x_wconf 88' lang='lat' dir='ltr'><strong>Ecclesia</strong></span> <span class='ocrx_word' id='word_1_798' title='bbox 1493 5685 1679 5748; x_wconf 90' lang='lat' dir='ltr'><strong>pastor</strong></span> <span class='ocrx_word' id='word_1_799' title='bbox 1705 5677 1806 5732; x_wconf 86' lang='lat' dir='ltr'><strong>eli-</strong></span> 
     </span>
    </p>
   </div>
   <div class='ocr_carea' id='block_1_103' title="bbox 288 5853 1811 5925">
    <p class='ocr_par' dir='ltr' id='par_1_103' title="bbox 288 5853 1811 5925">
     <span class='ocr_line' id='line_1_103' title="bbox 288 5853 1811 5925; baseline 0.005 -21"><span class='ocrx_word' id='word_1_800' title='bbox 351 5854 390 5905; x_wconf 51' lang='lat'><strong>5&#39;:</strong></span> <span class='ocrx_word' id='word_1_801' title='bbox 411 5872 457 5908; x_wconf 51' lang='lat' dir='ltr'><strong>ac</strong></span> <span class='ocrx_word' id='word_1_802' title='bbox 491 5864 589 5921; x_wconf 62' lang='lat' dir='ltr'><strong>est,</strong></span> <span class='ocrx_word' id='word_1_803' title='bbox 617 5855 840 5913; x_wconf 60' lang='lat' dir='ltr'><strong>adversa</strong></span> <span class='ocrx_word' id='word_1_804' title='bbox 870 5870 901 5911; x_wconf 86' lang='lat' dir='ltr'><strong>a</strong></span> <span class='ocrx_word' id='word_1_805' title='bbox 923 5855 1188 5925; x_wconf 74' lang='lat' dir='ltr'><strong>proximis</strong></span> <span class='ocrx_word' id='word_1_806' title='bbox 1215 5854 1384 5910; x_wconf 81' lang='lat' dir='ltr'><strong>illata.</strong></span> <span class='ocrx_word' id='word_1_807' title='bbox 1412 5853 1617 5912; x_wconf 76' lang='lat' dir='ltr'><strong>Eodem</strong></span> <span class='ocrx_word' id='word_1_808' title='bbox 1646 5871 1811 5913; x_wconf 88' lang='lat' dir='ltr'><strong>sensu</strong></span> 
     </span>
    </p>
   </div>
   <div class='ocr_carea' id='block_1_104' title="bbox 172 5925 1805 5998">
    <p class='ocr_par' dir='ltr' id='par_1_104' title="bbox 172 5925 1805 5998">
     <span class='ocr_line' id='line_1_104' title="bbox 172 5925 1805 5998; baseline 0.001 -16"><span class='ocrx_word' id='word_1_809' title='bbox 172 5939 329 5986; x_wconf 68' lang='lat' dir='ltr'><strong>vox</strong></span> <span class='ocrx_word' id='word_1_810' title='bbox 358 5927 637 5981; x_wconf 54' lang='lat' dir='ltr'><strong>(adversitas</strong></span> <span class='ocrx_word' id='word_1_811' title='bbox 673 5929 901 5985; x_wconf 87' lang='lat' dir='ltr'><strong>sumitur</strong></span> <span class='ocrx_word' id='word_1_812' title='bbox 929 5927 1022 5986; x_wconf 86' lang='lat' dir='ltr'><strong>lib.</strong></span> <span class='ocrx_word' id='word_1_813' title='bbox 1052 5941 1127 5983; x_wconf 71' lang='grc' dir='ltr'><strong>χι.</strong></span> <span class='ocrx_word' id='word_1_814' title='bbox 1160 5925 1351 5984; x_wconf 86' lang='lat' dir='ltr'><strong>Mora].</strong></span> <span class='ocrx_word' id='word_1_815' title='bbox 1383 5942 1532 5983; x_wconf 90' lang='lat' dir='ltr'><strong>num.</strong></span> <span class='ocrx_word' id='word_1_816' title='bbox 1564 5927 1669 5998; x_wconf 82' lang='lat'><strong>&#39;58;</strong></span> <span class='ocrx_word' id='word_1_817' title='bbox 1711 5928 1805 5984; x_wconf 91' lang='lat' dir='ltr'><strong>lib.</strong></span> 
     </span>
    </p>
   </div>
   <div class='ocr_carea' id='block_1_105' title="bbox 1911 4749 3514 4837">
    <p class='ocr_par' dir='ltr' id='par_1_105' title="bbox 1911 4749 3514 4837">
     <span class='ocr_line' id='line_1_105' title="bbox 1911 4749 3514 4837; baseline -0.012 -15"><span class='ocrx_word' id='word_1_818' title='bbox 1911 4764 2140 4837; x_wconf 83' lang='lat' dir='ltr'><strong>cipiunt,</strong></span> <span class='ocrx_word' id='word_1_819' title='bbox 2167 4759 2396 4834; x_wconf 78' lang='lat' dir='ltr'><strong>iuraque</strong></span> <span class='ocrx_word' id='word_1_820' title='bbox 2441 4763 2777 4828; x_wconf 86' lang='lat' dir='ltr'><strong>pervertunt.</strong></span> <span class='ocrx_word' id='word_1_821' title='bbox 2811 4753 2888 4810; x_wconf 89' lang='lat' dir='ltr'><strong>De</strong></span> <span class='ocrx_word' id='word_1_822' title='bbox 2926 4752 3015 4812; x_wconf 88' lang='lat' dir='ltr'><strong>bis</strong></span> <span class='ocrx_word' id='word_1_823' title='bbox 3061 4749 3369 4822; x_wconf 89' lang='lat' dir='ltr'><strong>pastoribus</strong></span> <span class='ocrx_word' id='word_1_824' title='bbox 3413 4761 3514 4817; x_wconf 88' lang='lat' dir='ltr'><strong>per</strong></span> 
     </span>
    </p>
   </div>
   <div class='ocr_carea' id='block_1_106' title="bbox 1910 4840 3511 4933">
    <p class='ocr_par' dir='ltr' id='par_1_106' title="bbox 1910 4840 3511 4933">
     <span class='ocr_line' id='line_1_106' title="bbox 1910 4840 3511 4933; baseline -0.011 -19"><span class='ocrx_word' id='word_1_825' title='bbox 1910 4856 2232 4930; x_wconf 79' lang='lat' dir='ltr'><strong>prOphetam</strong></span> <span class='ocrx_word' id='word_1_826' title='bbox 2290 4849 2552 4933; x_wconf 81' lang='lat' dir='ltr'><strong>Dominus</strong></span> <span class='ocrx_word' id='word_1_827' title='bbox 2605 4846 2804 4904; x_wconf 67' lang='lat' dir='ltr'><strong>ludam</strong></span> <span class='ocrx_word' id='word_1_828' title='bbox 2858 4845 3226 4916; x_wconf 70' lang='lat' dir='ltr'><strong>inproperat,</strong></span> <span class='ocrx_word' id='word_1_829' title='bbox 3277 4840 3511 4896; x_wconf 88' lang='lat' dir='ltr'><strong>dicens:</strong></span> 
     </span>
    </p>
   </div>
   <div class='ocr_carea' id='block_1_107' title="bbox 1911 4934 3514 5013">
    <p class='ocr_par' dir='ltr' id='par_1_107' title="bbox 1911 4934 3514 5013">
     <span class='ocr_line' id='line_1_107' title="bbox 1911 4934 3514 5013; baseline -0.012 -5"><span class='ocrx_word' id='word_1_830' title='bbox 1911 4949 2160 5008; x_wconf 82' lang='lat' dir='ltr'><strong>Pastores</strong></span> <span class='ocrx_word' id='word_1_831' title='bbox 2207 4945 2283 4999; x_wconf 88' lang='lat' dir='ltr'><strong>tui</strong></span> <span class='ocrx_word' id='word_1_832' title='bbox 2330 4943 2438 5013; x_wconf 83' lang='lat' dir='ltr'><strong>lupi</strong></span> <span class='ocrx_word' id='word_1_833' title='bbox 2481 4957 2720 5012; x_wconf 83' lang='lat' dir='ltr'><strong>vespere,</strong></span> <span class='ocrx_word' id='word_1_834' title='bbox 2749 4955 2851 4995; x_wconf 88' lang='lat' dir='ltr'><strong>non</strong></span> <span class='ocrx_word' id='word_1_835' title='bbox 2898 4937 3246 5011; x_wconf 80' lang='lat' dir='ltr'><strong>relinquentes</strong></span> <span class='ocrx_word' id='word_1_836' title='bbox 3275 4934 3332 4986; x_wconf 88' lang='lat' dir='ltr'><strong>in</strong></span> <span class='ocrx_word' id='word_1_837' title='bbox 3359 4947 3514 4988; x_wconf 81' lang='lat' dir='ltr'><strong>mane</strong></span> 
     </span>
    </p>
   </div>
   <div class='ocr_carea' id='block_1_108' title="bbox 1913 5022 3514 5113">
    <p class='ocr_par' dir='ltr' id='par_1_108' title="bbox 1913 5022 3514 5113">
     <span class='ocr_line' id='line_1_108' title="bbox 1913 5022 3514 5113; baseline -0.012 -17"><span class='ocrx_word' id='word_1_838' title='bbox 1913 5039 2106 5113; x_wconf 87' lang='lat' dir='ltr'><strong>(Soph.</strong></span> <span class='ocrx_word' id='word_1_839' title='bbox 2149 5052 2226 5104; x_wconf 91' lang='grc' dir='ltr'>ιιι,</span> <span class='ocrx_word' id='word_1_840' title='bbox 2259 5034 2337 5105; x_wconf 80' lang='grc'><strong>5).</strong></span> <span class='ocrx_word' id='word_1_841' title='bbox 2369 5032 2800 5087; x_wconf 85' lang='lat' dir='ltr'><strong>Calumniatores</strong></span> <span class='ocrx_word' id='word_1_842' title='bbox 2829 5026 3200 5088; x_wconf 83' lang='lat' dir='ltr'><strong>innocentium</strong></span> <span class='ocrx_word' id='word_1_843' title='bbox 3228 5022 3432 5113; x_wconf 77' lang='lat' dir='ltr'><strong>pariter</strong></span> <span class='ocrx_word' id='word_1_844' title='bbox 3457 5030 3514 5078; x_wconf 90' lang='lat' dir='ltr'><strong>et</strong></span> 
     </span>
    </p>
   </div>
   <div class='ocr_carea' id='block_1_109' title="bbox 1913 5111 3511 5202">
    <p class='ocr_par' dir='ltr' id='par_1_109' title="bbox 1913 5111 3511 5202">
     <span class='ocr_line' id='line_1_109' title="bbox 1913 5111 3511 5202; baseline -0.013 -16"><span class='ocrx_word' id='word_1_845' title='bbox 1913 5111 2266 5202; x_wconf 84' lang='lat' dir='ltr'><strong>oppressores</strong></span> <span class='ocrx_word' id='word_1_846' title='bbox 2294 5123 2550 5180; x_wconf 87' lang='lat' dir='ltr'><strong>debilium</strong></span> <span class='ocrx_word' id='word_1_847' title='bbox 2597 5122 2728 5178; x_wconf 88' lang='lat' dir='ltr'><strong>item</strong></span> <span class='ocrx_word' id='word_1_848' title='bbox 2773 5119 3026 5190; x_wconf 85' lang='lat' dir='ltr'><strong>percutit,</strong></span> <span class='ocrx_word' id='word_1_849' title='bbox 3053 5113 3240 5178; x_wconf 75' lang='lat' dir='ltr'><strong>dicens</strong></span> <span class='ocrx_word' id='word_1_850' title='bbox 3267 5131 3279 5168; x_wconf 92' lang='lat'>:</span> <span class='ocrx_word' id='word_1_851' title='bbox 3309 5111 3372 5168; x_wconf 87' lang='lat' dir='ltr'><strong>Si</strong></span> <span class='ocrx_word' id='word_1_852' title='bbox 3399 5113 3511 5184; x_wconf 82' lang='lat' dir='ltr'><strong>quis</strong></span> 
     </span>
    </p>
   </div>
   <div class='ocr_carea' id='block_1_110' title="bbox 1911 5205 3513 5284">
    <p class='ocr_par' dir='ltr' id='par_1_110' title="bbox 1911 5205 3513 5284">
     <span class='ocr_line' id='line_1_110' title="bbox 1911 5205 3513 5284; baseline -0.014 -7"><span class='ocrx_word' id='word_1_853' title='bbox 1911 5238 2017 5277; x_wconf 86' lang='lat' dir='ltr'><strong>non</strong></span> <span class='ocrx_word' id='word_1_854' title='bbox 2047 5219 2246 5274; x_wconf 86' lang='lat' dir='ltr'><strong>dederit</strong></span> <span class='ocrx_word' id='word_1_855' title='bbox 2274 5218 2328 5272; x_wconf 91' lang='lat' dir='ltr'><strong>in</strong></span> <span class='ocrx_word' id='word_1_856' title='bbox 2355 5232 2446 5271; x_wconf 87' lang='lat' dir='ltr'><strong>ore</strong></span> <span class='ocrx_word' id='word_1_857' title='bbox 2469 5230 2647 5270; x_wconf 83' lang='lat' dir='ltr'><strong>eorum</strong></span> <span class='ocrx_word' id='word_1_858' title='bbox 2675 5212 2959 5284; x_wconf 78' lang='lat' dir='ltr'><strong>quippiam,</strong></span> <span class='ocrx_word' id='word_1_859' title='bbox 2993 5205 3328 5276; x_wconf 68' lang='lat' dir='ltr'><strong>sancti/icon:</strong></span> <span class='ocrx_word' id='word_1_860' title='bbox 3357 5217 3513 5271; x_wconf 86' lang='lat' dir='ltr'><strong>super</strong></span> 
     </span>
    </p>
   </div>
   <div class='ocr_carea' id='block_1_111' title="bbox 1909 5294 3512 5379">
    <p class='ocr_par' dir='ltr' id='par_1_111' title="bbox 1909 5294 3512 5379">
     <span class='ocr_line' id='line_1_111' title="bbox 1909 5294 3512 5379; baseline -0.014 -12"><span class='ocrx_word' id='word_1_861' title='bbox 1909 5312 2056 5367; x_wconf 88' lang='lat' dir='ltr'><strong>illum</strong></span> <span class='ocrx_word' id='word_1_862' title='bbox 2091 5309 2296 5365; x_wconf 84' lang='lat' dir='ltr'><strong>bellum.</strong></span> <span class='ocrx_word' id='word_1_863' title='bbox 2341 5304 2669 5379; x_wconf 71' lang='lat' dir='ltr'><strong>Quapropter</strong></span> <span class='ocrx_word' id='word_1_864' title='bbox 2693 5320 2802 5359; x_wconf 67' lang='lat' dir='ltr'><strong>non:</strong></span> <span class='ocrx_word' id='word_1_865' title='bbox 2832 5302 2906 5357; x_wconf 88' lang='lat' dir='ltr'><strong>eis</strong></span> <span class='ocrx_word' id='word_1_866' title='bbox 2951 5315 3044 5373; x_wconf 87' lang='lat' dir='ltr'><strong>pro</strong></span> <span class='ocrx_word' id='word_1_867' title='bbox 3083 5297 3277 5354; x_wconf 83' lang='lat' dir='ltr'><strong>visione</strong></span> <span class='ocrx_word' id='word_1_868' title='bbox 3303 5294 3430 5358; x_wconf 85' lang='lat' dir='ltr'><strong>erit,</strong></span> <span class='ocrx_word' id='word_1_869' title='bbox 3461 5298 3512 5346; x_wconf 90' lang='lat' dir='ltr'><strong>et</strong></span> 
     </span>
    </p>
   </div>
   <div class='ocr_carea' id='block_1_112' title="bbox 1914 5385 3511 5470">
    <p class='ocr_par' dir='ltr' id='par_1_112' title="bbox 1914 5385 3511 5470">
     <span class='ocr_line' id='line_1_112' title="bbox 1914 5385 3511 5470; baseline -0.012 -12"><span class='ocrx_word' id='word_1_870' title='bbox 1914 5401 2132 5458; x_wconf 71' lang='lat' dir='ltr'><strong>tenebrae</strong></span> <span class='ocrx_word' id='word_1_871' title='bbox 2177 5417 2270 5470; x_wconf 85' lang='lat' dir='ltr'><strong>pro</strong></span> <span class='ocrx_word' id='word_1_872' title='bbox 2310 5399 2625 5455; x_wconf 83' lang='lat' dir='ltr'><strong>divinatione</strong></span> <span class='ocrx_word' id='word_1_873' title='bbox 2674 5395 2873 5467; x_wconf 82' lang='lat' dir='ltr'><strong>(Mich.</strong></span> <span class='ocrx_word' id='word_1_874' title='bbox 2899 5409 2956 5450; x_wconf 85' lang='grc' dir='ltr'><strong>ιιι</strong></span> <span class='ocrx_word' id='word_1_875' title='bbox 2975 5433 2994 5460; x_wconf 87' lang='grc'><em>,</em></span> <span class='ocrx_word' id='word_1_876' title='bbox 3022 5389 3072 5458; x_wconf 86' lang='lat'><strong>5,</strong></span> <span class='ocrx_word' id='word_1_877' title='bbox 3099 5389 3189 5460; x_wconf 90' lang='lat'><strong>6).</strong></span> <span class='ocrx_word' id='word_1_878' title='bbox 3217 5387 3352 5444; x_wconf 86' lang='lat' dir='ltr'><strong>Nam</strong></span> <span class='ocrx_word' id='word_1_879' title='bbox 3379 5385 3511 5445; x_wconf 84' lang='lat' dir='ltr'><strong>dum</strong></span> 
     </span>
    </p>
   </div>
   <div class='ocr_carea' id='block_1_113' title="bbox 1913 5479 3510 5566">
    <p class='ocr_par' dir='ltr' id='par_1_113' title="bbox 1913 5479 3510 5566">
     <span class='ocr_line' id='line_1_113' title="bbox 1913 5479 3510 5566; baseline -0.008 -15"><span class='ocrx_word' id='word_1_880' title='bbox 1913 5494 2252 5566; x_wconf 87' lang='lat' dir='ltr'><strong>iniquitatem</strong></span> <span class='ocrx_word' id='word_1_881' title='bbox 2283 5496 2620 5561; x_wconf 84' lang='lat' dir='ltr'><strong>cognoscunt</strong></span> <span class='ocrx_word' id='word_1_882' title='bbox 2647 5502 2811 5559; x_wconf 90' lang='lat' dir='ltr'><strong>quam</strong></span> <span class='ocrx_word' id='word_1_883' title='bbox 2841 5485 3066 5550; x_wconf 83' lang='lat' dir='ltr'><strong>faciunt,</strong></span> <span class='ocrx_word' id='word_1_884' title='bbox 3099 5497 3196 5554; x_wconf 90' lang='lat' dir='ltr'><strong>per</strong></span> <span class='ocrx_word' id='word_1_885' title='bbox 3221 5479 3510 5538; x_wconf 80' lang='lat' dir='ltr'><strong>audaciam</strong></span> 
     </span>
    </p>
   </div>
   <div class='ocr_carea' id='block_1_114' title="bbox 1912 5573 3510 5658">
    <p class='ocr_par' dir='ltr' id='par_1_114' title="bbox 1912 5573 3510 5658">
     <span class='ocr_line' id='line_1_114' title="bbox 1912 5573 3510 5658; baseline -0.011 -16"><span class='ocrx_word' id='word_1_886' title='bbox 1912 5583 2228 5658; x_wconf 87' lang='lat' dir='ltr'><strong>nequissimi</strong></span> <span class='ocrx_word' id='word_1_887' title='bbox 2248 5583 2449 5654; x_wconf 89' lang='lat' dir='ltr'><strong>operis,</strong></span> <span class='ocrx_word' id='word_1_888' title='bbox 2475 5581 2675 5638; x_wconf 89' lang='lat' dir='ltr'><strong>cadunt</strong></span> <span class='ocrx_word' id='word_1_889' title='bbox 2698 5580 2753 5636; x_wconf 88' lang='lat' dir='ltr'><strong>in</strong></span> <span class='ocrx_word' id='word_1_890' title='bbox 2779 5577 3078 5636; x_wconf 65' lang='lat' dir='ltr'><strong>siccitatem</strong></span> <span class='ocrx_word' id='word_1_891' title='bbox 3103 5573 3312 5646; x_wconf 76' lang='lat' dir='ltr'><strong>cordis,</strong></span> <span class='ocrx_word' id='word_1_892' title='bbox 3330 5581 3390 5632; x_wconf 91' lang='lat' dir='ltr'><strong>ut</strong></span> <span class='ocrx_word' id='word_1_893' title='bbox 3411 5585 3510 5648; x_wconf 89' lang='lat' dir='ltr'><strong>per</strong></span> 
     </span>
    </p>
   </div>
   <div class='ocr_carea' id='block_1_115' title="bbox 1915 5666 3507 5744">
    <p class='ocr_par' dir='ltr' id='par_1_115' title="bbox 1915 5666 3507 5744">
     <span class='ocr_line' id='line_1_115' title="bbox 1915 5666 3507 5744; baseline -0.008 -12"><span class='ocrx_word' id='word_1_894' title='bbox 1915 5692 2173 5744; x_wconf 88' lang='lat' dir='ltr'><strong>amorem,</strong></span> <span class='ocrx_word' id='word_1_895' title='bbox 2204 5677 2379 5732; x_wconf 90' lang='lat' dir='ltr'><strong>lucem</strong></span> <span class='ocrx_word' id='word_1_896' title='bbox 2399 5673 2641 5730; x_wconf 84' lang='lat' dir='ltr'><strong>veritatis</strong></span> <span class='ocrx_word' id='word_1_897' title='bbox 2669 5671 2811 5728; x_wconf 87' lang='lat' dir='ltr'><strong>ultra</strong></span> <span class='ocrx_word' id='word_1_898' title='bbox 2831 5685 2938 5725; x_wconf 87' lang='lat' dir='ltr'><strong>nou</strong></span> <span class='ocrx_word' id='word_1_899' title='bbox 2964 5666 3195 5734; x_wconf 70' lang='lat' dir='ltr'><strong>videant,</strong></span> <span class='ocrx_word' id='word_1_900' title='bbox 3218 5681 3317 5738; x_wconf 88' lang='lat' dir='ltr'><strong>per</strong></span> <span class='ocrx_word' id='word_1_901' title='bbox 3343 5675 3507 5736; x_wconf 85' lang='lat' dir='ltr'><strong>quam</strong></span> 
     </span>
    </p>
   </div>
   <div class='ocr_carea' id='block_1_116' title="bbox 1916 5853 2576 5920">
    <p class='ocr_par' dir='ltr' id='par_1_116' title="bbox 1916 5853 2576 5920">
     <span class='ocr_line' id='line_1_116' title="bbox 1916 5853 2576 5920; baseline -0.005 -10"><span class='ocrx_word' id='word_1_902' title='bbox 1916 5870 2024 5918; x_wconf 73' lang='lat' dir='ltr'><strong>xvr,</strong></span> <span class='ocrx_word' id='word_1_903' title='bbox 2059 5869 2206 5910; x_wconf 91' lang='lat' dir='ltr'><strong>num.</strong></span> <span class='ocrx_word' id='word_1_904' title='bbox 2237 5853 2326 5920; x_wconf 67' lang='lat' dir='ltr'><strong>1L5,</strong></span> <span class='ocrx_word' id='word_1_905' title='bbox 2351 5862 2406 5908; x_wconf 79' lang='lat' dir='ltr'><strong>ct</strong></span> <span class='ocrx_word' id='word_1_906' title='bbox 2432 5853 2576 5907; x_wconf 84' lang='lat' dir='ltr'><strong>alibi.</strong></span> 
     </span>
    </p>
   </div>
   <div class='ocr_carea' id='block_1_117' title="bbox 1991 5919 3412 5995">
    <p class='ocr_par' dir='ltr' id='par_1_117' title="bbox 1991 5919 3412 5995">
     <span class='ocr_line' id='line_1_117' title="bbox 1991 5919 3412 5995; baseline -0.01 -12"><span class='ocrx_word' id='word_1_907' title='bbox 1991 5926 2017 5983; x_wconf 61' lang='grc' dir='ltr'>ι)</span> <span class='ocrx_word' id='word_1_908' title='bbox 2059 5927 2264 5983; x_wconf 82' lang='lat' dir='ltr'><strong>Vitiose</strong></span> <span class='ocrx_word' id='word_1_909' title='bbox 2291 5926 2345 5981; x_wconf 92' lang='lat' dir='ltr'><strong>in</strong></span> <span class='ocrx_word' id='word_1_910' title='bbox 2372 5924 2575 5995; x_wconf 80' lang='lat' dir='ltr'><strong>Vatic.,</strong></span> <span class='ocrx_word' id='word_1_911' title='bbox 2603 5923 2768 5984; x_wconf 89' lang='lat' dir='ltr'><strong>Gilot.</strong></span> <span class='ocrx_word' id='word_1_912' title='bbox 2802 5932 2858 5982; x_wconf 79' lang='lat' dir='ltr'><strong>et</strong></span> <span class='ocrx_word' id='word_1_913' title='bbox 2885 5924 3150 5981; x_wconf 86' lang='lat' dir='ltr'><strong>Gussauv.</strong></span> <span class='ocrx_word' id='word_1_914' title='bbox 3183 5919 3412 5991; x_wconf 82' lang='lat' dir='ltr'><strong>sapiens.</strong></span> 
     </span>
    </p>
   </div>
  </div>
