4020 6344
497 363 600 422 327

1717 348 1959 409 SANCTI
2000 343 2329 406 GREGORII
2369 344 2581 404 MAGNI

3689 352 3786 409 338

498 492 529 531 a
558 472 826 547 pravitate
855 469 1192 540 resipiscam.
1226 466 1355 521 item
1398 479 1681 521 munerum
1722 462 2092 532 acceptionem
2121 464 2175 523 Α
2198 471 2369 516 matur
2390 462 2527 516 inter
2556 470 2730 533 gentes
2765 461 2941 531 (Rom.
2988 476 3051 527 11,
3082 460 3195 533 24).
3228 461 3363 519 Hinc
3394 462 3523 518 item
3554 462 3785 534 discipu-

501 565 849 638 repre'hendit
892 563 1079 628 Isaias,
1109 562 1329 617 dicens:
1366 558 1556 613 Omnes
1587 558 1809 629 diligunt
1840 572 2089 621 munera,

502 668 781 726 sequuntur
822 654 1182 711 retributiones
1234 651 1384 724 (Isa.
1422 669 1469 716 ι,
1503 650 1629 720 25).
1684 648 1916 703 Sanctus
1963 660 2094 715 ergo

500 753 601 817 vir,
631 752 755 805 dum
786 747 1108 803 innocentiae
1133 760 1243 801 sum
1271 744 1671 814 simplicitatem
1699 740 1957 807 ostendit,
1985 753 2093 810 qua

503 843 821 898 meritorum
852 838 1135 893 altitudine
1165 836 1341 899 fuerit,
1376 833 1617 889 sublimis
1644 833 1908 904 apparuit.
1940 828 2094 899 Quod

504 934 720 1003 quidem
750 930 963 985 virtutis
992 928 1320 999 praeconium
1359 927 1412 982 in
1441 941 1509 982 eo
1548 942 1657 982 uno
1685 925 2005 989 ostenditur,
2035 935 2097 980 ut

507 1026 753 1079 omnibus
784 1022 970 1077 electis
999 1019 1310 1075 doctoribus
1336 1018 1528 1075 eadem
1573 1018 1831 1074 bonitatis
1878 1014 2095 1071 confor-

504 1112 663 1166 mitas
694 1108 1030 1163 ostendatur.

572 1203 626 1257 2.
672 1202 803 1256 Vitm
830 1201 1044 1274 quidem
1074 1198 1438 1255 innocentiam
1480 1212 1579 1267 pro
1621 1196 1776 1251 nobis
1804 1194 2093 1261 habemus,

502 1295 599 1350 sed
645 1294 976 1365 prmlationis
1030 1293 1241 1349 culmen
1288 1307 1386 1362 pro
1432 1290 1580 1357 aliis,
1633 1304 1741 1344 non
1790 1304 1892 1359 pro
1940 1287 2095 1343 nobis

505 1387 861 1443 ascendimus.
910 1386 1014 1442 Per
1038 1385 1360 1441 innocentia:
1388 1384 1588 1439 bonum
1618 1383 1683 1437 ad
1712 1390 1972 1437 mternam
2000 1395 2095 1451 pa-

505 1479 664 1533 triam
694 1480 981 1546 tendimus,
1021 1492 1119 1546 per
1146 1476 1481 1530 altitudinem
1520 1474 1851 1543 prmlationis
1877 1473 1930 1527 in
1961 1472 2097 1529 alio-

504 1586 622 1625 rum
653 1569 893 1626 custodia
921 1567 1222 1637 vigilamus.
1254 1564 1313 1620 In
1344 1565 1432 1619 illa
1454 1565 1653 1620 virtute
1680 1565 1859 1620 securi
1888 1578 2093 1631 sumus,

503 1664 662 1719 istam
690 1679 820 1719 vero
868 1661 1241 1719 celsitudinem
1280 1675 1401 1716 cum
1444 1673 1639 1728 magno
1668 1668 1814 1714 metu
1844 1657 2095 1729 posside-

502 1773 621 1814 mus
646 1776 659 1811 :
692 1756 818 1827 quia
845 1756 935 1825 qui
965 1762 1271 1811 nostrorum
1302 1767 1525 1823 operum
1570 1751 1835 1807 rationem
1870 1751 2096 1807 reddere

2199 556 2308 612 lum
2326 555 2601 621 admonet,
2616 556 2832 610 dicens:
2857 553 3071 621 Oportet
3093 558 3247 611 etiam
3270 556 3583 627 EpiscOpum
3608 558 3788 614 bonum

2199 651 2546 704 testimonium
2567 648 2757 703 habere
2784 649 2848 703 ab
2872 650 2937 703 iis
2958 650 3043 721 qui
3074 651 3203 721 foris
3232 650 3432 722 sunt(I
3455 650 3593 706 Tim.
3618 652 3786 721 111,7).

2198 747 2333 802 Dum
2363 761 2492 815 ergo
2518 745 2660 800 mala
2687 760 2748 802 se
2777 752 2887 800 tam
2916 755 3073 802 caute
3106 748 3305 802 vitasse
3341 748 3601 816 asseruit,
3631 758 3687 804 et
3718 751 3790 806 in-

2196 839 2377 907 gentia
2430 837 2611 905 bona,
2661 852 2779 907 quae
2819 836 2990 905 fecit,
3028 838 3212 893 siluit:
3245 849 3433 909 aperte
3478 841 3563 896 vir
3607 842 3791 898 beatus

2198 929 2473 995 ostendit,
2523 929 2578 983 in
2626 936 2830 999 quanto
2859 928 3092 984 culmine
3139 938 3402 987 Virtutum
3430 933 3617 997 stetit,
3669 934 3791 991 dum

2196 1019 2339 1072 mala
2369 1017 2712 1088 reprobando
2734 1058 2749 1084 ,
2795 1017 2863 1072 ad
2891 1018 3188 1075 electorum
3232 1022 3541 1092 exemplum
3572 1024 3792 1080 odorem

2196 1110 2432 1167 servavit
2482 1110 2638 1165 bona:
2694 1109 3012 1178 opinionis:
3059 1119 3115 1167 et
3162 1113 3485 1169 occultando
3535 1113 3791 1171 virtutum

2197 1217 2395 1272 opera,
2424 1201 2646 1272 prmmia
2695 1200 2984 1257 custodivit
3020 1210 3235 1257 aeternae
3264 1204 3657 1259 retributionis.
3694 1204 3794 1261 Sed

2198 1295 2516 1360 notandum,
2546 1293 2673 1365 quia
2702 1308 2823 1349 cum
2855 1294 3141 1349 Dominum
3174 1303 3370 1351 testem
3398 1310 3512 1351 suae
3534 1297 3792 1353 innocen-

2198 1386 2288 1441 tiae
2335 1394 2643 1453 assereret,
2695 1386 2869 1455 ipsum
2910 1383 3193 1440 Dominum
3242 1386 3437 1443 fecisse
3484 1387 3711 1459 Moysen
3740 1398 3792 1445 et

2198 1479 2380 1534 Aaron
2410 1477 2565 1533 dixit.
2597 1477 2739 1545 Quid
2768 1485 2851 1533 est
2878 1477 2983 1533 hoc
3011 1477 3177 1543 aliud,
3206 1478 3307 1534 nisi
3337 1481 3463 1551 quia
3501 1488 3559 1537 et
3584 1482 3794 1538 virtutis

2198 1584 2310 1625 sua:
2330 1569 2543 1625 culmen
2587 1568 2846 1637 ostendit,
2876 1568 2971 1625 sed
3001 1570 3057 1625 in
3085 1578 3239 1627 tanto
3268 1572 3504 1628 culmine
3526 1575 3679 1630 solus
3707 1592 3795 1647 ap-

2197 1676 2393 1733 parere
2428 1659 2639 1717 noluit?
2680 1659 2843 1728 Quasi
2894 1661 3181 1718 latentibus
3233 1664 3479 1721 sensibus
3528 1667 3680 1723 dicat
3705 1687 3717 1722 :
3742 1670 3794 1725 ln

2199 1762 2347 1809 tanta
2399 1753 2563 1809 animi
2592 1754 2789 1809 virtute
2834 1754 3112 1811 mirandus
3154 1772 3416 1813 non-sum
3444 1778 3457 1813 :
3489 1762 3620 1830 quia
3652 1764 3709 1819 in
3736 1779 3795 1820 ea

502 1850 850 1906 vehementer
879 1847 1319 1917 expavescimus,
1354 1843 1422 1897 de
1458 1858 1524 1898 eo
1564 1842 1708 1912 quod
1739 1841 1859 1897 aliis
1896 1857 2100 1912 prmsu-
2129 1841 2178 1901 B
2206 1847 2354 1903 solus
2383 1863 2493 1903 non
2532 1862 2672 1902 sum.
2714 1845 3098 1919 Contemptum
3126 1864 3307 1904 rerum
3352 1850 3407 1905 in
3434 1868 3663 1908 munere
3690 1855 3793 1910 vir-

502 1953 720 2003 sumus,
772 1937 883 1991 Deo
931 1934 1159 1991 reddere
1203 1933 1466 1987 rationem
1520 1930 1796 1985 debemus.
1851 1929 1907 1985 Si
1944 1944 2094 2000 ergo

503 2029 664 2086 electi
693 2028 828 2093 viri,
874 2026 1092 2082 volente
1121 2024 1232 2079 Deo
1256 2066 1270 2089 ,
1317 2023 1477 2077 etiam
1523 2021 1849 2091 praelationis
1879 2022 2099 2077 culmen

502 2119 654 2175 inviti
688 2116 1077 2181 conscendunt,
1102 2114 1318 2169 volente
1342 2113 1452 2168 Deo
1470 2153 1484 2178 ,
1519 2112 1659 2167 idem
1690 2113 1905 2167 culmen
1934 2113 2102 2169 devo-

504 2214 672 2270 tionis
701 2212 972 2267 deserunt.
1004 2208 1237 2262 Sanctus
1275 2204 1514 2275 ergo'vir
1548 2204 1677 2260 dicit
1705 2222 1719 2257 :
1762 2202 1899 2259 Ecce
1929 2206 2103 2260 audivi

504 2325 676 2363 vocem
702 2314 940 2369 vestram,
972 2311 1020 2357 et
1049 2301 1288 2356 constitui
1320 2316 1472 2369 super
1508 2315 1595 2353 vos
1624 2314 1831 2369 regem;
1875 2308 1923 2352 et
1967 2314 2103 2352 nunc

506 2415 600 2454 rex
623 2407 646 2432 α
670 2397 907 2469 graditur
942 2403 1060 2447 ante
1083 2410 1191 2448 vos.
1236 2390 1347 2462 Ego
1385 2401 1552 2444 autem
1579 2391 1754 2456 senui,
1784 2398 1833 2443 et
1871 2389 2102 2443 incanui.

509 2489 680 2545 Porro
710 2488 808 2558 ﬁlii
842 2487 939 2541 mei
968 2484 1227 2541 vobiscum
1256 2492 1392 2537 sunt.
1426 2482 1592 2549 Quasi
1622 2482 1742 2536 aliis
1771 2482 1992 2537 vocibus
2021 2482 2105 2535 di-

510 2590 600 2638 cat
631 2600 644 2635 :
678 2581 813 2647 Quia
842 2595 949 2635 non
979 2593 1080 2648 pro
1108 2591 1215 2640 me,
1247 2575 1340 2629 sed
1370 2590 1470 2644 pro
1500 2573 1654 2628 vobis
1686 2572 1903 2643 prmfui,
1933 2575 2109 2644 digni-

509 2684 677 2731 tatem
699 2688 860 2743 quam
893 2671 1062 2737 tenui,
1081 2670 1313 2724 libenter
1336 2667 1428 2722 alii
1451 2667 1593 2721 dedi.
1620 2666 1679 2721 In
1711 2668 1901 2722 eadem
1934 2668 2108 2737 digni-

510 2778 623 2823 tate
655 2768 765 2836 jam
800 2765 986 2832 senui,
1016 2772 1072 2819 et
1098 2771 1277 2817 tamen
1317 2760 1511 2829 longus
1540 2775 1669 2816 usus
1695 2759 2106 2829 prmeminendi,

514 2874 677 2929 quem
707 2859 881 2923 tenui,
916 2856 1210 2923 obligatum
1238 2867 1326 2907 me
1368 2852 1422 2906 in
1451 2851 1534 2906 sui
1569 2850 1860 2907 ambitione
1886 2866 1995 2907 non
2028 2859 2109 2906 te-

515 2953 651 3007 nuit.
685 2949 820 3017 Quid
842 2961 970 3017 ergo
993 2953 1076 3002 est
1099 2944 1241 3015 quod
1264 2944 1341 2999 ait
1365 2960 1377 2997 :
1412 2942 1541 2998 Filii
1562 2944 1660 2997 mei
1680 2943 1937 2998 vobiscum
1965 2953 2107 3007 sunt,

517 3044 623 3099 nisi
652 3042 777 3112 quia
806 3042 860 3094 in
889 3040 1090 3094 sanctis
1116 3037 1247 3091 viris
1273 3050 1469 3105 magna
1490 3036 1572 3091 vis
1596 3032 1887 3104 spiritualis
1910 3036 2111 3089 amoris

519 3142 636 3197 est,
665 3145 771 3200 qua
800 3129 922 3183 iiliis
969 3128 1037 3182 ad
1067 3127 1279 3183 culmen
1326 3127 1698 3191 nascentibus,
1725 3126 1814 3195 jus
1862 3126 2113 3181 auferunt

522 3221 919 3281 successionis?
947 3218 1051 3275 Sed
1095 3218 1187 3289 qui
1230 3234 1494 3275 summam
1525 3218 1727 3274 ordinis
1755 3228 1865 3274 tam
1894 3220 2111 3289 quietus

522 3315 758 3377 deserit,
809 3315 964 3385 271
1013 3311 1188 3384 qualis
1219 3313 1271 3367 in
1312 3312 1504 3367 eodem
1548 3311 1781 3367 culmine
1826 3312 2112 3381 manserit,

522 3408 778 3465 ostendit.
810 3406 944 3473 Quia
968 3406 1112 3462 enim
1136 3405 1340 3478 rapina:
1366 3405 1681 3461 violentiam
1712 3420 1819 3460 non
1849 3406 2112 3472 exercuit,

521 3499 652 3556 dicit
676 3518 689 3552 :
717 3495 1009 3569 Loquimini
1039 3496 1103 3550 de
1130 3513 1211 3551 me
1232 3512 1409 3550 coram
1433 3494 1658 3549 Domino
1686 3504 1736 3549 et
1758 3511 1935 3549 coram
1959 3494 2115 3549 Chri-

522 3604 600 3653 sto
628 3596 758 3666 ejus,
782 3603 954 3645 utrum
984 3591 1157 3646 bovem
1183 3590 1486 3660 cujusquam
1516 3589 1743 3653 tulerim,
1775 3597 1862 3641 aut
1888 3589 2114 3643 asinum.

522 3688 659 3743 Item
704 3687 827 3756 quia
867 3685 1001 3739 nulli
1028 3683 1257 3739 nocendi
1285 3684 1635 3739 occasionem
1676 3684 1955 3753 qumsivit,
1986 3684 2118 3738 sub-

524 3781 736 3851 iunxit,
776 3779 959 3834 dicens
992 3795 1004 3831 :
1038 3776 1098 3831 Si
1127 3778 1417 3848 quempiam
1440 3776 1788 3830 calumniatus
1817 3792 1948 3829 sum.
1983 3774 2117 3829 Item

527 3872 653 3943 quia
675 3870 939 3926 debilibus
968 3869 1143 3938 gravis
1174 3884 1278 3922 non
1307 3866 1426 3932 fuit,
1456 3867 1588 3924 dicit
1621 3884 1635 3922 :
1670 3866 1731 3921 Si
1756 3867 1990 3937 oppressi
2016 3866 2120 3919 ali-

530 3980 699 4033 quem.
726 3961 859 4015 ltem
886 3961 1011 4029 quia
1041 3960 1107 4014 de
1144 3959 1461 4029 praelatione
1490 3973 1587 4013 sua
1619 3972 1728 4012 non
1759 3965 1993 4021 terrena,
2026 3956 2122 4011 sed

529 4053 769 4111 coelestia
800 4051 1057 4123 quaesivit,
1098 4052 1228 4108 dicit
1255 4070 1267 4104 :
1299 4052 1360 4107 Si
1399 4051 1463 4105 de
1490 4066 1649 4105 manu
1679 4048 1979 4118 cujusquam
2010 4064 2124 4101 mu-

529 4161 626 4200 nus
666 4145 877 4213 accepi,
907 4153 955 4197 et
984 4152 1309 4198 contemnam
1355 4142 1487 4196 illud
1538 4140 1724 4204 hodie,
1757 4142 2122 4211 restituamque

529 4235 693 4293 vobis.
732 4235 868 4303 Quia
888 4250 1018 4289 vero
1046 4233 1099 4287 in
1124 4241 1275 4289 tanto
1296 4240 1617 4303 contemptu
1645 4246 1827 4287 rerum
1856 4231 1922 4286 ab
1944 4232 2121 4286 omni-

530 4331 632 4387 bus
660 4340 823 4385 notus
851 4329 1127 4395 extiterat,
1156 4329 1404 4398 sequitur
1434 4346 1448 4383 :

603 4422 787 4493 (Vers.
820 4418 964 4489 4-6.)
996 4418 1062 4473 Et
1084 4421 1366 4475 dixerunt:
1398 4419 1523 4474 Non
1552 4435 1607 4472 es
1637 4418 1980 4471 calumniatus
2000 4434 2116 4485 nos,

529 4530 693 4588 neque
719 4514 1040 4585 oppressisti,
1064 4530 1225 4585 neque
1256 4514 1418 4566 tulisti
1447 4513 1509 4565 de
1533 4528 1691 4565 manu
1722 4510 1942 4580 alicujus
1970 4512 2121 4581 quip-

2203 1940 2333 1993 tutis
2357 1938 2550 2004 habeo,
2580 1938 2678 1994 sed
2707 1938 2853 1994 hunc
2881 1938 2937 1993 in
2968 1939 3270 1996 intentione
3298 1956 3450 1997 vanze
3490 1943 3671 1999 laudis
3695 1926 3807 2003 non

2201 2030 2377 2086 habeo
2418 2048 2431 2083 :
2482 2031 2535 2085 in
2580 2046 2687 2101 quo
2737 2029 2896 2086 valde
2947 2031 3200 2087 meliores
3255 2041 3417 2102 atque
3461 2035 3797 2093 sublimiores

2203 2138 2386 2178 cerno.
2422 2120 2489 2176 Et
2525 2122 2649 2192 quia
2708 2124 2879 2193 ipsum
2917 2121 3140 2195 Moysen
3185 2131 3241 2180 et
3279 2124 3461 2180 Aaron
3514 2124 3798 2184 Dominum

2204 2213 2396 2271 fecisse
2416 2214 2675 2280 asseruit,
2708 2214 2816 2270 tale
2842 2222 2925 2270 est
2948 2215 3077 2270 item
3106 2231 3171 2270 ac
3197 2216 3241 2272 si
3266 2216 3410 2272 dicat
3436 2235 3450 2271 :
3474 2216 3637 2285 Quod
3669 2221 3798 2277 mala

2206 2317 2315 2364 tam
2338 2309 2546 2365 fortiter
2583 2324 2779 2365 cavere
2811 2310 2985 2380 potui,
3008 2310 3149 2367 illius
3176 2311 3340 2367 debet
3371 2314 3559 2381 gratia:
3586 2314 3799 2383 ascribi,

2208 2400 2299 2470 qui
2327 2400 2545 2472 M:.ysen
2568 2409 2623 2455 et
2642 2402 2821 2457 Aaron
2854 2403 2986 2457 tales
3014 2402 3159 2458 fecit.
3200 2400 3307 2457 Sed
3333 2403 3400 2457 ad
3428 2404 3558 2473 quid
3588 2416 3800 2459 sanctus

2209 2496 2290 2549 vir
2334 2494 2435 2548 ista
2484 2495 2834 2564 prmmiserit,
2873 2495 3113 2551 ostendit
3152 2513 3166 2549 :
3210 2496 3336 2567 quia
3378 2496 3699 2565 subintulit,
3729 2498 3804 2553 di-

2207 2606 2334 2647 cens
2363 2608 2377 2644 2

2283 2682 2470 2753 (Vers.
2504 2683 2581 2754 7.)
2623 2680 2781 2737 Nunc
2808 2699 2931 2755 ergo
2977 2692 3218 2749 state,-»et
3250 2687 3451 2757 judicio
3496 2686 3802 2741 contendam

2212 2774 2456 2828 adversus
2482 2790 2571 2827 vos
2602 2789 2778 2827 coram
2828 2773 3053 2829 Domino
3083 2774 3147 2828 de
3175 2776 3411 2830 omnibus
3438 2777 3800 2832 misericordiis

2213 2884 2338 2939 quas
2370 2867 2490 2938 fecit
2516 2866 2774 2921 vobiscum
2804 2875 2853 2920 et
2878 2883 2995 2920 cum
3026 2867 3255 2937 patribus
3282 2870 3462 2923 vestris

2284 2960 2339 3012 4.
2378 2957 2525 3013 Ordo
2562 2973 2785 3014 summa:
2825 2958 3053 3015 rationis
3079 2968 3182 3025 est,
3211 2969 3272 3015 ut
3302 2960 3411 3030 ‘qui
3455 2960 3601 3016 bona
3653 2976 3803 3031 agere

2213 3066 2324 3106 non
2368 3059 2555 3119 curat,
2597 3051 2739 3105 mala
2785 3050 2841 3105 in
2872 3050 3009 3106 aliis
3038 3065 3375 3120 nequaquam
3424 3052 3801 3122 reprehendat.

2216 3141 2448 3199 Sanctus
2475 3156 2603 3212 ergo
2633 3143 2713 3197 vir
2739 3142 2888 3213 prius
2917 3142 3057 3198 mala
3076 3157 3136 3198 se
3156 3142 3357 3198 vitasse
3376 3152 3536 3199 caute
3556 3144 3800 3212 asseruit,

2217 3231 2416 3287 deinde
2438 3231 2505 3285 ad
2527 3232 3000 3301 reprehensionem
3022 3231 3249 3287 aliorum
3276 3232 3538 3301 prosiliit;
3567 3240 3633 3288 ut
3656 3233 3803 3289 electi

2222 3324 2588 3397 pradicatoris
2616 3339 2797 3379 mores
2826 3324 3094 3389 insinuet,
3127 3324 3221 3394 qui
3270 3325 3678 3395 prmdicationis
3704 3326 3803 3381 fru-

2220 3427 2365 3475 ctum
2397 3419 2535 3473 bene
2560 3416 2702 3472 ferre
2732 3432 2840 3471 non
2871 3418 3146 3489 praevalet,
3180 3418 3279 3473 nisi
3319 3431 3443 3473 cum
3471 3419 3549 3487 id,
3573 3420 3719 3490 quod
3744 3420 3806 3475 de

2220 3510 2521 3566 aeternitate
2559 3508 2794 3563 lucidum
2837 3508 3128 3579 prmdicat,
3167 3508 3450 3579 splendida
3480 3511 3653 3566 etiam
3680 3526 3805 3568 con-

2220 3603 2529 3658 versatione
2572 3601 2927 3655 demonstrat.
2981 3600 3117 3655 Dicit
3160 3614 3290 3671 ergo
3316 3616 3329 3654 :
3360 3599 3522 3655 Nunc
3570 3612 3737 3670 state,
3764 3609 3806 3655 et

2215 3694 2415 3765 judicio
2442 3691 2749 3746 contendunt
2780 3690 3022 3745 adversus
3048 3706 3135 3744 vos
3165 3690 3228 3744 de
3248 3690 3487 3746 omnibus
3518 3693 3807 3746 misericor-

2223 3784 2323 3837 diis
2353 3781 2584 3836 Domini.
2619 3780 2776 3836 Stare
2805 3782 3020 3851 quidem
3051 3781 3406 3849 auditoribus,
3440 3793 3525 3839 est
3554 3783 3808 3839 intentio-

2224 3890 2348 3930 nem
2375 3876 2570 3930 mentis
2595 3876 2662 3930 ad
2690 3875 2914 3930 verbum
2946 3875 3313 3945 prmdicatoris
3341 3877 3572 3946 erigere.
3627 3876 3810 3932 Merito

2222 3988 2352 4041 ergo
2394 3982 2537 4027 stare
2579 3972 2963 4042 prmcipiuutur
2992 3988 3004 4025 :
3037 3972 3159 4042 quia
3206 3971 3400 4027 doctor
3439 3971 3575 4026 nihil
3620 3973 3809 4028 exhor-

2226 4063 2387 4118 tando
2416 4062 2648 4133 proﬁcit,
2677 4064 2723 4118 si
2755 4064 2971 4118 auditor
2999 4070 3237 4119 mentem
3267 4063 3337 4118 ad
3357 4078 3441 4130 ea,
3490 4079 3614 4134 qua:
3651 4064 3809 4135 loqui-

2225 4166 2330 4222 tur,
2362 4172 2469 4212 non
2500 4157 2746 4213 intendit.
2780 4156 3010 4214 Easdem
3050 4158 3446 4215 misericordias
3472 4173 3810 4225 enumerans,

2225 4252 2303 4305 ait
2335 4269 2347 4304 :

2296 4344 2457 4414 272
2485 4341 2661 4413 (Vcrs.
2686 4340 2861 4411 8-H.)
2896 4341 3164 4405 Quomodo
3180 4344 3443 4414 ingressus
3476 4351 3552 4397 est
3582 4343 3746 4397 Jacob
3767 4343 3813 4395 in

2224 4434 2534 4507 ﬂigi/ptum,
2552 4444 2599 4488 et
2615 4435 3033 4488 exclamaverunt
3054 4443 3225 4501 patres
3248 4434 3413 4488 nostri
3432 4435 3502 4487 ad
3519 4432 3815 4499 Dominum,

2225 4537 2275 4581 et
2302 4525 2441 4579 misit
2474 4524 2723 4579 Dominus
2751 4525 2971 4595 Moysen
3020 4533 3069 4578 et
3099 4524 3275 4578 Aaron
3311 4540 3328 4577 :
3367 4533 3415 4578 et
3444 4524 3628 4577 eduxit
3655 4532 3817 4593 patres

528 4608 691 4676 piam.
713 4604 960 4677 Dixitque
988 4605 1056 4657 ad
1085 4620 1210 4659 eos:
1239 4602 1403 4656 Testis
1442 4602 1566 4655 milii
1597 4600 1851 4655 Dominus
1874 4601 2110 4655 adversm

2226 4626 2431 4672 nostros
2477 4633 2540 4670 ea:
2571 4615 2828 4688 Egypto,
2867 4625 2916 4670 et
2944 4616 3214 4671 collocavit
3262 4632 3349 4670 eos
3386 4617 3439 4669 in
3472 4616 3588 4669 loco
3621 4615 3735 4668 hoc.
3760 4610 3820 4664 Et

528 4715 637 4764 vos,
670 4708 718 4753 et
750 4700 893 4753 testis
924 4697 1158 4752 Christus
1189 4698 1301 4766 ejus
1326 4696 1377 4748 in
1405 4695 1485 4748 die
1517 4695 1636 4758 hac,
1668 4695 1788 4765 quia
1831 4712 1935 4749 non
1976 4695 2120 4749 inve-

529 4791 681 4844 nietis
720 4791 772 4845 in
810 4806 970 4845 manu
1007 4806 1123 4843 mea
1161 4787 1443 4859 quippiam.
1494 4783 1563 4838 Et
1610 4785 1900 4841 dixerunt:
1935 4785 2121 4841 Testis.

532 4878 654 4951 Ipse
700 4898 815 4937 vero
864 4882 1033 4935 adhuc
1080 4879 1287 4943 subdit,
1329 4879 1547 4932 dicens:
1584 4876 1856 4942 Dominus,
1888 4879 1973 4949 qui
2004 4880 2125 4949 fecit

530 4972 749 5043 Moysen
780 4983 829 5027 et
874 4974 1051 5026 Aaron
1076 5014 1092 5040 ,
1136 4980 1185 5024 et
1223 4969 1400 5023 eduxit
1449 4978 1622 5040 patres
1654 4978 1861 5024 nostros
1891 4969 1955 5023 de
1984 4977 2123 5023 terra

531 5061 775 5134 Egypti,
809 5064 919 5135 ipse
951 5064 1092 5118 testis
1120 5070 1216 5116 est.

603 5138 663 5208 δέ
699 5153 817 5221 Quo
855 5154 910 5208 in
941 5154 1063 5209 loco
1085 5152 1377 5209 notandum
1410 5152 1655 5223 est,quia
1679 5152 1819 5208 bona
1852 5167 1970 5223 quae
2004 5151 2129 5207 fecit

536 5245 619 5299 vir
657 5254 911 5311 sanctus,
959 5261 1068 5299 non
1113 5244 1288 5299 dixit:
1322 5246 1463 5299 mala
1492 5261 1651 5311 vero,
1683 5260 1802 5316 quae
1834 5260 1940 5298 non
1971 5245 2128 5311 fecit,

536 5337 818 5405 exposuit;
853 5344 909 5389 ut
938 5334 1144 5389 silendo
1182 5334 1249 5389 ad
1270 5344 1471 5389 aeterna
1518 5334 1666 5389 lucra
1696 5334 1839 5389 bona
1869 5343 2127 5399 servaret,

536 5435 591 5482 et
638 5426 907 5495 loquendo
938 5425 1157 5481 odorem
1206 5426 1357 5482 bona:
1403 5425 1671 5496 Opinionis
1700 5439 1807 5479 non
1857 5424 2129 5493 perderet.

537 5518 735 5572 Paulus
781 5533 909 5572 vero
960 5519 1223 5587 loquitur,
1280 5518 1464 5571 dicens
1508 5535 1519 5570 :
1563 5517 1752 5569 (.‘hristi
1794 5515 1953 5568 bonus
2005 5516 2133 5569 odor

539 5625 713 5663 sumus
740 5610 799 5663 in
820 5611 959 5662 omni
987 5610 1098 5663 loco
1122 5607 1217 5680 (11
1246 5608 1367 5662 Cor.
1391 5625 1447 5673 ιι,
1482 5608 1594 5677 15).
1626 5607 1745 5678 Ipse
1774 5608 1936 5662 etiam
1965 5623 2134 5677 quos-

539 5701 663 5759 dam
690 5702 1048 5769 redarguens,
1082 5703 1193 5753 ait:
1229 5698 1435 5753 Nomen
1482 5700 1581 5755 Dei
1627 5716 1717 5767 per
1760 5717 1846 5756 vos
1887 5700 2131 5772 blasphe-

612 5870 619 5885 '
682 5854 876 5919 Vatic.,
908 5852 1177 5924 gradiatur
1201 5862 1318 5908 ante
1342 5872 1446 5911 vos.

2226 4710 2347 4780 quia
2368 4708 2511 4761 obliti
2540 4718 2659 4761 sunt
2689 4706 2901 4761 Domini
2932 4707 3031 4761 Dei
3060 4709 3176 4777 sui,
3208 4707 3425 4761 tradidit
3452 4723 3539 4759 eos
3584 4708 3640 4759 in
3668 4720 3821 4758 ntanu

2228 4800 2427 4855 Sisara:
2459 4800 2695 4870 magistri
2717 4800 2921 4853 militia:
2947 4799 3131 4865 Assur,
3155 4808 3203 4854 et
3243 4800 3296 4852 in
3331 4813 3518 4852 manus
3549 4795 3823 4851 Philistlti~

2226 4908 2430 4953 norum,
2462 4899 2512 4945 et
2552 4892 2687 4962 regis
2716 4891 2875 4946 Moab
2907 4909 2925 4945 :
2968 4901 3017 4945 et
3058 4901 3415 4964 pugnaverunt
3443 4890 3696 4945 adversus
3720 4906 3818 4943 ros.

2230 4983 2421 5040 Postea
2450 4984 2734 5038 clamavere
2774 4984 2844 5036 ad
2884 4982 3193 5049 Dominum,
3225 4993 3273 5037 et
3302 4983 3479 5036 dixere
3518 4998 3537 5036 :
3579 4980 3819 5036 Peccavi-

2230 5094 2363 5143 mus,
2395 5078 2515 5149 quia
2537 5076 2901 5145 dereliquimus
2941 5074 3247 5141 Dominum,
3277 5084 3325 5129 et
3352 5075 3654 5129 seruiuimus
3694 5075 3821 5128 Ban-

2231 5171 2349 5237 lim,
2395 5180 2443 5224 et
2469 5171 2715 5224 Astaroth
2756 5186 2773 5224 :
2816 5186 2951 5224 nunc
2988 5188 3112 5241 ergo
3144 5188 3263 5225 erue
3302 5187 3394 5225 nos
3415 5171 3479 5224 de
3501 5187 3662 5224 manu
3700 5168 3819 5222 Plii-

2232 5261 2596 5327 list/zinorum,
2647 5269 2697 5314 et
2737 5262 3009 5314 serviemus
3055 5260 3164 5315 tibi.
3217 5260 3286 5313 Et
3331 5262 3530 5314 dimisit
3577 5260 3821 5315 Dominus

2235 5350 2495 5418 Jerobanl,
2528 5361 2576 5404 et
2606 5350 2833 5419 Barach,
2858 5359 2907 5405 et
2935 5349 3109 5421 Jepte,
3140 5360 3189 5405 et
3223 5352 3471 5416 Samuel;
3503 5362 3550 5406 et
3586 5353 3716 5405 eruit
3742 5361 3823 5400 ros

2236 5445 2298 5497 de
2327 5460 2482 5497 manu
2512 5445 2836 5497 inimicorum
2874 5450 3154 5499 vestrorum
3196 5460 3285 5513 per
3313 5443 3617 5508 circuitum,
3659 5451 3708 5494 et
3738 5440 3825 5490 Im-

2234 5535 2281 5588 bi
2288 5537 2433 5589 lastis
2463 5535 2800 5604 conﬁdenter.

2305 5626 2357 5680 5.
2416 5625 2525 5682 Has
2583 5628 2799 5697 quidem
2854 5626 3255 5684 misericordias
3308 5623 3476 5681 factas
3530 5624 3821 5682 secundum

2234 5718 2513 5778 historiam
2544 5718 2749 5777 idcirco
2778 5728 3206 5787 commemorat,
3250 5727 3309 5775 ut
3352 5720 3406 5774 in
3435 5732 3528 5788 eo,
3559 5717 3705 5788 quod
3743 5736 3822 5777 re-
