4020 6344
236 390 336 454 529

1055 385 1123 443 lN
1158 381 1423 444 rntuuu
1462 382 1707 442 necum
1749 377 2271 444 exrosmones.
2313 364 2382 430 ;-
2422 386 2552 444 LIB.
2596 388 2662 443 v.

2917 322 3020 329 ...ες

3413 396 3519 455 350

232 526 349 585 gem
370 508 546 585 petiit,
568 522 720 566 reum
742 520 803 565 se
829 519 1013 563 coram
1035 502 1266 561 Domino
1288 503 1520 577 populus
1541 509 1821 572 agnoscat.
1851 502 1904 561 Α
1930 503 2155 574 elegistis
2180 546 2193 569 ,
2244 515 2293 560 et
2340 507 2557 578 petistis.
2604 503 2739 561 Ecce
2788 506 2927 564 dedit
2975 506 3117 563 Deus
3167 514 3329 567 vester
3380 511 3522 569 vobis

230 606 364 666 Nam
395 604 485 679 qui
516 602 583 659 ad
612 601 792 658 omnia
837 597 1075 671 pericula
1121 596 1487 653 submovenda
1533 595 1821 651 Dominum

227 707 551 773 prtesentetn
578 693 792 760 ha-buit,
825 690 1099 747 hominem
1139 703 1301 761 super
1328 704 1389 745 se
1416 702 1597 758 regem
1626 703 1819 745 neces-

228 792 431 849 sarium
451 804 559 845 non
585 784 790 843 habuit.
819 782 996 853 ipsam
1026 789 1205 837 autem
1233 780 1576 852 praesentiam
1604 779 1820 835 Domini

229 903 326 962 per
367 885 643 957 impensas
671 875 1068 935 misericordias
1097 874 1359 940 ostendit,
1388 874 1517 930 dum
1559 874 1627 930 de
1655 889 1820 930 manu

230 976 607 1050 Egyptiorum
634 986 731 1045 per
759 968 983 1043 Moysen
1008 974 1065 1024 et
1091 966 1275 1024 Aaron
1293 1007 1309 1033 ,
1338 974 1395 1023 et
1422 965 1493 1024 de
1542 982 1707 1022 manu
1733 965 1817 1023 Si-

228 1086 365 1130 sara:
392 1077 449 1127 et
488 1065 922 1128 Philistinorum,
973 1069 1030 1119 et
1068 1060 1139 1119 de
1165 1076 1326 1117 manu
1364 1062 1507 1132 regis
1535 1060 1693 1118 Moab
1722 1076 1821 1133 per

225 1161 496 1229 Jerobaal,
516 1159 723 1216 Baracb
739 1200 756 1227 ,
784 1166 841 1213 et
863 1154 1043 1228 Jepte,
1059 1162 1114 1210 et
1128 1169 1159 1211 a
1178 1153 1429 1211 Samuele
1448 1170 1543 1212 eos
1560 1155 1820 1213 liberatos

226 1254 475 1311 asseruit.
505 1251 623 1321 Quo
660 1252 714 1307 in
742 1251 863 1309 loco
889 1251 1052 1308 valde
1073 1248 1423 1322 querendum
1452 1258 1556 1317 est,
1589 1266 1683 1307 cur
1722 1265 1819 1321 pe-

227 1349 369 1419 titio,
397 1363 505 1419 qua
534 1362 631 1404 rex
656 1346 877 1417 petitur,
910 1355 1018 1401 tam
1040 1344 1283 1402 districte
1303 1354 1360 1402 et
1380 1346 1813 1417 reprehenditur,

225 1447 281 1498 et
308 1441 426 1512 ipsa
468 1438 663 1496 divinas
702 1437 1085 1496 misericordias
1112 1437 1311 1495 auxilia
1349 1438 1553 1511 populo
1583 1439 1680 1496 Dei
1720 1448 1819 1510 per

224 1534 477 1605 perlatos
504 1530 751 1587 homines
775 1533 1017 1601 impensa
1044 1546 1166 1587 esse
1186 1530 1502 1588 doceantur.
1535 1532 1650 1600 Qua
1678 1532 1733 1587 in
1757 1547 1819 1589 re

138 1629 146 1637 ‘
221 1623 350 1696 quid
375 1623 810 1694 respondendum
838 1631 956 1690 est,
985 1623 1088 1680 nisi
1129 1625 1254 1695 quia
1283 1624 1438 1681 valde
1477 1624 1696 1682 diversa
1736 1634 1821 1683 est

219 1715 467 1790 prmlatio
501 1729 689 1788 regum
719 1731 749 1771 a
786 1715 1103 1788 praelatione
1142 1714 1421 1786 iudicum?
1465 1715 1557 1775 Isti
1600 1716 1816 1788 quidem

218 1817 281 1866 ut
305 1824 465 1881 pares
494 1815 749 1880 praesunt,
778 1807 855 1865 illi
882 1823 1013 1865 vero
1039 1808 1094 1865 in
1121 1816 1393 1880 potestate
1432 1810 1815 1880 prteeminendi

1928 614 2123 669 regem.
2148 599 2207 655 Si
2231 600 2499 656 timueritis
2531 599 2697 656 Deum
2721 640 2736 665 ,
2769 610 2818 655 et
2839 602 3117 659 servieritis
3143 600 3189 656 ei
3206 644 3221 669 ,
3254 610 3303 657 et
3332 603 3519 658 audie-

1927 691 2044 745 ritis
2089 708 2261 748 vocem
2290 693 2401 764 ejus
2422 734 2437 760 ,
2469 701 2644 749 etnon
2690 694 3123 765 exasperaveritis
3158 710 3215 748 os
3262 692 3518 760 Domini,

1925 784 2069 838 eritis
2089 794 2139 839 et
2168 802 2254 841 vos
2281 828 2295 854 ,
2317 797 2363 840 et
2388 803 2481 841 rex
2509 794 2675 842 vester
2696 788 2781 858 qui
2807 789 3029 860 imperat
3048 786 3186 843 vobis
3213 830 3228 856 ,
3253 802 3520 862 sequentes

1927 872 2210 930 Dominum
2252 875 2419 930 Deum
2447 863 2690 933 vestrum.
2740 878 2802 934 Si
2845 887 3013 934 autem
3041 896 3146 935 non
3177 880 3519 935 exaudieritis

1923 982 2098 1022 vocem
2120 967 2366 1037 Domini,
2397 969 2487 1023 sed
2506 972 2936 1041 exasperaveritis
2964 989 3224 1028 sermones
3246 973 3357 1045 ejus
3380 1013 3396 1040 ,
3422 972 3520 1028 erit

1924 1076 2110 1115 manus
2138 1058 2350 1115 Domini
2374 1078 2527 1132 super
2554 1079 2639 1119 vos
2657 1104 2673 1130 ,
2705 1072 2753 1117 et
2782 1080 2933 1137 super
2960 1075 3136 1137 patres
3164 1075 3376 1120 vestros.

1999 1153 2051 1209 7.
2093 1151 2220 1209 Haec
2246 1152 2489 1224 proiecto
2533 1170 2642 1210 non
2670 1157 2896 1228 mystica
2920 1198 2935 1225 ,
2968 1158 3062 1214 sed
3089 1158 3349 1213 historica
3385 1166 3516 1215 sunt

1926 1244 1981 1299 in
2031 1245 2300 1301 omnibus.
2354 1245 2490 1301 Nam
2530 1247 2626 1302 ubi
2646 1247 2852 1319 prmlati
2892 1256 2948 1304 et
2974 1248 3174 1305 subditi
3226 1250 3518 1322 reprobam

1924 1336 2089 1392 vitam
2111 1337 2313 1395 ducunt
2337 1382 2353 1407 ,
2394 1340 2589 1395 divinte
2634 1340 2854 1397 ultionis
2893 1357 3107 1414 ptenam
3158 1344 3359 1414 pariter
3385 1344 3517 1401 sub-

1923 1438 2076 1485 eunt.
2108 1428 2213 1485 Sed
2238 1430 2361 1502 quia
2380 1433 2672 1503 separatim
2693 1433 2962 1488 ducuntur
2998 1431 3182 1507 [Forte
3211 1435 3514 1508 legendum,

1923 1519 2219 1595 dicuntur]
2253 1522 2427 1591 bona,
2474 1525 2766 1595 separatim
2809 1525 2991 1593 mala;
3023 1526 3113 1582 illa
3137 1569 3152 1595 ,
3183 1543 3282 1603 pro
3320 1530 3518 1600 quibus

1922 1632 2115 1673 manus
2145 1618 2355 1675 Domini
2385 1635 2548 1692 super
2578 1636 2674 1678 eos
2703 1620 2882 1678 futura
2908 1623 3240 1695 prmdicitur,
3271 1626 3521 1684 subtilius

1921 1710 2312 1767 consideranda
2341 1720 2485 1769 sunt.
2515 1713 2653 1781 Quid
2670 1729 2819 1785 ergo,
2844 1717 2990 1788 quod
3019 1718 3093 1773 ait
3120 1736 3132 1771 :
3157 1718 3219 1775 Si
3241 1720 3519 1776 timueritis

1922 1801 2204 1860 Dominum
2227 1845 2242 1871 ,
2270 1814 2319 1860 et
2345 1807 2624 1861 servieritis
2652 1808 2739 1862 ei:
2767 1808 2869 1863 nisi
2892 1810 3017 1879 quia
3046 1810 3290 1881 plerique
3320 1810 3518 1868 divina:

217 1902 587 1974 arrogantiam
614 1900 875 1957 exhibent
905 1900 1309 1957 dominationis.
1352 1900 1448 1959 Isti
1496 1901 1816 1962 innocentiae
1844 1901 1896 1965 Β
1921 1895 2275 1953 districtionis
2314 1896 2515 1968 judicia
2553 1907 2839 1966 metuunt,
2863 1910 2920 1958 et
2948 1910 3128 1960 tamen
3158 1920 3322 1976 prava
3351 1920 3517 1976 agere

214 2010 332 2053 suae
392 1994 763 2052 testimonium
809 2008 997 2051 coram
1044 1994 1274 2052 Domino
1321 2002 1379 2051 et
1424 1998 1569 2053 omni
1615 1999 1817 2070 populo

214 2086 605 2144 commendant
644 2103 659 2141 :
707 2085 836 2158 quia
886 2101 990 2143 nec
1040 2085 1275 2158 aliquem
1323 2088 1673 2158 opprimunt,
1717 2105 1818 2149 nec

212 2180 461 2238 alienum
484 2179 689 2253 aliquid
716 2180 774 2236 in
811 2179 925 2237 suis
948 2179 1139 2238 usibus
1165 2179 1363 2236 tollunt
1393 2199 1406 2235 :
1441 2181 1518 2237 illi
1546 2197 1679 2239 vero
1706 2198 1817 2240 non

210 2274 397 2331 solum
418 2274 637 2346 propria
660 2272 888 2332 subditis
908 2271 1180 2341 auferunt,
1204 2272 1301 2329 sed
1323 2272 1486 2329 etiam
1517 2273 1662 2346 ipsas
1689 2275 1817 2332 sub-

210 2364 457 2423 ditorum
484 2382 746 2439 personas
765 2366 1240 2429 onereservitutis
1267 2376 1541 2440 premunt.
1570 2367 1817 2430 Subdens

211 2471 352 2531 ergo
380 2460 460 2515 ait
490 2476 506 2515 :

286 2571 470 2643 (νοτε.
495 2571 613 2647 12.)
658 2571 907 2630 Videntes
928 2582 1121 2642 autem,
1149 2574 1288 2648 quod
1314 2572 1467 2630 Naas
1492 2574 1814 2647 ascenderet,

207 2674 263 2723 et
300 2674 562 2740 pugnaret
598 2667 842 2724 adversus
868 2685 956 2725 vos
976 2684 996 2723 :
1026 2666 1370 2742 Nequaquam
1385 2709 1401 2737 ,
1445 2669 1653 2725 dixistis
1675 2685 1695 2726 :
1722 2669 1817 2726 sed

206 2775 313 2817 rea:
344 2762 443 2816 erit
461 2776 614 2833 super
639 2777 908 2829 nos;-cum
934 2760 1193 2819 Dominus
1218 2773 1460 2835 regnaret
1480 2766 1538 2820 in
1558 2762 1721 2820 vobis.

286 2849 349 2908 6.
393 2850 567 2919 Quasi‘
588 2852 770 2910 dicat:
799 2853 897 2910 Ad.
918 2853 1025 2910 hoc
1048 2854 1205 2910 vobis
1242 2854 1517 2911 hominem
1545 2856 1812 2927 elegistis,

204 2944 285 3001 ad
317 2943 467 3015 quod
491 2945 661 3002 Deum
689 2946 892 3003 habere
940 2946 1220 3004 solebatis.
1251 2947 1425 3014 Quem
1451 2948 1702 3005 nimirum
1731 2950 1817 3006 lo-

202 3049 346 3093 cum
391 3034 438 3090 si
475 3036 1140 3108 spiritualitervdiscutere
1177 3039 1448 3105 volumus,
1478 3039 1586 3096 hoc
1629 3054 1697 3096 ex
1745 3054 1813 3098 eo

202 3127 529 3201 colligitur:
562 3129 689 3201 quia
712 3130 805 3201 qui
832 3129 1107 3188 carnalem
1134 3130 1237 3187 sibi
1276 3145 1504 3202 praeesse
1529 3140 1811 3203 expetunt,

199 3222 459 3302 divinam
481 3225 708 3294 gratiam
740 3239 771 3281 a
803 3240 864 3281 se
889 3225 1176 3299 repellunt.
1205 3225 1340 3283 Nam
1368 3226 1497 3284 dum
1525 3226 1811 3284 humilium

199 3311 505 3370 doctorum
524 3315 775 3388 exemplo
802 3316 1010 3383 vivunt,
1036 3317 1186 3374 velut
1211 3318 1280 3374 ab
1307 3316 1544 3392 Egypto
1566 3318 1807 3376 liberau-

200 3412 301 3463 tur
326 3421 347 3461 :
375 3404 501 3477 quia
526 3406 813 3478 caliginem
855 3407 1117 3466 mundani
1158 3409 1361 3468 amoris
1399 3417 1517 3467 toto
1543 3409 1812 3469 desiderio

199 3498 451 3569 fumant.
502 3500 643 3569 Quia
690 3501 855 3558 etiam
896 3503 1139 3560 omnium
1171 3503 1425 3562 vitiorum
1472 3506 1815 3579 tyrannidem

197 3604 405 3647 eorum
434 3590 678 3647 doctrina
709 3591 961 3660 evadunt,
982 3592 1133 3675 velut
1152 3594 1227 3680 de
1251 3608 1417 3650 manu
1440 3590 1659 3664 Sisarze;
1688 3593 1816 3650 Phi-

195 3680 528 3741 listinorum
546 3724 563 3754 ,
617 3691 674 3741 et
696 3683 839 3755 regis
865 3683 1052 3753 Moab,
1079 3686 1259 3745 missis
1285 3687 1540 3757 ducibus,
1572 3688 1815 3746 liberan-

196 3784 328 3833 tur.
379 3774 438 3832 ln
468 3774 666 3848 quibus
699 3774 844 3833 Deus
888 3775 999 3847 iam
1027 3778 1177 3837 solus
1211 3780 1555 3851 omnipotens
1581 3793 1813 3853 regnat:

195 3868 346 3940 quia
374 3867 500 3922 dum
525 3866 758 3925 humiles
786 3876 1032 3940 pastores
1058 3869 1189 3928 foris
1217 3869 1516 3939 imitantur,
1540 3875 1817 3945 regnantis

194 3959 368 4015 inter
413 3974 473 4015 se
507 3958 804 4017 divinitatis
829 3968 1067 4019 amorem
1093 3973 1371 4035 gratanter
1396 3967 1694 4039 excipiunt.
1724 3967 1817 4024 Di-

194 4057 314 4107 cat
361 4062 487 4119 ergo
528 4051 834 4124 prOpheta:
867 4051 1093 4109 Dixislis
1120 4055 1285 4112 mihi:
1316 4055 1659 4130 Nequaquam
1680 4099 1698 4127 ,
1724 4057 1818 4113 sed

192 4158 314 4199 rex
355 4140 453 4195 crit
478 4158 632 4201 super
655 4159 783 4212 nos;
812 4160 927 4200 cum
969 4144 1225 4202 Dominus
1266 4156 1508 4220 regnaret
1536 4150 1592 4203 in
1635 4147 1773 4203 vobis
1796 4165 1816 4204 :

191 4240 270 4288 ut
307 4232 562 4289 ostendat
623 4235 748 4305 quia
776 4236 869 4306 qui
912 4236 1218 4294 carnalibus
1255 4252 1317 4294 se
1358 4238 1617 4295 imitando
1646 4237 1817 4307 subji-

190 4325 400 4391 ciunt,
425 4312 619 4387 divina:
660 4323 1188 4396 gratiae'dignitatem
1230 4332 1481 4399 perdunt.
1514 4330 1819 4386 Notandum

190 4417 424 4483 etiam,
455 4415 583 4486 quia
624 4417 888 4488 propheta
916 4415 1134 4474 Samuel
1182 4433 1279 4491 per
1304 4419 1559 4476 virtutem
1605 4421 1819 4477 humili-

189 4506 356 4562 tatis
380 4506 579 4576 ubique
604 4521 663 4563 se
683 4507 868 4564 electis
896 4509 1134 4566 ostendit
1159 4510 1214 4565 in
1243 4526 1432 4566 norma
1464 4513 1817 4569 rectitudinis.

185 4597 359 4655 Nam
387 4612 510 4653 cum
536 4596 845 4655 Israeliticae
875 4599 1049 4672 plebis
1093 4600 1467 4658 liberationem
1510 4611 1812 4671 assereret,

1920 2005 2031 2046 non
2060 1990 2328 2046 desistunt
2355 1988 2623 2047 ?Paventi
2652 1992 2872 2063 quidem
2901 1994 3067 2050 corde
3112 1995 3290 2051 futura
3312 1995 3520 2065 judicia

1922 2084 2196 2155 cogitant,
2226 2082 2321 2140 sed
2351 2086 2603 2157 praesenti
2625 2086 2902 2157 voluptate
2927 2087 3125 2144 devicti
3153 2129 3167 2156 ,
3196 2089 3335 2143 mala
3363 2104 3517 2145 com-

1921 2176 2140 2232 mittere
2168 2191 2508 2248 nequaquam
2548 2177 2742 2234 vitant.
2776 2177 2921 2235 Bene
2947 2194 3079 2250 ergo
3106 2188 3229 2250 post
3265 2178 3519 2236 timorem

1918 2267 2134 2324 Domini
2178 2269 2298 2339 ejus
2348 2270 2569 2326 servitia
2622 2273 3184 2345 memorantur:quia
3227 2272 3318 2329 ille
3365 2271 3519 2329 solus

1918 2360 2085 2417 timor
2114 2361 2409 2434 probabilis
2438 2371 2563 2434 est,
2592 2364 2685 2434 qui
2706 2365 2836 2420 dum
2865 2374 3103 2422 mentem
3134 2367 3413 2431 concutit,
3446 2366 3518 2425 ad

1916 2454 2048 2512 boni
2077 2456 2259 2527 operis
2301 2456 2540 2512 studium
2569 2457 2755 2513 trahit.
2784 2457 2917 2514 ltem
2949 2459 3073 2530 quia
3105 2460 3348 2516 nonnulli
3388 2467 3517 2516 sunt
3594 2518 3601 2521 _

1918 2546 2013 2617 qui
2046 2561 2144 2618 per
2186 2547 2437 2605 timorem
2488 2548 2700 2605 Domini
2734 2551 2979 2620 quaedam
3021 2551 3162 2608 mala
3209 2560 3513 2624 respuunt,

1862 2662 1870 2667 ’
1920 2640 2101 2712 aliqua
2141 2640 2284 2697 bona
2326 2650 2527 2712 agunt;
2578 2650 2634 2698 et
2675 2651 2854 2699 tamen
2894 2658 2997 2700 nec
3039 2646 3182 2701 mala
3219 2646 3375 2716 plene
3417 2646 3518 2702 de-

1918 2738 2127 2797 serunt,
2152 2746 2254 2787 nec
2277 2732 2421 2789 bona
2442 2732 2775 2791 sufﬁcienter
2803 2744 3119 2805 operantur,
3161 2735 3469 2806 adiungitur
3494 2753 3510 2791 :

1918 2820 1990 2878 Et
2030 2824 2299 2879 audieritis
2338 2841 2511 2879 vocem
2558 2825 2689 2896 ejus.
2724 2826 2826 2893 Qui
2854 2842 3047 2882 vocem
3079 2827 3290 2882 Domini
3320 2828 3509 2895 audit,

1917 2922 1975 2971 et
2001 2917 2143 2971 bona
2168 2915 2329 2987 plene
2374 2917 2527 2986 agit,
2557 2926 2614 2972 et
2636 2917 2775 2973 mala
2796 2919 3010 2990 penitus
3038 2919 3259 2975 deserit.
3308 2919 3512 2976 Eadem

1914 3019 2049 3062 vero
2093 3005 2239 3061 bona
2268 3020 2433 3078 opera
2464 3007 2520 3061 in
2548 3006 2910 3064 delectatione
2938 3010 3219 3065 suavitatis
3265 3010 3514 3067 habenda

1916 3107 2091 3167 sunt,
2120 3114 2230 3157 non
2280 3100 2337 3156 in
2385 3100 2745 3157 aestimatione
2785 3103 3113 3173 asperitatis.
3145 3100 3279 3157 Nam
3320 3103 3517 3174 quibus

1916 3204 2132 3263 semper
2160 3191 2296 3247 dura
2322 3200 2377 3247 et
2397 3207 2591 3263 aspera
2620 3192 2872 3248 videntur
2898 3208 3019 3264 quae
3045 3210 3075 3249 a
3107 3194 3336 3250 Domino
3368 3209 3512 3264 prze-

1834 3290 1886 3360 c
1915 3281 2208 3353 cipiuntur,
2233 3282 2495 3352 paulatim
2532 3284 2791 3340 decidunt
2816 3293 2873 3341 et
2900 3284 3176 3343 deﬁciunt.
3203 3285 3341 3341 Hinc
3368 3286 3513 3341 enim

1917 3389 2017 3448 per
2062 3374 2409 3445 semetipsam
2455 3375 2670 3433 Veritas
2714 3376 2887 3432 dicit:
2918 3376 3112 3449 Jugum
3167 3379 3305 3433 enim
3340 3395 3512 3433 meum

1916 3482 2073 3523 suave
2100 3474 2177 3521 est
2204 3506 2222 3534 ,
2252 3473 2302 3521 et
2343 3482 2473 3522 onus
2500 3483 2669 3523 meum
2699 3469 2804 3525 leve
2826 3469 2845 3541 (
2869 3468 3061 3524 Matth.
3104 3485 3159 3525 χι
3183 3468 3344 3542 ,’5Ο).
3374 3468 3515 3526 Hinc

1916 3559 2154 3618 Joannes
2210 3559 2325 3616 ait:
2348 3559 2607 3616 Mandata
2631 3562 2744 3633 ejus
2764 3564 2945 3636 gravia
2978 3580 3084 3620 non
3113 3574 3233 3620 sunt
3260 3563 3325 3637 (1
3352 3562 3520 3622 Joan.

1916 3667 1973 3720 v,
2001 3650 2091 3723 5).
2120 3649 2320 3709 Gravia
2374 3651 2576 3724 quippe
2622 3668 2732 3708 non
2782 3662 2911 3710 sunt
2951 3654 3179 3711 electis:
3229 3654 3358 3727 quia
3385 3656 3518 3712 dum

1919 3754 2135 3803 aeterna:
2182 3746 2306 3803 vine
2356 3745 2583 3816 gloriam
2638 3761 2836 3818 magno
2886 3747 3155 3807 desiderio
3203 3757 3519 3822 appetunt,

1918 3848 2191 3913 praecepta
2229 3839 2549 3913 Evangelica
2578 3849 2857 3913 gratanter
2896 3841 3097 3899 ierunt.
3130 3840 3319 3901 Potest
3348 3851 3404 3901 et
3448 3858 3515 3900 os

1918 3932 2133 3989 Domini
2161 3933 2468 4003 prtedicatio
2496 3933 2749 4005 perfectte
2771 3935 3051 3991 charitatis
3080 3935 3323 4005 intelligi.
3349 3935 3519 4003 Quasi

1919 4026 2063 4083 enim
2086 4026 2201 4081 oris
2236 4026 2318 4082 sui
2348 4026 2714 4082 blandimenta
2766 4026 2983 4082 volebat
3021 4027 3313 4083 ostendere
3335 4067 3351 4094 ,
3386 4042 3515 4083 cum

1921 4118 2140 4174 dicebat
2164 4136 2178 4172 :
2208 4118 2326 4174 Hoc
2346 4126 2423 4174 est
2458 4127 2770 4191 prteceptum
2791 4135 2960 4174 meum
2982 4160 2997 4185 ,
3025 4126 3082 4172 ut
3110 4120 3341 4191 diligatis
3379 4120 3519 4175 invi-

1920 4225 2033 4265 cem
2077 4210 2209 4264 sicut
2257 4209 2417 4265 dileci
2461 4226 2548 4265 vos
2597 4208 2793 4281 (Joan.
2842 4225 2931 4278 xv,
2966 4208 3033 4262 12
3063 4212 3105 4280 ).
3160 4209 3277 4266 Hoc
3313 4210 3517 4282 quippe

1922 4309 2254 4370 praeceptum
2301 4299 2544 4366 Domini,
2574 4300 2679 4355 hoc
2727 4299 2914 4370 jugum
2972 4309 3056 4356 est
3093 4301 3287 4359 divinae
3333 4303 3518 4360 suavi-

1922 4394 2072 4449 tatis.
2114 4393 2253 4460 Quid
2279 4393 2422 4449 enim
2452 4393 2624 4449 levius
2646 4435 2662 4461 ,
2694 4403 2788 4450 aut
2826 4409 3059 4465 unquam
3086 4397 3323 4467 gratius,
3354 4412 3518 4468 quam

1924 4500 2078 4540 amor
2118 4485 2336 4540 fertur?
2389 4484 2527 4551 Quid
2555 4492 2817 4555 prmterea
2853 4500 3018 4556 grave
3064 4505 3173 4545 non
3214 4489 3404 4545 leviter
3432 4498 3518 4546 to—

1924 4576 2100 4644 lerat,
2145 4577 2237 4647 qui
2292 4577 2487 4632 amat‘?
2535 4576 2804 4647 Quidquid
2858 4579 3001 4634 enim
3063 4580 3342 4649 diligitur,
3388 4596 3515 4637 cum

183 4704 335 4747 non
360 4688 435 4743 ai,
464 4706 479 4745 τ
510 4689 655 4745 nisi,
696 4667 956 4747 Domitius
992 4689 1150 4763 lapte
1177 4701 1233 4749 et
1260 4709 1376 4757 me;
1407 4693 1502 4751 sed
1534 4712 1548 4749 ε
1589 4696 1740 4768 ’,φη
1766 4667 1814 4751 e,
1841 4672 1897 4735 Β
1922 4667 2445 4768 magnaxdevotione
2484 4677 2753 4768 porta-tur.
2787 4670 2923 4768 Quia
2941 4672 3368 4768 ergavinculum
3393 4687 3517 4768 per-

187 4782 476 4849 Samuel,
504 4790 555 4837 et
580 4784 715 4838 eruit
742 4800 831 4839 vos
860 4784 925 4850 de
959 4802 1118 4841 manu
1146 4787 1472 4844 inimicorum
1509 4799 1814 4846 vestrorum.

183 4874 286 4932 Se
323 4871 543 4943 quidem
590 4875 744 4945 quasi
771 4876 936 4933 alium
966 4879 1292 4946 nominavit,
1322 4888 1382 4935 ut
1406 4881 1578 4937 virtus
1621 4882 1819 4938 libera-

182 4965 395 5025 tionis
437 4980 547 5021 non
585 4964 950 5021 ascriberetur
998 4980 1249 5036 personae
1285 4972 1435 5023 missi
1464 4990 1477 5021 :
1510 4977 1603 5028 sed
1631 4976 1818 5040 gratia:

178 5058 493 5120 mittentis
512 5056 631 5115 Dei.
652 5058 824 5128 Misit,
846 5057 1038 5129 inquit,
1062 5057 1318 5115 Dominus
1350 5060 1585 5131 Samuel,
1611 5072 1661 5117 et
1688 5066 1821 5119 eruit

180 5170 337 5211 vos.
378 5151 546 5218 Quasi
583 5151 771 5207 dicat:
800 5152 969 5221 Quem
1000 5152 1203 5219 voluit,
1244 5154 1416 5221 misit;
1449 5163 1505 5212 et
1534 5172 1630 5227 per
1656 5173 1817 5229 quem

180 5242 393 5320 373
420 5241 623 5310 voluit,
653 5241 800 5301 fecit.
848 5243 917 5300 Et
955 5244 1184 5302 fortasse
1224 5247 1292 5303 de
1331 5262 1391 5304 se
1414 5249 1568 5318 quasi
1610 5249 1677 5305 de
1713 5250 1819 5306 alio

178 5333 470 5403 loquitur
496 5351 511 5388 :
542 5334 667 5404 quia
692 5350 803 5391 non
832 5336 946 5409 ipse
971 5348 1084 5404 est,
1124 5339 1215 5411 qui
1245 5355 1343 5410 per
1366 5342 1601 5411 seipsum
1647 5344 1820 5415 loqui-

176 5434 301 5485 sur
345 5442 359 5478 :
390 5422 486 5479 sed
514 5424 744 5495 Spiritus
772 5436 1010 5484 sanctus.
1060 5427 1127 5484 Et
1154 5430 1279 5500 quia
1307 5433 1662 5502 permissione
1690 5434 1818 5505 Dei,

165 5523 343 5595 jam
371 5531 499 5587 rege
525 5519 845 5588 constituto,
874 5522 957 5577 vir
984 5521 1197 5579 Domini
1220 5523 1319 5580 ista
1350 5525 1706 5597 loquebatur;
1752 5527 1820 5583 ad

181 5613 351 5672 hoc
397 5607 639 5678 profecto
685 5610 1028 5684 loquebatur,
1057 5622 1119 5670 ut
1154 5629 1335 5686 regem
1378 5625 1434 5673 et
1474 5620 1731 5690 populum
1757 5618 1826 5675 ad

171 5700 325 5762 Dei
355 5698 554 5756 cultum
575 5700 853 5774 dirigeret,
883 5719 991 5760 non
1011 5712 1071 5759 ut
1095 5706 1264 5777 ipsam
1288 5706 1602 5779 dignitatem
1624 5712 1823 5783 regiam

166 5801 544 5858 evacuaret.
572 5792 728 5853 Unde
755 5804 811 5852 et
833 5797 1182 5869 subjungens,
1208 5800 1324 5856 ait:

284 5883 486 5961 (Vere.
531 5886 752 5960 13-15.)
790 5888 951 5946 Nunc
978 5901 1169 5964 prasto
1206 5903 1284 5951 est
1322 5911 1413 5952 rex
1459 5906 1645 5968 vester,
1675 5916 1826 5971 quem

521 6005 796 6068 Pauor"
824 6003 1120 6073 LXXIX.

1920 4752 2169 4819 lectionis
2197 4768 2280 4817 est
2300 4760 2533 4816 charitas
2560 4760 2658 4816 Dei
2683 4769 2739 4817 et
2764 4762 3034 4831 proximi,
3067 4763 3206 4820 bene
3234 4765 3288 4818 in
3319 4763 3510 4819 ultimo

1922 4857 2044 4914 loco
2084 4855 2351 4927 propheta
2392 4854 2704 4921 denuntiat,
2732 4854 2946 4911 dicens:
2986 4856 3048 4911 Si
3076 4874 3179 4911 non
3234 4872 3517 4924 exaspera-

1922 4948 2097 5005 verilis
2128 4964 2185 5003 os
2232 4946 2484 5016 Domini,
2516 4948 2660 5002 eritis
2704 4954 2755 5002 et
2782 4964 2867 5001 vos
2893 4986 2909 5012 ,
2938 4956 2987 5000 et
3016 4964 3108 5000 rea:
3157 4949 3241 5018 qui
3291 4947 3515 5017 imperat
3598 5024 3603 5029 ἢ

1922 5041 2377 5112 vobis,sequentes
2428 5040 2709 5095 Dominum
2747 5039 2914 5094 Deum
2952 5048 3189 5093 vestrum.
3218 5038 3381 5105 Quasi
3427 5040 3513 5094 di-

1926 5138 2042 5188 cat:
2068 5130 2219 5186 Tunc
2263 5132 2404 5187 bene
2446 5131 2681 5187 divinam
2708 5132 3039 5187 voluntatem
3068 5132 3341 5202 perlicitis,
3374 5133 3416 5185 si
3460 5139 3516 5186 et

1926 5233 2296 5295 contemptum
2342 5224 2625 5295 pravitatis
2648 5266 2664 5290 ,
2696 5234 2751 5281 et
2789 5226 2918 5280 boni
2946 5225 3125 5296 operis
3165 5225 3402 5280 studium
3454 5226 3508 5281 in

1926 5321 2107 5377 divina
2134 5322 2395 5377 charitate
2422 5321 2685 5378 solidatis.
2720 5322 2872 5378 Tunc
2900 5323 2965 5375 ad
3000 5336 3261 5378 summam
3300 5329 3514 5375 :eternaz

1926 5412 2051 5468 vita:
2077 5412 2460 5469 beatitudinem
2490 5413 2629 5469 bene
2655 5421 2779 5483 post
2826 5412 3241 5483 Redemptorem
3264 5414 3479 5468 curritis
3495 5455 3512 5481 ,

1926 5505 1972 5560 si
1998 5520 2062 5562 ea
2090 5520 2209 5575 quas
2250 5505 2554 5562 carnalibus
2603 5520 2795 5575 aspera
2841 5513 2968 5561 sunt
3013 5513 3279 5576 praecepta
3330 5507 3513 5561 chari—

1927 5599 2095 5667 tatis,
2152 5613 2319 5669 usque
2356 5597 2423 5653 ad
2468 5597 2590 5653 vitae
2643 5595 2805 5653 tinem
2859 5611 2981 5653 cum
3034 5595 3366 5666 iucunditate
3413 5598 3510 5654 des

1928 5689 2142 5748 ducitis.

1999 5804 2051 5861 8.
2092 5805 2199 5862 Sed
2223 5805 2351 5878 quia
2373 5805 2598 5863 inﬁrmis
2621 5814 2677 5863 et
2698 5808 3003 5866 carnalibus
3028 5810 3365 5881 loquebatur,
3385 5807 3483 5861 sub
3504 5832 3511 5851 ς

1929 5909 2218 5975 sequenter
2255 5901 2579 5962 denuntians
2647 5903 2721 5960 ait
2748 5922 2761 5959 :
2788 5904 2850 5961 Si
2894 5922 3000 5961 non
3047 5904 3315 5959 audieritis
3340 5916 3505 5954 vocem

3032 6018 3101 6081 11
