4020 6344
532 489 625 545 551

1725 472 1965 531 SANCTI
2006 472 2329 533 GREGORII
2371 469 2585 530 MAGNI

3682 468 3788 525 332

519 578 730 637 Domini
754 619 767 644 ,
798 576 895 631 sed
915 570 1341 645 exasperaveritis
1370 584 1655 625 sermonem
1683 566 1792 637 ejus
1817 609 1832 634 ,
1865 567 1961 621 erit
1988 584 2102 621 ma-
2128 575 2179 631 Α
2206 566 2333 622 fecit
2355 607 2371 633 ,
2398 565 2493 621 sed
2514 565 2678 621 etiam
2702 558 2845 618 bona
2876 559 3086 617 fortiter
3110 567 3250 631 agat,
3288 576 3407 632 qua:
3432 561 3661 633 appetit.
3683 561 3791 619 Sed

520 689 617 727 nus
649 668 856 725 Domini
882 684 1033 735 super
1051 680 1137 719 vos
1162 706 1178 732 ,
1208 672 1254 717 et
1283 678 1437 732 super
1456 670 1627 728 patres
1670 667 1882 713 vestros.
1943 656 2104 730 274

518 766 707 821 Manus
745 761 953 817 Domini
1002 758 1196 815 divina:
1247 764 1329 812 est
1374 753 1634 810 severitas
1685 750 1925 807 ultionis.
1974 752 2103 818 Quae

520 856 766 930 profecto
817 866 1009 908 manus
1056 864 1219 921 super
1274 848 1409 903 ﬁlios
1448 856 1502 902 et
1548 854 1729 917 patres
1770 843 2100 909 extenditur,

522 964 641 1005 cum
663 946 826 1001 divini
854 949 1197 1013 contemptus
1224 940 1415 995 merito
1441 980 1455 1004 ,
1488 946 1543 992 et
1568 936 1785 1007 reprobi
1814 936 2019 1007 praelati
2049 943 2107 991 et

520 1041 717 1097 subditi
771 1039 1086 1109 puniuntur.
1114 1033 1312 1088 Eadem
1353 1045 1568 1101 quoque
1613 1044 1803 1084 manus
1844 1030 1911 1084 ad
1941 1027 2105 1084 ultio-

521 1147 643 1187 nem
675 1129 1004 1197 extenditur,
1043 1141 1161 1181 cum
1193 1141 1294 1178 vox
1338 1123 1547 1178 Domini
1590 1138 1693 1176 non
1719 1120 1949 1189 auditur,
1982 1136 2107 1176 cum

506 1224 637 1294 ejus
689 1235 967 1277 sermones
1013 1224 1429 1288 eanperantur:
1474 1214 1598 1284 quia
1655 1214 1732 1278 ii,
1783 1214 1873 1285 qui
1926 1213 2106 1268 divina

506 1321 772 1377 ‘mandata
802 1320 951 1390 quasi
980 1312 1110 1372 dura
1145 1324 1199 1370 et
1228 1312 1587 1383 importabilia
1628 1321 1927 1381 respuunt,
1960 1312 2106 1367 into-

508 1410 728 1471 ierabili
773 1429 942 1485 paena:
972 1425 1134 1465 onere
1184 1410 1234 1463 in
1281 1409 1460 1463 futuro
1489 1406 1884 1476 deprimuntur.
1932 1405 2107 1485 Stulta

514 1509 719 1580 ‘quippe
769 1502 987 1561 audacia
1031 1503 1263 1558 hominis
1286 1544 1300 1567 ,
1336 1500 1475 1555 unde
1506 1499 1574 1554 ad
1626 1499 1896 1554 modicum
1925 1473 2106 1554 subire

520 1618 583 1658 ea
607 1644 620 1667 ,
646 1615 761 1669 quce
786 1598 885 1651 sibi
916 1597 1164 1652 videntur
1194 1609 1387 1663 aspera
1412 1634 1426 1657 ,
1451 1590 1682 1659 refugit;
1716 1591 1836 1645 inde
1864 1606 1924 1645 se
1953 1603 2109 1660 aspe-

504 1693 748 1749 rioribus
779 1691 831 1744 in
877 1697 1134 1744 aeternum
1183 1684 1382 1740 subdit.
1416 1685 1545 1738 Nam
1577 1686 1621 1738 si
1651 1684 1921 1754 sapienter
1949 1698 2108 1752 sape-

508 1792 599 1841 ‘ret
620 1825 634 1848 ,
662 1784 770 1838 hoc
799 1782 898 1835 sibi
952 1778 1095 1849 quod
1127 1776 1373 1846 displicet
1403 1776 1657 1829 suaderet
1703 1792 1714 1827 :
1750 1783 1807 1827 ut
1852 1790 1946 1843 per
1975 1772 2110 1828 dura

518 1888 575 1935 et
602 1892 791 1948 aspera
822 1874 979 1941 hujus
1004 1870 1304 1925 brevissimi
1340 1865 1596 1939 temporis
1621 1910 1634 1932 ,
1670 1867 1799 1922 dura
1831 1875 1885 1921 et
1918 1882 2109 1935 aspera

2205 658 2310 717 hoc
2332 660 2384 715 in
2414 659 2501 715 die
2524 658 2712 714 messis
2739 657 2901 713 tritici
2920 654 3032 710 ﬁeri
3054 654 3341 720 dicitur,ut
3364 656 3532 711 virtus
3551 655 3792 713 miraculi

2205 752 2535 821 designetur.
2564 750 2680 806 Non
2704 758 2787 805 est
2812 749 3025 820 quidem
3058 747 3233 801 minus
3258 747 3578 804 miraculum
3600 749 3793 804 immu-

2209 841 2342 897 tatio
2372 841 2587 907 cordis,
2634 854 2797 909 quam
2836 836 3180 910 perturbatio
3230 836 3389 891 aeris.
3446 836 3565 893 Non
3621 838 3796 893 minus

2210 933 2529 990 miraculum
2553 942 2635 987 est
2661 932 2865 987 arentia
2891 932 3055 987 corda
3087 929 3427 998 reviviscere,
3465 946 3631 1000 quam
3656 931 3798 986 mti-

2209 1024 2288 1081 vis
2316 1024 2599 1079 ardoribus
2630 1024 2882 1078 inusitato
2908 1038 3059 1076 more
3089 1022 3294 1092 pluvias
3316 1022 3597 1078 inundare.
3628 1020 3800 1092 Majus

2210 1120 2410 1190 quippe
2435 1117 2753 1173 miraculum
2806 1126 2931 1182 est.
2974 1116 3162 1170 intimo
3208 1116 3389 1171 sonitu
3436 1116 3799 1172 insensibilem

2210 1218 2446 1265 mentem
2496 1216 2787 1264 concutere
2806 1249 2824 1279 ,
2853 1220 3013 1279 quam
3036 1245 3055 1273 ,
3082 1206 3283 1262 collisis
3309 1222 3409 1277 per
3442 1216 3669 1263 ventum
3701 1223 3798 1261 nu-

2209 1300 2368 1358 bibus
2385 1342 2400 1369 ,
2434 1300 2731 1357 tonitruum
2760 1299 3031 1356 insonare.
3071 1297 3182 1356 Sed
3209 1308 3392 1355 rectus
3414 1298 3551 1355 ordo
3574 1315 3802 1355 conver-

2208 1394 2381 1451 sionis
2430 1391 2732 1450 ostenditur
2770 1392 2824 1448 in
2874 1391 3121 1447 ordinata
3178 1390 3451 1463 positione
3492 1392 3799 1446 verborum.

2210 1482 2347 1543 Nam
2377 1486 2505 1542 dicit
2532 1504 2544 1540 :
2579 1485 2733 1542 Dedit
2758 1485 3015 1542 Dominus
3041 1502 3185 1540 voces
3214 1493 3263 1539 et
3291 1485 3526 1557 pluvias:
3558 1494 3608 1537 et
3638 1485 3804 1538 timuit

2213 1583 2381 1637 omnis
2428 1582 2644 1652 populus
2695 1576 2847 1636 nimis
2877 1579 3157 1636 Dominum
3197 1576 3356 1652 275
3387 1588 3436 1635 et
3484 1580 3803 1635 Samuelem.

2214 1671 2625 1730 Ordinatissima
2649 1674 2850 1745 quippe
2879 1673 3241 1728 conversione
3270 1687 3393 1727 cum
3422 1671 3625 1724 malum
3654 1670 3807 1725 dese-

2214 1765 2373 1832 ritur,
2410 1764 2614 1820 bonum
2661 1764 2715 1819 in
2764 1771 2944 1819 mente
2994 1772 3354 1834 propagatur;
3387 1774 3511 1817 cuiu
3560 1762 3809 1817 conversi

2214 1876 2367 1917 mens
2393 1862 2544 1930 quasi
2586 1876 2688 1931 per
2715 1859 2953 1931 pluviam
2982 1859 3185 1914 bonum
3215 1873 3399 1914 semen
3431 1857 3634 1925 nutrit,
3660 1866 3715 1912 et
3753 1872 3810 1912 se

519 1970 773 2029 evaderet
795 1968 983 2020 futura:
1006 1960 1384 2017 damnationis.
1411 1958 1534 2013 ﬂare
1562 1957 1803 2029 profecto
1826 1957 1958 2011 dura
1984 1972 2106 2012 cor-
2134 1956 2187 2023 Β
2213 1955 2327 2011 Deo
2374 1964 2429 2011 et
2474 1948 2780 2011 hominibus
2824 1969 2920 2025 per
2955 1951 3273 2008 obedientim
3314 1950 3571 2005 virtutem
3600 1948 3803 2003 subdit.

514 2062 587 2118 da
646 2058 942 2114 carnalium
988 2054 1250 2109 velociter
1306 2051 1564 2115 audiunt,
1604 2050 1699 2105 sed
1756 2064 1852 2120 per
1893 2048 2109 2104 salubre

521 2154 804 2209 consilium
856 2149 1011 2205 facile
1058 2147 1258 2203 molliri
1313 2161 1421 2203 non
1477 2153 1726 2216 possunt.
1778 2142 1923 2199 Bene
1977 2155 2107 2211 ergo

518 2248 863 2317 ’subjungitur
882 2246 916 2300 :'

596 2359 771 2429 (Vers.
804 2356 1042 2423 16,17.)
1078 2355 1182 2409 Sed
1226 2364 1273 2409 et
1318 2370 1451 2407 nunc
1499 2358 1632 2405 state
1660 2388 1674 2415 ,
1725 2358 1771 2403 et
1802 2349 1963 2403 videte
2002 2363 2111 2401 rem

520 2448 675 2507 istam
700 2449 948 2521 grandem
976 2491 990 2515 ,
1016 2464 1167 2519 quam
1219 2448 1450 2517 facturus
1490 2452 1564 2496 est
1596 2441 1845 2495 Dominus
1864 2482 1878 2505 ,
1908 2442 1960 2493 in
1990 2456 2113 2493 con—

521 2553 699 2616 spectu
753 2552 935 2596 vestro.
998 2538 1248 2611 Nunquid
1276 2556 1375 2591 non
1403 2536 1583 2589 messis
1608 2535 1765 2587 tritici
1809 2542 1884 2586 est
1914 2531 2113 2585 hodie?

524 2634 783 2692 Invombo
838 2634 1154 2697 Dominum,
1207 2641 1253 2684 et
1306 2628 1447 2683 dabit
1476 2644 1617 2681 voces
1676 2636 1723 2678 et
1773 2625 2012 2694 pluvias;
2063 2630 2112 2677 et

520 2728 692 2784 scietis
734 2736 779 2781 et
810 2725 1044 2780 videbitis
1070 2765 1084 2790 ,
1118 2724 1237 2794 quia
1268 2720 1465 2789 grande
1496 2719 1688 2772 malum
1716 2716 1944 2789 feceritis
1973 2713 2113 2769 vobis

520 2822 576 2875 in
607 2828 877 2888 conspectu
908 2815 1120 2871 Domini
1147 2856 1160 2879 ,
1192 2821 1418 2883 petentes
1446 2827 1600 2880 super
1631 2827 1716 2863 vos
1748 2824 1937 2880 regem.

594 2912 644 2966 9.
692 2910 824 2977 Quia
869 2918 976 2962 tam
1026 2915 1235 2960 attente
1261 2948 1275 2971 ,
1306 2914 1359 2958 et
1412 2903 1572 2957 toties
1613 2901 1712 2955 ista
1752 2897 1941 2969 petitio
1973 2896 2115 2964 regis

521 3003 955 3076 reprehenditur,
1010 3001 1112 3054 hoc
1161 2998 1345 3053 electis
1405 2997 1686 3050 insinuat:
1748 2992 1871 3063 quia
1906 2990 1996 3061 qui
2047 2987 2117 3043 ad

522 3098 738 3156 culmen
790 3102 990 3149 sancta:
1037 3089 1288 3147 Ecclesia:
1334 3089 1580 3145 carnales
1626 3085 1960 3156 provehunt,
1989 3095 2114 3149 gra-

523 3192 743 3248 vissima
770 3187 980 3260 peccati
1012 3183 1339 3254 obligatione
1369 3183 1691 3236 retinentur.
1727 3178 1859 3232 Nam
1890 3182 2115 3247 peccata

523 3282 731 3353 reliqua
760 3277 1046 3349 singularis
1077 3290 1247 3345 pmnre
1284 3275 1533 3329 meritum
1583 3270 1828 3327 obtinent
1856 3307 1872 3333 ,
1900 3268 1993 3337 qui
2024 3280 2119 3321 ve-

523 3393 588 3435 ro
612 3375 881 3434 carnalem
905 3370 1250 3445 praepositum
1281 3365 1559 3422 cons'tituit
1584 3404 1598 3429 ,
1633 3372 1713 3418 tot
1752 3359 1977 3417 incurrit
2002 3374 2117 3429 pm-

523 3485 714 3528 narum
763 3466 985 3532 merita,
1028 3470 1163 3533 quot
1208 3461 1301 3516 ille
1350 3456 1598 3514 ﬁdelibus
1641 3451 1866 3510 subditis
1908 3450 2123 3521 praebet

526 3561 805 3634 pravitatis
843 3555 1113 3627 exempla.
1138 3553 1254 3609 Sed
1298 3567 1462 3622 grave
1509 3548 1720 3621 pondus
1751 3544 1991 3602 criminis
2022 3544 2119 3598 de-

527 3652 657 3723 poni
700 3665 807 3705 non
846 3654 1068 3718 potest,
1107 3644 1211 3699 nisi
1262 3642 1575 3698 austeritate
1621 3651 1830 3705 magum
1861 3650 2125 3704 compun-

529 3722 744 3800 ctionis.
768 3736 1214 3808 Compunctionis
1233 3743 1409 3789 autem
1433 3730 1601 3801 gratia
1624 3728 1788 3783 menti
1815 3743 1921 3781 non
1944 3722 2124 3779 infun-

534 3826 698 3899 δίων,
732 3832 833 3887 nisi
858 3830 1009 3900 prius
1038 3828 1151 3897 ipsa
1181 3825 1231 3881 ei
1262 3822 1472 3894 peccati
1512 3812 1825 3888 magnitudo
1857 3825 2125 3871 monstre-

530 3909 952 3992 tur.‘Propheta
996 3910 1409 3985 ergoDomini,
1442 3919 1499 3965 ut
1538 3910 1604 3964 ad
1650 3922 1899 3977 congruae
1947 3906 2123 3978 poeni-

531 4016 714 4073 tentiae
736 4008 973 4069 'fructum
1003 4015 1318 4080 peccantem
1360 4002 1615 4073 populum
1646 4006 2001 4070 provocaret,
2030 4012 2128 4067 per

533 4106 835 4165 mirabilem
868 4100 1076 4159 motum
1099 4097 1243 4154 aeris
1267 4138 1282 4164 ,
1308 4096 1357 4150 ei
1388 4093 1623 4149 insinuat
1648 4104 1902 4160 magnum
1928 4104 2126 4161 pecca-

529 4211 647 4259 tum
682 4190 1142 4266 transgressionis.
1172 4188 1252 4244 'ln
1279 4200 1457 4243 messe
1493 4190 1677 4238 autem
1707 4180 1909 4261 tritici,
1934 4178 2129 4251 pluviae

536 4303 594 4350 et
634 4264 873 4347 tonitrua
920 4288 975 4341 in
1020 4282 1109 4340 illa
1156 4282 1381 4351 regione
1424 4280 1531 4333 non
1574 4264 1908 4329 ﬁunt.’Bene
1947 4279 2128 4327 autem

539 4376 932 4452 subsequenter
958 4377 1267 4446 adiunctum
1297 4381 1376 4428 est
1403 4390 1416 4425 :

609 4494 787 4565 (Vens.
836 4486 1086 4557 18,19.)
1141 4481 1392 4540 Clamavit
1432 4478 1646 4537 Samuel
1695 4475 1764 4531 ad
1810 4474 2130 4544 Dominum,

536 4597 587 4645 et
614 4586 754 4643 dedit
808 4582 1064 4638 Dominus
1140 4593 1284 4632 voces
1309 4614 1325 4639 ,
1355 4582 1405 4629 et
1445 4572 1641 4644 pluvias
1687 4571 1743 4624 in
1796 4569 1875 4623 die
1919 4568 2049 4622 illa:
2079 4575 2132 4621 et

538 4681 710 4736 timuit
737 4674 904 4732 omnis
932 4669 1151 4744 populus
1179 4667 1333 4722 nimis
1362 4662 1644 4720 Dominum
1667 4702 1684 4728 ,
1714 4669 1764 4715 et
1808 4658 2126 4715 Samuelem.

2210 2042 2361 2104 Bene
2390 2062 2519 2118 ergo
2572 2044 2800 2102 dicitur:
2838 2044 3029 2099 Timuit
3074 2044 3241 2099 omnis
3270 2043 3493 2114 papulas
3518 2030 3809 2097 Dominum

2212 2152 2261 2199 et
2315 2141 2652 2207 Samuelem,
2680 2139 2805 2211 quia
2844 2140 2936 2209 qui
2983 2138 3183 2194 summi
3233 2134 3464 2207 Spiritus
3518 2134 3812 2189 adventum

2213 2236 2479 2308 suscipit,
2530 2243 2583 2291 et
2607 2235 2748 2290 mala
2777 2232 3021 2300 deserit,
3053 2240 3109 2288 et
3137 2232 3279 2286 bona
3328 2227 3732 2300 apprehendit,
3763 2236 3813 2282 et

2213 2329 2292 2388 sic
2366 2330 2477 2384 Deo
2517 2326 2807 2393 subditur,
2866 2334 2924 2379 ut
2970 2339 3071 2395 pro
3128 2321 3242 2377 Deo
3282 2321 3446 2376 etiam
3496 2316 3812 2374 hominibus

2215 2422 2608 2479 substernatur.
2638 2417 2705 2473 Et
2728 2416 2855 2489 quia
2893 2414 3372 2488 praasumptionem
3417 2413 3469 2465 in
3519 2410 3642 2481 ipsa
3685 2409 3814 2464 obe-

2216 2516 2429 2572 dientim
2473 2514 2667 2568 virtute
2715 2529 2822 2568 non
2852 2512 3072 2577 habent,
3092 2508 3317 2563 dicunt:
3353 2503 3470 2560 Ora
3517 2520 3614 2576 pro
3657 2504 3813 2557 servis

2218 2610 2318 2663 tuis
2358 2606 2431 2660 'ad
2474 2606 2752 2660 Dominum
2778 2647 2792 2671 ,
2819 2610 2877 2656 ut
2916 2616 3027 2658 non
3059 2599 3369 2654 moriamur.
3404 2592 3549 2651 Cum
3590 2594 3814 2666 spiritus

2216 2702 2343 2755 vitae
2390 2715 2457 2756 se
2500 2699 2669 2753 menti
2712 2693 2983 2763 infundit,
3032 2690 3280 2765 protinus
3320 2700 3448 2744 eam
3498 2684 3569 2741 ad
3620 2684 3815 2742 mortis

2219 2805 2477 2863 pavorem
2507 2790 2698 2861 erigit:
2734 2788 2860 2856 quia
2901 2782 3271 2856 magisterium
3315 2778 3562 2851 ejusdem
3594 2776 3814 2849 spiritus

2220 2892 2325 2951 est,
2354 2892 2413 2936 ut
2440 2881 2679 2937 timendo
2706 2894 2864 2935 mens
2893 2885 3051 2948 agat,
3073 2890 3145 2930 ne
3171 2873 3317 2945 quod
3345 2871 3498 2927 timet
3520 2869 3772 2925 inveniat
3798 2884 3810 2920 :

2220 2975 2314 3031 sed
2338 2975 2508 3030 sancti
2536 2974 2635 3029 viri
2658 2988 2759 3043 pro
2786 2972 2865 3027 eis
2909 2977 3128 3026 orantes
3173 2963 3417 3022 exaudiri
3444 2967 3710 3034 possunt,
3728 2959 3819 3030 qui

2222 3074 2279 3124 ει
2306 3068 2516 3125 occulta
2565 3074 2792 3137 peccata
2835 3061 3011 3119 cordis
3039 3074 3139 3132 per
3175 3055 3535 3113 humilitatem
3575 3052 3818 3109 revelant

2223 3162 2598 3226 centessionis.
2650 3158 2809 3215 Unde
2860 3165 2918 3213 et
2956 3153 3259 3210 'sabditur:
3310 3146 3627 3203 Addidimus
3678 3144 3819 3199 enim

2222 3256 2472 3314 universis
2502 3252 2663 3307 ‘malis
2699 3251 2930 3318 nostris,
2969 3253 3034 3299 ut
3076 3252 3365 3314 peterem
3414 3236 3571 3294 nobis
3612 3246 3817 3309 regem.

2149 3358 2196 3429 ο
2227 3353 2363 3421 Quia
2388 3362 2522 3405 vero
2542 3346 2663 3403 tunc
2694 3344 2828 3399 'satis
2853 3343 2965 3413 jam
3015 3330 3628 3410 exponendoveutﬂata
3657 3338 3816 3398 sunt,

2228 3441 2511 3516 sequentia
2532 3438 2836 3495 videamus.

2299 3556 2473 3631 (Vers.
2500 3552 2620 3626 ‘20.)
2664 3550 2812 3608 Dixit
2853 3558 3023 3607 autem
3078 3545 3335 3606 Samuel:
3382 3540 3570 3599 Nolite
3620 3542 3819 3596 timere.

2232 3650 2340 3707 Vos
2372 3650 2562 3723 fecistis
2593 3647 2887 3702 universum
2915 3642 3111 3698 malum
3161 3641 3275 3696 hoc.
3325 3635 3701 3692 Verumtamen
3731 3648 3819 3687 no-

2226 3747 2314 3802 lite
2343 3742 2577 3799 recedere
2606 3758 2640 3795 a
2669 3742 2810 3811 tergo
2844 3736 3072 3792 Domini.

2301 3845 2386 3899 tl.
2426 3834 2751 3900 Pmnitentis
2776 3853 2928 3894 mens
2956 3847 3083 3893 tunc
3108 3822 3535 3901 bene‘dirigitur.
3565 3826 3612 3884 si
3639 3824 3821 3882 divina

2227 3926 2428 4014 judicia
2456 3943 2698 4001 metuat,
2729 3941 2785 3989 et
2826 3918 2901 3986 de
2920 3929 3018 3985 Dei
3048 3922 3429 3998 omnipotentis
3465 3908 3824 3976 miseratione

2228 4009 2483 4092 conﬁdat.
2530 4027 2716 4083 Timor
2755 4022 2975 4094 quidem
2991 4020 3120 4077 sine
3140 4032 3240 4090 spe
3286 4016 3341 4071 in
3372 4009 3820 4083 desperationem

2229 4124 2551 4198 prmcipitat,
2574 4118 2668 4175 sed
2696 4131 2818 4173 cum
2848 4114 2961 4185 spei
2986 4108 3352 4191 conjungitur.
3370 4104 3602 4162 salutem
3614 4098 3824 4157 mentis

2230 4188 2510 4291 operatur.
2534 4212 2711 4281 Quare
2738 4218 2793 4266 et
2820 4220 3028 4263 summo
3068 4188 3250 4259 studio
3280 4195 3558 4266 invigilare
3579 4191 3822 4263 optimus

2230 4281 2422 4370 doctor
2450 4307 2646 4372 debet,
2676 4312 2739 4358 ut
2763 4305 3079 4373 peccantem
3107 4298 3347 4355 terreat,
3375 4295 3432 4344 et
3470 4285 3726 4341 territum
3752 4281 3819 4338 ad

2230 4402 2399 4456 venia:
2425 4412 2575 4468 spem
2616 4393 2841 4447 reducat
2886 4403 2899 4439 :
2930 4395 3197 4455 quatenus
3214 4394 3322 4450 ,per
3350 4386 3551 4433 metum
3592 4386 3830 4445 peccare

2232 4462 2471 4557 desinat,
2486 4494 2540 4543 et
2560 4499 2657 4557 per
2685 4496 2838 4551 spem
2862 4473 3212 4548 impetranda:
3242 4466 3608 4539 indulgentia,
3630 4462 3830 4520 divina:

2233 4580 2615 4641 misericordim
2645 4582 2861 4648 portum
2882 4576 3105 4642 quierat.
3138 4565 3382 4622 Territos
3423 4575 3554 4631 ergo
3580 4559 3829 4616 subditos

2204 4710 2207 4711 ν
2235 4679 2303 4736 ad
2328 4675 2446 4747 spei
2474 4673 2727 4727 virtutem
2748 4663 2965 4722 Samuel
3014 4661 3227 4730 erigens
3246 4700 3267 4727 ,
3295 4655 3451 4711 dicit:
3493 4650 3602 4707 Vos
3633 4648 3830 4723 fecistis

545 4775 795 4846 Dixitque
836 4741 1102 4824 uniuersus
1150 4761 1368 4836 populus
1408 4760 1477 4813 ad
1518 4756 1814 4814 Samuelem
1840 4773 1852 4808 :
1881 4752 1991 4809 Ora
2039 4768 2117 4823 prt

2236 4771 2529 4825 universum
2580 4760 2774 4817 malum
2828 4758 2961 4821 hoc,
3000 4761 3349 4808 verumtamen
3395 4744 3557 4800 nolite
3594 4741 3830 4794 recedere

541 4867 701 4925 servis
740 4863 840 4917 tuis
887 4859 956 4913 ad
1006 4856 1284 4911 Dominum
1305 4852 1474 4907 Deum
1504 4859 1675 4917 tuum,
1703 4857 1759 4901 ut
1799 4863 1901 4901 non
1933 4845 2131 4899 moria-

543 4976 677 5015 mur.
709 4953 1018 5010 Addidimus
1046 4949 1183 5004 enim
1204 4946 1453 5001 universis
1474 4942 1625 4997 malis
1651 4941 1842 4997 nostris
1865 4980 1880 5005 ,
1908 4948 1963 4993 ut
1978 4948 2129 5010 ,ρεισ-

539 5067 713 5108 remus
743 5047 891 5103 nobis
922 5059 1115 5104 reaem.

544 5531 1022 5611 praedicatoribus,
1051 5534 1137 5583 est
1156 5524 1462 5581 electorum
1489 5517 1715 5573 salutem
1745 5522 1935 5611 magna
1966 5505 2135 5610 devo-

464 5686 471 5693 ,
548 5599 701 5687 ἱίοηθ
750 5623 1047 5697 postulare.
1119 5618 1200 5673 Ad
1249 5628 1478 5685 quorum
1516 5609 1819 5665 clamorem
1875 5599 2134 5655 Dominus

461 5764 477 5797 θ
548 5730 736 5779 vocem
766 5719 896 5774 dat:
929 5714 1054 5785 quia
1082 5716 1430 5783 peccatorum
1460 5701 1623 5758 corda
1654 5697 1891 5760 excitat,
1926 5700 1986 5747 ut
2012 5705 2134 5760 pra-

549 5814 732 5871 vitatis
782 5826 893 5866 suze
941 5805 1236 5877 nequitiam
1282 5801 1692 5866 recognoscant.
1738 5790 1841 5845 Dat
1884 5786 2131 5858 pluvias:

552 5906 678 5977 quia
704 5904 937 5961 excitata
966 5896 1131 5955 corda
1159 5909 1256 5964 per
1296 5888 1617 5946 infusionem
1661 5894 1904 5952 superum
1950 5877 2133 5946 gratia:

555 5970 812 6070 adjuvat;
842 6003 902 6049 ut
945 6005 1055 6048 non
1104 5987 1278 6044 solum
1327 5984 1540 6039 deserat
1578 5979 1717 6036 mala
1744 5975 1971 6061 quisque
2014 5970 2133 6043 qna:

2239 4878 2271 4915 a
2311 4869 2452 4929 tergo
2493 4852 2725 4909 Domini.
2759 4846 2920 4915 Quasi
2960 4844 3137 4900 dicat:
3167 4841 3223 4896 Si
3264 4846 3492 4908 peccare
3538 4830 3823 4894 desinitis,

2238 4953 2306 5009 ad
2327 4923 2673 5007 obtinendam
2699 4942 3108 4999 commissorum
3131 4929 3342 4985 veniam
3362 4925 3653 4996 pervenire
3675 4923 3827 4979 citius

2241 5043 2486 5115 potestis.
2538 5034 2720 5089 Nolite
2748 5045 2869 5102 ergo
2907 5025 3145 5115 resedere
3190 5040 3222 5077 α
3268 5029 3411 5091 tergo
3460 5017 3697 5073 Domini.
3755 5013 3826 5069 De

2235 5106 2364 5206 iusti
2409 5128 2568 5185 laude
2617 5120 2974 5197 promittitur.
3027 5110 3250 5171 Prwibis
3296 5112 3431 5206 enim
3479 5118 3600 5162 ante
3643 5106 3827 5177 faciem

2240 5192 2452 5283 Domini
2481 5192 2669 5292 parare
2693 5220 2803 5273 vias
2818 5214 2936 5286 ejus
2959 5212 2978 5284 (
3003 5207 3130 5276 Luc,
3162 5224 3209 5274 ιι,
3232 5194 3363 5275 ⁵’76.).
3384 5192 3537 5285 Hine
3560 5196 3821 5292 ait:

2422 5278 2680 5370 Dominus
2702 5350 2718 5377 ,
2756 5310 2813 5361 in
2844 5278 3015 5375 'cujus
3067 5305 3343 5370 conspectu
3399 5302 3479 5347 sto
3512 5280 3657 5362 (IIII
3686 5278 3821 5373 Reg.

2240 5426 2375 5476 xvn,
2409 5407 2484 5477 1).
2533 5403 2671 5458 Hinc
2715 5395 2999 5453 Psalmista
3040 5390 3171 5447 dicit
3217 5405 3229 5441 :
3276 5383 3557 5441 Exsultent
3591 5380 3728 5452 justi
3774 5378 3826 5430 in

2240 5470 2510 5571 conspectu
2539 5495 2638 5550 Dei
2663 5491 2849 5565 (Psal.
2880 5501 3051 5553 uvn,
3073 5482 3170 5555 4,).
3201 5480 3263 5536 In
3290 5484 3584 5548 conspectu
3611 5470 3825 5571 quidem

2242 5593 2451 5653 Domini
2482 5633 2498 5657 ,
2525 5589 2611 5644 vel
2657 5592 2784 5641 ante
2836 5570 3129 5657 Dominum
3175 5585 3352 5642 stare,
3401 5582 3484 5627 est
3516 5562 3823 5623 testimonio

2240 5691 2397 5745 bona:
2419 5680 2761 5740 conscientim
2809 5676 2876 5732 de
2906 5686 3091 5729 amore
3122 5656 3439 5723 Conditoris
3472 5669 3820 5732 pnrsumere.

2242 5778 2399 5835 Stant
2450 5775 2662 5846 quidem
2718 5771 2774 5825 in
2825 5771 3119 5837 conspectu
3174 5758 3335 5830 ejus,
3387 5754 3575 5825 quiex
3635 5747 3820 5805 merito

2241 5884 2446 5939 magna:
2476 5864 2737 5930 actionis,
2790 5860 2858 5916 de
2904 5868 3142 5929 superna
3184 5847 3494 5907 Conditoris
3532 5844 3623 5900 sui
3651 5838 3814 5909 gratia

2241 5931 2417 6025 securi
2464 5965 2609 6015 sunt.
2640 5954 2960 6012 Peccatores
3007 5957 3190 6006 autem
3240 5957 3367 6002 cum
3393 5936 3536 5997 mala
3563 5931 3805 5993 conantit-
