4020 6344
567 401 673 474 $35

1780 405 2019 466 SANCTI
2060 404 2388 470 GREGORII
2423 409 2642 471 MAGNI

3740 419 3830 476 536

569 545 668 604 pro
719 526 820 596 eis,
869 525 966 584 sed
1018 538 1114 582 eos
1169 525 1384 583 erudire
1414 527 1711 582 conabatur
1733 565 1751 594 ,
1809 525 2155 596 subjungens,
2184 526 2236 587 Α
2335 527 2423 583 l8.
2455 529 2618 596 Quasi
2648 527 2821 584 dicat:
2853 525 2932 584 Ex
2963 528 3048 597 iis,
3073 543 3192 602 quae
3211 527 3438 596 vidistis,
3463 529 3699 603 colligite
3723 549 3828 589 om-

566 624 645 680 nit
668 642 681 678 :

637 719 816 793 (Vers.
840 715 958 787 23.)
986 713 1056 769 Et
1084 713 1273 770 docebo
1301 729 1389 769 vos
1419 718 1556 769 vtam
1591 715 1797 780 bonam,
1844 721 1894 767 et
1935 721 2148 768 rectam.

638 811 726 866 16.
787 809 898 865 Cur
939 808 1084 864 enim
1122 807 1261 862 viam
1287 806 1451 862 divini
1482 807 1724 876 obsequii
1775 807 1970 861 bonam
2001 806 2149 872 dicit,

564 917 621 964 et
646 913 850 962 rectam
889 919 903 957 :
934 917 1056 957 cum
1084 899 1227 956 bona
1258 916 1364 955 non
1394 901 1481 966 sit,
1512 900 1556 954 si
1596 915 1703 955 non
1740 899 1810 954 sit
1839 908 2019 964 recta;
2053 912 2152 953 nec

561 1007 731 1064 recta,
763 997 940 1053 sinon
968 995 1038 1052 sit
1064 995 1240 1050 bona?
1293 992 1400 1048 Sed
1433 994 1575 1048 bona
1605 992 1704 1047 fuit
1737 993 1848 1060 via,
1897 993 2022 1062 quia
2049 1007 2149 1062 po-

559 1091 722 1163 pulus
751 1089 817 1144 ab
850 1087 1087 1160 Egypto
1143 1085 1209 1142 ad
1235 1091 1435 1141 terram
1478 1083 1850 1156 promissionis
1888 1082 2149 1149 ascendit,

561 1192 618 1240 et
640 1191 824 1238 tamen
851 1182 978 1237 dum
1007 1196 1103 1252 per
1129 1195 1372 1238 eremum
1393 1179 1664 1246 circuivit,
1693 1189 1844 1236 recta
1879 1195 1982 1234 non
2029 1178 2148 1234 fuit.

561 1275 714 1332 Bona
740 1288 869 1344 ergo
899 1274 986 1329 via
1015 1282 1118 1342 est,
1149 1289 1252 1343 qua
1289 1272 1355 1328 ad
1379 1287 1667 1344 supernam
1704 1273 1937 1342 patriam
1968 1271 2147 1328 tendi-

562 1375 656 1423 tur
689 1384 703 1422 :
742 1374 914 1434 recta,
962 1379 1068 1436 qua
1098 1364 1252 1420 facile
1282 1364 1612 1434 pervenitur.
1643 1363 1742 1419 Via
1769 1378 1897 1433 ergo
1927 1364 2068 1420 bona
2096 1371 2152 1420 et

562 1468 713 1518 recta
734 1470 833 1525 est,
880 1473 1001 1515 cum
1024 1457 1093 1512 ad
1117 1456 1422 1526 religiosam
1448 1457 1616 1512 vitam
1656 1457 2040 1522 convertimur,
2064 1457 2147 1511 di-

561 1552 688 1610 vin'a
717 1551 977 1623 obsequia
1008 1566 1130 1607 cum
1158 1550 1378 1606 instanti
1409 1549 1620 1607 fervore
1649 1565 1856 1620 magnae
1904 1550 2150 1605 devotio-

564 1648 650 1704 nis
674 1660 1006 1702 exercemus.
1051 1642 1206 1700 Unde
1235 1649 1292 1699 et
1315 1642 1455 1698 bene
1484 1640 1730 1699 eamdem
1758 1642 1898 1697 viam
1929 1640 2149 1700 Samuel

563 1740 808 1813 exponit,
839 1739 1026 1795 dicens
1053 1756 1065 1791 :

633 1833 809 1905 (νει-ε.
839 1831 957 1901 24.)
1018 1829 1190 1903 Igitur
1212 1839 1238 1867 ι
1268 1830 1439 1883 timete
1484 1826 1786 1894 Dominum,
1816 1836 1865 1882 et
1890 1828 2071 1883 seruite
2099 1829 2146 1883 ei

513 1923 520 1931 ’
558 1928 616 1984 in
643 1925 874 1990 veritate,
905 1931 955 1978 et
983 1940 1048 1977 ex
1073 1931 1175 1976 toto
1201 1921 1354 1975 corde
1374 1928 1562 1974 uestro.

621 1996 717 2071 ‘11.
776 2014 902 2069 Haec
949 2012 1165 2082 quidem
1207 2011 1294 2066 via
1326 2012 1467 2066 bona
1504 2017 1560 2065 et
1586 2019 1732 2067 recta
1755 2018 1839 2066 est
1885 2010 2047 2082 :quia
2078 2010 2148 2064 ad

559 2116 816 2164 aeternam
836 2107 1001 2159 vitam
1033 2104 1224 2172 tendit,
1269 2111 1323 2160 et
1345 2103 1604 2158 velociter
1647 2103 1911 2174 pervenit.
1947 2101 2048 2158 Per
2077 2103 2147 2158 ti-

559 2214 766 2256 morem
796 2198 993 2268 quippe
1006 2195 1218 2251 Domini
1238 2196 1544 2250 devitantur
1567 2196 1739 2261 mala;
1764 2195 2045 2252 serviendo
2074 2196 2143 2263 ei,

560 2292 680 2362 ejus
727 2291 974 2345 mandata
1023 2287 1385 2358 complentur.
1435 2287 1533 2342 Cui
1560 2288 1810 2341 nimirum
1848 2289 1900 2342 in
1922 2289 2148 2343 verita'e

559 2384 843 2450 servimus,
887 2379 1100 2452 quando
1157 2379 1272 2446 ejus
1328 2388 1597 2448 pnecepta
1639 2395 1737 2448 pro
1772 2379 1883 2433 sola
1913 2395 2145 2448 superna

559 2474 910 2529 retributione
933 2470 1258 2542 perlicimus.
1293 2468 1427 2526 Nam
1451 2469 1540 2538 qui
1563 2468 1631 2524 de
1658 2470 1802 2524 bono
1818 2485 1982 2540 opere
2013 2479 2147 2525 tem-

561 2566 799 2638 poralem
831 2564 1133 2620 mercedem
1165 2564 1387 2632 expetit,
1424 2563 1531 2618 Deo
1557 2563 1610 2616 in
1644 2563 1871 2618 veritate
1898 2579 2005 2618 non
2032 2580 2146 2618 ser-

567 2662 658 2730 vit,
680 2676 836 2731 quem
861 2659 995 2714 falso
1018 2658 1297 2730 proposito
1328 2659 1380 2713 in
1411 2673 1507 2712 sua
1536 2657 1848 2727 operatione
1889 2672 1994 2712 non
2025 2657 2145 2712 dili-

560 2757 655 2826 git.
704 2753 804 2822 Qui
860 2762 1041 2810 autem
1101 2755 1151 2808 in
1192 2754 1420 2809 veritate
1464 2752 1576 2809 Deo
1633 2754 1837 2810 servire
1886 2755 2141 2825 cupiunt,

535 2855 728 2902 totum
758 2862 852 2904 cor
884 2847 936 2901 in
977 2844 1170 2899 divinis
1200 2844 1473 2913 obsequiis
1512 2859 1714 2913 ponere
1748 2844 2022 2913 jubentur,
2085 2853 2145 2900 ut

555 2940 635 2995 sic
659 2954 777 3008 qum
807 2938 902 2992 Dei
929 2946 1054 2992 sunt
1101 2944 1281 3004 agant,
1345 2944 1404 2990 ut
1451 2937 1504 2990 in
1543 2944 1723 2991 mente
1772 2936 1971 3005 aliquid
2000 2939 2143 3006 quod

558 3037 748 3084 contra
771 3027 940 3082 Deum
970 3028 1060 3092 sit,
1116 3043 1222 3081 non
1253 3028 1543 3082 retineant.
1592 3026 1719 3082 Haec
1766 3029 2008 3097 profecto
2061 3028 2142 3083 via

556 3136 668 3177 non
695 3121 870 3175 solum
891 3119 1050 3183 bona,
1074 3117 1171 3173 sed
1193 3127 1340 3174 recta
1365 3129 1447 3173 est
1481 3137 1493 3172 :
1524 3119 1647 3188 quia
1671 3118 1737 3172 ad
1763 3120 1992 3175 salutem
2025 3131 2144 3176 teu-

555 3217 655 3282 dit,
686 3227 741 3273 et
768 3218 1030 3271 viatorem
1057 3229 1213 3269 suum
1246 3213 1312 3268 ad
1359 3212 1742 3283 perfectionem
1764 3215 2024 3272 velociter
2050 3218 2144 3274 de-

2256 619 2590 690 nipotentem
2641 621 2810 676 Deum
2879 636 3041 692 quam
3091 620 3399 678 terribiliter
3454 634 3736 691 metuere,
3783 631 3833 681 et

2255 725 2417 782 quam
2447 711 2644 767 devote
2691 712 2741 767 ei
2770 727 2986 783 semper
3025 712 3228 768 servire
3254 712 3516 771 debeatis.
3560 715 3689 783 Quze
3714 733 3831 787 pro-

2253 801 2398 858 fecto
2424 803 2610 872 verba,
2658 803 2703 859 si
2733 804 2800 858 ad
2825 819 2924 860 nos
2953 804 3169 860 trahere
3207 805 3473 873 volumus,
3506 815 3659 863 tanto
3691 810 3832 865 nobis

2256 903 2438 951 estet
2491 897 2856 954 venerabilius
2909 900 3274 965 metuendum,
3329 907 3384 954 et
3441 899 3688 956 devotius
3732 901 3832 956 Deo

2254 987 2622 1054 serviendum,
2671 997 2874 1059 quanto
2917 988 2970 1044 in
3001 988 3364 1060 Redemptore
3393 997 3582 1046 nostro
3625 991 3831 1045 mirabi-

2254 1079 2392 1135 liora
2408 1080 2794 1152 perspeximus.
2826 1080 2931 1138 Sed
2955 1082 3080 1151 quia
3101 1081 3384 1151 quodboni
3400 1082 3647 1149 audiunt,
3675 1083 3830 1136 auda-

2255 1180 2372 1228 cter
2396 1173 2521 1228 mali
2551 1182 2932 1240 contemnunt,
2985 1172 3280 1243 subjunxit,
3338 1173 3521 1230 dicens
3555 1191 3568 1228 :
3620 1171 3768 1238 Quod
3794 1176 3833 1230 si

2253 1270 2693 1340 perseueraueritis
2721 1269 2775 1323 in
2802 1269 3025 1337 malitia,
3055 1276 3104 1322 et
3131 1285 3219 1323 uos
3246 1277 3296 1322 et
3324 1283 3416 1324 rex
3461 1276 3623 1325 uester
3651 1270 3834 1339 pariter

2253 1361 2505 1435 peribitis.

2869 1452 3100 1509 CAPUT
3128 1452 3215 1508 HI.

2326 1547 2368 1621 (l
2393 1547 2527 1617 Reg.
2551 1561 2668 1614 xm,
2700 1545 2776 1618 l.)
2829 1545 3003 1602 Filius
3032 1548 3186 1602 unius
3210 1547 3334 1602 anni
3361 1555 3472 1601 erat
3499 1545 3632 1602 Saul
3657 1587 3672 1612 ,
3731 1562 3833 1599 cum

2254 1657 2474 1712 regnare
2503 1642 2732 1712 ccepisset
2751 1658 2771 1696 :
2799 1640 2995 1697 duobus
3023 1649 3193 1697 autem
3231 1641 3384 1695 annis
3414 1641 3650 1712 regnarit
3697 1656 3834 1709 super

2254 1729 2446 1787 Israel.

2327 1825 2379 1879 l.
2428 1824 2686 1896 Superius
2706 1841 2827 1882 cum
2856 1826 3137 1883 ordinandi
3164 1827 3305 1896 regis
3347 1826 3623 1896 negotium
3649 1833 3836 1881 tracta-

2180 1921 2427 1986 Bretur,
2469 1917 2538 1973 de
2563 1932 2650 1984 eo,
2700 1919 2792 1988 qui
2845 1919 3025 1975 divino
3063 1919 3264 1988 judicio
3312 1919 3681 1989 praeferendus
3728 1926 3838 1974 erat

2255 2009 2485 2075 caeteris,
2517 2008 2718 2065 dictum
2745 2019 2846 2078 est,
2883 2009 3017 2076 Quia
3043 2021 3155 2066 erat
3179 2011 3386 2076 electus,
3419 2019 3467 2064 et
3497 2009 3680 2065 bonus.
3712 2009 3836 2065 Item

2252 2102 2320 2157 de
2347 2117 2411 2156 eo
2433 2101 2545 2171 jam
2577 2102 2749 2157 electo
2780 2102 2833 2157 in
2863 2118 3106 2173 regnum,
3131 2104 3260 2158 etin
3291 2101 3470 2158 medio
3494 2101 3685 2173 populi
3735 2110 3836 2156 sta-

2253 2203 2368 2250 tuto
2399 2194 2615 2249 Samuel
2644 2197 2757 2250 ait:
2790 2194 2937 2250 Certe
2962 2196 3163 2261 uidetis,
3204 2213 3351 2265 quem
3378 2195 3531 2266 elegit
3561 2193 3833 2258 Dominus,

2250 2288 2493 2359 quoniam
2525 2303 2629 2341 non
2658 2295 2735 2340 est
2759 2287 2806 2340 ei
2834 2287 3016 2340 similis
3045 2287 3100 2340 in
3131 2287 3269 2340 omni
3297 2287 3485 2357 populo
3517 2283 3570 2355 (I
3603 2283 3736 2356 Reg.
3765 2299 3834 2350 rx,

2248 2379 2360 2450 24).
2394 2381 2470 2436 De
2500 2379 2695 2436 eodem
2725 2380 2853 2434 item
2890 2394 3018 2452 rege
3041 2397 3182 2435 nunc
3206 2381 3404 2437 dicitur
3437 2397 3450 2434 :
3484 2380 3661 2435 Filius
3693 2381 3834 2435 unius

2249 2475 2376 2527 anni
2401 2481 2512 2527 erat
2535 2472 2700 2537 Saul;
2757 2481 2816 2527 ut
2842 2473 2967 2526 dum
3000 2481 3205 2528 attente
3247 2473 3520 2538 laudatur,
3552 2489 3582 2526 a
3613 2472 3834 2527 Domino

2247 2565 2423 2621 bonus
2453 2565 2657 2621 electus
2686 2563 2853 2621 fuisse
2872 2568 3164 2621 sentiatur.
3215 2565 3324 2621 Cur
3351 2580 3481 2636 ergo
3509 2567 3675 2622 unius
3718 2567 3832 2621 anni

2249 2671 2367 2712 esse
2387 2657 2603 2723 dicitur,
2662 2672 2785 2713 cum
2816 2671 3040 2727 regnare
3073 2657 3341 2727 cmpisset,
3392 2657 3492 2712 nisi
3525 2666 3582 2712 ut
3613 2659 3730 2728 ejus
3761 2658 3832 2712 in-

2250 2752 2497 2811 nocentia
2553 2751 2918 2822 prmdicetur?
2957 2750 3089 2806 Nam
3149 2752 3214 2806 ad
3241 2752 3494 2817 litteram,
3526 2753 3687 2807 unius
3715 2752 3830 2808 anui

2248 2846 2521 2915 quomodo
2541 2861 2662 2901 esse
2702 2845 2841 2901 tilius
2893 2846 3090 2916 potuit,
3123 2847 3214 2917 qui
3240 2848 3491 2902 universo
3519 2847 3722 2917 populo
3767 2845 3827 2901 ab

2248 2937 2474 2992 humero
2505 2945 2560 2992 et
2603 2953 2816 2993 sursum
2848 2937 3157 2992 eminebat?
3201 2936 3356 3004 Quod
3377 2951 3506 3006 ergo
3539 2937 3826 2992 secundum

2249 3026 2482 3082 litteram
2538 3027 2761 3096 intelligi
2793 3043 2900 3082 non
2929 3035 3130 3098 potest,
3184 3027 3411 3098 intelligi
3461 3043 3562 3098 per
3612 3029 3828 3085 interna:

2247 3119 2618 3189 intelligentiae
2642 3123 2908 3176 rationem
2933 3122 3112 3178 debet.
3171 3121 3337 3179 Unius
3380 3125 3560 3193 itaque
3582 3123 3711 3178 anni
3739 3137 3826 3178 rex

2247 3227 2368 3268 esse
2394 3213 2735 3279 describitur,
2768 3223 2825 3269 ut
2853 3216 3052 3272 donum
3075 3216 3318 3286 pueritiae
3347 3215 3401 3271 in
3433 3233 3668 3287 persona
3697 3217 3828 3286 regis

553 3311 723 3368 ducit.
786 3309 941 3365 Velut
993 3308 1137 3364 enim
1184 3308 1352 3362 altera
1383 3307 1466 3362 via
1515 3314 1671 3363 terra:
1709 3309 2142 3380 repromissionis
2169 3309 2216 3374 C
2247 3303 2572 3360 innocentia
2601 3305 2802 3362 bonum
2823 3309 3018 3377 signet.
3052 3307 3203 3363 Unde
3226 3318 3282 3364 et
3310 3310 3499 3365 aeterni
3529 3311 3684 3380 regni
3713 3309 3827 3364 ﬁliis

550 3404 851 3462 ostenditur
877 3403 1042 3470 bona,
1085 3417 1203 3473 qua:
1249 3401 1545 3472 perducat;
1596 3411 1766 3469 recta,
1816 3419 1935 3473 quae
1963 3403 2142 3459 diver-

551 3497 772 3552 ticulum
793 3503 998 3551 caveat.
1060 3492 1163 3548 Per
1184 3493 1322 3550 hanc
1367 3495 1564 3566 quippe
1592 3497 1960 3567 unusquisque
1990 3507 2139 3555 tanto

551 3587 746 3645 melius
774 3588 843 3641 ad
871 3587 1082 3643 culmen
1103 3585 1360 3640 virtutum
1386 3588 1650 3656 pervenit,
1677 3598 1883 3656 quanto
1911 3606 2008 3660 per
2038 3606 2137 3646 ne-

551 3678 928 3749 gligentiarum
957 3677 1214 3733 circuitus
1242 3695 1349 3734 non
1378 3679 1612 3734 divertit.
1660 3679 1786 3738 llrec
1815 3683 2026 3753 quidem
2052 3674 2134 3739 via

553 3775 700 3824 recta
753 3767 808 3822 in
839 3766 928 3821 illa
974 3767 1314 3837 exprimitur,
1362 3783 1458 3840 per
1512 3785 1672 3839 quam
1716 3773 1974 3829 Dominus
2002 3775 2139 3832 filios

551 3855 717 3914 Israel
738 3857 935 3914 ducere
957 3858 1025 3912 ad
1056 3867 1253 3913 terram
1300 3860 1671 3930 promissionis
1690 3864 1924 3918 voluisse
1951 3855 2135 3936 pe'rhi-

549 3947 730 4004 betur.
761 3946 944 4003 Voluit
965 3948 1164 4020 qnippe
1189 3948 1292 4003 illis
1309 3949 1526 4005 labores
1547 3951 1745 4008 deserti
1778 3955 2132 4026 committere,

549 4050 612 4098 ut
631 4043 785 4098 nobis
806 4051 928 4113 post
957 4042 1214 4114 unigeniti
1257 4043 1338 4099 sui
1367 4045 1590 4114 vestigia
1624 4047 1987 4116 gradientibus
2014 4067 2137 4107 cur-

548 4151 668 4193 sum
698 4135 831 4190 tanti
861 4135 1068 4191 itineris
1089 4134 1369 4206 levigaret.
1422 4137 1537 4192 Non
1568 4139 1709 4195 enim
1738 4140 1914 4198 adhuc
1948 4143 2135 4199 audire

547 4236 838 4299 poterant:
891 4226 955 4282 Si
997 4227 1071 4281 vis
1117 4227 1280 4298 278
1335 4231 1592 4301 perfectus
1638 4247 1784 4297 esse,
1823 4233 1980 4288 vende
2019 4253 2134 4307 qua:

550 4311 728 4383 habes,
776 4325 825 4369 et
870 4315 938 4369 da
967 4316 1298 4385 pauperibus,
1346 4325 1396 4371 et
1445 4334 1654 4390 sequere
1688 4338 1799 4387 me;
1851 4332 1900 4377 et
1923 4322 2132 4379 habebis

549 4408 842 4463 thesaurum
878 4407 936 4460 in
974 4406 1097 4460 caelo
1140 4406 1355 4478 (Matth.
1391 4424 1503 4476 xix,
1530 4409 1646 4481 21).
1705 4413 1838 4468 Dum
1889 4417 2030 4472 enim
2062 4418 2129 4472 li-

549 4497 728 4552 centia
749 4512 927 4553 rerum
949 4498 1323 4570 temporalium
1361 4508 1516 4556 vetus
1536 4504 1764 4574 populus
1791 4521 1889 4577 per
1918 4508 2128 4566 diversa

544 4590 892 4655 discurreret,
940 4591 1094 4662 quasi
1128 4607 1226 4662 per
1252 4593 1532 4651 circuitum
1579 4597 1778 4655 laboris
1830 4599 1897 4655 ad
1928 4611 2128 4659 terram

2236 3397 2505 3467 jubetur:
2553 3397 2734 3456 Nolite
2789 3403 2935 3472 pueri
2974 3403 3114 3473 efﬁci
3161 3404 3395 3459 sensibus
3421 3446 3437 3472 ,
3493 3406 3586 3459 sed
3632 3406 3826 3460 malitia

2240 3491 2442 3560 paruuli
2479 3499 2638 3546 estote
2667 3489 2721 3564 (Ι
2741 3491 2863 3548 Cor.
2893 3508 3004 3559 xrv,
3037 3493 3151 3566 20).
3179 3494 3335 3562 Quod
3364 3504 3514 3552 certe
3542 3507 3599 3552 et
3645 3495 3826 3552 Eccle-

2242 3586 2442 3640 siarum
2483 3587 2790 3657 pastoribus
2816 3588 2927 3657 ipsa
2959 3587 3170 3644 Veritas
3194 3591 3570 3655 comminatur,
3603 3589 3819 3645 dicens:

2241 3673 2365 3733 Nisi
2394 3681 2623 3734 conversi
2653 3681 2856 3751 fueritis
2876 3690 2924 3734 et
2963 3683 3269 3751 efﬁciamini
3293 3683 3425 3738 sicut
3445 3685 3667 3754 parvuli,
3721 3701 3818 3738 non

2239 3771 2500 3826 intrabitis
2530 3774 2584 3827 in
2629 3789 2842 3845 regnum
2891 3775 3131 3830 caelorum
3189 3775 3402 3848 (Matth.
3444 3793 3596 3847 xvm,
3627 3778 3706 3848 5).
3751 3777 3824 3832 De

2238 3877 2366 3933 rege
2392 3878 2541 3933 ergo,
2570 3865 2662 3934 qui
2691 3865 2837 3936 prius
2859 3867 3054 3934 bonus,
3079 3879 3266 3938 postea
3297 3869 3469 3925 malus
3487 3871 3720 3939 exstitit,
3746 3871 3822 3925 di-

2238 3958 2404 4014 citur:
2437 3959 2563 4027 quia
2592 3960 2748 4013 unius
2787 3959 2912 4014 anni
2962 3960 3077 4028 fuit,
3111 3977 3233 4016 cum
3281 3964 3445 4033 coapit
3492 3979 3743 4033 regnare,
3770 3969 3822 4017 et

2237 4047 2446 4104 duobus
2471 4050 2625 4104 annis
2674 4052 2934 4119 regnavit.
2981 4049 3130 4107 Licet
3159 4052 3301 4107 enim
3324 4053 3507 4109 multis
3549 4055 3708 4109 annis
3736 4069 3818 4108 re-

2238 4143 2505 4212 gnaverit,
2541 4142 2645 4199 illis
2673 4143 2803 4200 solis
2828 4158 3056 4214 regnare
3085 4145 3304 4212 dicitur,
3339 4147 3393 4200 in
3440 4147 3637 4217 quibus
3664 4149 3817 4202 inno-

2236 4246 2366 4287 cens
2391 4241 2445 4288 et
2465 4233 2680 4288 humilis
2703 4233 2864 4289 fuisse
2890 4235 3225 4304 perhibetur.
3245 4235 3387 4290 lNam
3418 4246 3610 4309 postea
3634 4256 3817 4310 super-

2234 4323 2335 4378 bus
2361 4334 2415 4378 et
2444 4324 2758 4380 inobediens
2784 4326 2986 4380 audivit
3014 4343 3028 4379 :
3075 4324 3210 4391 Quia
3237 4329 3503 4399 projecisti
3532 4349 3816 4387 sermonem

2232 4413 2469 4483 Domini,
2515 4417 2732 4488 projecit
2761 4425 2811 4472 te
2837 4417 3112 4483 Dominus,
3143 4436 3208 4474 ne
3228 4423 3301 4475 sis
3323 4438 3416 4476 rex
3471 4422 3527 4494 (I
3563 4423 3696 4498 Reg.
3733 4443 3813 4492 ιν,

2232 4505 2343 4578 36).
2374 4507 2445 4562 Se
2473 4508 2689 4577 quidem
2718 4524 2749 4562 a
2772 4523 2938 4577 regno
2964 4509 3264 4580 projectum
3295 4513 3588 4582 cognovit,
3649 4525 3706 4571 et
3734 4525 3814 4569 ta-

2229 4617 2354 4656 men
2409 4601 2684 4673 projectus
2712 4615 2939 4672 regnare
2983 4619 3089 4659 non
3119 4605 3314 4660 timuit.
3375 4605 3590 4673 Quanta
3630 4617 3815 4678 postea

543 4685 920 4757 promissionis
946 4685 1053 4741 cito
1075 4686 1197 4743 duci
1219 4703 1326 4744 non
1354 4690 1548 4759 potuit.
1583 4689 1654 4746 Ut
1683 4706 1811 4763 ergo
1841 4697 1996 4753 nobis
2022 4714 2124 4754 no~
2156 4693 2202 4753 D
2229 4692 2442 4750 fortiter
2469 4693 2611 4761 egit?
2644 4691 2748 4747 Sed
2779 4708 2908 4749 ecce
2954 4694 3133 4750 omnia
3163 4695 3253 4751 illa
3307 4704 3556 4766 tempora
3614 4698 3681 4752 ad
3721 4713 3815 4754 re-

543 4792 626 4832 vae
650 4777 774 4832 vita:
804 4779 941 4834 viam
960 4779 1228 4851 propheta
1256 4779 1508 4849 insinuet,
1542 4783 1684 4839 viam
1705 4785 1902 4841 bonam
1929 4796 1984 4844 et
2036 4805 2127 4846 re-

545 4876 687 4925 ctam
709 4885 828 4928 esse
847 4870 995 4937 dicit,
1028 4879 1082 4928 et
1111 4871 1280 4927 Deum
1309 4881 1574 4941 metuere,
1624 4885 1679 4931 et
1710 4877 1760 4938 ei
1791 4879 1843 4933 in
1874 4883 2123 4948 veritate,

545 4968 602 5015 et
630 4975 698 5016 ex
717 4968 834 5018 toto
862 4963 1025 5019 corde
1043 4963 1249 5019 servire
1274 4981 1286 5016 :
1317 4965 1443 5034 quia
1471 4965 1539 5020 ad
1574 4967 1958 5024 sublimitatem
1989 4973 2125 5028 divi-

541 5065 624 5106 nae
645 5051 827 5119 gratia:
853 5052 964 5108 cito
992 5051 1332 5123 perveniunt,
1376 5054 1466 5124 qui
1504 5056 1927 5127 omnipotentem
1956 5060 2123 5116 Deum

539 5150 599 5200 ct
623 5145 766 5200 bono
795 5159 982 5215 opere,
1039 5156 1095 5201 et
1142 5143 1475 5202 ferventibus
1519 5146 1798 5204 desideriis
1846 5149 2116 5221 inquirere

538 5253 650 5294 non
678 5237 962 5294 desistunt.
987 5236 1054 5292 Et
1067 5239 1193 5307 quia
1213 5239 1462 5295 eumdem
1485 5242 1742 5312 populum
1763 5245 1828 5296 ad
1850 5245 2116 5305 audienda

537 5328 933 5399 praedicationis
951 5328 1115 5384 verba
1143 5344 1242 5400 per
1267 5331 1582 5387 miraculum
1607 5341 1867 5391 attentum
1891 5337 2113 5409 fecerat,

537 5417 718 5474 subdit
741 5436 754 5472 :

608 5505 922 5577 (Vers.24.)
971 5507 1189 5565 Vidistis
1234 5510 1372 5566 enim
1399 5514 1694 5584 magniﬁca,
1745 5533 1860 5587 quae
1886 5519 1942 5574 in
1968 5521 2113 5578 nobis

543 5597 755 5668 gesserit
782 5597 1059 5654 Dominus.

607 5767 630 5795 ι
658 5754 854 5836 Qrdine
877 5769 1201 5836 praepostero
1221 5763 1284 5836 _in
1310 5763 1431 5836 aliis
1460 5762 1597 5819 Edit.
1643 5764 1839 5836 legitur
1871 5787 1883 5821 :
1916 5769 2114 5827 Seruite

539 5823 757 5883 Domino
783 5838 831 5881 et
858 5823 1030 5881 timete
1057 5847 1189 5884 eum.
1221 5831 1279 5885 ln
1310 5832 1472 5888 Hebr.
1522 5845 1673 5891 textu
1697 5823 1757 5892 ἒι
1780 5838 1834 5892 in
1864 5823 2110 5898 omnibus

543 5898 893 5964 rersiouibus,
940 5898 1101 5956 timor
1140 5903 1512 5971 praemittitur.
1563 5905 1652 5961 Sic
1703 5908 1866 5964 etiam
1915 5910 2109 5978 legisse

2225 4798 2387 4854 gnum
2418 4786 2467 4840 ei
2497 4785 2752 4855 deputata
2774 4802 2884 4841 non
2913 4795 3058 4843 sunt.
3080 4786 3177 4843 Illo
3198 4802 3327 4859 ergo
3354 4790 3529 4844 solum
3569 4799 3816 4861 tempore

2223 4887 2340 4935 nos'
2353 4879 2553 4934 vixisse
2582 4880 2937 4949 gaudeamus,
2965 4895 3074 4950 quo
3103 4881 3422 4936 innocenter
3447 4892 3505 4936 et
3533 4883 3814 4939 humiliter

2223 4971 2476 5026 viximus.
2510 4971 2643 5025 Nam
2674 4971 2764 5024 illa
2793 4979 3057 5040 tempora,
3089 4985 3209 5040 que
3231 4971 3285 5026 in
3327 4974 3510 5029 smeuli
3549 4977 3810 5040 vanitate,

2223 5070 2279 5118 et
2302 5060 2446 5116 ﬂuxa
2476 5060 2654 5116 carnis
2679 5061 2789 5116 vita
2810 5061 3262 5131 consumpsimus,
3293 5065 3445 5133 quasi
3477 5067 3691 5135 perdita
3713 5067 3812 5120 mi-

2222 5153 2370 5208 nime
2399 5159 2784 5207 memorantur.
2829 5150 2967 5206 Sunt
3005 5149 3179 5208 adhuc
3207 5167 3443 5223 quoque.
3505 5156 3598 5225 qui
3629 5157 3699 5211 ad
3727 5171 3813 5210 ra-

2223 5246 2479 5316 piendum
2532 5246 2746 5300 culmen
2800 5251 3000 5300 sanctae
3050 5243 3310 5301 Ecclesiae
3349 5245 3712 5315 ingeruntur:
3746 5247 3812 5302 de

2223 5338 2416 5408 quibus
2444 5352 2542 5408 per
2568 5337 2888 5407 prophetam
2936 5337 3098 5408 279
3145 5336 3403 5393 Dominus
3429 5339 3697 5407 queritur,
3731 5338 3813 5392 di-

2223 5445 2352 5488 cens
2381 5448 2393 5486 :
2428 5430 2810 5502 Regnaverunt,
2839 5436 2889 5484 et
2921 5445 3026 5483 non
3047 5444 3111 5483 ea:
3141 5445 3223 5484 me
3245 5445 3264 5484 :
3289 5432 3548 5501 principes
3593 5434 3810 5487 exstite-

2213 5533 2354 5592 runt,
2387 5532 2437 5579 et
2464 5541 2555 5595 ego
2576 5524 2810 5595 ignoraui
2833 5522 2989 5595 (Osee
3016 5539 3129 5591 vm,
3157 5522 3234 5594 4).
3268 5522 3367 5590 Qui
3393 5524 3644 5580 nimirum
3679 5528 3806 5581 dum

2216 5619 2460 5692 quaedam
2509 5618 2720 5673 fortiter
2753 5625 2940 5686 agunt,
2997 5617 3239 5688 rapinam
3297 5616 3468 5672 invasi
3497 5619 3807 5677 culminis:

2217 5775 2556 5845 Gregorium,
2598 5774 2796 5846 liquet;
2850 5787 2972 5829 cum
2999 5787 3065 5829 ea
3085 5774 3249 5830 verba
3271 5775 3618 5848 exponendo,
3649 5777 3805 5848 prius

2215 5848 2395 5904 dicat:
2429 5863 2518 5918 per
2561 5845 2813 5914 timorem,
2855 5853 2986 5913 etc.,
3019 5855 3208 5915 postea
3237 5845 3548 5914 :,seruiendo
3579 5845 3668 5915 ei,‘
3687 5855 3799 5903 etc.
