4020 6344
268 345 371 407 5‘57

1087 343 1155 401 IN
1193 342 1458 403 PRIMUM
1497 340 1734 401 REGUM
1774 335 2280 426 EXPOSITIQNES.
2321 365 2391 381 —-
2429 335 2558 394 LIB.
2599 334 2666 395 γ.

263 471 378 525 Deo
412 464 668 524 oblivioni
690 461 939 519 traditam
965 461 1312 519 arbitrantur.
1341 462 1538 520 Secum
1564 474 1659 517 sua
1681 473 1849 531 opera
1876 455 1933 518 Α
1955 471 2074 512 rum
2096 455 2162 514 de
2184 455 2370 523 lsrael,
2399 453 2465 510 ad
2490 453 2745 523 virgines,
2775 458 2830 510 et
2859 450 3216 519 continentes,
3264 460 3322 509 et
3339 452 3544 509 verita-

263 567 573 628 uumerant,
597 567 652 614 et
678 556 820 628 quod
851 563 1044 628 praeter
1064 554 1234 612 Deum
1260 564 1444 626 agunt,
1476 569 1508 610 a
1529 554 1642 610 Deo
1666 567 1848 610 remu-

263 653 562 711 nerandum
590 657 803 722 putant.
857 649 958 716 Qui
1007 659 1174 715 certe,
1220 659 1281 706 ut
1325 648 1525 706 rectius
1567 662 1670 715 ea,
1730 662 1850 719 quae

263 758 451 818 agunt,
476 752 811 811 enumerent,
837 743 965 799 Saul
986 743 1180 813 abjecti
1208 751 1289 800 tot
1317 742 1476 799 fortia
1496 743 1637 798 facta
1661 755 1851 796 nume-

261 851 408 907 rent,
439 853 558 909 quaa
585 838 796 894 divinus
822 850 1074 891 numerus
1097 851 1431 906 nequaquam
1465 838 1632 891 tenet.
1685 833 1852 889 Dicat

261 948 392 1002 ergo
413 933 542 988 Saul
568 950 580 984 :
609 929 822 985 Duobus
853 931 1005 984 annis
1027 930 1260 1000 regnauit
1285 945 1440 1000 super
1470 925 1661 995 Israel,
1695 933 1756 982 ut
1783 925 1852 983 de

260 1025 513 1082 omnibus
539 1023 805 1079 sentiatur
841 1040 854 1076 :
886 1023 1011 1092 quia
1051 1021 1199 1091 quod
1235 1020 1392 1077 nobis
1430 1021 1679 1086 vivimus,
1709 1034 1852 1074 mer-

260 1116 397 1172 cede
418 1123 711 1181 vacuatur;
743 1123 799 1170 et
827 1114 1075 1184 nequiter
1123 1128 1375 1184 praeesse,
1424 1128 1532 1169 non
1577 1119 1661 1168 est
1706 1109 1852 1166 veri-

261 1215 349 1264 tas
397 1206 796 1278 praeeminendi,
854 1206 951 1263 sed
982 1205 1256 1262 temeritas
1283 1205 1567 1276 punienda:
1590 1219 1852 1276 praesum-

261 1299 486 1370 ptionis.
556 1297 663 1355 Sed
724 1299 834 1368 jam
885 1297 1015 1368 quid
1063 1297 1223 1354 unius
1277 1298 1405 1352 anni
1459 1313 1557 1354 rex
1622 1296 1850 1365 fecerit,

265 1388 566 1453 audiamus.

335 1484 512 1555 (Yers.
545 1483 625 1554 2.)
675 1483 743 1538 Et
782 1485 934 1557 elegit
984 1485 1118 1540 Saul
1147 1484 1248 1538 tria
1277 1484 1444 1538 millia
1471 1483 1533 1538 de
1563 1481 1752 1552 Israel,
1805 1491 1855 1536 et

261 1585 412 1630 erant
440 1592 556 1630 cum
585 1575 718 1631 Saul
765 1577 866 1631 duo
897 1576 1065 1631 millia
1093 1578 1147 1632 in
1179 1576 1441 1646 Magmas,
1488 1584 1537 1630 et
1577 1577 1633 1629 in
1680 1582 1854 1630 monte

262 1666 476 1734 Bethel;
508 1668 650 1722 mille
678 1677 849 1723 autem
870 1686 986 1723 cum
1011 1661 1242 1724 Jonatha
1269 1670 1324 1724 in
1347 1668 1528 1724 Gabaa
1551 1667 1849 1740 Benjamin.

335 1759 389 1813 Ξ.
444 1757 774 1816 Millenarius
801 1776 1080 1828 numerus,
1131 1761 1224 1832 qui
1264 1776 1296 1816 a
1324 1763 1638 1818 centenario
1670 1760 1854 1816 decies

1949 548 2020 603 tis
2047 547 2361 604 defensores
2386 546 2690 603 retulimus.
2724 544 2862 600 Dum
2886 558 3017 614 ergo
3045 543 3311 600 columba:
3337 543 3542 602 donum

1955 635 2216 695 Jonathas
2234 637 2449 706 dicitur,
2503 645 2558 693 et
2591 637 2644 692 in
2671 633 2873 702 Gabaa,
2906 633 2961 690 id
2987 643 3069 689 est
3111 632 3345 701 sublimi,
3399 634 3552 692 mille

1952 745 2076 788 cum
2102 744 2170 785 eo
2191 744 2310 786 esse
2346 729 2449 785 viri
2479 727 2859 799 perhibentur:
2885 725 3014 796 quid
3042 725 3208 793 aliud,
3231 740 3394 795 quam
3425 725 3551 782 illos

1952 821 2211 889 insinuat;
2240 821 2332 892 qui
2359 819 2689 876 lucidissime
2719 819 2880 890 280
2927 816 3253 884 virginitatis
3274 816 3549 887 exemplo,

1953 913 2072 970 aliis
2098 912 2343 984 praebent
2361 910 2601 981 ejusdem
2628 924 2874 966 normam
2903 906 3163 978 pudoris?
3192 905 3339 962 Bene
3367 913 3550 962 autem

1952 1004 2218 1063 columba:
2244 1003 2464 1070 donum,
2513 1001 2788 1057 institutor
2835 998 3100 1067 virginum
3131 996 3328 1053 dicitur
3370 1013 3386 1050 :
3419 995 3547 1067 quia

1952 1096 2580 1168 incomparabiliggratia
2637 1093 2868 1164 Spiritus
2907 1092 3081 1149 sancti
3127 1091 3380 1160 efficitur,
3424 1097 3486 1145 ut
3515 1104 3551 1146 ι

1953 1189 2296 1244 manentibus
2343 1187 2399 1243 in
2454 1202 2637 1253 carne,
2692 1185 2871 1242 carnis
2923 1185 3204 1256 corruptio
3251 1182 3551 1240 nesciatur.

1955 1278 2101 1335 Bene
2127 1287 2182 1334 et
2210 1279 2264 1334 in
2285 1277 2499 1333 sublimi
2528 1292 2649 1333 esse
2671 1276 2904 1345 virgines
2932 1275 3216 1330 dicuntur:
3248 1274 3376 1345 quia
3400 1270 3550 1344 quod

1956 1377 2208 1424 naturam
2237 1368 2530 1424 humanam
2559 1367 2985 1439 supergreditur,
3012 1367 3065 1421 in
3095 1365 3355 1422 altissimo
3384 1365 3556 1420 virtu-

1957 1472 2071 1518 tum
2096 1462 2330 1519 culmine
2385 1462 2549 1518 situm
2585 1470 2687 1517 est.
2742 1459 2897 1516 Unde
2924 1469 2980 1516 et
3029 1460 3185 1539 virgo.
3211 1459 3300 1514 ille
3325 1458 3557 1514 dilectus

1959 1559 2086 1617 Jesu
2134 1562 2317 1617 locum
2372 1559 2638 1628 virginum
2687 1555 2984 1618 insinuans,
3035 1554 3114 1607 ait
3163 1570 3177 1607 :
3227 1552 3351 1607 Vidi
3394 1569 3558 1624 supra

1959 1662 2185 1708 montem
2208 1653 2340 1708 Sion
2366 1667 2560 1722 agnum
2588 1657 2832 1712 stantem,
2876 1657 2926 1701 et
2950 1662 3064 1701 cum
3085 1662 3143 1699 eo
3185 1654 3388 1700 centum
3425 1661 3558 1716 qua-

1962 1744 2207 1816 draginta
2233 1752 2454 1814 quatuor
2473 1741 2663 1808 millia,
2720 1738 2962 1796 habentia
2991 1755 3177 1793 nomen
3199 1738 3334 1810 ejus,
3393 1745 3443 1790 et
3471 1751 3562 1790 no-

261 1851 494 1908 collecto
528 1852 825 1922 perficitur,
881 1831 1156 1910 summam
1196 1854 1548 1924 perfectionis
1593 1852 1852 1908 insinuat.

1969 1855 2080 1894 men
2107 1838 2269 1907 patris
2291 1837 2402 1908 ejus
2429 1837 2678 1904 scriptum
2697 1835 2754 1888 in
2802 1832 3058 1905 frontibus
3081 1831 3189 1886 suis
3233 1832 3417 1900 (Apoc.
3442 1843 3559 1898 λιν,

263 1942 368 2008 Qui
423 1941 668 2011 profecto
721 1959 846 2000 cum
887 1953 972 2000 ter
1013 1946 1300 2017 repetitur,
1354 1947 1409 2001 in
1455 1961 1522 2002 eo
1562 1945 1860 2002 electorum

265 2034 631 2105 perfectiones
651 2037 815 2093 varia:
834 2037 1202 2108 designantur.
1246 2039 1376 2095 Saul
1409 2054 1538 2111 ergo
1565 2040 1670 2095 tria
1692 2040 1859 2096 millia

264 2125 511 2182 virorum
534 2129 601 2185 de
644 2128 811 2184 lsrael
848 2129 1010 2199 elegit
1042 2149 1055 2185 :
1085 2132 1210 2201 quia
1250 2132 1573 2204 praedicator
1618 2134 1862 2188 veritatis

268 2219 343 2274 ad
370 2217 732 2276 defensionem
760 2228 959 2277 sanctae
980 2221 1234 2278 Ecclesia:
1263 2238 1371 2278 non
1415 2221 1659 2278 inﬁrmos
1687 2231 1743 2278 et
1763 2223 1860 2278 de-

267 2307 430 2376 biles,
457 2309 556 2366 sed
587 2311 845 2368 robustos
898 2322 953 2368 et
980 2313 1188 2370 validos
1213 2315 1508 2371 bellatores
1537 2315 1703 2371 ducit.
1737 2314 1864 2370 Tria

270 2401 474 2472 quippe
501 2402 667 2458 millia
693 2418 814 2460 esse
833 2405 1187 2476 perhibentur
1220 2425 1234 2461 :
1265 2407 1391 2478 quia
1413 2407 1468 2462 in
1498 2423 1708 2463 summa
1739 2424 1865 2479 per-

268 2491 521 2551 fectionis
561 2495 727 2564 facie,
781 2497 1016 2567 virgines
1057 2498 1336 2571 proferunt
1368 2499 1562 2572 :juxta
1617 2517 1756 2572 quos
1809 2510 1867 2559 et

271 2586 634 2654 continentes,
693 2597 748 2644 et
793 2591 1034 2646 veritatis
1087 2592 1397 2650 defensores
1448 2601 1676 2664 ponunt.
1729 2593 1865 2648 Dum

277 2676 426 2732 enim
453 2679 701 2749 exemplo
721 2681 986 2752 virginum
1035 2682 1104 2737 ad
1133 2699 1399 2738 summam
1447 2684 1868 2757 incorruptionis

278 2767 418 2824 alios
446 2768 770 2840 accendunt,
793 2771 922 2828 dum
961 2774 1354 2831 continentium
1381 2775 1490 2831 vita
1521 2777 1656 2832 alios
1704 2792 1736 2831 a
1763 2791 1868 2831 sa:-

274 2858 384 2914 culi
409 2862 844 2932 corruptionibus
865 2864 1132 2932 auferunt,
1153 2866 1282 2921 dum
1309 2867 1594 2924 humilium
1623 2868 1870 2924 debilita-

279 2957 395 3006 tem
426 2967 522 3022 per
546 2955 744 3011 auxilia
774 2959 1075 3028 potentium
1104 2960 1419 3029 defendunt,
1466 2973 1654 3018 contra
1683 2963 1869 3019 hostes

277 3052 484 3099 sancta:
509 3045 768 3104 Ecclesia:
797 3050 921 3105 boni
945 3051 1197 3108 doctores
1218 3055 1372 3124 quasi
1403 3071 1525 3110 cum
1562 3055 1732 3111 tribus
1760 3055 1872 3112 ele-

281 3142 493 3190 ctorum
542 3139 780 3194 virorum
821 3140 1059 3198 millibus
1106 3143 1352 3199 veniunt.
1403 3143 1516 3200 Viri
1557 3152 1740 3202 autem
1785 3145 1870 3200 di-

1967 1928 2045 2001 1).
2071 1927 2220 1996 Quos
2241 1928 2401 1982 etiam
2435 1942 2502 1981 ex
2530 1925 2652 1980 luce
2703 1922 2938 1994 propriae
2964 1920 3391 1978 conversationis
3433 1917 3562 1973 insi-

1967 2031 2118 2085 nuat,
2148 2020 2333 2076 dicens
2366 2036 2379 2074 :
2413 2017 2485 2072 lli
2513 2025 2652 2084 sunt,
2706 2016 2791 2087 qui
2825 2030 2942 2068 cum
2962 2009 3258 2066 mulieribus
3289 2027 3394 2067 non
3442 2014 3568 2064 sunt

1967 2112 2307 2183 coinquinati,
2349 2111 2571 2182 virgines
2599 2107 2739 2162 enim
2766 2114 2906 2172 sunt,
2953 2115 3004 2160 et
3052 2111 3334 2176 sequuntur
3373 2119 3568 2174 agnum

1967 2221 2282 2279 quocumque
2324 2203 2442 2259 ierit
2495 2200 2784 2275 (Ibid.,4).
2840 2199 2899 2255 In
2929 2205 3119 2255 monte
3175 2195 3394 2268 quidem
3444 2209 3569 2253 esse

1968 2315 2092 2356 cum
2114 2312 2252 2368 agno
2271 2297 2552 2363 dicuntur;
2583 2295 2709 2366 quia
2733 2310 2832 2365 per
2846 2293 3098 2349 meritum
3118 2289 3566 2362 incorruptionis,

1969 2406 2078 2461 quo
2105 2406 2137 2445 a
2161 2391 2386 2446 terrenis
2412 2398 2468 2445 et
2507 2388 2813 2444 carnalibus
2861 2385 3314 2444 delectationibus
3343 2398 3404 2440 se
3432 2381 3569 2438 divi-

1968 2481 2123 2547 dunt,
2167 2482 2222 2536 in
2247 2496 2483 2553 superna
2535 2478 2916 2549 Redemptoris
2961 2478 3135 2548 gloria
3179 2476 3562 2535 sublimantur.

1969 2572 2108 2629 Cum
2136 2571 2266 2629 Saul
2287 2588 2416 2629 vero
2449 2573 2557 2628 duo
2589 2573 2756 2627 millia
2775 2588 2896 2629 esse
2925 2571 3180 2628 dicuntur
3209 2571 3264 2627 in
3302 2567 3564 2640 Magmas,

1972 2672 2028 2719 et
2058 2665 2113 2720 in
2140 2674 2326 2719 monte
2352 2662 2560 2720 Bethel.
2586 2662 2824 2734 Magmas
2850 2678 2970 2733 quae
2999 2662 3272 2719 humilitas
3300 2661 3570 2732 interpre-

1971 2761 2141 2817 tatur,
2172 2752 2302 2824 quid
2330 2752 2496 2821 aliud,
2518 2767 2679 2821 quam
2702 2753 3096 2810 continentium
3117 2752 3370 2808 ruborem
3396 2750 3570 2819 signi-

1974 2844 2135 2899 ﬁcat?
2162 2841 2298 2898 Nam
2318 2843 2443 2898 dum
2470 2843 2744 2914 praeterita
2770 2843 2950 2899 carnis
2978 2842 3382 2899 oblectamenta
3409 2855 3571 2897 reco-

1973 2935 2113 3004 lunt,
2169 2937 2518 2994 erubescunt.
2573 2935 2681 2993 Sed
2727 2937 2856 3008 quia
2905 2936 3007 2993 viri
3055 2935 3224 2993 fortes
3250 2944 3400 3005 sunt,
3443 2949 3570 2991 cum

1975 3025 2106 3081 Saul
2133 3042 2254 3083 esse
2281 3026 2588 3084 referuntur
2618 3031 2639 3095 ;‘
2664 3036 2720 3084 et
2743 3027 2869 3084 dum
2892 3034 3118 3099 experta
3152 3026 3338 3084 szeculi
3359 3025 3573 3083 blandi-

1973 3126 2157 3173 menta
2185 3117 2510 3189 despiciunt,
2548 3119 2806 3190 exemplo
2831 3135 2945 3175 suae
2983 3119 3200 3176 virtutis
3249 3119 3570 3177 innumeros

278 3237 478 3286 cuntur
504 3247 604 3303 pro
625 3233 960 3305 fortitudine,
989 3236 1058 3292 de
1079 3236 1241 3293 lsrael
1275 3251 1396 3292 esse
1419 3236 1725 3293 referuntur
1766 3254 1866 3308 pro
1896 3245 1943 3307 C
1976 3209 2118 3266 alios
2145 3209 2236 3308 3‘1
2272 3210 2521 3308 ej“3d°_m_
2561 3212 2745 3308 sfw“
2773 3219 3150 3308 θθηίῗωρωω
3173 3212 3418 3308 ίτθξωω·
3459 3211 3572 3269 Sed

279 3319 462 3376 divina
509 3327 984 3396 contemplatione.
1041 3327 1100 3383 ln
1141 3343 1354 3384 summo
1385 3330 1529 3384 enim
1551 3328 1870 3387 defectionis

279 3429 508 3471 numero
537 3419 802 3474 contineri
851 3437 959 3477 non
1012 3430 1210 3492 potest,
1255 3423 1349 3492 qui
1378 3431 1472 3478 aut
1497 3425 1694 3480 virtute
1719 3433 1871 3482 caret

276 3508 458 3577 magni
490 3509 691 3578 operis,
724 3519 816 3566 aut
837 3512 1027 3568 notitia
1075 3497 1314 3569 internae.
1328 3513 1570 3572 visionis.
1610 3515 1763 3582 Quid
1785 3524 1871 3572 est

275 3603 424 3667 quod
447 3598 540 3653 alii
561 3614 683 3654 cum
703 3599 852 3666 Saul,
902 3601 994 3657 alii
1022 3617 1144 3658 cum
1170 3602 1404 3660 Jonatha
1433 3619 1502 3661 ex
1526 3604 1714 3662 electis
1738 3605 1869 3661 viris

279 3703 402 3744 esse
429 3689 825 3759 perhibentur?
878 3692 986 3750 Sed
1014 3702 1072 3750 et
1097 3695 1214 3765 ipsa
1241 3698 1486 3753 locorum
1525 3712 1764 3766 nomina,
1811 3697 1870 3754 in

276 3777 476 3847 quibus
503 3795 624 3836 esse
647 3780 918 3851 dicuntur,
951 3788 1219 3857 mysteriis
1240 3804 1408 3844 vacua
1459 3789 1734 3850 credenda
1759 3805 1866 3847 non

275 3879 423 3926 sunt.
458 3871 740 3942 Jonathas,
792 3879 882 3948 qui
937 3878 1074 3936 filius
1094 3881 1237 3952 regis
1263 3896 1384 3936 esse
1413 3878 1758 3953 describitur,
1814 3892 1872 3940 et

280 3970 495 4029 partem
518 3965 843 4023 bellatorum
871 3967 1058 4036 habet,
1083 3986 1180 4028 eos
1211 3969 1461 4042 profecto
1489 3973 1746 4040 insinuat,
1775 3975 1869 4046 qui

282 4053 342 4105 in
360 4057 748 4121 praedicationis
778 4061 1079 4118 ministerio
1103 4057 1384 4119 doctorum
1411 4064 1689 4134 adjutores
1717 4075 1865 4124 sunt.

275 4141 404 4196 Filii
432 4146 623 4216 quippe
652 4165 842 4206 eorum
886 4160 1013 4207 sunt
1045 4170 1057 4206 :
1094 4155 1220 4222 quia
1247 4155 1599 4212 vehementer
1624 4173 1718 4214 eos
1745 4157 1868 4214 dili-

277 4247 440 4304 gunt,
463 4255 690 4307 quorum
713 4242 1013 4300 ministerio
1043 4244 1156 4300 Deo
1183 4256 1532 4315 generantur.
1593 4249 1697 4305 Sed
1726 4251 1871 4320 parti

277 4324 605 4385 bellatorum
657 4343 936 4403 praesunt:
985 4338 1110 4406 quia
1159 4347 1356 4394 sancta:
1385 4338 1641 4395 Ecclesiae
1682 4357 1870 4398 curam

277 4430 498 4486 gerunt,
552 4433 608 4478 et
630 4428 879 4496 exemplo
918 4428 1072 4494 alios,
1128 4428 1264 4484 alios
1292 4445 1420 4486 vero
1475 4432 1872 4489 exhortationi-

276 4510 381 4566 bus
411 4513 476 4566 ad
499 4530 735 4571 amorem
755 4519 1011 4574 virtutum
1033 4521 1354 4591 provehunt.
1385 4523 1548 4590 Quasi
1577 4528 1719 4581 enim
1749 4545 1868 4583 ma-

271 4613 416 4669 gnus
442 4620 539 4659 rex
569 4607 735 4663 tilium
760 4610 812 4664 in
836 4614 1131 4668 exercitum
1161 4617 1409 4682 miserat,
1440 4618 1531 4686 qui
1573 4617 1869 4679 Corinthiis
1897 4633 1953 4694 D

273 4693 620 4764 loquebatur,
662 4700 890 4758 dicens:
944 4703 1073 4760 Ideo
1105 4708 1224 4761 misi
1269 4709 1339 4762 ad
1385 4727 1471 4765 vos
1519 4711 1866 4780 Timotheum,

271 4787 368 4856 qui
397 4799 472 4841 est
495 4791 634 4858 ﬁlius
664 4811 804 4849 meus
847 4797 1196 4864 charissimus.
1223 4811 1272 4856 et
1292 4803 1484 4871 ﬁdelis,
1510 4805 1565 4858 in
1593 4805 1817 4864 Domino
1847 4824 1866 4861 :

272 4894 364 4948 qui
399 4895 483 4934 eos
513 4889 938 4958 commonefaciat
968 4891 1072 4944 vias
1098 4909 1258 4960 meas,
1284 4911 1397 4966 qua:
1425 4907 1543 4950 sunt
1573 4899 1626 4951 in
1662 4898 1867 4956 Christo

272 4967 426 5036 Jesu,
457 4974 586 5026 sicut
615 4978 669 5029 in
700 4979 935 5034 omnibus
974 4980 1224 5037 Ecclesiis
1275 4999 1573 5042 sanctorum
1625 4992 1782 5045 doceo
1813 4992 1867 5064 (1

275 5058 403 5114 Cor.
432 5079 500 5130 iv,
528 5065 636 5136 17).
665 5068 801 5126 Hinc
822 5072 947 5128 item
979 5072 1142 5129 dicit:
1177 5076 1305 5131 Cum
1327 5081 1517 5134 venerit
1549 5058 1865 5150 Timotheus.

273 5152 450 5212 videte
475 5166 530 5210 ut
556 5160 666 5215 sine
697 5164 876 5218 timore
903 5167 972 5220 sit
999 5168 1140 5237 apud
1168 5185 1291 5224 vos:
1322 5173 1613 5239 apusenim
1657 5174 1870 5230 Domini

276 5259 545 5319 operatur,
574 5254 704 5308 sicut
727 5271 822 5326 ego
846 5256 900 5328 (Ι
927 5258 1045 5314 Cor.
1071 5276 1180 5329 xvr,
1208 5261 1319 5331 10).

354 5347 408 5402 5.
440 5348 698 5408 Jonatltas
727 5371 855 5412 vero
876 5373 996 5414 cum
1018 5362 1164 5417 mille
1194 5364 1323 5419 viris
1351 5363 1405 5419 in
1443 5365 1626 5422 Gabaa
1667 5367 1870 5439 Benja-

277 5440 395 5494 min
418 5458 536 5500 esse
557 5447 773 5515 dicitur,
804 5450 930 5507 Saul
957 5462 1136 5510 autem
1155 5472 1279 5513 cum
1318 5461 1528 5517 duobus
1559 5464 1792 5519 millibus
1815 5467 1870 5521 in

279 5530 540 5602 Magmas,
588 5540 718 5593 etin
751 5553 936 5598 monte
985 5544 1194 5603 Bethel.
1255 5549 1458 5617 Gabaa,
1509 5561 1566 5608 ut
1594 5571 1737 5627 saepe
1757 5556 1871 5626 jam

279 5626 534 5695 diximus,
567 5632 808 5689 sublimis
840 5637 1254 5707 interpretatur:
1281 5642 1540 5715 Magmas,
1565 5626 1870 5716 humilitas;

281 5717 495 5788 Bethel,
522 5725 713 5782 domus
743 5729 872 5798 Dei;
905 5729 1051 5798 Saul,
1083 5735 1307 5803 petitio;
1353 5737 1633 5808 Jonathas,
1665 5744 1872 5798 colum-

280 5809 370 5866 ba:
397 5811 597 5871 donum
627 5816 839 5878 dicitur.
888 5819 1013 5881 Tria
1043 5838 1175 5882 vero
1204 5826 1374 5887 millia
1404 5830 1639 5890 virorum
1670 5833 1874 5891 electo-

1974 3309 2158 3358 tamen
2187 3300 2423 3373 Magmas
2451 3302 2753 3359 inhabitant
2781 3320 2796 3358 :
2832 3304 2958 3375 quia
2988 3303 3118 3359 dum
3138 3302 3408 3370 recolunt,
3439 3317 3573 3373 qua-

1974 3396 2056 3453 les
2074 3395 2296 3451 fuerunt
2315 3396 2370 3452 in
2394 3396 2618 3466 saeculo,
2664 3396 2943 3467 superbire
2972 3412 3079 3453 non
3109 3403 3360 3468 possunt,
3381 3396 3451 3452 de
3477 3410 3569 3463 eo,

1974 3489 2122 3559 quod
2152 3504 2377 3560 magnos
2397 3504 2457 3544 se
2483 3488 2671 3545 vident
2705 3476 2826 3546 esse
2870 3489 2925 3544 in
2953 3489 3084 3545 Deo.
3136 3488 3240 3557 Qui
3274 3489 3417 3544 bene
3446 3503 3570 3543 cum

1973 3578 2106 3634 Saul
2131 3594 2251 3636 esse
2273 3579 2599 3646 referuntur,
2632 3580 2724 3650 qui
2746 3580 2938 3650 petitio
2966 3579 3186 3637 dicitur.
3239 3578 3574 3638 Praedicator

1973 3671 2175 3730 etenim
2204 3672 2448 3728 veritatis
2487 3680 2651 3728 tantae
2681 3671 2959 3729 ch‘éritatis
2987 3688 3108 3730 esse
3154 3673 3337 3742 debet,
3398 3681 3458 3730 ut
3483 3673 3571 3730 in-

1975 3765 2140 3820 stanti
2192 3764 2461 3822 desiderio
2490 3781 2600 3821 non
2631 3765 2850 3836 petitor,
2900 3767 2996 3824 sed
3041 3769 3234 3840 petitio
3275 3784 3396 3826 esse
3441 3772 3572 3824 sen-

1976 3856 2160 3912 tiatur.
2219 3856 2462 3914 Salutem
2483 3858 2684 3931 quippe
2726 3858 2962 3916 fidelium
3002 3867 3116 3917 tam
3157 3862 3444 3919 instantius
3468 3861 3573 3920 de-

1976 3947 2070 4003 bet
2100 3956 2377 4018 appetere,
2411 3957 2471 4004 ut
2492 3964 2560 4005 ex
2580 3965 2679 4006 usu
2709 3949 2906 4007 interni
2935 3958 3144 4021 gustus,
3200 3967 3418 4009 omnem
3447 3967 3570 4009 mo-

1974 4047 2090 4095 tum
2133 4039 2310 4097 cordis
2357 4042 2410 4097 in
2457 4040 2710 4099 affectum
2751 4043 2916 4100 ducat
2949 4045 3378 4114 supplicationis.
3433 4045 3571 4103 Cum

1977 4148 2086 4204 quo
2116 4135 2262 4191 mille
2287 4136 2388 4191 viri
2409 4143 2566 4192 sunt:
2599 4138 2726 4206 quia
2764 4137 3121 4206 perfectiores
3148 4139 3424 4195 auditores
3445 4155 3572 4196 cum

1977 4228 2166 4285 electis
2222 4230 2536 4286 doctoribus
2582 4231 2638 4285 in
2685 4230 2953 4286 charitate
2983 4232 3327 4300 conveniunt,
3371 4241 3428 4289 et
3469 4247 3571 4304 pro

1977 4319 2152 4375 salute
2179 4320 2414 4376 fidelium
2446 4321 2870 4391 omnipotentem
2895 4321 3180 4379 Dominum
3209 4324 3574 4381 communiter

1976 4408 2363 4480 deprecantur.
2393 4410 2452 4466 In
2483 4410 2722 4481 Magmas
2759 4423 2890 4481 ergo
2921 4428 3044 4469 cum
3085 4427 3214 4485 rege
3241 4424 3369 4472 sunt
3400 4434 3414 4471 :
3445 4414 3575 4487 quia

1978 4499 2338 4556 humilitatem
2371 4517 2471 4572 pro
2511 4516 2571 4557 se
2614 4501 2901 4571 incolunt;
2958 4513 3017 4559 ut
3055 4506 3312 4576 exaudiri,
3328 4523 3428 4579 pro
3451 4507 3574 4563 aliis

1977 4599 2306 4646 mereantur.
2330 4592 2438 4648 Sed
2467 4592 2594 4648 dum
2618 4594 2824 4652 electus
2853 4595 3045 4654 doctor
3069 4599 3319 4656 erunibus
3344 4600 3576 4656 subditis

1978 4681 2182 4738 utiliter
2233 4691 2448 4752 praeest,
2473 4684 2732 4740 .omninm
2759 4686 2988 4743 virtutes
3040 4689 3109 4744 ad
3137 4690 3381 4745 victoria:
3409 4704 3573 4745 coro-

1978 4789 2078 4829 nas
2109 4785 2409 4844 promovet.
2440 4773 2576 4830 Nam
2604 4791 2728 4831 cum
2768 4777 3058 4835 humilibus
3096 4781 3383 4852 supplicat,
3447 4797 3576 4835 cum

1979 4865 2209 4921 fortibus
2239 4876 2460 4936 pugnat,
2510 4883 2634 4923 cum
2672 4870 2897 4925 remotis
2944 4862 3097 4939 viris,
3129 4873 3463 4928 orationibus
3492 4872 3577 4928 in-

1978 4962 2140 5027 sistit,
2189 4976 2311 5016 cum
2338 4963 2599 5033 expositis
2627 4962 2885 5018 Ecclesia:
2934 4963 3333 5032 defensoribus,
3359 4964 3567 5020 debiles

1977 5063 2034 5109 et
2063 5053 2305 5110 infirmos
2339 5057 2595 5125 protegit.
2650 5055 2796 5111 Bene
2824 5069 2953 5127 ergo
2995 5071 3104 5112 non
3134 5056 3307 5112 solum
3355 5057 3409 5111 in
3452 5056 3569 5111 Ma-

1973 5159 2148 5215 gmas,
2177 5148 2270 5204 sed
2299 5148 2351 5202 in
2374 5157 2557 5205 monte
2583 5149 2773 5207 Bethel
2799 5138 2920 5207 esse
2948 5164 3072 5206 cum
3099 5150 3228 5207 Saul
3252 5151 3304 5206 in
3348 5151 3580 5206 bellato-

1975 5256 2096 5295 rum
2119 5242 2352 5298 millibus
2383 5244 2633 5300 dicuntur
2666 5261 2681 5298 :
2711 5246 2835 5316 quia
2859 5246 3183 5317 praedicator
3212 5245 3468 5302 Ecclesia:
3499 5247 3577 5300 si-

1981 5323 2350 5391 eut'diversis
2396 5337 2676 5392 ordinibus
2722 5340 3019 5394 electorum
3075 5340 3431 5411 praeminet,
3501 5339 3578 5395 ita

1979 5437 2170 5479 eorum
2193 5441 2313 5482 esse
2342 5437 2666 5497 cooperator
2704 5428 2885 5486 debet.
2943 5433 3132 5488 Bethel
3158 5433 3379 5502 quippe,
3405 5431 3452 5486 id
3487 5440 3572 5488 est

1975 5514 2075 5570 Dei
2106 5516 2324 5571 domum
2373 5520 2702 5588 custodiunt,
2749 5524 2841 5591 qui
2888 5525 3038 5580 verbi
3087 5526 3409 5581 auctoritate
3456 5541 3555 5581 san

1979 5615 2121 5661 ctam
2153 5608 2447 5667 defendunt
2500 5611 2818 5670 Ecclesiam.
2861 5615 2995 5672 Cum
3051 5617 3351 5688 quibusque
3385 5627 3572 5688 tyran-

1978 5700 2063 5754 nis
2115 5716 2249 5756 voce
2292 5703 2476 5759 liberte
2529 5707 2870 5763 auctoritatis
2917 5709 3157 5778 obviam,
3217 5726 3340 5765 cum
3385 5719 3572 5767 contra

1976 5791 2137 5864 hujus
2166 5794 2346 5852 saeculi
2402 5805 2654 5869 potentes
2703 5815 2764 5857 se
2817 5801 3048 5873 erigunt,
3104 5817 3356 5874 cumpro
3385 5799 3576 5858 delcta-

2022 5991 2067 6005 ...
2115 5991 2132 5998 μ
