4020 6344
516 205 623 263 339

514 417 721 479 dicunt,
773 410 962 472 Bethei
1014 410 1237 470 domum
1275 404 1368 464 Dei
1389 403 1542 478 quasi
1573 403 1714 477 regis
1740 411 1762 437 ο
1811 401 2106 458 bellatores

514 505 848 566 Custodiunt.
889 501 994 574 Qui
1041 510 1193 564 certe
1244 514 1367 557 cum
1417 496 1547 558 Saul
1585 511 1704 558 esse
1748 495 2100 554 referuntur:

513 598 643 668 quia
689 596 742 650 in
789 592 1107 654 defensione
1145 589 1402 651 Ecclesiae
1448 603 1766 662 magnorum
1816 586 2104 650 doctorum

513 687 859 756 eoadjutores
897 692 1044 747 sum.
1099 683 1247 740 Bene
1275 690 1456 744 autem
1503 681 1570 742 de
1605 680 1826 751 reliquis
1861 679 2054 736 dicitur
2085 697 2099 740 :

585 800 764 870 (Vere.
795 799 879 870 ἢ.)
922 799 1092 858 Porro
1136 807 1378 856 catorum
1405 797 1651 870 populum
1696 796 1895 858 remisit
1918 811 2108 854 animo

511 910 760 966 nam
776 895 836 950 in
856 892 1193 949 tabernacula
1218 908 1335 948 sua.

583 1007 639 1065 ι.
668 1005 935 1064 Caeterum
962 1005 1219 1078 populum
1256 1003 1420 1070 dicit,
1451 1017 1614 1074 quem
1641 1002 1976 1060 millenarius
2003 1017 2108 1057 nu-

513 1119 697 1160 merus
747 1118 858 1159 non
911 1099 1205 1158 concludit.
1261 1096 1320 1154 in
1373 1099 1722 1154 tabernacula
1748 1095 1977 1166 quisque
2003 1109 2104 1150 sua

512 1198 827 1264 remittitur,
887 1195 1015 1267 quia
1044 1195 1112 1250 ad
1135 1208 1343 1250 summa
1393 1200 1449 1248 et
1478 1191 1636 1248 fortia
1683 1205 1848 1261 opera
1876 1186 2098 1253 inﬁrmi,

512 1300 571 1347 et
598 1289 900 1363 imperfecti
929 1287 1262 1361 producendi
1288 1302 1395 1342 non
1422 1294 1570 1342 sunt.
1620 1283 1754 1339 Nam
1805 1299 1905 1339 nec
1932 1281 2104 1338 conti-

510 1393 724 1454 nentes,
747 1397 846 1440 nec
873 1381 1130 1452 virgines,
1161 1395 1263 1436 nec
1290 1387 1562 1450 martyres
1593 1376 1709 1432 fieri
1737 1376 1944 1432 debiles
1972 1390 2100 1445 pos-

510 1485 656 1534 sunt.
682 1478 842 1550 281
873 1473 983 1530 illis
1009 1473 1250 1542 quidem,
1293 1482 1354 1528 ut
1379 1471 1448 1528 ad
1476 1487 1571 1529 eos
1599 1471 1872 1540 praeterita
1920 1468 2101 1524 carnis

509 1569 902 1626 oblectamenta
928 1583 1035 1622 non
1063 1566 1288 1622 redeant
1316 1582 1330 1618 :
1360 1564 1496 1630 istis,
1526 1573 1582 1618 ut
1614 1564 1893 1632 inexperta
1919 1561 2101 1617 carnis

505 1658 871 1714 blandimenta
914 1664 1298 1721 contemnant;
1355 1655 1478 1720 iiiis,
1540 1663 1600 1710 ut
1645 1653 1870 1709 adversa
1909 1651 2098 1707 mundi

503 1763 616 1804 non
640 1757 905 1815 metuant,
960 1747 1194 1803 maxima
1234 1743 1497 1800 fortitudo
1526 1742 1829 1798 necessaria
1875 1749 1978 1798 est.
2037 1739 2099 1796 in

505 1841 854 1897 tabernacula
882 1853 1011 1909 ergo
1033 1854 1129 1894 sua
1160 1845 1354 1894 cratera
1393 1835 1544 1904 plebs
1570 1834 1884 1897 remittitur,
1933 1847 2002 1888 ne
2028 1831 2099 1890 de

503 1934 712 1989 altioris
754 1934 878 1988 vitae
921 1930 1229 1988 temeritate
1285 1928 1592 1992 damnetur,
1651 1934 1707 1982 et
1729 1924 1880 1982 velut
1904 1923 2097 1983 debilis

503 2032 562 2079 et
582 2022 796 2078 iniirma
826 2023 880 2076 in
902 2021 1048 2076 bello
1080 2027 1291 2090 pereat,
1343 2019 1470 2073 dum
1520 2016 1641 2072 altas
1666 2015 2098 2073 conversationis

501 2115 664 2170 ﬁdem
695 2113 946 2184 spondet,
994 2127 1112 2181 quae
1141 2111 1264 2166 altar
1292 2109 1508 2165 virtutis
1557 2108 1724 2165 robur
1768 2123 1878 2165 non
1908 2109 2094 2166 habet.

501 2204 668 2271 Quasi
690 2203 835 2258 enim
863 2215 1299 2272 unumquemque
1324 2200 1378 2256 in
1411 2199 1761 2257 tabernacula
1790 2213 1887 2255 sua
1915 2199 2099 2254 dimit-

501 2297 652 2353 tebat
693 2297 882 2352 beatus
941 2293 1138 2350 Paulus
1181 2293 1480 2363 apostolus,
1523 2307 1644 2348 cum
1676 2292 1922 2348 dicebat':
1959 2293 2096 2347 Pre-

500 2399 615 2462 pter
639 2391 1036 2461 fornicationem
1058 2391 1406 2461 unusquisque
1435 2405 1654 2445 uxorem
1694 2405 1844 2444 suam
1885 2387 2091 2457 habent,

499 2491 552 2540 ct
578 2496 897 2553 unaquaeque
923 2497 1074 2537 suum
1100 2481 1266 2535 virum
1291 2478 1344 2550 (I
1373 2478 1498 2536 Cor.
1528 2495 1621 2548 vn,
1641 2478 1720 2551 2).
1754 2479 1914 2535 Velut
1948 2479 2094 2534 enim

498 2572 708 2643 peritus
737 2573 994 2640 magister
1018 2571 1242 2626 internae
1285 2570 1510 2635 militiae,
1560 2577 1616 2625 et
1661 2584 1895 2626 coronas
1925 2569 2094 2624 victo-

497 2662 618 2730 rise,
659 2671 716 2718 et
743 2676 936 2733 pugnae
964 2661 1318 2719 considerans
1363 2663 1710 2731 gravitatem,
1754 2661 1984 2716 militum
2014 2660 2094 2713 vi-

497 2765 590 2808 res
615 2752 668 2808 in
696 2752 824 2809 belli
851 2751 1096 2822 pondere
1123 2751 1374 2818 librabat,
1406 2753 1668 2822 optimum
1715 2750 1960 2822 judicans
2006 2750 2092 2806 iu-

497 2843 689 2910 tirmis,
741 2854 800 2901 ut
855 2846 908 2901 in
961 2845 1188 2902 urbibus
1226 2846 1501 2911 viverent,
1556 2861 1624 2900 ne
1671 2844 1871 2900 acerbo
1920 2851 2094 2898 marte

497 2932 756 3004 perirent.
798 2933 982 3002 Quare
1000 2943 1056 2990 et
1087 2936 1216 2990 item
1258 2949 1355 2992 eos
1385 2949 1414 2988 a
1443 2933 1636 2989 castris
1675 2932 1890 2988 fortium
1911 2946 2094 2998 segre-

496 3035 652 3091 gans,
683 3024 758 3079 ait
781 3043 798 3078 ε
833 3024 1164 3082 Reverti-sini
1187 3028 1242 3080 in
1261 3026 1507 3098 idipsum,
1535 3041 1600 3079 ne
1630 3033 1785 3079 tentet
1812 3041 1901 3079 vos
1927 3023 2089 3079 Sata-

497 3129 601 3170 Ius
639 3125 849 3187 propter
873 3118 1308 3174 incontinentiam
1340 3093 1577 3173 uestram
1617 3117 1806 3189 (lbid.,
1857 3115 1934 3188 ii).
1984 3114 2093 3171 Sed
2121 3093 2169 3157 Ο

498 3207 726 3264 muniis
749 3206 1041 3276 debilibus,
1093 3209 1224 3281 quid
1253 3209 1306 3264 in
1359 3208 1650 3264 fortissima
1680 3209 1948 3278 virginum
1980 3205 2098 3263 acie

497 3301 713 3365 agatur,
743 3297 1052 3389 exponitur,
1086 3313 1212 3358 cum
1239 3297 1584 3368 subiungitur
1611 3315 1625 3351 :

571 3418 750 3489 (Vers.
784 3418 863 3492 3.)
909 3417 982 3474 Et
1028 3421 1283 3494 percussit
1332 3418 1592 3476 Jonathas
1622 3419 1897 3477 stationem
1925 3418 2100 3478 Pliill-

505 3511 789 3587 stinorum,
808 3527 924 3585 qua
951 3521 1068 3572 erat
1095 3513 1151 3570 in
1188 3510 1388 3570 Gataa.

573 3644 628 3706 5.
657 3645 814 3708 Sicut
832 3647 1052 3708 excellit
1073 3647 1264 3706 ordine
1289 3647 1475 3718 sponsi
1498 3648 1660 3713 acies,
1681 3647 1756 3706 ita
1776 3655 1834 3706 et
1853 3647 2100 3707 victoriae

501 3737 694 3797 titulos
737 3737 912 3809 prima
952 3740 1209 3809 sttscepit.
1263 3738 1526 3797 lonathas
1568 3741 1772 3810 quippe
1809 3741 2100 3798 stationem

501 3828 911 3890 Philistinnrum
939 3831 1208 3914 percutit:
1239 3831 1366 3900 quia
1391 3831 1563 3890 eiecta
1584 3831 1863 3902 virginitas
1888 3832 1958 3890 de
1981 3847 2102 3890 est»

505 3936 596 3990 ne,
628 3922 980 3982 sustinentia:
1003 3938 1128 3982 arce
1148 3922 1451 3989 sublimata,
1483 3931 1664 3980 motus
1688 3932 1872 3995 turpes
1897 3924 2100 3982 exstin-

501 4014 639 4088 guit.
679 4015 827 4074 Bene
853 4023 1032 4076 autem
1067 4019 1228 4076 statio
1255 4015 1666 4075 Philistinorum
1694 4018 1890 4074 dicitur
1923 4034 1944 4074 :
1971 4019 2100 4088 quia

501 4107 560 4166 in
589 4124 820 4180 corpore
855 4109 1125 4180 virginali,
1154 4109 1402 4168 carnales
1428 4117 1608 4168 motus
1650 4124 1761 4166 non
1786 4109 1989 4166 habent
2013 4123 2102 4164 re-

501 4397 668 4442 sunt:
699 4387 824 4456 quia
855 4397 1090 4448 mentem
1120 4398 1364 4447 sanctam
1393 4389 1615 4447 minime
1645 4390 1940 4448 oblectant.
1972 4387 2115 4443 Sta-'

1735 187 1980 251 SANCTI
2021 185 2350 248 GREGORII
2387 185 2603 247 MAGNI
3350 242 3365 250 α

513 326 670 380 sione
707 315 993 375 humilium
1015 353 1030 382 ,
1078 311 1260 371 saeculi
1308 309 1468 381 hujus
1495 309 1855 380 vetustatibus
1878 316 2098 366 contra.
2133 312 2184 374 Α
2207 306 2348 362 nodi
2368 305 2584 377 (manu.
2610 299 2879 362 Percussit
2909 300 3041 360 Seu!
3085 289 3356 356 sthtibnem
3384 289 3804 370 Plt'iltitinoruss,

3700 182 3808 244 340

2210 410 2259 454 et
2286 400 2449 454 erexit
2492 414 2546 452 se
2576 395 2744 451 Israel
2771 395 3016 450 adversus
3069 394 3385 452 Philistazos.
3428 393 3690 451 Clamauit
3727 413 3808 451 er-

2210 512 2274 567 go
2299 495 2519 566 populus
2543 500 2658 563 post
2688 489 2820 546 Saul
2840 490 2894 544 in
2925 487 3170 560 Galgala.

2281 587 2331 640 6.
2365 585 2622 642 Percussa
2677 583 2876 654 quippe
2918 579 3322 637 Pliilistinorum
3365 581 3638 648 statione,
3678 583 3806 641 Sani

2208 680 2436 735 buccina
2465 678 2628 745 canit,
2657 686 2710 733 et
2737 685 2859 748 post
2885 674 3012 730 Saul
3037 674 3265 745 populus
3292 673 3490 729 clamat
3515 693 3530 730 :
3557 675 3684 746 quia
3716 690 3807 729 au-

2207 769 2346 827 ditas
2393 769 2691 826 electorum
2719 768 2944 822 virtutes
2973 767 3145 822 sancti
3192 765 3572 836 praedicatores
3618 766 3807 835 pracdi-

2206 872 2351 930 cant,
2385 871 2438 920 et
2465 863 2802 922 subditorum
2830 860 2993 916 corda
3020 858 3086 913 ad
3117 857 3421 928 exemplum
3451 857 3579 913 boni
3623 855 3806 925 operis

2206 957 2559 1014 inﬂammant.
2583 954 2823 1010 Buccina
2845 953 3060 1024 quidem
3088 965 3302 1014 canere,
3337 958 3419 1005 est
3443 957 3497 1003 et
3517 948 3805 1003 victoriam

2208 1051 2480 1116 nuntiare,
2524 1057 2577 1103 et
2617 1047 2869 1118 exemplo
2912 1045 3177 1100 victorum
3223 1043 3449 1097 aliorum
3496 1049 3716 1095 mentes
3746 1039 3808 1093 ad

2206 1143 2499 1215 spiritualis
2544 1141 2672 1197 belli
2717 1139 3050 1210 propositum
3100 1136 3359 1190 excitare.
3406 1131 3613 1202 Populo
3645 1131 3807 1186 etiam

2205 1240 2330 1305 post
2359 1232 2486 1292 Saul
2513 1231 2770 1294 clamare,
2798 1228 2962 1283 estde
2985 1225 3164 1281 audita
3186 1221 3574 1293 praedicatione
3597 1233 3806 1286 magna:

2205 1327 2511 1383 devotionis
2557 1338 2746 1378 ausum
2778 1321 3074 1390 suscipere.
3109 1316 3226 1384 Quo
3256 1317 3309 1370 in
3360 1316 3479 1370 loco
3507 1312 3806 1368 notandum

2204 1426 2321 1484 est,
2353 1417 2478 1486 quia
2507 1413 2768 1470 Jonathas
2794 1411 3081 1466 stationem
3118 1408 3522 1464 i’hiiistinorum
3582 1418 3806 1473 percus-

2203 1509 2275 1564 sit
2317 1526 2330 1561 :
2364 1509 2456 1564 sed
2501 1505 2630 1561 Saui
2674 1504 2801 1559 tuba
2841 1517 3061 1563 canens,
3095 1515 3155 1556 se
3185 1499 3515 1568 percussisse
3559 1496 3807 1550 eamdem

2203 1603 2490 1659 stationem
2520 1597 2810 1669 perhibuit.
2836 1595 2970 1663 Quia
3004 1593 3254 1648 nimirum
3276 1592 3571 1646 electorum
3607 1585 3807 1655 praedi-

2127 1705 2178 1769 Β
2205 1702 2449 1750 catorum
2499 1691 2781 1761 triumphis
2812 1687 3097 1743 ascribitur
3128 1726 3143 1753 ,
3183 1682 3328 1753 quod
3359 1697 3387 1736 a
3439 1679 3674 1735 subditis
3716 1693 3806 1734 oc-

2205 1783 2339 1840 culti
2368 1780 2662 1838 adversarii
2697 1787 3041 1850 superentur.
3073 1775 3181 1832 Sed
3207 1773 3422 1844 quoties
3454 1772 3590 1827 alios
3621 1771 3811 1825 hostes

2202 1873 2488 1939 vincimus,
2541 1885 2766 1926 necesse
2819 1875 2902 1925 est
2956 1876 3015 1923 ut
3071 1865 3139 1922 ad
3185 1865 3414 1920 aliorum
3471 1857 3811 1917 devincenda

2202 1964 2500 2022 certamina
2532 1975 2915 2034 pmparemm.
2937 1956 3293 2027 Omnipotens
3321 1953 3467 2010 enim
3485 1951 3656 2016 Deus,
3687 1947 3812 2018 quia

2205 2055 2412 2111 electos
2442 2069 2570 2109 suos
2593 2051 2866 2122 copiosius
2887 2054 3218 2112 remunerat,
3250 2060 3344 2102 eos
3365 2057 3581 2112 semper
3609 2039 3731 2095 vult
3756 2039 3810 2094 ia

2200 2160 2378 2218 pugna
2403 2146 2700 2202 consistere
2726 2161 2738 2195 :
2769 2151 2830 2198 ut
2868 2140 2970 2215 ipsi
2995 2154 3211 2212 semper
3239 2137 3452 2208 possint
3487 2134 3592 2189 sibi
3623 2129 3812 2188 aeterni

2201 2239 2442 2296 muneris
2467 2236 2610 2292 bona
2639 2247 2963 2305 praeparare.
2993 2229 3172 2298 Quare
3201 2238 3256 2285 et
3284 2242 3407 2284 cum
3435 2224 3678 2298 populus
3699 2221 3808 2279 cis.

2201 2345 2383 2386 messe
2410 2336 2534 2399 post
2561 2326 2694 2383 Saui
2721 2325 2918 2380 dicitur
2943 2365 2956 2391 ,
2988 2322 3333 2393 subjunctum
3365 2327 3476 2376 est:

2275 2426 2434 2496 282
2467 2421 2644 2494 (Vera.
2678 2419 2754 2488 5.)
2803 2417 2873 2473 Et
2928 2417 3193 2473 Philistwi
3241 2415 3542 2488 congregati
3581 2421 3708 2468 sunt
3744 2411 3810 2466 ad

2200 2516 2550 2588 proeliandum
2580 2523 2759 2569 contra
2787 2511 2975 2577 Israel,
3013 2512 3225 2582 triginta
3255 2509 3423 2564 millia
3460 2524 3734 2573 curruum,
3763 2515 3811 2561 et

2201 2626 2294 2663 sea:
2313 2607 2479 2662 millia
2508 2607 2758 2678 equitum,
2807 2613 2857 2658 et
2895 2603 3151 2674 reliquum
3209 2601 3388 2676 vulgus
3432 2600 3570 2654 sicut
3625 2612 3808 2663 mena,

2200 2715 2317 2770 quae
2337 2709 2412 2753 est
2444 2699 2497 2752 in
2529 2697 2701 2751 littore
2736 2696 2899 2748 maris
2919 2694 3162 2762 plurima.

2275 2788 2326 2841 7.
2359 2787 2618 2857 Superius
2649 2799 2743 2839 rex
2785 2782 2914 2836 Saul
2943 2781 3045 2835 tria
3095 2778 3262 2833 millia
3293 2776 3535 2832 virorum
3563 2773 3670 2831 sibi
3717 2772 3812 2828 ele-

2201 2879 2344 2950 gisse
2371 2877 2711 2936 describitur.
2754 2874 2812 2930 Si
2838 2889 2967 2943 ergo
2997 2881 3179 2944 partes
3208 2870 3491 2938 utriusque
3527 2866 3811 2922 exercitus

2201 2973 2455 3030 conferre
2476 2972 2746 3032 volumus,
2774 2977 2961 3023 contra
2987 2975 3425 3030 unumquemque
3447 2960 3624 3015 virum
3656 2956 3808 3014 Sani.

2200 3066 2390 3121 decem
2437 3077 2627 3120 currus
2685 3057 3112 3120 Philistinorum,
3157 3063 3214 3110 et
3249 3053 3358 3113 duo
3395 3050 3610 3122 equites
3639 3056 3811 3118 depu-

2203 3165 2408 3212 tantur.
2462 3153 2656 3209 Decies
2685 3150 2826 3206 enim
2851 3148 2950 3203 tria
2981 3147 3166 3210 millia,
3199 3144 3419 3214 triginta
3460 3140 3632 3196 millia
3663 3146 3806 3195 sunt.

2202 3245 2264 3302 In
2293 3244 2510 3301 senario
2534 3256 2751 3312 quoque
2781 3254 3010 3295 numero
3040 3234 3311 3296 ternarius
3339 3233 3674 3305 geminatur.
3694 3230 3810 3297 Quo

2206 3337 2463 3393 nimirum
2493 3333 2639 3389 bello
2684 3332 3022 3388 occultorum
3065 3328 3303 3384 hostium
3352 3334 3463 3379 tam
3492 3322 3807 3385 multitudo,

2203 3441 2369 3499 quam
2400 3425 2584 3481 feritas
2613 3423 2944 3493 designatur.
2968 3419 3027 3475 in
3053 3418 3302 3474 curribus
3326 3415 3546 3486 quidem
3568 3423 3625 3468 et
3657 3411 3810 3481 eqis

2205 3527 2398 3578 contra
2448 3534 2548 3575 nos
2574 3517 2838 3574 veniunt:
2868 3515 2996 3586 quia
3036 3511 3204 3569 modo
3244 3509 3414 3566 malas
3443 3508 3810 3577 cogitationes

2206 3613 2505 3670 electorum
2539 3609 2810 3674 cordibus,
2838 3606 3003 3662 modo
3029 3620 3218 3661 eorum
3245 3599 3525 3672 corporeis
3556 3598 3807 3655 sensibus

2203 3717 2387 3760 rerum
2417 3700 2701 3756 visibilium
2729 3696 3096 3753 blandimenta
3139 3692 3299 3750 noxia
3328 3689 3528 3748 oﬂ‘erre
3554 3688 3796 3745 moliun-

2207 3800 2318 3848 tur.
2350 3789 2489 3861 Equi
2519 3803 2754 3859 namque
2783 3787 2850 3842 ad
2879 3801 3097 3843 cursum
3119 3784 3328 3840 celeres
3353 3789 3498 3846 sunt,
3529 3778 3599 3834 ad
3633 3780 3807 3847 impe-

2206 3891 2323 3939 tum
2365 3881 2552 3937 fortes.
2581 3879 2786 3947 Quibus
2816 3877 3066 3934 nimirum
3097 3875 3458 3945 cogitationes
3494 3869 3659 3925 maiaa
3687 3875 3811 3939 apte

2207 3981 2613 4047 comparantur,
2642 3987 2765 4042 quae
2794 3970 2860 4028 ad
2889 3985 2985 4025 cor
3009 3968 3272 4024 velociter
3296 3966 3538 4028 veniunt,
3572 3970 3631 4017 et
3659 3958 3811 4016 forti-

2208 4075 2295 4122 ter
2320 4073 2584 4136 pungunt.
2613 4061 2832 4132 Equites
2859 4069 3049 4117 contra
3076 4075 3175 4115 nos
3204 4059 3255 4113 in
3286 4056 3532 4129 praelium
3560 4054 3812 4118 veniunt,

2208 4159 2428 4230 quando
2453 4156 2671 4225 maligni
2700 4155 2920 4226 spiritus
2952 4153 3110 4208 nobis
3153 4150 3322 4206 malas
3365 4146 3734 4218 cogitationes
3756 4148 3812 4199 et

501 4199 686 4270 Quiem
731 4199 1130 4271 delectationis,
1177 4200 1275 4260 sed
1309 4208 1512 4260 statum
1561 4199 1894 4259 certaminis.
1944 4200 2103 4257 Stant
2151 4219 2161 4228 -·
2209 4199 2426 4261 “¹““““ζ“’
2701 4199 2920 4226 Ὕ’··’“”
2952 4199 3109 4208 """
3153 4199 3508 4252 "'“‘“',“°_"
3608 4199 3620 4201 '
3712 4199 3722 4200 ί

506 4295 698 4315 ---ε-μ-
730 4312 739 4315 -
786 4295 899 4315 ..--ε-
947 4295 1258 4315 ,μημημμ
1318 4296 1404 4315 η,
1447 4295 1783 4315 μημεωω
1818 4311 1920 4315 μη
1974 4309 2070 4315 η,
2208 4251 2463 4305 celeriter
2489 4255 2750 4315 excitant,
2779 4254 2834 4302 et
2865 4260 2962 4300 nos
2992 4261 3088 4314 per
3112 4259 3206 4299 eas
3235 4241 3807 4308 fortitertmpugnaut.

501 4295 742 4364 quipp“
781 4295 910 4364 quia
947 4295 1282 4366 impugnans,
1313 4296 1408 4353 sed
1445 4295 1789 4367 requiescere
1817 4311 1926 4351 non
1974 4295 2166 4365 pos-ﬁ."

2207 4341 2318 4397 Sed
2348 4348 2536 4396 contra
2568 4351 3006 4408 unumquemque
3046 4333 3281 4388 lidelium
3314 4331 3423 4384 duo
3453 4328 3674 4396 equites
3719 4338 3808 4378 ve-

2208 4432 2398 4486 niunt:
2431 4429 2557 4500 quia
2600 4429 2643 4483 si
2692 4428 2936 4482 occultas
2972 4425 3327 4495 reproborum
3361 4419 3648 4489 spirituum
3680 4414 3806 4470 insi-

504 4487 583 4582 "9
608 4478 1174 4582 erg9_Ph'!i“_in2rum
1204 4481 1258 4537 in
1309 4480 1494 4582 9δὲδὲ
1514 4482 1848 4582 Ρθιίθυιίιυῗ’
1878 4478 2096 4549 quando
2126 4488 2180 4552 υ
2435 4478 3169 4576 ἓᾶιῄεἱδξῐέι-ἰῶίέέυηίίηεῐη
3197 4478 3518 4582 colligimus,
3553 4507 3689 4562 illud
3719 4520 3808 4560 eo-

504 4571 575 4628 ab
604 4571 793 4630 electis
836 4572 1133 4642 virginibus
1176 4576 1354 4632 carnis
1381 4575 1649 4633 desideria
1691 4576 1906 4646 penitus
1935 4589 2096 4631 ener-

503 4672 724 4732 ventur,
756 4673 811 4721 et
839 4681 1029 4736 pacem
1062 4667 1315 4737 triumphi
1341 4667 1604 4734 obtinent,
1635 4669 1764 4724 dum
1794 4667 1954 4723 solita
1983 4667 2100 4722 bel-

501 4756 554 4812 la
585 4772 692 4812 non
745 4756 966 4816 habent.
998 4757 1080 4814 Ad
1132 4774 1293 4828 quam
1326 4758 1568 4830 profecto
1617 4760 1921 4823 victoriam,
1970 4759 2096 4827 quia

501 4853 769 4920 majorum
798 4851 1178 4908 exhortatione
1206 4869 1350 4924 saepe
1387 4855 1695 4924 proﬁciunt,
1726 4852 1875 4909 mille
1911 4852 2014 4907 viri
2042 4851 2097 4907 in

501 4939 686 4997 Gahaa
732 4959 858 5000 cum
899 4941 1130 5001 Jonatha
1169 4954 1330 5000 sunt:
1361 4945 1456 5001 sed
1501 4945 1764 5002 Jonathas
1808 4952 2098 5016 percutere

502 5030 908 5092 Philistinorum
948 5046 1124 5094 castra
1165 5036 1502 5108 perhibetur.
1551 5035 1616 5092 Et
1655 5037 1783 5108 quia
1843 5034 2097 5105 exemplo

502 5123 753 5192 aliorum,
789 5142 936 5198 saepe
973 5129 1064 5187 alii
1093 5127 1162 5183 ad
1187 5128 1589 5187 simulationem
1617 5127 1830 5184 virtutis
1852 5125 2099 5182 excitan-

504 5221 612 5282 tur,
637 5216 878 5286 sequitur
901 5237 916 5274 :

577 5327 752 5397 (Vere.
786 5331 840 5400 5,
868 5330 948 5400 4.)
988 5330 1059 5386 Et
1086 5334 1339 5403 percussit
1365 5332 1625 5388 Jonathas
1652 5335 1930 5389 stationem
1966 5328 2099 5384 Phi-

505 5418 828 5492 listinorum,
876 5443 992 5497 quae
1017 5437 1131 5482 erat
1158 5430 1213 5482 in
1246 5428 1446 5484 Gabaa.
1484 5429 1636 5495 Quod
1665 5449 1776 5488 cum
1825 5433 2099 5489 audissent

505 5509 784 5583 Philistwi,
811 5517 943 5574 Saul
965 5521 1150 5576 cecinit
1173 5522 1387 5577 buccina
1406 5525 1462 5578 in
1487 5525 1631 5579 omni
1667 5533 1828 5595 terra,
1851 5526 2029 5583 dicens
2071 5543 2094 5582 :

505 5604 738 5662 Audiam
771 5607 1003 5670 ﬂeturi.
1038 5612 1108 5669 Et
1129 5615 1400 5672 universus
1428 5616 1598 5675 Israel
1628 5617 1823 5674 audivit
1847 5619 2095 5687 huiusce-

580 5769 608 5799 ⁸
643 5761 811 5821 Gilot.
839 5773 895 5824 et
924 5766 1119 5836 Vatic..
1159 5772 1442 5832 bellatoris.

2204 4628 2327 4667 rum
2377 4611 2613 4681 speciale
2666 4608 2999 4678 propositum
3048 4613 3170 4660 est:
3228 4611 3290 4658 ut
3343 4600 3600 4657 videlicet
3656 4597 3809 4652 nobis

2206 4702 2558 4775 principalem
2609 4702 2862 4756 virtutem
2891 4697 3108 4763 feriant,
3157 4705 3213 4753 et
3243 4695 3566 4751 charitatem
3613 4691 3712 4746 Dei
3756 4695 3808 4743 et

2207 4796 2442 4868 proximi
2476 4795 2688 4864 penitus
2714 4795 3080 4862 exstinguant.
3097 4792 3281 4860 Equus
3296 4804 3426 4844 vero
3453 4802 3590 4841 unus
3619 4783 3808 4840 saevire

2209 4885 2472 4951 cernitur,
2498 4885 2714 4953 quando
2737 4883 2967 4955 reproba
2997 4881 3331 4951 cogitatione
3356 4878 3512 4933 nobis
3542 4877 3806 4946 malignus

2210 4976 2434 5047 spiritus
2481 4975 2739 5044 suggerit,
2790 4984 2851 5030 ut
2879 4973 3157 5046 proximus
3205 4971 3332 5028 odio
3380 4970 3666 5025 habeatur.
3701 4963 3805 5022 Sed

2214 5084 2406 5138 equus,
2437 5068 2530 5138 qui
2555 5068 2704 5124 solus
2732 5067 2992 5134 cernitur,
3019 5066 3169 5122 solus
3198 5081 3306 5120 non
3336 5072 3419 5119 est
3443 5081 3457 5118 :
3481 5062 3608 5131 quia
3640 5062 3804 5116 Deum

2210 5176 2377 5217 nemo
2399 5160 2593 5230 diligit,
2637 5160 2730 5230 qui
2757 5160 2977 5215 fratrem
3007 5159 3123 5214 odit
3151 5156 3202 5230 (I
3230 5157 3388 5213 Joan.
3422 5172 3494 5221 tv,
3528 5154 3643 5225 20).
3673 5152 3800 5220 Quia

2211 5255 2343 5311 item
2382 5255 2560 5310 divina
2607 5254 2843 5310 Charitas
2885 5269 3008 5309 cum
3056 5253 3205 5309 nullo
3235 5251 3517 5324 principali
3569 5251 3706 5305 vitio
3751 5249 3799 5302 in

2213 5357 2398 5406 mente
2441 5348 2714 5415 convenit,
2747 5349 2963 5417 quoties
2985 5347 3266 5418 spirituale
3293 5347 3481 5401 vitium
3512 5345 3673 5401 nobis
3701 5343 3798 5398 de

2212 5455 2436 5497 ntonum
2459 5439 2644 5497 fraude
2665 5441 2991 5510 suggeritur,
3020 5441 3260 5512 equitum
3283 5439 3621 5494 saevientium
3646 5450 3792 5492 eave-

2210 5549 2274 5590 re
2301 5534 2559 5590 debemus
2587 5533 2933 5590 velocitatem
2985 5533 3206 5588 nimiam
3235 5540 3290 5587 et
3314 5531 3656 5585 ferocitatem
3685 5527 3783 5580 vio-

2204 5626 2432 5686 lentam.
2475 5627 2535 5686 ln
2572 5628 2978 5699 comparatione
3015 5625 3233 5697 quidem
3280 5624 3495 5695 equitis,
3545 5621 3778 5694 saginari
