4020 6344
232 345 355 404 ω.

1051 336 1119 393 ΙΝ
1158 336 1419 394 PRIMUM
1455 334 1704 404 ιιωυιι
1739 331 2251 404 Ειροειτιοηεε.
2290 369 2359 394 -.-
2399 338 2531 400 LIB.
2574 343 2635 398 ν.

3388 352 3504 412 541

232 461 326 512 aut
350 451 546 524 peditis
571 447 1254 519 intueamuimododebilis
1276 455 1390 512 est,
1410 448 1646 524 impetus
1673 446 1891 521 veroA
1911 446 2115 524 impetu
2140 452 2752 524 utmagniticentissime
2771 453 2823 510 in
2849 455 3052 530 caelesti
3076 471 3242 537 regno
3263 460 3506 536 debeant

231 545 453 621 equitis,
481 542 610 616 equi
628 541 840 606 viribus.
855 539 1134 604 violentus
1150 549 1231 598 est
1258 539 1411 611 :quia
1430 538 1680 596 nimirum
1703 538 1809 592 vir-

231 634 548 710 tusmaligni
564 633 782 706 spiritus
803 631 952 700 nulla
971 639 1055 698 est
1078 631 1134 687 in
1161 632 1474 702 electorum
1489 631 1820 702 certamine,

227 729 278 784 si.
299 727 412 794 ipse
439 723 675 788 residere
699 737 812 780 non.
834 722 1161 794 permittitur
1205 721 1268 790 in.
1293 721 1434 792 mala
1459 721 1806 792 cogitatione.

227 817 360 887 Quia
410 830 540 894 ergo
583 813 743 876 valde
779 812 946 872 fortes
975 813 1034 876 in.
1059 813 1203 880 bello
1233 814 1418 882 hostes
1462 813 1631 876 nostri
1661 821 1820 890 suni,‘

225 909 440 984 quando
463 909 696 972 insidere
724 906 957 972 internis
970 907 1381 978 cogitationibus
1404 907 1806 980 permittuntur,

227 1002 287 1055 in
313 1001 726 1064 Pbilistinorum.
757 1000 1009 1064 exercitu.
1031 1000 1270 1069 equitum
1291 1000 1449 1054 turba
1472 1008 1810 1068 numeratur.

224 1092 430 1157 Cursus
480 1105 610 1154 vero
656 1089 842 1154 decem
899 1089 1187 1160 unicuique
1235 1089 1408 1150 electo
1455 1089 1508 1143 in
1565 1087 1808 1160 praelium

224 1181 567 1266 deputantur.
599 1179 846 1254 Quinque
877 1181 1026 1242 enim
1047 1180 1202 1238 nobis
1240 1189 1366 1242 sunt
1392 1195 1580 1241 sensus
1609 1195 1808 1251 corpo-

222 1277 324 1342 ris,
351 1275 546 1344 quibus
593 1276 1026 1348 experimentum
1069 1275 1363 1348 accipimus
1405 1275 1804 1342 delectationis.

220 1365 333 1424 Sed
358 1367 580 1442 spiritus
603 1367 845 1444 maligni,
871 1368 1084 1440 quando
1111 1383 1208 1438 per
1233 1367 1600 1426 blandimenta
1627 1366 1816 1426 carnis

222 1469 460 1512 mentem
488 1457 744 1532 decipere
767 1460 1021 1529 gestiunt,
1050 1459 1328 1536 corporeis
1352 1458 1599 1516 sensibus
1623 1472 1813 1522 rerum

218 1551 429 1620 species
459 1551 748 1614 ostendunt
789 1568 922 1626 quas
951 1569 1078 1610 caro
1113 1561 1354 1624 appetat,
1382 1559 1438 1609 et
1465 1568 1562 1623 per
1587 1567 1804 1610 earum-

218 1642 346 1702 dem
374 1657 555 1706 rerum
580 1645 789 1716 ερεοὶεδ
817 1647 1072 1718 suggerit,
1102 1654 1160 1700 ut
1197 1661 1354 1709 mens
1381 1646 1566 1704 oblata
1600 1661 1804 1704 concu-

217 1735 414 1806 Discat.
449 1735 618 1810 Quasi
640 1738 790 1802 enim
826 1740 878 1798 in
921 1738 1057 1799 roti's
1093 1740 1203 1797 suis
1231 1755 1446 1800 currum
1463 1739 1806 1798 adversarius

1912 540 2161 609 coronari
2193 559 2206 594 :
2231 542 2324 596 sed
2352 557 2542 616 magna
2570 543 2750 618 praelia
2778 546 3207 622 permittit,un
3238 550 3446 606 vincant
3477 569 3491 619 ;

1911 627 2050 683 levia
2080 631 2304 703 excitat,
2331 633 2384 689 in
2415 634 2609 705 quibus
2637 635 2836 706 cadant
2862 654 2874 690 :
2909 646 2970 704 ut
3015 639 3240 702 victoria
3273 627 3502 697 tertium.

1911 738 2105 794 magna
2133 727 2220 796 sit,
2254 743 2410 784 casus
2437 728 2686 792 innoxius
2710 747 2724 795 ;
2751 738 2812 792 ut
2840 729 3097 786 cadentes
3122 749 3181 788 se
3207 732 3363 789 facile
3383 735 3495 790 eri-

1912 824 2060 886 gant,
2091 825 2147 873 et
2187 833 2282 875 eos
2310 816 2488 884 fortia,
2514 820 2566 874 in
2595 821 2788 892 quibus
2807 823 3041 880 victores
3067 833 3351 894 steterant,
3386 842 3503 888 non,

1911 909 2195 982 extollant.
2224 911 2358 970 Nam
2385 912 2430 972 si
2450 928 2662 981 currus,
2692 922 2746 970 et
2769 915 2981 985 equites
3002 915 3288 986 vincimus,
3308 917 3504 988 extolli.

1911 1000 1978 1064 de
2003 1001 2228 1061 victoria
2258 1019 2367 1060 non
2412 1005 2702 1066 debemus:
2734 1005 2858 1078 quia
2909 1006 3316 1068 innumerabilia
3347 1016 3505 1082 sunt,

1912 1107 2032 1164 qua:
2058 1093 2367 1166 cogitando,
2399 1094 2692 1164 loquendo,
2720 1097 2981 1170 vivendo,
3006 1098 3289 1170 gustando,
3320 1108 3375 1154 et
3399 1115 3496 1153 au-

1911 1185 2136 1254 diendo,
2173 1195 2228 1250 et
2274 1189 2547 1258 operando
2596 1190 3005 1252 committimus.
3045 1190 3215 1262 Hujus
3262 1206 3504 1266 namque.

1911 1279 2054 1354 vulgi
2096 1281 2499 1342 innumerabilis
2526 1282 2651 1350 tela,
2684 1284 2846 1338 etiam
2887 1283 2978 1350 ille
3003 1284 3173 1339 vitare
3203 1299 3309 1338 non
3341 1293 3495 1360 pote-

1909 1384 2018 1440 rat,
2061 1378 2155 1446 qui
2181 1377 2431 1436 dicebat:
2466 1377 2532 1433 In
2563 1379 2738 1442 multis
2786 1381 3098 1450 offendimus
3134 1397 3309 1444 omnes
3353 1379 3491 1451 (Jac.

1908 1480 1986 1536 ιιι,
2021 1466 2097 1536 2).
2131 1467 2265 1533 Hinc
2307 1469 2444 1535 item.
2467 1470 2695 1528 dilectus
2723 1469 2847 1530 Jesu
2875 1471 3130 1542 loquitur,
3178 1471 3400 1528 dicens:
3433 1471 3500 1544 Si

1909 1557 2212 1626 dixerimus,
2255 1563 2375 1632 quia
2414 1573 2677 1631 peccatum
2716 1580 2816 1624 non
2848 1563 3116 1632 habemus,
3148 1565 3245 1633 ipsi
3292 1579 3492 1618 uos-se-
3562 1565 3567 1569 ”

1909 1645 2164 1715 ducimus,
2189 1658 2238 1703 et
2261 1651 2451 1704 veritas
2473 1652 2524 1703 iu
2549 1651 2695 1718 nobis
2717 1667 2819 1704 non
2841 1661 2916 1705 est
2939 1649 2994 1722 (1
3011 1651 3168 1705 Joau.
3200 1669 3236 1717 ι,
3265 1651 3341 1722 8).
3367 1652 3502 1718 Quis,

1909 1751 2044 1812 ergo
2058 1739 2170 1808 jam
2191 1741 2344 1816 quasi
2377 1743 2548 1796 victor
2577 1741 2760 1797 extolli
2783 1743 2998 1810 audeat,
3021 1743 3066 1798 si
3091 1744 3222 1798 tanti
3250 1743 3347 1801 viri
3375 1759 3497 1803 nec-

217 1827 404 1898 erigit,
430 1828 562 1892 dum
586 1828 712 1888 hinc
741 1845 920 1888 rerum
951 1830 1315 1894 blandimenta
1347 1829 1526 1900 oﬂ‘ert,
1554 1829 1678 1888 inde
1702 1845 1798 1890 θα·
1907 1836 2149 1884 catorum
2181 1831 2286 1885 tela
2317 1846 2374 1887 se
2399 1832 2618 1887 omnino
2648 1832 2878 1887 evadere
2921 1849 3028 1888 non
3055 1849 3214 1908 posse
3243 1833 3494 1888 manifes-

215 1918 516 1994 gitationea
551 1919 786 1988 retinet;
828 1921 934 1984 ista
971 1922 1218 1995 porrigit,
1269 1921 1386 1980 illas
1435 1921 1704 1988 immittit,
1745 1928 1804 2000 et

215 2011 376 2080 quasi
393 2011 668 2080 volvequ
683 2029 744 2078 se
761 2015 1045 2086 sublimem
1077 2015 1144 2070 ad
1186 2016 1417 2073 animam
1435 2015 1659 2081 invehit,
1673 2015 1802 2072 dum

212 2111 413 2166 contra
452 2103 654 2170 electas
694 2123 759 2171 se
800 2109 1065 2180 malignus
1113 2109 1335 2179 spiritus
1379 2109 1578 2178 erigit,
1615 2117 1670 2164 et
1705 2124 1802 2182 per

212 2192 584 2262 blandimenta
614 2213 794 2263 rerum
830 2207 886 2258 et
911 2215 1008 2274 per
1037 2208 1208 2256 artem
1237 2201 1660 2272 suggestionum.
1693 2199 1799 2255 De-

212 2301 342 2350 cem
381 2303 510 2360 ergo
546 2305 735 2356 currus
775 2300 936 2350 sunt:
968 2293 1092 2363 quia
1123 2302 1312 2350 contra
1338 2293 1578 2366 singulos
1610 2307 1804 2350 sensus

211 2381 462 2453 corporis
484 2381 870 2448 austrina-bent
886 2385 1094 2456 species
1115 2384 1605 2444 blandimentorum
1618 2383 1801 2442 visibi-

211 2470 372 2542 lium,
406 2471 608 2536 habent
644 2484 833 2536 contra
871 2476 1092 2542 totidem
1121 2493 1315 2536 sensus
1347 2479 1574 2546 animae,
1607 2485 1664 2536 et
1703 2477 1801 2536 de-

211 2562 484 2632 σφισι-ἰεῦ
524 2572 668 2626 artes
695 2568 1025 2635 suasionum.
1285 2612 1297 2621 .

284 2653 344 2710 8.
390 2653 529 2722 Quid
577 2664 661 2728 est
709 2665 890 2726 autem
916 2658 1064 2734 quod
1107 2659 1372 2735 reliquum
1420 2662 1611 2732 vulgus
1662 2663 1805 2726 sicut

209 2755 406 2812 arena,
437 2761 556 2822 quae
585 2755 666 2810 est
692 2748 746 2808 in
772 2748 953 2812 littore
979 2751 1168 2820 maris,
1199 2766 1317 2814 esse
1345 2753 1576 2826 plurima
1604 2768 1804 2809 memo-

210 2845 391 2904 ratur,
418 2838 517 2893 nisi
547 2839 672 2910 quia
702 2840 769 2895 ad
797 2841 1049 2897 ducatum
1078 2841 1340 2898 malorum
1385 2843 1690 2916 spirituum,
1720 2844 1805 2900 inv

208 2928 569 2994 numerabilis
591 2930 752 3000 saevit,
783 2941 972 3004 contra
1003 2948 1104 3000 nos
1128 2933 1286 3002 turba
1321 2933 1619 3002 vitiorum?
1645 2932 1804 2988 Velut

209 3023 366 3088 enim
394 3023 691 3096 subjectum
737 3026 951 3098 vulgus,
977 3041 1168 3098 currus
1194 3033 1250 3094 et
1297 3026 1505 3102 equites
1533 3027 1799 3097 sequitur,

208 3119 433 3188 quando
455 3117 757 3188 autumnum
781 3118 987 3188 insidiae
1011 3126 1250 3186 mentem
1277 3117 1636 3191 impugnando
1661 3132 1800 3189 prte-

1907 1924 2061 1978 taut?
2090 1923 2196 1980 Sed
2225 1925 2348 1994 quia
2380 1924 2494 1980 haec
2519 1925 2570 1978 in
2601 1926 2847 1996 spirtuali
2889 1926 3032 1981 bello
3090 1926 3492 1989 describuntur,

1905 2028 2014 2070 non
2044 2013 2301 2072 debemus
2324 2031 2466 2071 nunc
2490 2016 2782 2084 mstimare,
2803 2015 2932 2086 quid
2961 2016 3211 2085 patimur,
3244 2018 3336 2073 sed
3361 2034 3497 2088 qua-

1907 2107 2274 2165 iiterhostium
2297 2117 2604 2164 nostrorum
2625 2109 2882 2179 impetum
2905 2108 3178 2165 iniirmare
3194 2109 3496 2170 valeamus.

1906 2197 2111 2268 Vulgus
2137 2197 2540 2255 Philistinorum
2575 2214 2754 2255 arena:
2783 2207 3150 2270 comparatur,
3181 2213 3301 2268 quae
3332 2208 3413 2252 est
3442 2198 3497 2253 in

1904 2287 2094 2346 littore.
2131 2291 2292 2347 maris
2322 2292 2552 2361 plurima
2579 2310 2592 2346 :
2624 2292 2751 2363 quia
2778 2307 2952 2347 omnis
2978 2303 3146 2346 Virtus
3176 2291 3422 2346 vitiorum
3443 2296 3500 2344 et

1905 2398 2161 2442 numerus
2196 2399 2260 2438 ex
2291 2384 2469 2439 saeculi
2520 2384 3014 2454 perturbationibus
3061 2391 3306 2452 augetur.
3352 2381 3499 2436 Mare

1903 2475 2104 2552 quippe
2116 2473 2223 2532 hoc
2235 2475 2489 2531 saeculum
2505 2475 2747 2546 designat
2772 2493 2784 2529 :
2809 2476 2936 2546 quia
2959 2474 3085 2529 dum
3109 2486 3300 2543 magna
3313 2486 3496 2527 rerum

1905 2576 1964 2623 et
1988 2575 2290 2638 temporum
2331 2566 2595 2622 varietate
2625 2567 2921 2638 impellitur
2948 2606 2964 2633 ,
3003 2565 3156 2637 quasi
3208 2565 3385 2620 ventis
3415 2561 3467 2617 fu
3486 2591 3500 2604 ς

1905 2658 2148 2714 rentibus
2169 2659 2532 2730 perturbatur.
2559 2659 2615 2712 in
2637 2659 2818 2714 littore
2840 2667 3042 2724 autem,
3067 2655 3283 2728 quando
3305 2653 3498 2724 impul-

1905 2766 1967 2812 sa
1997 2751 2159 2807 maris
2188 2767 2326 2821 aqua
2357 2750 2676 2818 refunditur,
2726 2749 3148 2805 innumerabiles
3176 2762 3354 2802 arena:
3394 2745 3493 2800 mi-

1907 2846 2072 2902 nutius
2111 2845 2499 2917 glomerantur.
2544 2841 2681 2912 Quid
2731 2851 2814 2898 est
2842 2853 2972 2910 ergo
3002 2841 3152 2894 littus
3182 2839 3364 2904 maris,
3398 2837 3501 2892 nisi

1907 2949 2005 2991 cor
2034 2935 2452 3004 uniuscujusque
2481 2934 2532 2987 in
2574 2931 2840 3002 spirituali
2869 2930 3282 2992 conversatione
3328 2927 3500 2996 negli-

1909 3024 2130 3094 gentis?
2161 3023 2265 3095 Pcr
2310 3024 2554 3080 ordinem
2590 3024 2791 3095 quippe
2820 3021 3116 3090 religionis,
3150 3019 3302 3090 quasi
3331 3020 3382 3074 in
3411 3035 3502 3074 so-

1907 3119 2016 3184 lido
2047 3126 2190 3174 stare
2226 3118 2465 3180 cernitur
2493 3135 2507 3184 ;
2538 3115 2632 3172 sed
2661 3109 2790 3174 dum.
2819 3115 3108 3176 saeculares
3135 3113 3502 3183 cogitationes

205 3207 440 3264 veniunt
466 3225 481 3262 :
512 3216 572 3264 ut
617 3223 650 3264 a
677 3209 1126 3279 subsequentibus
1154 3209 1316 3276 vitiis,
1359 3209 1513 3280 quasi
1541 3208 1608 3270 ab
1639 3209 1800 3282 283
1831 3219 1877 3284 ρ
1909 3227 2020 3267 non
2065 3210 2334 3289 reprimit,
2378 3210 2531 3280 quasi
2577 3208 2885 3287 frangentes
2915 3210 2967 3263 in
3019 3222 3078 3263 se
3118 3207 3280 3280 maris
3309 3203 3504 3265 ﬂuctus

205 3296 598 3364 irrationabilis
621 3299 763 3374 vulgi
781 3298 1142 3370 multitudine,
1171 3299 1499 3372 devastetur.
1532 3299 1676 3357 Bene
1703 3313 1802 3354 au-

207 3395 327 3458 tem
357 3387 509 3462 mitts
536 3403 730 3460 currus
757 3403 812 3450 et
840 3391 1074 3463 equites,
1106 3389 1300 3460 deinde
1325 3390 1468 3462 vulgi
1495 3390 1801 3450 numerosi-

207 3488 292 3540 tas
324 3481 380 3550 in
415 3483 682 3558 spirituali
716 3492 1027 3560 sanctorum
1064 3499 1240 3556 pugna
1279 3484 1600 3548 describitur
1632 3502 1645 3539 :
1677 3484 1805 3556 quia

205 3571 469 3634 ιιὶωἱιιιω
497 3573 648 3638 nulla
673 3585 757 3634 est
785 3577 1143 3640 numerositas
1163 3619 1182 3648 ,
1222 3577 1367 3644 nulla
1413 3577 1672 3636 fortitudo
1719 3577 1803 3634 vi-

206 3662 413 3728 tiorum
432 3703 456 3735 ,
501 3664 547 3724 si
598 3666 885 3734 excitando
913 3677 970 3734 ει
995 3668 1332 3732 immittenda
1376 3686 1486 3732 non
1532 3669 1806 3748 pracedat

203 3752 354 3820 hanc
407 3754 767 3831 malignorum
826 3758 979 3826 turba
1031 3759 1336 3834 spirituum.
1387 3759 1590 3830 Quibus
1638 3761 1804 3822 etiam

198 3843 392 3902 verbis
421 3844 694 3916 inanitur,
731 3863 895 3926 quam
940 3858 1098 3918 cauta,
1127 3859 1182 3922 et
1224 3852 1612 3923 circumspecta
1656 3867 1802 3912 sem-

202 3949 312 4010 per
358 3951 477 4000 esse
519 3937 719 4001 debeat
777 3940 892 4004 .vita
937 3951 1268 4007 sanctorum.
1327 3943 1459 4006 Nam
1515 3946 1561 4012 si
1616 3946 1803 4018 vulgus

203 4029 482 4098 reliquum
519 4047 698 4104 arente
737 4034 906 4100 maris
941 4035 1185 4110 plurima:
1225 4046 1566 4108 comparatur
1587 4077 1604 4105 ,
1635 4038 1804 4096 innu-

207 4120 491 4182 merabilis
532 4132 588 4192 et
633 4125 747 4188 fere
798 4127 1122 4198 inevitabilis
1171 4137 1252 4198 est
1308 4129 1597 4196 multitudo
1643 4131 1802 4202 jacu-

205 4213 412 4274 lorum.
451 4215 702 4288 Quamvis
729 4218 876 4286 enim
920 4220 1107 4297 peritis
1153 4220 1399 4278 fidelibus
1444 4221 1623 4278 omnia
1673 4230 1803 4278 nota

207 4307 320 4364 sint
373 4307 548 4378 vitia,
601 4311 816 4382 quantis
867 4319 1050 4372 tamen
1098 4328 1194 4380 cor
1249 4312 1484 4369 motibus
1537 4314 1754 4389 pulse“!
1783 4354 1800 4384 ο

208 4397 411 4468 quibus
436 4399 632 4467 modis,
663 4408 756 4466 aut
783 4401 978 4474 quibus
1020 4402 1196 4457 causis
1233 4418 1447 4477 semper
1476 4403 1542 4459 ad
1570 4419 1664 4462 cor
1706 4418 1802 4458 ve-

209 4488 389 4557 niant,
420 4489 642 4556 omnino
666 4490 808 4548 scire
853 4507 960 4567 non
1000 4501 1247 4568 possunt.
1297 4494 1527 4568 Aperlas
1581 4477 1801 4573 quidem

1915 3301 2149 3374 excipit,
2206 3310 2262 3358 et.
2311 3302 2556 3360 cumulos
2612 3310 2897 3356 arenarum
2947 3318 2961 3354 :
3005 3307 3060 3356 et
3102 3299 3226 3354 inde
3282 3297 3504 3368 quidem

1913 3392 2116 3465 impelli
2161 3390 2414 3448 ﬂuctibus
2447 3430 2462 3456 ,
2529 3401 2584 3452 et
2641 3391 2797 3448 obrui
2857 3405 3021 3468 arena
3087 3395 3309 3460 potest,
3359 3387 3504 3442 unde

1910 3488 2048 3538 mari
2074 3483 2509 3554 appropinquare
2536 3497 2648 3537 non
2696 3480 2850 3535 timet
2893 3497 2906 3533 :
2954 3478 3080 3550 quia
3119 3478 3164 3532 si
3194 3475 3374 3532 saeculi
3405 3490 3502 3531 co--

1911 3573 2199 3644 gitationes
2257 3571 2616 3644 spiritualium
2672 3584 2854 3625 rerum
2903 3567 3364 3640 contemplatione
3416 3579 3502 3621 re-

1911 3667 2190 3742 primeret,
2218 3667 2350 3722 vitia
2381 3667 2578 3726 mentis
2605 3673 2661 3721 et
2689 3664 2948 3737 corporis,
2982 3680 3099 3736 quae
3125 3661 3307 3720 saeculi
3336 3676 3502 3718 occu—

1909 3759 2059 3833 patio
2089 3760 2234 3816 velut
2273 3774 2470 3821 arenas
2515 3767 2568 3815 et
2615 3756 2809 3814 ﬂuctus
2840 3755 3065 3821 invehit,
3115 3771 3223 3811 non
3252 3753 3499 3810 sentiret.

1908 3851 2020 3908 Cur
2048 3866 2178 3922 ergo
2207 3851 2398 3922 vulgus
2426 3849 2664 3907 hostium
2706 3863 2884 3904 arenae
2912 3847 3088 3903 simile
3133 3861 3253 3902 esse
3281 3843 3500 3911 dicitur,

1907 3944 2014 4000 nisi
2042 3943 2169 4015 quia
2191 3943 2410 4014 maligni
2432 3943 2654 4015 spiritus
2675 3941 2878 3997 eisdem
2899 3939 3044 3995 vitiis
3070 3939 3274 3996 eiectos
3299 3935 3502 3992 Christi

1910 4036 2074 4112 284
2103 4036 2332 4092 athletas
2373 4035 2731 4122 impugnant,’
2755 4034 2951 4104 quibus
2980 4032 3310 4102 negligentes
3337 4045 3500 4099 supe-

1907 4132 2075 4187 rant?
2104 4131 2238 4186 Cum
2269 4129 2425 4190 turba
2451 4129 2666 4199 quidem
2709 4127 2983 4183 surcularis
3012 4125 3272 4196 strepitus
3301 4129 3492 4177 contra

1909 4243 2007 4286 eos
2059 4226 2305 4293 veniunt,
2349 4225 2440 4298 qui
2475 4222 2732 4282 saeculum
2789 4221 2841 4275 in
2897 4220 3008 4286 suis
3050 4213 3500 4273 delectationibus

1908 4333 2164 4391 spernere
2191 4323 2304 4374 tota
2329 4301 2510 4374 mente
2550 4314 2870 4370 didicerunt.
2901 4310 3132 4382 Pompas
3161 4324 3341 4366 rerum
3371 4307 3500 4364 visi-

1909 4410 2095 4466 bilium
2125 4408 2378 4476 formant,
2403 4412 2772 4475 contemptum
2789 4402 2900 4477 iam
2924 4402 3104 4459 saeculi
3127 4398 3367 4457 amorem
3397 4398 3498 4455 fm-

1906 4505 2084 4576 gendo
2114 4509 2377 4560 renovant
2403 4519 2416 4556 :
2450 4508 2509 4556 ut
2538 4499 2704 4557 corda
2736 4514 2971 4572 superno
3001 4513 3186 4553 amore
3216 4495 3501 4552 flamman-

209 4580 575 4686 lel‘llafiomﬂfi
614 4583 880 4686 tenebras
909 4593 1158 4686 ροιξδηιθς
1197 4585 1484 4686 ﬁliolum;
1517 4588 1612 4645 sed
1658 4602 1802 4666 smpe
1825 4603 1883 4686 υ
1909 4597 2001 4664 tia,
2045 4595 2111 4652 ad
2141 4595 2332 4660 noxias
2358 4593 2746 4649 delectationes
2778 4593 3016 4650 trahant.”
3037 4590 3146 4648 Sed
3175 4590 3348 4646 sancti
3375 4589 3500 4658 viri,

208 4672 503 4742 caliginem
526 4671 846 4752 ignorantia:
865 4677 920 4746 in
948 4678 1108 4754 rebus
1129 4677 1420 4744 levioribus
1451 4679 1604 4752 quasi
1626 4694 1806 4736 arente
1846 4671 1859 4690 ³
1912 4689 2039 4762 quia
2069 4684 2514 4744 innumerabilem
2543 4683 2683 4742 hanc
2710 4699 2941 4755 nequam
2970 4683 3360 4752 cogitationum
3385 4689 3502 4735 tur-

209 4764 469 4826 minutias
497 4781 606 4833 non
651 4767 907 4840 evadunt.
953 4768 1179 4840 Semper
1207 4770 1576 4828 fortitudinem
1616 4781 1803 4847 osten-

211 4852 351 4911 dunt
368 4855 502 4921 boni
540 4857 720 4936 operis
730 4857 762 4936 ’ί
789 4859 884 4932 sed
905 4861 996 4936 qui
1023 4876 1247 4934 magnos
1276 4865 1542 4920 exercitus
1563 4866 1805 4936 equitum

210 4961 412 5020 magna
457 4949 657 5026 virtute
699 4959 980 5031 superant,
1021 4953 1260 5022 linguam
1307 4956 1522 5028 penitus
1551 4957 1617 5012 ab
1656 4959 1806 5028 omni

210 5037 487 5114 superﬂua
506 5041 780 5120 locutione
799 5060 909 5123 non
937 5043 1232 5114 refrenant.
1256 5047 1522 5105 Continuo
1548 5064 1648 5104 usu
1674 5065 1798 5107 cor-

210 5149 318 5208 pus
342 5134 398 5192 in
419 5133 516 5198 Dei
535 5135 918 5216 omnipotentis
939 5139 1162 5206 servitio
1187 5138 1421 5206 dirigunt
1449 5157 1462 5206 ;
1495 5141 1588 5197 sed
1613 5157 1802 5201 eorum

210 5237 394 5296 mens,
408 5237 528 5294 qute
541 5223 669 5298 furis
681 5227 922 5303 membra
943 5229 1182 5301 perfecte
1198 5229 1432 5298 ordinat,
1447 5230 1814 5300 cogitationes-

211 5314 515 5390 superﬂuas
525 5316 814 5399 aliquando
828 5333 1161 5394 nequaquam
1175 5321 1322 5376 vitat.
1344 5320 1481 5390 Quid
1502 5323 1644 5380 enim
1661 5323 1807 5380 aliud

213 5413 366 5476 tunc,
393 5406 708 5484 quamvulgi
723 5409 1086 5490 importunam
1115 5413 1511 5489 multitudinem
1541 5415 1802 5486 sentiunt,
1853 5433 1856 5436 ‘

213 5499 312 5573 qui
337 5514 529 5570 currus
556 5506 613 5558 et
647 5501 858 5580 equites
884 5517 1076 5574 magna
1112 5504 1311 5567 virtute
1351 5508 1804 5578 prostraverunt?

289 5589 343 5648 9.
373 5589 482 5665 Sed
513 5591 706 5671 doctor
750 5593 998 5671 egregius
1040 5594 1205 5651 dicit:
1239 5595 1591 5672 Diligentibus
1635 5597 1805 5655 Deum

214 5683 394 5738 omnia
416 5669 762 5760 coeperantut?
777 5685 834 5762 in
865 5682 1052 5746 bonum
1082 5669 1259 5761 (Rcui.
1286 5669 1396 5757 vrri,
1426 5689 1540 5762 28).
1573 5691 1804 5749 Permit-

217 5771 289 5828 tit
326 5774 546 5846 quidem
585 5776 730 5837 Deus
782 5776 984 5837 eiectos
1007 5793 1135 5836 suos
1178 5781 1384 5849 magnis
1415 5783 1801 5841 tentationibus

1843 5873 1875 5892 ν

1848 5903 1868 5913 ὀ·

1913 4779 2040 4838 bam
2061 4777 2130 4833 de
2173 4775 2355 4832 saeculi
2384 4773 2576 4862 pelago
2605 4774 2822 4845 prodire
2848 4773 3212 4840 considerant,
3245 4771 3503 4829 saeculum

1914 4877 2030 4926 tota
2075 4874 2259 4924 mente
2308 4863 2579 4940 fugiendo,
2631 4863 2747 4920 fieri
2793 4863 2980 4934 littora
3010 4863 3174 4918 maris
3218 4862 3408 4926 vitant,
3448 4866 3504 4914 et

1912 4969 2120 5018 tantum
2149 4959 2340 5030 vulgus
2384 4957 2620 5014 hostium
2647 4955 2758 5026 jam
2806 4971 2913 5011 non
2943 4955 3174 5009 timent:
3206 4953 3332 5022 quia
3375 4951 3504 5006 dum

1911 5049 1970 5106 in
2024 5050 2213 5108 intima
2263 5033 2718 5120 contemplatione
2776 5061 2836 5101 se
2890 5044 3173 5114 retinent,
3247 5040 3504 5098 vitiorum

1909 5142 2069 5199 turba
2120 5141 2190 5197 ad
2241 5155 2338 5198 eos
2390 5154 2671 5198 accessum
2719 5137 2921 5193 habere
2978 5149 3086 5192 non
3135 5141 3336 5206 potest.
3397 5132 3496 5188 Sc-

1898 5233 2095 5307 ‘quitur
2118 5249 2134 5288 :

1984 5321 2164 5398 (Vere.
2197 5320 2275 5395 5.)
2304 5321 2374 5377 Et
2394 5323 2744 5389 ascendentes,
2778 5322 3128 5388 castrametati
3149 5327 3274 5378 sunt
3298 5321 3354 5374 in
3380 5315 3502 5374 Ma-

1909 5433 2059 5498 gmas
2084 5417 2154 5490 ad
2179 5419 2428 5480 orientem
2457 5416 2738 5472 Bethaven.

1985 5507 2073 5586 io.
2111 5507 2357 5586 Maiignis
2383 5507 2661 5586 spiritibus
2683 5505 2996 5574 ascendere,
3029 5515 3106 5562 est
3136 5503 3205 5578 ad
3224 5502 3501 5576 decipien-

1899 5583 2330 5671 dasanctorum
2381 5583 2570 5665 corda,
2620 5613 2714 5668 per
2757 5598 2979 5655 cmleste
3016 5596 3338 5654 desiderium
3390 5595 3502 5651 alta

1907 5692 2120 5749 conari.
2177 5691 2324 5748 Bene
2379 5701 2560 5746 autem
2591 5691 2822 5746 dicitur:
2875 5679 3244 5746 Castramatati
3273 5696 3393 5744 sunt
3443 5689 3500 5739 in

1908 5782 2152 5858 Magmas
2178 5797 2196 5839 :
2226 5771 2352 5855 quia
2373 5782 2427 5838 in
2449 5782 2554 5838 illis
2582 5784 2835 5841 cordibus
2881 5783 3139 5854 resident,
3167 5796 3286 5856 qua:
3309 5781 3363 5837 in
3385 5780 3499 5835 alto
