4020 6344
531 361 640 422 543

1703 359 1944 421 SANCTI
1980 357 2306 420 GREGORII
2341 359 2555 421 MAGNI

3692 368 3795 430 δα

530 495 722 539 amore
740 475 1039 538 caelestium
1058 473 1344 536 sublimata
1364 489 1473 533 non
1485 475 1688 534 vident.
1705 477 1943 547 Magmas
1957 477 2113 548 quip-
2137 476 2189 538 Α
2216 477 2465 547 speritas,
2492 477 2581 532 lux
2609 476 2664 533 in
2693 472 2964 547 tenebras,
2993 477 3130 534 risus
3154 478 3208 534 in
3228 493 3537 548 mmrorem,
3564 479 3794 540 dulcedo

530 590 602 646 pe
645 574 916 629 humilitas
943 573 1345 642 interpretatur.
1387 569 1667 625 llumiliari
1695 585 1826 626 vero
1854 571 1909 625 in
1956 585 2111 626 sacro

529 666 750 735 eloquio
777 681 876 736 pro
913 663 1123 720 defectu
1151 679 1294 733 stepe
1321 663 1535 719 virtutis
1562 663 1841 732 accipitur.
1874 661 2030 718 Un‘de
2058 669 2114 719 et

525 756 584 811 in
613 758 714 812 hac
733 756 920 812 eadem
944 769 1130 824 regum
1159 755 1383 811 historia
1413 753 1649 810 Thamar
1675 754 1842 810 David
1882 757 2025 824 regis
2050 754 2112 808 ll—

525 846 620 914 lia,
646 862 806 917 quam
827 847 1059 903 violasse
1087 847 1262 902 Amon
1289 846 1456 902 frater
1476 845 1591 915 ejus
1618 845 1835 915 legitur,
1864 846 2112 902 humilia-

526 947 582 994 ta
613 940 940 1009 perhibetur.
969 937 1236 1009 Corrupta
1266 938 1480 1008 quidem
1509 937 1786 992 humiliata
1817 945 1898 992 est
1923 955 1937 990 :
1985 939 2112 1006 quia

527 1031 775 1088 sublimis
790 1039 1016 1088 steterat
1034 1031 1206 1099 virgo,
1233 1039 1286 1085 et
1313 1030 1436 1084 dum
1461 1029 1624 1083 altum
1648 1027 1868 1083 honoris
1887 1028 2113 1097 virginei

527 1123 740 1178 culmen
753 1122 1002 1192 perdidit,
1018 1122 1240 1177 vclutde
1253 1121 1464 1175 sublimi
1479 1120 1546 1174 ad
1562 1120 1776 1189 planum
1791 1119 2112 1174 ethumilem

527 1219 711 1274 locum
725 1217 875 1273 venit
891 1215 943 1287 (Ι
949 1215 978 1270 1
999 1217 1123 1288 Reg.
1140 1215 1274 1284 xm).
1299 1214 1372 1268 De
1391 1213 1566 1268 futura
1588 1213 1749 1268 etiam
1762 1212 2115 1283 superborum

530 1309 882 1379 depressione
904 1309 1098 1364 dicitur
1125 1325 1139 1361 :
1166 1307 1368 1369 Omnis,
1393 1307 1476 1378 qui
1499 1321 1551 1360 se
1577 1306 1792 1371 exultat,
1819 1303 2116 1358 humiliabi-

534 1409 618 1454 tur
636 1398 789 1466 (Luc.
806 1416 912 1465 xrv,
930 1398 1017 1468 11)
1041 1399 1192 1468 :quia
1211 1399 1264 1451 in
1281 1398 1528 1453 examine
1551 1397 1971 1468 supernijudicis
1997 1413 2116 1454 cor-

529 1500 714 1556 ruunt,
745 1492 832 1559 qui
853 1506 988 1544 vane
1010 1489 1075 1544 de
1089 1490 1244 1558 hujus
1257 1490 1434 1545 surculi
1449 1490 1777 1544 sublimitate
1797 1489 2114 1558 gloriantur.

531 1583 679 1639 Bene
708 1598 834 1653 ergo
871 1584 924 1637 in
954 1583 1191 1652 Magmas
1211 1591 1385 1638 castra
1411 1600 1613 1653 ponere
1639 1583 1890 1638 Philisuni
1933 1583 2115 1652 perhi-

525 1676 722 1730 bentur
745 1678 895 1745 :quia
919 1691 1014 1745 per
1036 1676 1214 1744 iniqua
1232 1676 1454 1730 consilia
1476 1677 1528 1730 in
1550 1676 1628 1731 eis
1641 1675 1902 1730 damouia
1920 1686 1945 1711 *ί
1966 1673 2119 1728 habi-

526 1777 662 1837 tant,
677 1772 766 1838 qui
788 1769 895 1823 alta
915 1770 1170 1823 virtutum
1193 1769 1424 1823 culmina
1444 1777 1626 1822 tenere
1640 1783 1744 1821 non
1758 1773 1965 1822 curant.
1983 1764 2115 1819 Nam

2215 567 2269 620 in
2284 581 2540 634 vermem,
2562 567 2729 623 decor
2748 567 2801 623 in
2823 565 3239 635 deformitatem,
3261 569 3437 626 honor
3455 571 3511 626 in
3536 570 3793 642 dedecus,

2213 659 2581 715 blandimenta
2611 660 2665 716 in
2709 676 2898 732 poenas
2936 671 2992 717 et
3014 672 3213 718 aeterna
3256 671 3525 720 tormenta
3554 681 3796 723 commn-

2213 758 2414 806 tantur.
2451 750 2576 808 llaec
2618 752 2882 824 profecto,
2926 755 3050 825 quia
3101 770 3244 811 nunc
3288 755 3574 827 impiorum
3625 759 3789 814 corda

2215 860 2322 900 non
2353 846 2608 912 sentiunt,
2641 846 2905 902 bonorum
2935 862 3114 904 mores
3164 847 3357 903 imitari
3407 847 3713 918 refugiunt;
3743 859 3801 905 et

2215 939 2462 1009 exemplo
2491 939 2839 1010 perditorum,
2880 939 3137 1010 quidquid
3172 939 3239 996 de
3265 940 3460 996 saeculo
3490 940 3569 996 eis
3599 940 3800 1011 placet,

2215 1044 2430 1086 sumere
2468 1047 2804 1100 nequaquam
2856 1033 3082 1089 timent:
3133 1033 3259 1102 quia
3309 1033 3429 1088 illos
3472 1033 3800 1102 imitantur,

2215 1120 2307 1188 qui
2337 1136 2432 1191 per
2458 1122 2621 1176 vitam
2650 1123 2933 1191 reprobam
2981 1123 3284 1179 habitacula
3325 1123 3632 1180 daemonum
3673 1125 3800 1182 lacti

2218 1221 2360 1266 sunt.
2396 1211 2547 1268 Unde
2575 1224 2630 1268 et
2658 1213 2852 1269 merito
2881 1215 3073 1270 domus
3102 1215 3305 1270 inutilis
3343 1216 3636 1272 dicuntur:
3675 1217 3799 1287 quia

2219 1317 2361 1370 sape
2389 1312 2697 1357 sanctorum
2729 1303 3164 1372 praedicationem
3199 1305 3515 1376 suscipiunt,
3543 1306 3642 1362 sed
3677 1322 3798 1363 ver-

2219 1390 2346 1446 bum
2377 1394 2521 1460 quod
2551 1395 2618 1448 ab
2648 1409 2834 1450 eorum
2865 1411 2960 1451 ore
2988 1398 3231 1463 audiunt,
3259 1398 3312 1452 in
3342 1414 3401 1454 se
3425 1399 3669 1456 habitare
3705 1415 3801 1471 per

2220 1497 2459 1538 amorem
2491 1499 2830 1556 nequaquam
2861 1488 3160 1556 patiuntur.
3208 1487 3416 1544 Inutilis
3443 1503 3575 1559 ergo
3612 1490 3802 1547 domus

2220 1583 2382 1629 sunt:
2428 1577 2552 1645 quia
2581 1587 2759 1648 aptam
2809 1579 2862 1634 in
2890 1595 2948 1636 se
2991 1579 3102 1636 Deo
3139 1581 3527 1637 habitationem
3566 1598 3678 1638 non
3723 1582 3802 1638 fa-

2221 1669 2388 1723 ciunt.
2415 1669 2564 1726 lianc
2594 1672 2836 1728 inutilem
2866 1673 3081 1729 domum
3105 1689 3203 1746 per
3223 1675 3568 1745 semetipsam
3595 1673 3805 1732 Veritas

2222 1759 2276 1816 in
2297 1759 2586 1832 Evangelio
2615 1763 2878 1833 designat,
2901 1765 3116 1823 dicens:
3157 1765 3347 1835 Vulpes
3377 1768 3551 1837 foveas
3595 1766 3804 1832 habent,

525 1861 651 1916 dum
675 1871 887 1918 terrena
906 1870 1169 1932 quaerunt,
1193 1863 1341 1916 velut
1367 1861 1523 1934 plana
1546 1870 1600 1916 et
1618 1861 1836 1916 humilia
1856 1860 2116 1924 incolunt,
2150 1867 2198 1930 Β
2224 1863 2274 1908 ει
2300 1857 2528 1910 volucres
2557 1858 2668 1912 cali
2694 1859 2842 1913 nidos
2865 1858 3067 1914 :Filius
3093 1869 3266 1914 autem
3285 1860 3509 1915 hominis
3538 1877 3645 1916 non
3657 1860 3810 1914 habet

524 1955 616 2009 ubi
640 1953 931 2008 invisibiles
951 1955 1134 2008 hostes
1154 1963 1328 2007 castra
1353 1969 1552 2024 ponere
1575 1954 1763 2008 leviter
1778 1961 2016 2023 possunt.
2044 1952 2120 2007 De
2223 1945 2310 2000 ubi
2339 1956 2489 2018 caput
2510 1965 2657 2004 suum
2679 1952 2890 2006 reclinet
2910 1950 3125 2023 (Matth.
3157 1967 3269 2022 vni,
3296 1953 3412 2022 940).
3443 1951 3585 2009 Hinc
3612 1951 3804 2009 iterum

525 2046 720 2114 quibus
779 2045 1028 2099 nimirum
1084 2045 1325 2100 hostibus
1371 2061 1469 2114 per
1519 2043 1834 2113 prOphetam
1885 2043 2114 2098 dicitur:

530 2140 630 2206 Qui
685 2143 861 2196 dicunt
909 2143 1098 2197 anima:
1151 2151 1295 2196 tute:
1337 2141 1636 2206 Incurvare,
1685 2148 1740 2193 ut
1794 2148 2119 2193 transeamus

532 2233 688 2304 (Isai.
749 2251 819 2300 LI,
849 2233 962 2304 25).
1008 2233 1200 2290 Erecta
1229 2233 1443 2303 quidem
1495 2232 1738 2287 sublimis
1780 2239 1864 2286 est
1915 2232 2114 2294 anima,

527 2324 806 2380 incurvata
837 2325 1090 2380 humilis:
1141 2325 1264 2394 quia
1299 2339 1391 2394 per
1430 2325 1688 2380 virtutum
1719 2323 2115 2388 celsitudinem,

526 2425 609 2471 est
638 2431 734 2486 per
777 2417 1001 2472 cmleste
1022 2416 1352 2492 desiderium
1399 2417 1451 2471 in
1500 2418 1608 2470 alta
1649 2415 1987 2470 sustollitur:
2019 2413 2118 2470 sed

525 2509 743 2578 quando
771 2509 839 2563 ad
879 2510 1030 2570 vitia,
1065 2510 1151 2566 vel
1181 2510 1247 2563 ad
1278 2510 1459 2564 szeculi
1491 2525 1730 2565 amorem
1761 2509 1966 2577 deﬂuit,
1992 2509 2118 2564 illuc

533 2601 754 2670 quidem
796 2601 961 2669 cadit,
987 2603 1075 2658 ubi
1105 2604 1244 2658 hanc
1272 2603 1441 2659 hostis
1470 2605 1677 2658 irruens
1704 2602 1891 2656 leviter
1910 2601 2113 2656 atterit.

534 2691 732 2747 Dicunt
762 2707 894 2762 ergo
941 2694 1133 2748 anima:
1161 2701 1298 2749 tum:
1331 2693 1632 2759 incurvare,
1657 2700 1716 2747 ut
1744 2701 2112 2747 transeamus:

527 2784 656 2852 quia
685 2783 730 2840 si
780 2783 921 2840 hanc
948 2784 1015 2840 ad
1055 2784 1280 2853 agenda,
1329 2784 1415 2840 vel
1445 2783 1726 2853 cogitanda
1759 2793 1972 2837 terrena
2002 2797 2113 2836 non

523 2873 830 2942 humiliant,
875 2891 976 2931 nec
1023 2876 1267 2946 malignis
1317 2875 1757 2946 persuasionibus
1801 2883 2112 2947 penetrant,

525 2978 628 3020 nec
648 2966 900 3021 vitiorum
921 2965 1062 3022 bello
1092 2972 1430 3037 perturbant.

597 3059 685 3112 11.
717 3057 854 3114 Hinc
881 3074 1010 3128 ergo
1034 3060 1286 3131 colligere
1306 3076 1611 3130 possumus,
1643 3071 1903 3131 quantum
1933 3077 1963 3114 a
2007 3075 2112 3115 sm—

527 3147 651 3204 culo
673 3155 816 3216 actu,
846 3148 1014 3206 verbo
1041 3159 1095 3204 et
1123 3149 1449 3220 cogitatione
1475 3152 1631 3220 longe
1657 3150 1773 3206 ﬁeri
1795 3151 2110 3207 debeamus.

2222 2043 2477 2112 scriptum
2507 2053 2624 2099 est:
2678 2045 2905 2116 Spiritus
2951 2057 3160 2103 sanctus
3189 2048 3480 2117 disciplina
3513 2049 3701 2121 effugit
3744 2050 3802 2120 [i-

2222 2141 2378 2200 ctum,
2411 2145 2460 2189 et
2488 2153 2589 2189 non
2620 2135 2817 2190 habitat
2844 2139 2896 2192 in
2923 2155 3136 2209 corpore
3155 2138 3356 2195 subdito
3395 2141 3620 2211 peccatis
3652 2138 3804 2211 (Sep.

2225 2240 2261 2291 ι,
2311 2224 2390 2295 5).
2426 2225 2584 2291 ,Βεηε
2626 2243 2755 2296 ergo
2785 2229 2985 2286 inutilis
3014 2229 3208 2286 domus
3248 2231 3448 2286 habere
3499 2230 3552 2286 in
3581 2230 3806 2287 orientis

2222 2325 2376 2383 parte
2411 2314 2651 2386 Magmas
2695 2318 2892 2375 dicitur
2921 2339 2932 2373 :
2966 2322 3114 2390 quia,
3145 2322 3237 2392 qui
3267 2330 3580 2379 sanctorum
3609 2322 3805 2394 pradi-

2222 2407 2490 2462 catiouem
2531 2419 2814 2480 spernunt,
2861 2412 2914 2467 in
2945 2413 3300 2483 reproborum
3329 2415 3580 2486 exemplo
3617 2413 3724 2469 ima
3752 2421 3806 2470 et

2222 2503 2435 2552 terrena
2481 2502 2852 2568 qu:erentium,
2899 2503 3048 2559 velut
3077 2505 3131 2561 in
3177 2520 3384 2576 magna:
3426 2505 3562 2562 lucis
3607 2516 3804 2563 exortu

2220 2590 2576 2658 gratulantur.
2621 2593 2734 2648 Sed
2771 2593 2919 2666 dum,
2963 2596 3303 2667 loquentibus
3348 2612 3519 2654 sacrae
3567 2597 3805 2654 historia:

2218 2684 2508 2754 mysteriis,
2541 2687 2805 2744 malorum
2825 2692 3168 2747 conversatio
3189 2690 3616 2760 demonstratur,
3643 2704 3803 2761 quam

2218 2775 2292 2830 sit
2339 2787 2497 2833 cauta
2527 2789 2836 2837 sanctorum
2875 2782 3007 2848 vita,
3050 2781 3443 2856 subsequenter
3478 2782 3799 2841 ostenditur.

2217 2865 2352 2922 Nam
2373 2870 2646 2939 sequitur:

2291 2960 2467 3031 (Vers.
2499 2963 2580 3034 6.)
2620 2961 2770 3030 Quod
2814 2983 2929 3022 cum
2976 2969 3220 3026 vicissent
3263 2971 3362 3026 uiri
3413 2968 3620 3037 Israel,
3657 2986 3715 3025 se
3749 2970 3802 3024 in

2219 3061 2363 3108 arcto
2392 3056 2534 3124 sitos,
2565 3057 2795 3128 afﬂictus
2823 3068 2901 3115 est
2927 3061 3167 3132 populus,
3195 3071 3244 3117 et
3271 3061 3653 3119 absconderant
3675 3077 3730 3116 se
3747 3062 3800 3116 in

2218 3145 2496 3213 speluncis,
2525 3155 2575 3202 et
2602 3147 2657 3202 in
2678 3147 2888 3218 abditis,
2912 3151 2968 3206 in
2995 3153 3156 3223 petris
3193 3169 3416 3228 quoque,
3445 3162 3497 3210 et
3525 3155 3580 3208 in
3616 3154 3800 3221 antris,

526 3235 705 3295 Verba
754 3240 956 3310 quippe
999 3249 1206 3311 nostra,
1258 3241 1632 3311 cogitationes,
1665 3250 1723 3298 et
1759 3257 1924 3312 opera
1954 3244 2111 3313 plana
2142 3254 2190 3320 ο
2219 3244 2269 3288 ει
2297 3237 2555 3293 cisternis.

525 3338 583 3385 et
611 3330 832 3386 humilia
860 3339 1005 3400 sunt,
1033 3332 1249 3403 quando
1297 3333 1588 3388 saecularia.
1622 3331 1726 3389 Per
1750 3334 1864 3389 huic
1891 3334 2112 3403 quidem

525 3426 600 3481 ibi
631 3443 836 3492 sumus,
864 3427 951 3482 ubi
982 3428 1317 3484 occultorum
1346 3427 1583 3484 hostium
1619 3435 1798 3483 castra
1825 3427 1994 3483 libere
2021 3443 2114 3498 po-

524 3529 749 3589 nuntur,
801 3520 888 3575 ubi
938 3528 1090 3576 tanto
1137 3520 1345 3578 facilius
1394 3521 1511 3591 capi
1553 3535 1859 3591 possumus,
1907 3527 2113 3589 quanto

525 3611 674 3665 nulla
696 3612 1008 3667 munitionis
1049 3627 1174 3668 arce
1201 3614 1564 3669 sublevantur.
1598 3612 1728 3680 Quis
1755 3613 1896 3669 enim
1915 3612 2027 3682 jam
2056 3614 2115 3667 li-

529 3698 667 3754 delis
697 3701 902 3756 nesciat
928 3719 940 3755 :
973 3703 1100 3771 quia
1130 3703 1318 3773 culpas
1345 3705 1654 3769 verborum,
1703 3705 2111 3775 cogitationum,

525 3801 584 3847 et
618 3808 841 3862 operum
867 3802 1176 3849 nostrorum
1206 3795 1489 3863 colligant,
1521 3804 1576 3850 et
1604 3795 1671 3850 ad
1708 3798 2114 3852 accusationem

527 3894 766 3944 nostram
792 3885 845 3944 in
871 3885 1105 3946 adventu
1133 3887 1345 3947 venturi
1371 3886 1568 3961 judiris
1589 3891 1848 3947 servent?
1876 3886 2030 3942 Unde
2059 3895 2117 3943 et

524 3982 672 4038 hunc
719 3983 974 4039 humilem
1004 3993 1165 4054 atque
1204 3985 1517 4056 despectum
1547 3986 1723 4041 locum
1752 3980 1990 4055 Magmas
2031 3980 2114 4036 fu-

524 4075 776 4144 giendum
809 4076 963 4132 nobis
990 4091 1108 4132 esse
1133 4076 1392 4132 Dominus
1421 4077 1716 4142 insinuans,
1746 4077 1876 4132 dicit
1901 4095 1913 4130 :
1949 4071 2116 4132 Omne

525 4167 728 4220 verbum
757 4169 995 4234 otiosum,
1025 4169 1160 4238 quod
1189 4169 1346 4224 locuti
1375 4169 1568 4240 fuerint
1600 4168 1852 4235 homines,
1899 4168 2114 4223 reddent

525 4259 776 4312 rationem
803 4259 857 4312 in
889 4259 971 4312 die
1011 4260 1197 4330 judicii
1239 4257 1453 4331 (Matth.
1488 4276 1584 4327 xu,
1615 4258 1726 4329 36).
1781 4259 1954 4314 Locus
1982 4274 2111 4330 ergo

525 4346 758 4402 hostium
786 4349 1002 4404 humilis
1032 4351 1256 4419 dicitur;
1300 4361 1358 4407 ut
1395 4352 1641 4423 profecto
1670 4351 1826 4408 nobis
1856 4351 2108 4417 insinuet,

526 4439 652 4506 quia
700 4441 886 4507 verbo,
938 4442 1263 4512 cogitatione
1305 4453 1362 4499 et
1388 4459 1554 4515 opere
1601 4457 1816 4514 semper
1855 4441 2111 4498 sublimes

525 4544 647 4584 esse
693 4529 1002 4589 debeamus.
1045 4532 1114 4589 Et
1140 4536 1268 4604 quia
1305 4536 1431 4590 dum
1461 4536 1516 4590 in
1563 4535 1751 4590 humili
1787 4533 2110 4590 remissioris

2293 3328 2378 3381 12.
2423 3328 2478 3383 1η
2502 3338 2653 3386 arcto
2681 3331 2898 3402 quidem
2929 3349 3140 3402 sumus,
3175 3336 3391 3406 quando
3425 3337 3494 3393 ab
3521 3336 3804 3392 immundis

2217 3420 2490 3490 spiritibus
2513 3421 2656 3476 intus
2686 3431 2975 3490 tentamur,
3002 3434 3058 3481 et
3083 3423 3214 3483 foris
3233 3428 3497 3484 malorum
3522 3429 3802 3484 hominum

2218 3512 2462 3581 exempla
2493 3513 2878 3582 conspicimus.
2925 3515 3127 3572 Contra
3174 3517 3438 3574 internam
3468 3531 3600 3588 ergo
3634 3517 3803 3574 malo-

2217 3616 2337 3657 rum
2374 3603 2657 3673 spirituum
2700 3606 3052 3663 tentationem
3083 3608 3222 3664 bene
3258 3608 3460 3665 dictum
3505 3617 3590 3664 est
3613 3628 3626 3662 :
3652 3610 3804 3680 Affli-

2217 3705 2329 3751 ctus
2350 3706 2428 3750 est
2455 3697 2695 3766 populus,
2724 3705 2779 3752 et
2807 3707 2996 3754 contra
3027 3699 3298 3756 exteriora
3325 3701 3573 3772 exempla
3607 3700 3802 3771 impio-

2217 3803 2337 3844 rum
2387 3788 2660 3843 hominum
2691 3829 2706 3856 ,
2749 3788 3140 3845 Absconderunt
3193 3809 3267 3847 se.
3324 3790 3458 3858 Quia
3506 3790 3704 3846 blanda
3753 3797 3805 3844 et

2218 3879 2342 3935 laeta
2382 3880 2538 3936 nobis
2587 3882 2890 3952 appetenda
2919 3882 3148 3940 callidus
3175 3884 3518 3940 adversarius
3545 3883 3801 3954 suggerit,

2219 3974 2314 4043 qui
2341 3989 2613 4044 nunquam
2644 3974 2836 4031 melius
2861 3975 3094 4033 vincitur
3116 3991 3278 4048 quam
3316 3977 3363 4032 si
3399 3978 3592 4032 tentati
3624 3976 3694 4031 ad
3716 3977 3804 4032 de-

2218 4073 2359 4119 vota:
2383 4064 2642 4122 orationis
2671 4065 2904 4123 lamenta
2927 4083 3226 4125 curramus.
3257 4065 3322 4123 Et
3340 4069 3588 4139 exempla
3618 4083 3804 4140 pravo-

2216 4181 2335 4220 rum
2366 4159 2536 4220 vilare
2573 4160 2730 4217 citius
2757 4177 3073 4232 possumus,
3100 4161 3148 4218 si
3191 4175 3258 4218 ea
3284 4161 3444 4216 etiam
3473 4159 3802 4231 respicienda

2217 4273 2326 4312 non
2365 4271 2485 4313 esse
2528 4254 2852 4327 judicetnus.
2901 4251 3168 4309 Ahscnndi
3205 4265 3334 4323 ergo
3357 4261 3697 4320 sanctorum,
3727 4257 3802 4306 est

2215 4351 2447 4422 reproba
2489 4349 2675 4406 videre
2718 4345 3014 4420 dedignar‘i.
3061 4342 3128 4404 Et
3165 4344 3287 4420 quia
3334 4345 3576 4414 quinque
3616 4357 3802 4398 sensus

2216 4442 2462 4512 corporis
2496 4457 2527 4496 a
2564 4442 2917 4512 reproborum
2946 4442 3246 4498 imitatione
3277 4435 3620 4506 custodiunt,
3645 4433 3800 4508 quin-

2215 4547 2322 4603 que
2338 4535 2500 4589 etiam
2518 4533 2860 4589 latibulorum
2879 4549 3078 4605 genera
3097 4534 3474 4591 describuntur
3493 4551 3505 4587 :
3533 4532 3798 4602 spelunca:

524 4620 648 4674 vita:
677 4636 787 4677 suae
813 4623 935 4680 loco
963 4625 1181 4695 reprobi
1207 4627 1512 4698 capiuntur,
1554 4627 1800 4698 exempla
1831 4625 2109 4696 pravitatis
2139 4649 2194 4712 Β
2216 4627 2442 4692 scilicet,
2471 4626 2669 4694 abdita,
2697 4637 2894 4698 peti-1e,
2925 4636 3112 4696 antra,
3145 4635 3201 4683 et
3224 4627 3489 4684 cisternae.
3519 4625 3799 4696 Spelunca:

525 4717 852 4786 ostendunt,
908 4735 1026 4789 quae
1077 4720 1194 4778 aliis
1260 4722 1516 4778 imitanda
1571 4732 1981 4794 proponantur:
2040 4720 2108 4778 ab

522 4809 735 4866 oriente
783 4810 1058 4868 Bethaven
1103 4814 1341 4884 Magmas
1394 4829 1515 4872 esse
1563 4813 1778 4870 dicitur.
1810 4814 1970 4886 285
2027 4813 2109 4869 Ab

523 4903 734 4960 oriente
772 4893 990 4973 quidem
1017 4904 1146 4960 solis
1184 4904 1359 4960 lucem
1407 4905 1539 4961 oriri
1567 4905 1854 4960 cernimus.
1900 4904 2108 4974 Repre-

521 4993 712 5049 borum
754 5003 932 5051 autem
961 4996 1091 5063 vita,
1117 5011 1442 5067 quamquam
1461 4996 1744 5052 veritatem
1767 4995 2111 5050 obscuritatis

521 5084 752 5154 habeat;
807 5088 898 5158 qui
926 5088 1066 5145 hanc
1101 5097 1281 5145 tamen
1326 5105 1427 5160 pro
1479 5102 1616 5144 vana
1645 5088 1825 5143 saeculi
1876 5087 2111 5143 delecta-

525 5178 674 5234 tione
725 5195 936 5250 semper
964 5190 1247 5252 appetunt,
1294 5183 1547 5238 nimirum
1587 5181 1736 5235 velut
1767 5180 1925 5245 falsa:
1974 5181 2108 5235 lucis

522 5269 811 5339 splendore
830 5270 1104 5330 falluntur.
1130 5273 1283 5331 Unde
1306 5283 1359 5330 et
1382 5291 1480 5345 per
1499 5274 1716 5329 beatum
1739 5271 1839 5329 Job
1864 5271 2066 5327 dicitur
2089 5290 2103 5327 :

523 5360 800 5432 Auferetur
826 5361 890 5416 ab
927 5363 1096 5434 impiis
1122 5365 1212 5420 tua:
1233 5383 1326 5420 sua
1357 5363 1498 5434 (Job.
1543 5380 1766 5430 xsxvut,
1800 5362 1913 5436 15).
1944 5362 2106 5419 Modo

2215 4737 2348 4776 vero
2371 4720 2632 4775 montium
2663 4721 2874 4776 occulta
2903 4729 3057 4776 sunt:
3088 4720 3216 4791 quia
3239 4735 3369 4776 vero
3390 4720 3498 4774 alta
3519 4719 3573 4774 in
3599 4717 3798 4774 caelesti

2215 4810 2486 4868 desiderio
2514 4819 2638 4867 sunt
2667 4812 2829 4867 corda
2860 4819 3167 4868 sanctorum
3185 4853 3200 4880 ,
3229 4818 3284 4867 et
3319 4809 3567 4878 malignis
3605 4807 3799 4880 spiriti-

2214 4897 2316 4956 bus
2345 4901 2525 4956 clausa
2552 4910 2606 4955 et
2632 4901 3018 4960 inaccessibilia
3043 4909 3186 4958 sunt.
3226 4900 3524 4970 Speluncas
3557 4913 3690 4969 ergo
3718 4899 3796 4954 in-

2215 4995 2496 5066 gredimur
2516 5038 2532 5062 ,
2560 4996 2778 5066 quando
2806 4995 2872 5051 ad
2913 4995 3174 5051 mentium
3200 5007 3408 5050 secreta
3435 4995 3794 5059 recurrimus,

2218 5103 2290 5143 ne
2322 5089 2638 5157 vagantibus
2667 5089 2836 5144 oculis
2871 5088 3004 5144 foris
3033 5087 3462 5159 concupiscenda
3502 5087 3792 5142 videamus.

2211 5177 2273 5236 1n
2304 5182 2500 5238 abditis
2527 5182 2904 5239 abscondimur
2925 5224 2943 5252 ,
2984 5181 3201 5252 quando
3240 5179 3410 5237 clausi
3437 5180 3550 5236 oris
3588 5179 3794 5234 silentia

2208 5276 2426 5332 occulta
2451 5291 2742 5332 servamus.
2781 5274 2968 5330 Petras
2999 5273 3355 5342 ascendimus,
3378 5272 3596 5345 quando
3623 5281 3793 5326 aetum

2212 5368 2459 5437 corporis
2480 5367 2532 5422 in
2559 5369 2778 5422 robusta
2806 5365 3123 5436 operatione
3149 5364 3412 5421 locamus.
3466 5362 3623 5419 Unde
3653 5373 3708 5418 et
3733 5361 3795 5414 de

523 5451 738 5520 quidem
765 5453 912 5509 velut
955 5454 1190 5511 lucidum
1230 5455 1308 5512 eis
1337 5456 1513 5527 placet
1537 5454 1964 5510 blandimentum
2006 5469 2110 5510 επ·
2208 5456 2300 5514 his
2327 5457 2652 5516 absconditis
2689 5475 2790 5530 per
2816 5458 3136 5531 prephetam
3166 5456 3365 5513 dicitur
3391 5457 3491 5512 sub
3520 5457 3679 5511 unius
3715 5471 3793 5508 as—

524 5545 661 5613 euli;
691 5549 784 5602 sed
811 5549 937 5604 dum
967 5551 1031 5605 de
1060 5551 1256 5606 szeculo
1282 5558 1502 5616 exeunt,
1530 5558 1819 5620 perpetuas
1847 5548 2107 5605 subibunt

524 5637 794 5704 tenebras,
834 5655 966 5710 quas
1013 5642 1186 5698 lucem
1217 5657 1336 5699 esse
1365 5642 1728 5698 crediderunt.
1777 5639 1927 5697 Tunc
1952 5640 2104 5698 vide-

523 5733 656 5789 bunt
678 5735 804 5804 quia
827 5735 917 5790 lux
943 5751 1052 5791 non
1080 5737 1198 5804 fuit,
1247 5739 1463 5808 quando
1485 5738 1538 5795 in
1568 5736 1947 5796 adversitatem
1975 5752 2104 5809 pro-

592 5880 617 5907 "
645 5871 809 5931 Gilot.
839 5881 892 5931 et
921 5873 1114 5947 Vatia,
1149 5877 1346 5930 habent.

934 6066 1012 6100 ᾄδω

2215 5549 2520 5622 signatione
2545 5570 2556 5605 :
2583 5548 2682 5615 Qui
2713 5552 2907 5608 claudit
2930 5552 3106 5608 oculos
3127 5567 3277 5613 suos,
3302 5567 3367 5604 ne
3383 5549 3555 5603 videat
3584 5549 3788 5608 malum,

2214 5651 2267 5698 et
2294 5642 2499 5698 obturat
2528 5658 2680 5698 aures
2703 5661 2822 5699 suas
2838 5686 2851 5710 ,
2875 5659 2941 5699 ne
2967 5643 3147 5697 audiat
3169 5641 3470 5714 sanguinem
3487 5680 3501 5704 ,
3528 5649 3579 5694 et
3605 5638 3792 5692 excutit

2213 5752 2402 5793 manus
2427 5733 2491 5792 ab
2528 5737 2667 5793 omni
2702 5737 3025 5795 munere:in
3064 5736 3281 5793 excelsis
3309 5733 3593 5808 habitabit,
3619 5748 3792 5794 mum.

2204 5881 2244 5945 '2.

2225 6029 2266 6044 ’ν
