4020 6344
328 359 441 420 345

1149 362 1214 419 IN
1253 363 1512 422 PRIMUM
1548 355 1785 419 REGUM
1824 358 2332 420 EXPOSITIONES.
2372 391 2444 406 --
2480 360 2607 418 LIB.
2647 363 2712 422 Υ.

3476 371 3580 426 546

329 484 504 530 menta
533 472 696 544 286
722 489 964 528 saxorum
985 472 1272 528 sublimitas
1289 476 1398 546 ejus
1428 474 1563 546 (Isa.
1581 492 1769 539 xxxrn,
1791 472 1904 545 15).
1937 480 1982 537 Α
2012 475 2078 532 ad
2101 477 2410 547 gravissima
2437 477 2792 533 tentationum
2835 479 3017 549 praelia
3044 479 3227 540 faciles
3256 495 3484 551 exeunt;
3516 489 3582 549 ad

329 565 496 618 Antra
526 571 582 618 et
609 564 866 619 cisternas
903 564 1195 631 intramus,
1229 565 1442 635 quando
1481 575 1536 621 et
1563 564 1814 621 olfactum
1839 565 1906 620 ab

329 655 774 712 obscmnitatibus
801 656 1016 726 mundi,
1043 665 1098 712 et
1118 673 1277 714 aures
1305 659 1372 712 ab
1399 659 1676 714 audiendis
1704 659 1909 714 vanilo-

327 750 469 820 quiis
489 749 835 806 custodimus.
865 750 1124 806 Cisternze
1153 765 1384 820 namque
1415 767 1668 822 aquarum
1693 758 1908 806 sancta-

328 858 446 896 rum
476 841 870 920 Scripturarum
897 842 1058 898 verba
1081 850 1226 898 sunt.
1257 841 1315 896 In
1345 843 1592 898 cisternis
1626 857 1754 912 ergo
1781 843 1905 900 abs-

326 935 647 999 condimur,
700 933 912 1003 quando
950 933 1015 989 ad
1057 934 1195 992 sacri
1241 935 1439 1004 eloquii
1481 950 1648 1006 aquas
1675 935 1908 1004 ingredi-

325 1042 468 1091 mur,
494 1033 553 1079 ut
575 1041 673 1095 per
699 1025 905 1080 aurium
929 1025 1163 1080 officium
1188 1026 1444 1081 mentium
1474 1035 1626 1097 prata
1647 1027 1903 1095 rigemus.

326 1116 478 1173 Bene
505 1125 683 1172 autem
719 1117 772 1172 in
809 1117 1104 1173 electorum
1136 1127 1264 1188 typo
1292 1117 1504 1174 lsraelis
1542 1119 1764 1174 latibula
1793 1135 1908 1176 me-

324 1219 606 1266 morantur
642 1229 655 1264 :
691 1211 816 1279 quia
863 1211 954 1282 qui
1002 1226 1191 1267 sensus
1238 1212 1481 1281 corporis
1517 1227 1547 1266 a
1587 1211 1908 1268 delectatio-

325 1317 455 1355 num
482 1301 779 1357 carnalium
806 1302 1210 1372 inquinamento
1241 1318 1348 1358 non
1381 1304 1643 1373 protegit,
1665 1304 1907 1360 occulto-

322 1411 446 1458 rum
476 1395 709 1451 hostium
730 1395 966 1465 gladium
988 1413 1095 1452 non
1125 1397 1320 1453 evadit.
1351 1397 1504 1453 Dicat
1530 1413 1659 1468 ergo
1684 1399 1907 1455 occultae

323 1486 469 1542 illius
496 1488 888 1556 congressionis
916 1489 1211 1556 victoriam,
1236 1489 1380 1544 dicat
1405 1507 1418 1543 :
1448 1490 1687 1561 Afﬂictus
1713 1499 1790 1544 est
1813 1507 1907 1560 po-

323 1581 496 1647 pulus.
529 1579 682 1636 Dicat
723 1591 908 1651 aperte
935 1580 1134 1651 objecti
1173 1591 1325 1638 extra
1364 1583 1673 1638 certaminis
1713 1583 1906 1638 trium-

320 1673 461 1746 phos
491 1690 506 1726 :
537 1674 930 1728 Abscouderunt
959 1692 1032 1730 se.
1058 1673 1292 1731 Mllictio
1319 1676 1517 1747 quippe
1546 1677 1733 1732 electae
1762 1691 1906 1732 men-

321 1763 412 1830 tis,
441 1765 616 1821 omnis
644 1765 922 1821 diabolica:
960 1765 1274 1822 tentationis
1295 1768 1689 1840 peremptorius
1715 1783 1906 1824 mucro

2011 568 2175 624 fortes
2199 568 2563 634 adversarios,
2597 570 2944 640 impotentes.
2989 574 3220 632 Ratione
3240 577 3456 646 quidem
3482 580 3582 634 im-

2011 663 2238 732 providi,
2265 663 2460 718 robore
2489 663 2702 731 infirmi,
2727 665 2868 720 sicut
2887 674 3078 722 astutae
3109 670 3423 727 tentationis
3447 672 3564 727 frau

2009 754 2106 809 des
2137 769 2244 810 non
2271 755 2596 824 intelligunt,
2639 756 2713 810 ita
2753 764 2808 812 et
2849 767 3065 828 apertas
3100 759 3582 818 blandimentorum

2010 844 2287 915 decipulas
2331 861 2440 900 non
2484 845 2736 903 evadunt.
2784 844 3073 905 Iordanem
3113 865 3242 921 ergo
3283 860 3581 920 transeunt,

2009 937 2133 1006 quia
2196 936 2264 991 ad
2313 938 2670 1008 perpetranda
2721 941 2897 996 carnis
2951 940 3152 1012 ﬂagitia
3212 943 3565 1000 incurvantur

2009 1028 2255 1084 Iordanis
2300 1031 2545 1101 quidem,
2597 1031 2888 1089 descensus
2940 1050 3128 1092 eorum
3179 1036 3564 1109 interpretatur

2009 1118 2110 1185 Qui
2139 1134 2268 1189 ergo
2290 1120 2554 1189 justitiam
2575 1121 2847 1188 deserunt,
2876 1126 2944 1181 ab
2967 1127 3077 1183 alto
3107 1138 3291 1185 monte
3319 1129 3576 1186 virtutum

2008 1211 2223 1266 cadunt.
2255 1211 2390 1279 Quia
2429 1227 2556 1283 ergo
2592 1213 2792 1270 inﬁmi
2827 1218 3026 1289 quique
3069 1219 3301 1277 libenter
3328 1231 3586 1292 appetunt

2008 1304 2194 1359 mundi
2221 1304 2585 1361 blandimenta
2608 1322 2727 1376 quae
2747 1319 3006 1375 cernunt,
3031 1311 3084 1366 in
3116 1327 3301 1368 eorum
3332 1321 3460 1384 typo
3483 1311 3586 1370 He-

2007 1397 2136 1451 braei
2186 1412 2294 1452 non
2341 1407 2489 1453 trans
2539 1397 2827 1455 Iordanem
2879 1403 3106 1472 perlati,
3159 1405 3254 1460 sed
3302 1403 3588 1460 Iordanem

2011 1489 2236 1544 transire
2266 1490 2636 1559 perhibentur.
2682 1494 2841 1564 287
2883 1492 3137 1551 Transire
3166 1495 3378 1565 quidem
3407 1496 3587 1552 volenv

2009 1580 2080 1637 tis
2106 1589 2208 1636 est.
2249 1580 2538 1638 Iordanem
2572 1583 2751 1652 itaque
2792 1593 3100 1653 transeunt,
3129 1586 3222 1656 qui
3258 1586 3323 1641 ad
3348 1586 3592 1642 carnales

2007 1672 2402 1728 delectationes
2425 1673 2724 1734 voluntaria
2758 1673 3040 1730 et'festina
3079 1673 3466 1730 deliberatione
3493 1673 3592 1731 ﬂe-

2009 1771 2246 1818 ctuntur.
2280 1763 2513 1819 Possunt
2540 1773 2719 1818 autem
2754 1765 2976 1835 intelligi
3015 1764 3302 1821 Iordanem
3340 1763 3590 1832 transire,

319 1867 424 1916 est.
475 1860 609 1915 Nam
657 1859 781 1915 dum
831 1858 1096 1931 profunde
1142 1862 1521 1932 compungitur
1541 1903 1557 1929 ,
1591 1862 1645 1917 in
1684 1862 1905 1932 superni
1937 1870 1982 1930 Β
2008 1855 2099 1924 qui
2123 1854 2334 1909 noviter
2360 1868 2590 1924 peccare
2619 1853 2917 1924 incipiunt,
2950 1857 3044 1910 sed
3088 1855 3312 1910 aliorum
3343 1862 3590 1924 peccato-

318 1947 502 2019 gaudii
523 1965 762 2004 amorem
795 1947 1136 2016 sublevatur;
1176 1958 1230 2005 et
1259 1957 1411 2007 tanto
1448 1951 1560 2020 jam
1588 1950 1786 2007 fortius
1807 1953 1903 2008 ob-

319 2039 434 2095 lata
461 2041 641 2096 mundi
672 2040 1068 2097 oblectamenta
1096 2042 1337 2112 respuit,
1367 2051 1570 2111 quanto
1604 2041 1714 2111 jam
1743 2043 1909 2099 coale-

322 2131 429 2186 stia
452 2129 741 2188 ferventius
779 2131 966 2203 diligit,
994 2134 1063 2188 ad
1089 2149 1206 2204 quae
1233 2132 1412 2190 ﬂendo
1437 2136 1772 2192 conscendit.
1802 2136 1909 2192 Do-

323 2231 448 2278 ctor
470 2239 698 2293 namque
727 2225 973 2294 egregius
999 2224 1128 2280 dicit
1157 2242 1170 2278 :
1197 2223 1301 2279 Per
1334 2227 1526 2281 multas
1555 2227 1910 2282 tribulationes

323 2324 526 2386 Oportet
577 2333 670 2370 nos
714 2317 929 2371 introire
982 2318 1036 2371 in
1082 2334 1298 2389 regnum
1338 2316 1436 2371 Dei
1485 2319 1624 2388 (Act.
1658 2334 1766 2386 xlv,
1792 2317 1907 2389 2i).

323 2407 426 2475 Qui
458 2417 605 2464 certe
635 2409 786 2477 regni
813 2409 1051 2465 caelestis
1073 2409 1324 2465 introitus
1345 2408 1422 2465 sic
1449 2419 1695 2480 speratur
1719 2411 1770 2465 in
1806 2408 1913 2465 fine

323 2509 662 2572 temporum,
689 2509 748 2556 ut
792 2502 849 2558 in
889 2502 1198 2572 quotidiana
1238 2510 1550 2559 sanctorum
1579 2505 1686 2559 vita
1714 2505 1914 2559 sentia-

325 2601 434 2646 tur.
477 2589 776 2647 Tribulatio
807 2593 968 2662 igitur
995 2601 1178 2649 nostra
1203 2594 1422 2666 superni
1457 2594 1634 2665 gaudii
1663 2596 1914 2651 introitus

329 2690 436 2738 est.
470 2683 662 2740 Merito
705 2698 835 2753 ergo
871 2685 1086 2754 quoties
1113 2686 1288 2742 electa
1316 2701 1469 2742 mens
1515 2688 1569 2742 in
1608 2686 1916 2743 afﬂictionis

329 2789 445 2829 sue
467 2773 704 2829 lamento
733 2777 1140 2847 compungitur,
1169 2793 1230 2833 se
1259 2777 1597 2844 tribulando,
1630 2779 1734 2835 hoc
1771 2779 1915 2834 obti-

328 2874 459 2932 net,
501 2876 560 2921 ut
609 2867 771 2923 intret
825 2869 879 2922 in
931 2870 1445 2940 contemplationem
1502 2871 1647 2927 illius
1699 2871 1918 2943 superni

330 2959 503 3028 regni,
534 2960 588 3014 in
621 2977 728 3031 quo
757 2959 1099 3017 ineﬂ‘abiliter
1127 2962 1444 3032 gratuletur.
1496 2962 1565 3018 Et
1592 2964 1719 3019 dum
1747 2964 1919 3020 sancti

328 3049 434 3104 viri
461 3060 727 3108 amatores
771 3051 955 3106 mundi
985 3052 1038 3107 in
1081 3050 1215 3109 ﬂore
1256 3054 1582 3109 transeuntis
1615 3053 1812 3112 laetitia:
1838 3055 1921 3110 vi-

331 3138 467 3196 dere
492 3142 780 3214 refugiunt,
809 3143 936 3199 dum
964 3160 1257 3216 corporeos
1278 3138 1477 3202 sensus
1488 3161 1616 3202 suos
1641 3146 1709 3201 ab
1730 3161 1918 3202 eorum

328 3233 638 3292 imitatione
668 3237 1022 3309 abscondunt,
1051 3255 1261 3306 eorum,
1289 3255 1407 3311 quae
1432 3240 1670 3296 cernitur
1698 3255 1806 3296 non
1833 3247 1917 3295 est
1946 3251 1992 3315 ο

326 3325 477 3394 fuga,
508 3328 606 3382 sed
633 3328 868 3397 gloriosa
911 3331 1160 3386 victoria.
1211 3331 1375 3387 Actus
1413 3331 1628 3402 quidem
1671 3341 1916 3388 terrenos

327 3417 560 3489 fugiunt,
580 3419 674 3476 sed
697 3421 944 3478 caelestes
966 3432 1355 3492 assequuntur;
1387 3423 1586 3478 mundo
1600 3421 1918 3479 delitescere

327 3511 617 3578 videntur,
649 3513 745 3569 sed
783 3514 990 3570 caelesti
1035 3514 1218 3583 gloriae
1265 3514 1592 3570 revelantur.
1637 3513 1917 3585 Fugiendo

327 3605 495 3674 igitur
545 3606 738 3672 noxia,
790 3607 970 3663 hostes
1025 3623 1152 3664 suos
1194 3607 1420 3663 validius
1451 3610 1836 3679 insequuntur,
1864 3617 1920 3665 et

327 3696 486 3751 valde
525 3696 760 3753 nobilius
784 3699 1143 3770 triumphant,
1170 3717 1290 3756 cum
1320 3701 1397 3756 sic
1424 3702 1489 3756 ad
1521 3701 1759 3757 caelestia
1788 3715 1917 3772 pro-

327 3798 545 3857 perant,
577 3795 639 3844 ut
664 3803 760 3846 eos
794 3791 1221 3848 adversariorum
1250 3801 1278 3830 ει
1314 3792 1516 3864 polluta
1557 3793 1762 3848 saevitia
1810 3806 1916 3848 non

327 3881 664 3950 contingant.
692 3882 946 3953 Sequitur
978 3904 992 3940 :

408 3973 580 4046 (Vers.
627 3974 710 4047 7.)
758 3975 968 4036 Hebrwi
1013 3991 1183 4037 autem
1233 3981 1484 4037 transiere
1520 3978 1814 4040 Iordanem
1852 3979 1922 4038 ad

338 4073 530 4119 terram
554 4062 688 4136 Gud,
717 4080 766 4123 et
796 4070 1018 4127 Galaad.

410 4164 497 4220 15.
539 4165 652 4224 Hoc
681 4168 924 4239 profecto
947 4170 990 4224 si
1025 4168 1171 4238 prius
1195 4171 1348 4242 juxta
1391 4173 1631 4230 litteram
1662 4175 1802 4230 scire
1821 4187 1923 4226 vo-

332 4258 513 4316 lumus
532 4301 548 4327 ,
582 4261 788 4318 Hebraei
815 4264 900 4318 isti
926 4272 981 4318 et
1011 4265 1200 4321 timore
1231 4268 1535 4338 perterriti,
1563 4275 1617 4323 et
1646 4267 1712 4322 ad
1741 4268 1925 4322 hostes

331 4367 465 4407 suos
494 4351 799 4424 confugisse
826 4355 1152 4412 sentiuntur.
1199 4358 1331 4413 Nam
1363 4377 1470 4416 non
1501 4360 1670 4415 multo
1710 4365 1835 4430 post
1869 4357 1924 4412 in

333 4454 524 4516 aperta
555 4445 796 4501 Ionathze
822 4448 1052 4503 victoria
1092 4452 1344 4506 scribitur
1376 4470 1389 4504 :
1424 4449 1664 4520 Hebrwi,
1696 4451 1783 4521 qui
1813 4452 1926 4520 fue-

333 4547 458 4593 rant
511 4557 625 4594 cum
672 4539 955 4595 Philistiim
1006 4543 1116 4595 heri
1158 4553 1205 4597 et
1255 4544 1626 4598 nudiustertius
1673 4539 1922 4596 ascende-

2011 1961 2131 2001 rum
2168 1945 2447 2000 hominum
2477 1944 2743 2014 nequitias
2779 1943 3054 2014 peccando
3077 1945 3478 2001 transcendunt.
3507 1943 3592 1999 Ad

2011 2039 2326 2095 descensum
2354 2040 2551 2110 quippe
2570 2054 2756 2094 eorum
2769 2039 3096 2104 'desinendo,
3125 2054 3234 2094 non
3268 2037 3596 2093 transeundo

2011 2134 2406 2203 pertingerent,
2443 2131 2490 2187 si
2522 2131 2641 2186 aliis
2663 2132 2889 2200 aequalia
2910 2130 3060 2208 .mala
3090 2129 3361 2195 facerent,
3405 2138 3459 2184 et
3486 2144 3594 2185 non

2015 2239 2079 2280 ea
2126 2223 2370 2278 audendo
2401 2229 2738 2293 superarent.
2785 2220 2853 2275 Et
2890 2222 3016 2290 quia
3059 2220 3114 2274 in
3157 2218 3398 2289 nequiori
3430 2219 3592 2273 etiam

2014 2317 2124 2371 vita
2162 2330 2320 2386 pares
2357 2328 2483 2368 suos
2512 2314 2820 2379 inveniunt,
2862 2313 3002 2367 bene
3042 2310 3109 2366 ad
3140 2319 3338 2366 terram
3384 2307 3500 2364 Gad
3542 2314 3595 2364 et

2015 2408 2248 2474 Galaad,
2279 2416 2426 2462 trans
2452 2405 2741 2462 Iordanem
2767 2406 3050 2476 pervenire
3077 2411 3461 2460 memorantur.
3493 2400 3594 2458 Ve-

2016 2501 2095 2556 lut
2115 2502 2260 2556 enim
2298 2509 2445 2556 trans
2471 2497 2758 2555 Iordanem
2789 2498 3064 2562 habitant,
3095 2497 3185 2568 qui
3214 2511 3311 2566 per
3345 2491 3599 2565 peccandi

2016 2610 2176 2650 usum
2202 2592 2356 2649 malis
2375 2592 2590 2663 pejores
2615 2591 2767 2647 fiunt.
2798 2591 2878 2646 Ab
2901 2590 3006 2645 hoc
3025 2589 3285 2646 descensu
3307 2587 3476 2658 culpa:
3496 2585 3600 2642 eri-

2017 2693 2492 2755 gereepeccatores
2522 2691 2743 2739 venerat
2785 2682 2910 2750 ille,
2939 2682 3006 2736 de
3033 2696 3142 2749 quo
3179 2680 3435 2749 scriptum
3477 2685 3597 2733 est:

2026 2778 2180 2834 Venit
2216 2779 2272 2832 in
2305 2793 2508 2833 omnem
2533 2777 2793 2849 regionem
2819 2775 3091 2841 Iordanis,
3113 2773 3404 2844 pradicans
3431 2770 3603 2842 bapti-

2019 2885 2191 2924 smum
2215 2869 2530 2939 paenitentia:
2548 2869 2603 2922 in
2632 2867 2984 2922 remissionem
3005 2875 3327 2932 peccatorum
3351 2861 3501 2934 (Luc.
3521 2875 3602 2930 tu,

2021 2960 2099 3031 '5).
2151 2958 2253 3026 Qui
2290 2961 2359 3015 de
2397 2960 2649 3016 omnibus
2684 2957 2856 3028 culpis
2897 2957 3188 3028 praedicare
3237 2954 3604 3026 paenitentiam

2020 3059 2266 3115 venerat,
2294 3051 2348 3106 in
2371 3065 2561 3107 omnes
2588 3051 2775 3120 utique
2801 3048 3093 3105 descensus
3119 3046 3366 3117 regiones
3393 3042 3606 3100 venisse

2024 3142 2366 3215 praedicatur.
2394 3142 2651 3212 Sequitur
2682 3165 2696 3197 :

2095 3238 2272 3308 (Vers.
2302 3237 2448 3310 7-9.)
2486 3237 2711 3311 Cumque
2738 3239 2906 3292 adhuc
2939 3246 3072 3294 esset
3099 3235 3230 3293 Saul
3256 3237 3313 3290 in
3339 3231 3601 3306 Gulgala,

2020 3337 2287 3389 universus
2314 3334 2533 3405 populus
2562 3335 2862 3404 perterritus
2886 3342 2993 3399 est,
3027 3333 3113 3401 qui
3140 3328 3438 3400 sequebatur
3469 3339 3605 3380 eum.

2022 3423 2355 3495 Exspectavit
2380 3434 2552 3479 autem
2587 3434 2780 3496 septem
2822 3423 2997 3478 diebus
3034 3424 3188 3493 juxta
3222 3420 3465 3491 placitum
3505 3414 3648 3500 Sa-o

2022 3517 2235 3584 muelis,
2271 3525 2322 3571 et
2361 3533 2465 3572 non
2504 3517 2638 3571 venit
2669 3516 2881 3571 Samuel
2918 3515 2974 3568 in
3001 3511 3250 3582 Galgala,
3279 3509 3609 3579 dilapsusque

2023 3617 2099 3663 est
2127 3608 2349 3680 populus
2375 3607 2440 3662 ab
2460 3625 2538 3663 eo.
2562 3609 2650 3661 Ait
2669 3623 2787 3678 ergo
2809 3605 2941 3661 Saul
2963 3620 2982 3659 :
3005 3603 3198 3673 A/j'erte
3215 3600 3339 3654 mihi
3362 3597 3610 3652 holocau-

2023 3709 2158 3756 stum
2188 3711 2237 3753 et
2261 3700 2518 3770 paciﬁca:
2547 3708 2597 3754 et
2623 3698 2805 3753 obtulit
2824 3696 3195 3752 holocaustum.

2093 3791 2183 3850 ﬂ.
2223 3791 2510 3862 Hucusque
2538 3791 2662 3862 quia
2712 3791 2778 3845 de
2829 3788 2985 3848 Saul.
3029 3798 3087 3844 ut
3123 3784 3371 3859 superius
3406 3780 3608 3836 dictum

2023 3897 2136 3956 εει,
2167 3888 2343 3950 electo
2366 3897 2420 3948 et
2441 3887 2586 3947 bono
2611 3885 2823 3945 divinus
2849 3903 3027 3944 sermo
3061 3885 3272 3941 locutus
3297 3889 3408 3946 est;
3445 3873 3614 3934 ratio-

2023 3982 2206 4041 nabile
2237 3985 2411 4040 visum
2439 3988 2549 4049 est,
2585 3990 2644 4036 ut
2681 3997 2799 4051 quae
2827 3979 2894 4034 de
2914 3993 2980 4032 eo
3007 3976 3352 4036 dicebantur,
3380 3979 3486 4023 tam
3513 3979 3613 4037 per

2025 4076 2304 4135 historiam
2334 4091 2496 4146 quam
2536 4089 2633 4144 per
2659 4072 3017 4127 moralitatem
3041 4109 3055 4133 ,
3085 4066 3137 4120 in
3178 4066 3372 4122 bonam
3402 4066 3611 4128 partem

2026 4169 2417 4239 acciperemus.
2462 4165 2615 4220 Nunc
2642 4177 2795 4228 vero,
2823 4161 2948 4229 quia
2993 4158 3060 4211 ad
3105 4155 3280 4210 locum
3309 4161 3612 4219 transgres-

2026 4264 2194 4320 sionis
2223 4261 2340 4332 ejus
2377 4258 2718 4330 pervenimus
2742 4296 2758 4323 ,
2789 4254 3041 4309 nimirum
3071 4261 3289 4303 necesse
3327 4251 3438 4306 est,
3472 4249 3529 4297 ut
3556 4240 3612 4296 in

2027 4370 2094 4411 eo
2122 4354 2312 4419 etiam,
2352 4367 2472 4421 quae
2498 4357 2623 4405 sunt
2645 4345 2882 4412 vitanda,
2908 4344 3201 4400 videamus.
3230 4339 3337 4396 Sed
3366 4334 3492 4406 quid
3521 4349 3614 4389 un-

2028 4461 2190 4515 quam
2241 4442 2532 4498 studiosius
2574 4438 2849 4494 vitandum
2895 4437 3079 4493 electis
3120 4433 3407 4498 omnibus,
3449 4441 3610 4497 quam

2030 4534 2296 4604 superbiae
2321 4541 2376 4588 et
2409 4531 2781 4587 inobedientize
2808 4530 3008 4584 malum
3037 4526 3204 4583 videri
3242 4522 3460 4579 debuit?
3488 4518 3612 4573 ﬂare

333 4640 554 4702 rumque
580 4649 693 4686 cum
721 4634 792 4688 eis
828 4634 880 4686 in
908 4643 1080 4687 castra
1104 4675 1118 4699 ,
1161 4637 1347 4689 reversi
1386 4645 1503 4690 sunt
1531 4644 1585 4688 ut
1613 4642 1781 4690 essent
1810 4651 1924 4687 cum
1957 4658 2004 4717 υ
2029 4625 2229 4696 quippe
2257 4622 2413 4694 primi
2443 4622 2618 4691 angeli
2643 4615 3322 4717 sublimitatem-deposuit,
3354 4614 3469 4716 huc
3489 4625 3614 4717 per-

337 4719 531 4790 Israel,
561 4725 648 4792 qui
676 4737 823 4778 erant
850 4741 963 4778 cum
986 4724 1116 4779 Saul
1131 4735 1178 4778 et
1195 4725 1423 4779 Jonatlta
1455 4724 1509 4797 (I
1535 4727 1659 4796 Reg.
1686 4725 1924 4796 le,21).

335 4811 478 4878 Quid
501 4828 630 4867 vero
655 4814 707 4867 in
747 4814 849 4868 hoc
878 4814 1020 4869 facto
1050 4814 1323 4883 signatur,
1355 4816 1457 4870 nisi
1499 4814 1647 4885 quod
1689 4815 1930 4884 quotidie

338 4901 391 4955 in
422 4913 608 4958 sancta
646 4902 885 4958 Ecclesia
923 4904 1036 4958 ﬁeri
1069 4907 1368 4970 cernimus,
1400 4907 1664 4961 bonorum
1696 4921 1816 4961 esse
1848 4914 1931 4960 tu-

341 5003 452 5049 tam
475 5003 529 5048 et
556 4995 918 5050 cautissimam
961 4997 1125 5050 vitam
1147 5038 1163 5064 ,
1197 4997 1572 5064 negligentium
1604 4997 1930 5067 praecipitem

340 5086 772 5155 impatientiam?
797 5087 997 5142 Inﬁrmi
1022 5089 1236 5158 quidem
1261 5096 1316 5142 et
1337 5088 1566 5142 audaces
1588 5097 1712 5142 sunt
1733 5091 1930 5147 curiosi

339 5176 408 5230 ad
459 5178 698 5232 actiones
734 5179 946 5244 saeculi;
988 5178 1190 5234 debiles
1238 5179 1303 5233 ad
1346 5179 1682 5234 tolerandum
1730 5182 1929 5237 bellum

344 5269 684 5324 tentationis.
710 5268 776 5324 Et
801 5271 846 5325 si
874 5271 924 5325 in
953 5270 1035 5325 his
1067 5280 1245 5326 nostra
1277 5270 1588 5327 discutimus
1613 5313 1628 5338 ,
1660 5271 1712 5325 in
1743 5288 1932 5328 mona-

339 5361 523 5416 steriis
551 5363 796 5432 plerique
841 5365 974 5417 tales
1015 5364 1377 5418 inveniuntur.
1416 5361 1560 5416 intra
1599 5371 1786 5432 portus
1815 5362 1932 5432 qui-

340 5453 464 5508 dem
493 5453 780 5522 tranquilla
813 5453 1147 5517 inhabitant,
1180 5453 1273 5508 sed
1318 5453 1488 5523 aperti
1519 5453 1692 5522 pelagi
1722 5451 1933 5522 procel-

343 5543 454 5609 las,
489 5554 544 5600 et
591 5555 971 5616 tempestatum
1013 5546 1251 5600 turbines
1301 5559 1637 5615 nequaquam
1682 5553 1930 5614 pensant.

335 5618 594 5706 Cumque
623 5636 753 5694 foris
775 5639 928 5709 quasi
958 5638 1124 5692 fortes
1146 5652 1304 5705 agere
1333 5654 1391 5693 se
1421 5652 1614 5706 magna
1642 5637 1929 5704 aestimant,

425 5765 450 5791 ι
493 5753 664 5810 Locus
705 5755 988 5810 obscurus.
1041 5751 1203 5808 Forte
1247 5752 1527 5821 legendum
1569 5754 1766 5821 polluta
1813 5752 1936 5805 vitia

351 5841 457 5882 nou
485 5825 808 5899 contingant.
843 5823 936 5882 Vel
975 5823 1332 5898 expungendo
1361 5840 1448 5881 eos
1482 5823 1936 5880 :adversuriorum

2031 4721 2262 4775 ditorum
2291 4717 2575 4787 spirituum
2622 4714 2846 4785 gloriam
2885 4711 3091 4767 stravit.
3136 4707 3261 4762 Haec
3297 4705 3470 4776 primo
3511 4701 3615 4754 ho-

2031 4813 2162 4868 mini
2199 4811 2507 4868 felicitatem
2550 4807 2798 4872 abstulit;
2849 4805 2964 4860 haec
3006 4799 3330 4871 captivitatis
3372 4796 3616 4849 humana:

2035 4912 2321 4976 perpetuas
2363 4916 2625 4956 {erumnas
2664 4897 2885 4953 invexit.
2934 4893 2999 4948 Et
3024 4907 3152 4950 ecce
3189 4890 3364 4961 primo
3402 4883 3612 4954 angelo,

2034 4997 2210 5068 primo
2238 4993 2474 5059 homini,
2518 4990 2675 5046 electi
2708 4986 2889 5060 p0puli
2936 5001 3034 5055 per
3063 4976 3478 5078 inobedientiam
3513 4986 3618 5076 .rex

2037 5091 2240 5161 primus
2263 5085 2587 5156 adjungitur,
2619 5093 2670 5136 ut
2698 5081 2821 5135 dum
2853 5090 3046 5144 magna
3084 5077 3368 5161 proruunt,
3398 5077 3617 5161 minima

2039 5153 2343 5250 erigantur.
2384 5153 2527 5231 Bene
2569 5173 2766 5245 quippe
2795 5169 3077 5238 erigimur,
3125 5163 3170 5218 si
3214 5170 3267 5216 et
3285 5159 3507 5258 illorum
3537 5153 3618 5258 la-
3701 5201 3706 5207 .

2039 5246 2167 5344 psus
2194 5270 2501 5340 aspicimus,
2534 5275 2588 5321 et
2611 5267 2858 5320 vitamus.
2895 5259 2996 5314 Ubi
3025 5270 3153 5325 ergo
3175 5251 3301 5309 Saul
3330 5246 3618 5350 ceciderit,

2042 5337 2246 5419 attente
2257 5337 2712 5417 considerandum
2734 5365 2836 5410 est.
2867 5350 3123 5423 Superius
3144 5355 3378 5413 namque
3403 5339 3453 5394 ei
3478 5337 3623 5390 dixe-

2040 5463 2128 5508 rat
2174 5452 2388 5507 Samuel
2422 5469 2434 5504 :
2468 5448 2764 5503 Descendas
2811 5454 2929 5498 ante
2974 5457 3052 5496 me
3106 5440 3160 5493 in
3217 5432 3456 5506 Galgala.
3508 5426 3621 5499 Ego

2042 5547 2246 5617 quidem
2292 5541 2596 5596 descendam
2638 5538 2707 5591 ad
2749 5546 2823 5604 te,
2851 5544 2905 5588 ut
2936 5533 3125 5602 offeras
3169 5527 3544 5617 holocaustum,
3571 5519 3618 5566 et

2043 5610 2391 5698 oblationem,
2435 5639 2482 5686 et
2531 5629 2760 5683 immoles
2821 5627 3054 5680 victimas
3102 5617 3364 5690 paciﬁcus.
3416 5610 3622 5678 Septem

2046 5751 2244 5818 polluta
2269 5765 2323 5804 se
2343 5748 2464 5802 vitia
2486 5763 2590 5800 non
2621 5745 2942 5815 contingant.

2063 5967 2127 5977 εστ-
