4020 6344
474 306 577 365 δι’]

1676 304 1919 367 εΑΝοΤι
1959 302 2284 365 GREGORII
2322 303 2536 364 MAGNI

3636 306 3742 369 διε

471 420 651 480 diebus
681 421 1001 496 exspectabis
1043 438 1142 491 me,
1175 420 1338 478 donec
1362 423 1567 479 ueniam
1595 424 1664 478 ad
1686 432 1771 478 te:
1801 432 1851 480 et
1878 431 2053 478 osten-
2087 421 2132 489 Α
2159 420 2263 488 ris,
2284 436 2389 476 non
2419 420 2670 476 attendis.
2704 417 3071 496 Interrogautr
3096 420 3309 491 quidem
3334 431 3591 491 peccator
3611 425 3743 494 quid

404 526 407 529 '
471 517 595 572 dam
623 515 734 583 tibi,
766 533 879 588 qua:
906 518 1095 588 facias
1143 513 1200 588 (Ι
1226 515 1354 588 Reg.
1387 533 1443 585 κ,
1476 516 1591 589 20).
1641 517 1844 573 ldcirco
1893 517 2055 587 igitur

470 623 569 678 per
597 607 1013 663 inobedientiam
1041 596 1234 663 recidit
1256 650 1273 676 ,
1300 607 1425 677 quia
1456 608 1677 677 integris
1706 618 1908 681 septem
1936 607 2053 663 die-

470 699 589 766 bus,
624 700 763 757 sicut
803 700 985 773 jussus
1036 698 1230 766 fuerat,
1264 715 1372 755 non
1415 700 1768 771 exspectavit.
1821 700 1953 754 Nam
2000 700 2054 755 in

470 794 663 849 eodem
689 794 810 849 loco
838 803 1061 864 repente
1091 793 1468 863 subjuugitur:

545 908 723 981 (Vera.
771 908 883 980 10.)
934 907 1158 983 Cumque
1205 909 1506 981 complesset
1550 908 1772 979 oferens
1812 908 2057 965 holocaus-

468 1010 623 1068 stum,
651 1018 762 1059 esse
790 999 1004 1061 Samuel
1030 999 1285 1059 veniebat.

541 1115 632 1173 i5.
672 1116 797 1185 Quo
835 1118 890 1174 in
934 1117 1065 1177 loco
1102 1116 1361 1195 trementi
1401 1114 2059 1173 cordmconsidorandum

467 1215 591 1273 est,
619 1222 789 1277 quam
810 1206 1111 1266 immissum
1155 1206 1418 1276 temporis
1444 1202 1849 1275 exspectatione
1874 1205 2060 1274 negle-

470 1307 591 1364 cta,
633 1298 887 1369 repulsus
927 1298 1020 1357 sit.
1068 1296 1205 1352 Cum
1237 1298 1558 1367 conplesset,
1592 1296 1784 1367 inquit,
1806 1298 2058 1353 Italoru-

470 1399 638 1457 stum,
676 1407 793 1447 sese
834 1389 1049 1448 Samuel
1073 1391 1327 1446 ueniebat.
1368 1390 1427 1447 Si
1465 1404 1595 1459 ergo
1623 1406 1747 1447 eum
1775 1392 1893 1447 solo
1920 1386 2059 1447 teut-

469 1482 623 1553 poris
641 1482 965 1541 brevissimo
991 1483 1278 1539 intervallo
1316 1492 1689 1554 exspectaret,
1721 1500 1829 1553 quo
1859 1484 2059 1539 obtulit

469 1569 886 1639 holocaustum),
916 1588 1140 1631 securus
1160 1574 1275 1644 jam
1314 1577 1468 1645 regni
1495 1576 1582 1632 sui
1621 1575 1787 1631 robur
1811 1575 2059 1632 obtinere

467 1662 752 1733 μοιιίεωι,
783 1660 973 1733 Itaque
994 1663 1043 1720 si
1068 1671 1220 1720 tanta
1244 1680 1399 1734 pinna
1422 1674 1525 1729 est,
1555 1666 1771 1733 quando
1794 1666 2059 1736 propheta

468 1750 762 1824 despicitur
788 1770 803 1809 :
834 1753 965 1823 quid
999 1762 1253 1823 putamus
1274 1754 1342 1811 de
1376 1754 1565 1825 pelago
1597 1755 1691 1813 illo
1716 1756 1908 1813 divina:
1937 1756 2060 1813 ani-

467 1843 865 1904 madversionis
903 1846 1243 1914 incurratur,
1270 1861 1394 1901 cum
1430 1846 1546 1916 ipsa
1582 1846 1761 1902 divina
1790 1858 2059 1919 precepts

466 1934 832 2006 dissipantur?
876 1935 945 1993 Et
980 1939 1105 2007 quia
1137 1938 1192 1993 in
1233 1948 1511 1995 momento
1538 1940 1735 1996 transit
1760 1942 1938 1998 carnis
1964 1942 2061 1999 de-

465 2027 715 2094 lectatio,
742 2038 800 2097 et
826 2032 1005 2088 omnis
1053 2041 1404 2100 peccatorum
1431 2034 1775 2099 cornmissio,
1796 2045 1851 2092 et
1877 2036 2060 2094 brevis

464 2119 687 2191 quidem
715 2127 802 2177 est
831 2120 967 2177 hora
1005 2123 1479 2194 transgressionis,
1517 2140 1628 2182 non
1668 2135 1849 2183 tamen
1876 2129 2059 2185 brevis

467 2225 627 2282 pinna
655 2210 878 2283 ﬂagitii;
919 2214 1045 2285 quia
1075 2216 1203 2271 dum
1230 2216 1297 2273 ad
1336 2226 1671 2275 momentum
1700 2220 1755 2275 in
1784 2220 1943 2276 nobis
1960 2235 2059 2297 re-

466 2316 643 2376 gnum
663 2306 871 2374 precati
896 2307 1184 2377 erigimus,
1211 2309 1301 2366 illa
1322 2324 1486 2380 regna
1516 2312 1789 2381 perdimus
1814 2314 2056 2370 omnium

466 2396 810 2478 mulorum.
837 2396 1051 2465 Statim,
1072 2400 1216 2457 enim
1248 2410 1372 2472 post
1407 2412 1690 2474 peccatum
1719 2420 1904 2462 sermo
1931 2422 2059 2477 pro.

467 2491 923 2561 Mittisvenit,
952 2503 1012 2553 ut
1054 2497 1345 2569 increpet:
1388 2501 1483 2571 qui
1520 2500 1772 2567 adesset,
1817 2504 1864 2559 si
1894 2506 2058 2577 383

466 2599 579 2641 non
606 2602 977 2658 posceremus,
997 2598 1056 2645 ut
1097 2592 1151 2647 iu
1189 2593 1332 2649 bono
1356 2593 1659 2650 roboraret.
1693 2593 1903 2651 Polluta
1936 2596 2058 2667 qui—

467 2678 593 2737 dem
619 2684 949 2741 conscientia
978 2685 1142 2742 habet
1164 2688 1277 2758 jam
1307 2687 1544 2744 divinum
1567 2690 1841 2760 eloquium
1868 2699 2058 2748 contra

466 2787 562 2839 se;
588 2788 711 2844 quae
740 2775 789 2831 si
817 2776 989 2846 pollui
1015 2779 1241 2843 vitaret,
1269 2778 1339 2834 ab
1367 2794 1435 2835 eo
1474 2779 1654 2851 adiuta
1676 2822 1692 2848 ,
1723 2788 1780 2837 et
1817 2782 2058 2837 relevata

467 2866 692 2936 proprio
728 2866 916 2936 vigore
957 2868 1295 2926 subsisteret.
1339 2870 1483 2937 Quid
1521 2872 1667 2928 enim
1716 2872 1872 2931 nobis
1912 2871 2058 2928 siuti

465 2956 820 3027 spiritaliter
864 2960 1110 3032 designat
1130 3003 1149 3032 ,
1189 2963 1337 3032 quod
1372 2961 1568 3019 dicitur
1599 2983 1612 3017 :
1645 2965 1875 3038 Cumque
1912 2982 2056 3021 com-

466 3047 661 3118 pissset
683 3049 911 3119 ofﬁrmo
943 3054 1302 3109 holocaustum
1322 3094 1341 3121 ,
1376 3070 1491 3110 eccs
1531 3054 1747 3110 Samuel
1790 3056 2060 3111 ueniebat!

467 3137 534 3192 Et
560 3138 605 3194 si
635 3154 743 3195 non
772 3141 1054 3198 obtulisset
1076 3144 1476 3215 holocaustum,
1500 3146 1851 3203 nibilomlnus
1872 3156 1932 3203 et
1956 3146 2056 3202 Sa-

467 3229 619 3289 muel
635 3230 893 3288 uenisset
921 3230 1295 3291 Sienisnirun
1314 3244 1374 3293 et
1397 3252 1523 3294 cum
1550 3243 1821 3295 tentamur
1840 3280 1857 3308 ,
1879 3238 2054 3294 divina

467 3321 961 3393 gessisti-stam,
1004 3339 1124 3397 qua:
1162 3328 1499 3385 sustinentes
1530 3326 1782 3397 adiuvet:
1823 3329 2059 3399 iuuant

466 3411 653 3471 divina
666 3413 875 3485 iustitia
895 3456 915 3486 ,
945 3430 1066 3488 qna:
1100 3417 1416 3477 deﬁcientes
1438 3419 1684 3478 dam
1715 3418 1872 3477 Unde
1902 3436 2058 3479 sacra

464 3503 742 3580 Scriptura
771 3526 872 3567 nos
898 3521 1219 3583 exspectare
1248 3515 1578 3583 eobortass,
1610 3518 1724 3574 ais:
1754 3518 1816 3574 Si
1842 3519 2060 3589 spiritus

464 3601 2060 3679 pommhabenssscenderumuss,tsmtms

468 3690 568 3745 cito
590 3707 694 3746 non
722 3690 941 3747 deseras
962 3693 1164 3767 (Eccls.
1187 3713 1245 3763 ι,
1271 3699 1349 3767 Δ).
1396 3698 1533 3755 Hine
1562 3701 1830 3773 propheta
1868 3698 2060 3757 testiﬁ-

471 3796 625 3851 οδω,
656 3785 732 3840 ait
758 3802 772 3840 :
804 3784 1059 3843 Donsinus
1088 3790 1376 3847 auxiliator
1400 3809 1545 3848 meus
1563 3834 1579 3860 ,
1603 3804 1656 3849 st
1682 3794 1800 3850 ideo
1820 3812 1929 3851 non
1946 3813 2061 3851 sum

469 3879 718 3947 confusus
747 3878 909 3950 (Isai.
932 3896 994 3946 ι,
1020 3881 1097 3952 7).
1144 3881 1283 3940 Hinc
1328 3882 1611 3942 Psalmista
1650 3887 1825 3943 vicina
1870 3889 2062 3946 eadem

470 3968 674 4027 auxilia
693 3971 1009 4042 respiciam,
1035 3975 1111 4030 ait
1135 3992 1149 4029 :
1174 3975 1515 4032 Prooidebam
1542 3976 1826 4034 Dominum
1848 3980 1905 4035 iis
1931 3997 2059 4036 coss.

469 4068 648 4131 quas
687 4077 803 4119 mers
842 4078 1065 4136 semper,
1091 4067 1341 4138 quoniam
1382 4084 1417 4124 α
1455 4067 1652 4125 ἀθειεώ
1692 4078 1769 4125 est
1808 4071 1967 4136 mihi,
1996 4088 2063 4129 ne

467 4168 787 4211 commoueat-
834 4153 1009 4227 (μιαί.
1037 4173 1139 4227 ιν,
1172 4155 1251 4230 8).
1303 4156 1415 4215 Sed
1458 4157 1583 4230 jam
1621 4161 1891 4231 propheta
1930 4160 2063 4231 Quid

469 4259 583 4302 non
606 4249 944 4320 exspectanti
963 4248 1139 4318 dicat;
1166 4250 1299 4322 quid
1319 4252 1385 4319 is,
1406 4253 1503 4325 qui
1519 4261 1841 4326 exspectare
1866 4254 2061 4327 noluit,

470 4340 813 4409 respondeat,
841 4341 1125 4399 audinmu
1150 4359 1167 4396 :

547 4450 723 4525 (Veis.
752 4453 873 4527 ll.)
910 4454 1235 4531 Locumque
1264 4467 1349 4515 est
1386 4460 1462 4517 ad
1492 4477 1609 4518 eum
1636 4461 1895 4520 Samuel:
1924 4460 2064 4529 Quid

474 4544 641 4617 fecisti
658 4549 685 4602 l’

545 4660 634 4719 l6.
681 4659 907 4721 Sciebat
943 4662 1161 4737 quidem
1202 4666 1463 4739 propheta
1506 4667 1636 4742 quid
1681 4669 1919 4736 fecerat,
1963 4671 2058 4729 sed

473 4752 878 4829 interrogando,
905 4756 1284 4819 inobedieutiae
1309 4758 1508 4816 factum
1530 4761 1877 4834 reprobabat.
1909 4762 2060 4820 Unde

474 4855 532 4908 et
559 4846 627 4911 ad
655 4859 970 4919 peccantem
1012 4850 1182 4909 Adam
1224 4851 1280 4908 in
1326 4853 1578 4926 paradiso
1605 4869 1636 4908 a
1664 4854 1890 4911 Domino
1920 4855 2059 4912 dici-

474 4945 563 4999 tur
594 4940 812 5003 addam
836 4942 927 5005 ubi
952 4941 1052 4999 es?
1092 4941 1245 5018 (Gen.
1276 4960 1362 5012 nt,
1409 4943 1489 5017 9).
1536 4943 1721 5004 Potest
1757 4948 1921 5002 etiam
1965 4962 2062 5018 per

476 5029 620 5091 hanc
648 5032 1124 5107 interrogationem
1154 5036 1467 5109 magnitudo
1494 5047 1676 5095 reatus
1704 5039 1956 5095 intimari.
1985 5040 2063 5097 Ac

476 5124 523 5187 si
553 5135 741 5204 aperte
773 5129 963 5191 dicat:
991 5129 1191 5193 Parum
1236 5132 1334 5188 tibi
1384 5131 1634 5198 videtur,
1681 5132 1825 5203 quod
1876 5134 2065 5189 inube-

476 5217 675 5281 diendo
701 5220 991 5296 deliqueris
1010 5262 1033 5290 ι
1055 5223 1151 5281 sed
1171 5239 1204 5281 a
1231 5224 1447 5281 sublimi
1478 5225 1662 5295 gloria:
1691 5234 1795 5281 ture
1830 5225 2066 5282 culmine

477 5311 838 5387 delinquendo
864 5318 1128 5376 cecidisti.
1157 5318 1310 5377 Nunc
1333 5334 1464 5391 ergo
1499 5320 1741 5392 plerique
1768 5320 1907 5375 intra
1934 5335 2064 5375 san-

480 5413 623 5461 ctam
668 5406 969 5473 Ecclesiam
1014 5427 1074 5475 se
1123 5410 1336 5482 ﬂagitiis
1382 5412 1653 5479 obruunt,
1685 5420 1741 5468 et
1780 5412 1931 5482 quasi
1972 5412 2066 5481 qui

480 5496 629 5554 nulla
656 5506 750 5557 aut
776 5502 998 5559 minima
1027 5504 1278 5573 perdant,
1310 5505 1487 5560 securi
1518 5512 1661 5559 sunt.
1688 5502 1908 5560 Dicatur
1932 5517 2063 5572 ergo

466 5585 675 5666 lapso,
713 5590 924 5649 dicatur
954 5610 969 5648 :
996 5590 1134 5658 Quid
1180 5597 1385 5666 fecisti?
1429 5594 1625 5651 Parum
1676 5594 1772 5651 tibi
1820 5596 2061 5663 videtur,

481 5662 706 5748 quod'te
727 5682 935 5751 peccati
964 5685 1123 5741 sorde
1145 5662 1417 5756 pollueris,
1448 5688 1575 5758 quia
1598 5702 1762 5757 quam
1786 5687 2063 5743 aeternita-

477 5770 549 5831 tis
568 5771 796 5844 gloriam
818 5774 1131 5846 perdideris,
1153 5791 1315 5847 quam
1337 5779 1593 5851 gehetmaz
1612 5791 1829 5849 poenam
1853 5792 2070 5838 merue-

2156 510 2373 577 l'ecerit,
2406 521 2464 569 ut
2494 512 2558 567 ad
2585 527 2680 567 cor
2708 527 2807 584 per
2842 512 3077 568 lamenta
3104 512 3445 585 perducatur,
3472 524 3530 570 ut
3550 532 3743 587 magna

2154 616 2215 657 se
2244 603 2533 657 incurrisse
2560 602 2733 670 sciat,
2774 610 2830 658 et
2859 618 3047 675 parum
3092 620 3197 660 non
3238 604 3438 660 doleat.
3481 606 3587 662 Sed
3619 623 3744 676 qma

2156 707 2223 749 ex
2252 692 2430 750 radice
2459 694 2723 766 superbim
2746 693 2860 763 ipsa
2893 695 3049 767 culpa
3080 696 3453 755 inobedientiac
3480 700 3742 768 nascitur,

2155 785 2333 841 solent
2363 785 2735 843 iuobedientes
2765 796 2947 844 reatus
2984 790 3073 849 sui
3097 791 3520 862 magnitudinem
3562 794 3747 864 objur-

2156 878 2405 945 gantibus
2434 879 2748 935 doctoribus
2776 880 2983 948 audire,
3015 881 3110 939 sed
3140 898 3247 939 non
3279 884 3554 940 humiliter
3583 884 3749 942 conli-

2158 968 2322 1023 tendo
2353 969 2683 1027 satisfacere.
2734 970 2868 1025 Nam
2908 988 3027 1026 cum
3076 973 3332 1029 sublimes
3360 974 3529 1030 videri
3574 992 3746 1047 appe-

2156 1065 2295 1122 tunt,
2329 1058 2509 1130 lapsus
2543 1075 2668 1115 suos
2696 1060 2981 1115 ostendere
3003 1061 3387 1133 dedignantur;
3418 1072 3471 1119 et
3504 1065 3625 1122 ideo
3652 1082 3746 1121 ex-

2156 1152 2467 1211 cusationes
2515 1153 2838 1223 proferunt,
2885 1154 3147 1225 justitiam
3200 1158 3569 1227 praetendunt;
3619 1161 3746 1232 quia

2157 1256 2423 1313 apparere
2451 1254 2771 1321 peccatores
2800 1246 3145 1304 erubescunt.
3189 1248 3336 1305 Bene
3363 1265 3493 1324 ergo
3519 1252 3750 1325 subjun-

2158 1332 2301 1402 gitur
2332 1352 2345 1388 :

2233 1424 2414 1495 (Vera.
2447 1425 2532 1493 il,
2571 1426 2681 1500 12.)
2724 1428 3011 1499 Respondit
3052 1430 3187 1487 Saul
3213 1449 3231 1487 :
3257 1430 3392 1498 Quia
3435 1434 3570 1504 vidi,
3615 1437 3752 1508 quod

2159 1518 2476 1574 dilaberetur
2504 1537 2536 1574 a
2556 1537 2636 1575 me
2664 1523 2881 1592 papulas
2900 1567 2915 1592 ,
2937 1533 2986 1578 et
3016 1534 3066 1577 tu
3095 1541 3198 1579 non
3220 1541 3429 1580 veneras
3443 1526 3601 1597 juxta
3630 1528 3749 1598 pla-

2158 1613 2287 1667 citos
2328 1613 2458 1667 dies.
2518 1612 2685 1668 Porro
2734 1612 3017 1669 Philistiim
3075 1619 3377 1690 congregati
3442 1620 3650 1688 fuerant
3696 1620 3749 1673 in

2162 1705 2424 1778 Nagmas.
2477 1706 2700 1781 Diuique
2748 1726 2765 1763 :
2823 1707 2978 1764 Nunc
3009 1711 3317 1766 descendent
3361 1710 3648 1766 Pliilistiim
3685 1713 3754 1766 ad

2090 1802 2135 1862 Β
2160 1816 2242 1854 me
2262 1802 2317 1853 in
2340 1797 2565 1872 Galgula
2588 1841 2603 1867 ,
2635 1811 2685 1854 et
2714 1801 2899 1871 [aciem
2931 1800 3141 1856 Domini
3172 1820 3273 1857 non
3299 1804 3519 1875 placavi.
3557 1801 3753 1859 Neces-

2161 1893 2315 1946 sitate
2342 1892 2634 1963 compulsus
2663 1893 2821 1947 obtuli
2848 1892 3222 1949 holocaustum.

2236 1985 2321 2039 t7.
2356 1986 2493 2042 Ecce
2523 1987 2612 2057 qui
2641 1987 2708 2042 de
2738 2003 2943 2060 ιιιθεηιυ
2978 1989 3421 2061 transgressionis
3450 1992 3756 2048 temeritu'e

2164 2079 2408 2149 arguitur
2430 2120 2443 2146 ,
2475 2094 2697 2149 magnas
2725 2096 2916 2137 causas
2936 2081 3157 2151 justitia:
3186 2096 3429 2138 asserere
3457 2096 3565 2137 non
3604 2096 3752 2133 νρςυο

2161 2180 2266 2225 tur.
2307 2170 2447 2237 Vidi,
2471 2172 2661 2242 inquit,
2691 2174 2828 2244 quod
2852 2173 3167 2228 dilaberetur
3192 2174 3408 2245 populus
3427 2189 3457 2226 a
3481 2190 3577 2227 me.
3610 2168 3753 2227 Ecce

2162 2260 2250 2318 hic
2281 2263 2541 2318 asseritur
2571 2262 2857 2318 destitutus
2884 2281 2913 2319 a
2943 2266 3141 2338 pupulo
3177 2286 3185 2318 :
3220 2265 3390 2322 Porro
3414 2282 3518 2320 non
3541 2280 3755 2321 veneras

2153 2354 2313 2427 juxta
2344 2354 2563 2426 placitos
2611 2356 2739 2411 dies.
2792 2357 2888 2414 llic
2930 2374 2990 2414 se
3035 2359 3269 2414 ostendit
3314 2360 3593 2431 prophetae
3626 2374 3753 2429 pro-

2160 2444 2415 2499 missione
2440 2443 2760 2500 fraudatum.
2788 2445 2959 2504 Porro
3000 2447 3281 2503 Philistiim
3315 2451 3616 2521 congregati
3640 2450 3753 2521 {ue-

2161 2546 2282 2591 rant
2311 2536 2363 2591 in
2393 2536 2655 2610 Magmas.
2690 2536 2784 2594 Hic
2824 2540 3025 2612 pariter
3051 2540 3237 2611 objicit
3280 2540 3570 2597 imminens
3605 2539 3749 2611 peri-

2165 2630 2343 2686 culum
2371 2632 2787 2701 congressionis.
2838 2631 3017 2699 Quare
3047 2650 3113 2689 ex
3154 2635 3369 2689 actione
3407 2650 3503 2690 sua
3531 2634 3754 2689 verbum

2162 2720 2518 2785 subinferens,
2566 2722 2641 2776 ait
2675 2740 2686 2775 :
2718 2720 3041 2778 Necessitate
3079 2726 3369 2797 compulsus
3399 2725 3559 2781 obtuli
3610 2726 3757 2780 holo-

2162 2818 2416 2863 caustum.
2467 2808 2630 2878 Quasi
2678 2810 2819 2866 dicat
2852 2828 2863 2864 :
2894 2811 2974 2867 Tu
3004 2829 3092 2867 me
3120 2813 3187 2869 de
3230 2828 3424 2887 magno
3466 2823 3621 2869 reatu
3663 2828 3752 2867 ar-

2162 2900 2301 2970 guis,
2326 2916 2448 2956 cum
2478 2911 2663 2957 reatus
2691 2909 2840 2958 tanto
2870 2903 2938 2958 sit
2978 2903 3179 2969 levior,
3207 2915 3410 2974 quanto
3438 2920 3549 2960 non
3582 2913 3753 2959 teme-

2162 3000 2323 3051 ritate
2348 3004 2592 3062 constat,
2625 2996 2719 3052 sed
2749 2998 3087 3055 necessitate.
3119 2998 3225 3055 Sed
3249 2998 3463 3070 qualem
3498 3014 3625 3055 eum
3654 3014 3751 3054 co—

2162 3098 2387 3161 gnoscat
2416 3090 2701 3163 propheta,
2730 3090 2823 3167 qui
2848 3106 2906 3147 se
2928 3105 3253 3163 cognoscere
3291 3091 3497 3162 noluit,
3526 3091 3751 3165 subjun-

2085 3191 2131 3258 ς
2162 3194 2314 3253 gens,
2339 3182 2415 3237 ait
2442 3200 2455 3236 :

2235 3272 2411 3344 (Vers.
2445 3272 2559 3347 l3.)
2614 3273 2784 3333 Stulte
2827 3277 3010 3349 egisti,
3059 3293 3153 3334 nec
3196 3277 3465 3335 custodisti
3507 3276 3756 3335 mandata

2160 3363 2379 3421 Domini
2401 3365 2499 3422 Dei
2525 3369 2616 3424 tui.

2234 3457 2324 3514 18.
2364 3457 2595 3531 Superbi
2623 3460 2842 3533 quique,
2870 3461 2997 3535 quia
3034 3476 3133 3533 per
3163 3468 3433 3518 tumorem
3460 3476 3624 3531 supra
3649 3461 3744 3516 ho«

2162 3551 2335 3608 mines
2370 3565 2431 3608 se
2470 3566 2591 3609 esse
2633 3552 2996 3619 arbitrantur,
3029 3561 3401 3625 competenter
3436 3562 3750 3622 arguuntur,

2162 3657 2288 3701 cum
2317 3644 2397 3701 eis
2424 3643 2603 3701 divina
2628 3643 2882 3701 voluntas
2924 3644 3177 3716 obiicitur
3198 3686 3213 3712 ,
3248 3659 3410 3717 quam
3450 3640 3751 3701 olfendunt.

2165 3738 2330 3813 289
2357 3736 2487 3794 Saul
2513 3752 2642 3809 ergo
2668 3737 3023 3811 superborum
3050 3752 3202 3793 more
3228 3735 3473 3807 arguitur
3491 3778 3508 3805 ,
3532 3736 3624 3808 qui
3649 3732 3755 3790 Do.

2165 3832 2297 3887 mini
2325 3830 2419 3887 Dei
2446 3831 2529 3887 sui
2557 3830 2813 3886 mandata
2832 3830 3222 3899 contempsisse
3242 3828 3578 3901 perhibetur.
3602 3824 3755 3897 Quod

2164 3925 2275 3980 tale
2304 3933 2388 3980 est
2410 3965 2431 3993 ,
2471 3910 2544 3980 ac.
2572 3923 2618 3978 si
2660 3922 3061 3993 superbientem
3092 3930 3146 3976 et
3184 3928 3626 3983 contemnentem
3657 3927 3758 3973 ter-

2164 4028 2305 4085 reat,
2338 4017 2522 4074 dicens
2554 4035 2567 4071 :
2594 4015 2661 4071 Et
2690 4018 2735 4072 si
2766 4016 3015 4072 homines
3040 4016 3295 4087 despicis,
3328 4030 3473 4075 nunc
3495 4030 3606 4072 non
3630 4029 3754 4070 con-

2166 4112 2344 4169 silium
2387 4112 2700 4180 hominum,
2731 4110 2824 4167 sed
2850 4111 3063 4165 Domini
3088 4110 3185 4166 Dei
3212 4111 3289 4166 tui
3318 4109 3575 4171 mandata
3606 4108 3757 4164 dissi-

2164 4205 2325 4279 pasti.
2368 4204 2538 4261 Recte
2575 4220 2705 4275 ergo
2754 4214 2901 4260 tuum
2946 4214 3157 4261 reatum
3200 4220 3430 4277 pensas,
3483 4203 3528 4269 si
3581 4203 3754 4268 illum,

2165 4313 2326 4369 quem
2347 4298 2672 4365 contemnis,
2703 4298 2955 4353 trementi
2994 4297 3159 4353 corde
3182 4296 3515 4352 consideras.
3564 4294 3633 4348 Et
3663 4310 3755 4349 no-

2165 4392 2419 4461 tandum,
2456 4392 2582 4461 quia
2621 4407 2724 4445 non
2759 4391 2833 4444 ait
2866 4408 2878 4443 :
2913 4390 3029 4444 Non
3072 4388 3351 4445 custodisti
3382 4385 3637 4441 mandata
3662 4384 3755 4440 Dei

2166 4484 2265 4551 tui,
2315 4493 2428 4550 aut,
2461 4482 2710 4537 mandata
2743 4482 2952 4537 Domini
2994 4481 3110 4545 tui,
3148 4479 3243 4535 sed
3273 4500 3283 4533 :
3317 4477 3444 4534 Non
3494 4475 3756 4533 custodisti

2091 4589 2145 4649 D
2169 4574 2418 4629 mandata
2443 4573 2655 4629 Domini
2697 4572 2793 4627 Dei
2837 4574 2930 4627 tui.
2962 4572 3041 4628 Ac
3066 4572 3109 4627 si
3141 4578 3326 4642 aperte
3371 4570 3555 4625 dicat:
3585 4568 3756 4623 Ausus

2168 4682 2377 4737 magna:
2416 4666 2860 4738 transgressionis
2886 4674 3058 4732 esset,
3093 4665 3137 4719 si
3174 4664 3291 4731 ille,
3322 4665 3476 4733 cujus
3509 4663 3754 4723 mandata

2168 4759 2400 4832 despicis
2422 4801 2438 4827 ,
2470 4766 2677 4813 tantum
2707 4757 2963 4813 Dominus
2988 4765 3130 4825 tuus,
3155 4772 3262 4812 non
3290 4758 3448 4811 etiam
3481 4754 3627 4810 Deus
3651 4752 3757 4813 exii

2166 4857 2354 4904 sterct.
2410 4846 2682 4915 Quantum
2732 4862 2860 4917 ergo
2908 4855 2991 4902 est
3039 4849 3183 4916 quod
3228 4846 3753 4911 committitur,cum

2168 4942 2264 4996 Dei
2294 4950 2349 4996 et
2380 4940 2590 4996 Domini
2620 4940 2873 4994 mandata
2906 4938 3282 5009 negliguntur?
3331 4936 3465 5004 Quia
3493 4937 3626 4991 item
3657 4949 3755 4990 non

2169 5033 2307 5090 dixit
2335 5053 2347 5088 :
2381 5033 2592 5090 Domini
2632 5033 2725 5088 Dei
2758 5033 2881 5099 mei,
2910 5040 3003 5086 aut
3032 5030 3243 5088 Domini
3287 5029 3383 5087 Dei
3414 5031 3606 5092 nostri,
3632 5028 3756 5091 divi-

2170 5147 2254 5188 na:
2284 5132 2664 5188 familiaritatis
2692 5132 2917 5200 gratiam
2966 5144 3088 5184 eum
3136 5127 3425 5182 offendisse
3461 5124 3752 5193 redarguit.

2169 5226 2334 5293 Quasi
2376 5226 2521 5280 dicat
2554 5242 2567 5278 :
2599 5222 2725 5294 Ejus
2757 5231 3025 5295 praecepta
3066 5218 3467 5291 contempsisti,
3503 5219 3593 5290 qui
3635 5216 3751 5271 dum

2170 5324 2225 5373 te
2246 5318 2313 5374 de
2339 5319 2446 5375 imo
2474 5317 2688 5384 extulit,
2720 5316 2844 5371 dum
2875 5332 3038 5388 super
3068 5315 3203 5371 alios
3235 5323 3285 5369 te
3311 5311 3751 5380 constituit,dum

2170 5426 2352 5482 regem
2384 5411 2527 5477 iecit,
2560 5427 2658 5481 per
2687 5410 3087 5480 impositionem
3135 5415 3408 5463 tantorum
3455 5416 3748 5466 munerum,

2172 5504 2318 5558 velut
2344 5503 2652 5574 specialiter
2691 5511 2813 5556 tuus
2850 5500 2967 5556 fuit.
3011 5499 3200 5554 Adhuc
3229 5512 3445 5573 quoque
3484 5491 3751 5564 subjungi-

2173 5604 2292 5662 tur,
2338 5596 2481 5652 unde
2532 5592 2975 5663 transgressionis
3014 5591 3129 5664 ejus
3166 5591 3391 5647 audacia
3430 5588 3603 5660 major
3640 5597 3750 5641 esse

2130 5752 2133 5753 ν
2173 5687 2435 5744 doceatur
2469 5704 2479 5738 :

2248 5779 2425 5855 (Vers.
2455 5778 2569 5853 15.)
2602 5777 2749 5848 Qum,
2778 5777 2970 5853 inquit,
2998 5777 3239 5853 praecepit
3267 5775 3377 5833 tibi.
