4020 6344
309 345 422 412 ιιι

1133 347 1200 406 ΙΝ
1237 347 1504 410 PRIMUM
1540 348 1786 414 REGUI
1821 345 2338 416 Emle
2375 380 2447 398 —-
2481 351 2611 412 LIB.
2653 353 2718 412 ν.

385 463 478 527 ιι.
507 461 1012 538 (ιω-ιω
1035 463 1130 524 Dei
1150 474 1422 540 praecepta
1445 475 1574 523 sunt
1591 465 1897 526 communia
1922 463 1978 530 Δ
1999 463 2222 523 obedire
2249 465 2362 524 Deo
2386 466 2630 540 perfecte
2645 465 2760 538 iam
2785 465 2974 536 novit;
2993 467 3090 539 qui
3114 467 3292 528 solum
3313 468 3419 529 hoc
3443 485 3586 544 prat-

309 555 583 626 omniutn,
605 569 716 614 non
733 554 992 628 specialia
1017 555 1344 628 aliquorum.
1381 555 1454 615 Ut
1479 572 1612 630 ergo
1639 558 1900 622 audacem

311 667 467 710 reum
502 648 824 710 temeritatis
857 664 969 710 sua!
1004 650 1214 724 patenti
1247 648 1556 722 obiectione
1591 651 1898 721 convincat.

308 757 424 800 non
451 755 578 800 eum
603 749 874 814 przecepta
905 743 1238 813 communia,
1264 742 1364 804 sed
1380 743 1597 816 propria
1634 752 1690 802 et
1715 745 1899 816 singu-

309 835 448 894 laria
487 837 878 906 contempsisse
919 837 1275 896 demonstrat.
1324 835 1477 905 Qua.
1519 839 1614 908 ait,
1655 840 1901 911 prccqit

305 927 427 983 tibi.
475 926 814 988 Acsidirat
858 945 876 984 :
921 927 1142 986 IllaDei
1186 929 1898 990 etDosninituimandata

307 1019 706 1090 contempsisti,
736 1035 855 1092 quas
874 1037 987 1079 non
1002 1021 1150 1078 velut
1174 1023 1480 1080 communia
1509 1023 1784 1088 omnibus,
1805 1021 1900 1086 sed

305 1112 458 1169 velut
484 1113 704 1184 propria
723 1156 738 1180 ,
768 1122 824 1172 et
850 1114 954 1172 soli
984 1115 1080 1170 tibi
1113 1115 1454 1185 singulariter
1474 1114 1680 1174 credita
1705 1115 1898 1174 observ

304 1218 438 1260 vare
459 1204 712 1262 debuisti.
743 1205 852 1262 Sed
869 1206 1002 1276 quid
1019 1217 1310 1273 mereatur,
1337 1205 1578 1278 exponit,
1603 1207 1824 1264 dicens:

381 1295 569 1368 (Vers.
598 1296 698 1363 15,
733 1295 860 1364 id.)
893 1295 1044 1363 Quod
1077 1300 1124 1355 si
1153 1316 1256 1355 ιιοιι
1285 1301 1525 1371 fecisses,
1548 1301 1668 1370 jam
1691 1315 1898 1370 ρναραο

303 1398 473 1446 rasaet
505 1387 760 1446 Dominus
801 1408 1021 1462 regnum
1061 1399 1204 1447 tuum
1250 1408 1405 1463 super
1444 1389 1617 1448 Israel
1657 1407 1813 1464 usque
1839 1391 1896 1450 ist

299 1481 692 1550 sempiternum,
723 1481 819 1540 sed
843 1498 1165 1555 nequaquam
1187 1483 1326 1537 ultra
1354 1490 1652 1554 consurget.

374 1570 464 1628 20.
517 1571 660 1630 Ecce
688 1589 853 1643 quam
889 1589 1080 1644 magna
1117 1573 1392 1644 perdidit,
1421 1575 1534 1644 qui,
1564 1581 1626 1630 ut
1652 1573 1894 1644 putabat,

300 1664 450 1721 nulla
497 1667 841 1737 contempsit.
897 1667 1034 1723 Ecce
1077 1675 1286 1738 septem
1337 1667 1530 1724 diebus
1575 1666 1895 1738 prophetam

299 1756 594 1822 sustinuit;
624 1755 719 1812 sed
748 1755 879 1811 dum
905 1757 1203 1827 praestolari
1230 1773 1352 1814 eum
1383 1758 1438 1812 in
1461 1757 1566 1812 line
1586 1757 1696 1813 diei
1713 1756 1892 1824 desiit,

2004 559 2154 630 cipit,
2183 559 2328 630 quod
2354 576 2419 617 es
2443 558 2672 618 consilio
2696 557 2942 631 procedit
2967 559 3170 617 intimae
3185 560 3448 619 veritatis.

2073 649 2163 706 22.
2193 650 2302 710 Sed
2328 651 2460 722 quid
2479 659 2584 720 est,
2609 649 2756 722 quod
2783 651 2940 722 quasi
2960 649 3034 707 de
3049 651 3325 724 prmterito
3354 651 3551 710 dicitur
3575 669 3591 707 :

2006 744 2253 814 Quesiuit
2277 742 2376 800 sibi
2407 743 2659 802 Dominus
2685 744 2880 812 uirum,
2908 752 2960 798 et
2987 745 3234 817 prerupit
3268 747 3337 813 ei,
3379 753 3435 801 ut
3461 751 3597 802 esset

2001 837 2132 904 ω,
2157 852 2282 893 cum
2315 852 2426 896 non
2450 836 2616 894 fuerit
2645 836 2929 908 (νεικείω,
2957 852 3058 892 nec
3084 837 3158 904 ei,
3188 845 3248 892 ut
3271 837 3472 908 populo
3496 851 3597 894 suo

2002 935 2278 996 praeesset,
2321 926 2658 996 iniunctum?
2685 925 2820 984 Nam
2852 934 3144 1000 postquam
3171 924 3300 982 Saul
3329 926 3597 996 percussit

2001 1018 2284 1087 Amalech,
2315 1019 2491 1077 eidem
2516 1019 2794 1091 prophetat
2820 1020 3081 1076 Dominus
3097 1021 3174 1076 ait
3202 1037 3218 1076 :
3246 1019 3416 1090 Imple
3434 1036 3598 1076 cornu

2001 1118 2145 1164 tuum
2180 1109 2317 1178 oleo,
2352 1118 2404 1164 et
2437 1111 2551 1170 veni
2568 1151 2590 1176 ,
2631 1111 2836 1166 mittam
2862 1120 2912 1167 ts
2939 1111 3010 1167 ad
3037 1108 3154 1170 lsat'.
3177 1111 3596 1170 Bethlehemitsn'

1999 1202 2067 1278 (ι
2101 1203 2232 1276 Reg.
2265 1220 2374 1269 xvr,
2408 1204 2495 1276 1).
2527 1205 2634 1264 Sed
2665 1206 2781 1262 haec
2804 1208 3032 1277 quassae
3061 1207 3221 1266 facile
3260 1209 3511 1277 solvitur,
3551 1210 3594 1268 si

1998 1295 2388 1366 omnipotentis
2409 1296 2506 1354 Dei
2528 1297 2890 1366 prsscicntia,
2915 1306 2980 1352 et.
2992 1299 3398 1369 prodestiuatio
3412 1300 3596 1360 vides.

1997 1395 2106 1444 tur.
2135 1386 2198 1442 Ei
2223 1387 2446 1458 quidem
2472 1387 2877 1460 pra-destinare,
2909 1389 3090 1447 facere
3118 1399 3222 1456 est,
3256 1399 3314 1448 et
3337 1391 3484 1464 apud
3510 1391 3595 1462 ipi-

1994 1492 2118 1540 sum
2152 1477 2261 1549 iam
2300 1477 2450 1538 facta
2489 1486 2651 1547 sunt,
2688 1495 2812 1550 qua:
2839 1480 3052 1551 abipso
3081 1481 3198 1538 ﬁeri
3235 1483 3594 1554 pmordiuata

1995 1578 2142 1628 sunt.
2178 1568 2331 1626 Unde
2357 1579 2414 1627 et
2440 1569 2510 1626 de
2537 1585 2604 1627 eo
2631 1571 2894 1642 scriptum
2920 1580 3006 1627 est
3036 1589 3051 1626 :
3082 1571 3258 1640 Fecit,
3282 1591 3396 1646 qua:
3421 1576 3596 1644 [uarro

1995 1669 2120 1718 sunt
2147 1660 2306 1735 (18a,
2332 1677 2464 1731 xcv,
2493 1661 2581 1729 11,
2611 1678 2716 1721 sec.
2749 1661 2952 1734 LXX).
2991 1663 3101 1720 Sed
3139 1665 3398 1734 quasisse
3425 1666 3595 1724 virum

1998 1753 2142 1810 Deus
2171 1754 2386 1820 dicitur,
2419 1763 2482 1810 ut
2505 1754 2874 1824 eligendorum
2899 1757 3202 1814 antistitum
3225 1757 3400 1816 forma
3418 1758 3592 1816 homi-

296 1848 528 1918 gloriam
557 1855 720 1904 tantm
745 1845 1018 1916 dignitatis
1043 1848 1243 1904 amisit.
1272 1846 1427 1904 Unde
1455 1855 1511 1904 et
1532 1862 1628 1918 per
1653 1846 1890 1919 prophe-
1921 1840 1971 1906 B
1996 1845 2155 1906 nibus
2196 1845 2522 1915 praebeatur.
2566 1841 2821 1913 Quarere
2857 1845 3003 1902 enim
3041 1846 3312 1918 solemus,
3358 1861 3476 1922 quae
3503 1853 3596 1906 aut

299 1946 412 1994 tam
458 1938 653 1996 dicitur
703 1956 716 1991 :
765 1936 856 1994 γω
910 1938 976 1993 iis
1016 1938 1103 2010 qui
1151 1937 1486 2005 perdiderunt
1530 1937 1894 1997 sustinentium

297 2029 490 2104 (Eceti.
543 2045 602 2097 ιι,
648 2029 759 2100 16).
807 2029 1197 2086 Sustinentiam
1245 2030 1461 2102 quidem
1503 2031 1758 2102 perdunt,
1799 2029 1894 2100 qui

298 2123 468 2190 bona,
494 2135 611 2192 quae
638 2121 916 2186 inchoent,
943 2137 1052 2178 non
1073 2130 1472 2180 consummant.
1504 2121 1708 2190 Quibus
1730 2121 1891 2182 nimi-

299 2229 424 2275 rum
452 2229 531 2272 vce
552 2228 670 2272 esse
691 2213 894 2272 dicitur
923 2231 936 2269 :
968 2215 1096 2284 quia
1122 2228 1230 2270 non
1252 2213 1424 2270 solum
1447 2213 1667 2286 incepti
1693 2213 1895 2270 laboris

297 2307 606 2369 mercedem
635 2307 888 2379 perdunt,
929 2307 1025 2366 sed
1052 2308 1214 2364 etiam
1243 2315 1582 2378 apostatatus
1609 2307 1692 2364 sui
1732 2322 1893 2379 paena

296 2395 582 2456 feriuntur.
625 2394 792 2454 Poena
821 2404 1002 2454 autem
1030 2395 1246 2468 superbi
1276 2403 1332 2453 et
1368 2395 1724 2453 inobedientis
1753 2397 1894 2467 regis

298 2485 627 2556 declaratur,
657 2502 777 2543 cum
800 2487 996 2544 dicitur
1024 2505 1037 2539 :
1066 2486 1217 2553 Quod
1241 2487 1286 2542 si
1309 2504 1413 2544 non
1435 2489 1666 2559 fecisses,
1688 2505 1894 2559 prtepa-

300 2589 468 2636 rasset
489 2582 607 2652 jam
635 2578 889 2636 Dominus
913 2596 1127 2652 regnum
1158 2588 1300 2634 tuum
1328 2595 1480 2651 super
1511 2577 1681 2634 Israel
1705 2579 1893 2636 amodo

298 2681 353 2728 et
375 2687 532 2745 usque
565 2673 622 2730 in
651 2673 1050 2743 sempiternum;
1097 2670 1190 2728 sed
1215 2687 1317 2726 non
1357 2680 1650 2742 consurget.
1687 2671 1893 2728 Amodo

299 2771 360 2822 et
395 2777 564 2832 usque
592 2763 646 2820 in
673 2763 1058 2834 sempiternum
1097 2762 1327 2818 electum
1362 2775 1585 2831 regnum
1623 2771 1842 2831 paratur
1875 2779 1888 2816 :

299 2851 431 2922 quia
459 2853 550 2923 qui
587 2853 906 2925 temporalia
956 2852 1094 2912 bene
1119 2852 1398 2919 ordinant,
1448 2861 1662 2921 aeternae
1709 2851 1892 2921 glurize

303 2943 411 3002 sibi
438 2945 820 3004 sublimitatem
860 2953 1072 3018 parant.
1123 2944 1283 3000 Modo
1328 2943 1546 3016 quidem
1597 2944 1894 3000 electorum

299 3050 527 3106 regnum
573 3049 825 3109 paratur,
876 3053 999 3095 cum
1043 3052 1144 3110 per
1187 3037 1423 3093 divinam
1470 3037 1697 3109 gratiam
1746 3045 1893 3094 recte

299 3142 491 3188 eorum
509 3129 806 3186 ministeria
828 3128 1226 3200 dispensentur.
1251 3126 1406 3198 Quod
1427 3127 1624 3184 amodo
1644 3135 1699 3183 et
1725 3140 1893 3196 usque

299 3223 359 3280 in
405 3223 792 3293 sempiternum
837 3220 1050 3294 prolicit
1085 3240 1098 3276 :
1131 3221 1256 3294 quia
1310 3222 1377 3278 de
1422 3221 1638 3277 sublimi
1677 3221 1891 3276 actione

297 3315 462 3386 hujus
477 3315 759 3390 temporis,
782 3315 1147 3373 sublimiorem
1171 3315 1316 3369 illam
1333 3314 1650 3370 aeternitatis
1664 3312 1890 3383 gloriam

295 3418 676 3481 promerentur
701 3409 755 3466 in
786 3408 964 3470 caelis.
1004 3407 1063 3464 ln
1091 3406 1249 3464 linem
1280 3408 1461 3478 itaque
1503 3406 1737 3478 reprobo
1775 3407 1890 3477 regi

294 3499 495 3562 dicitur
541 3519 554 3558 :
604 3501 840 3576 Regnum
888 3513 1030 3558 tuum
1069 3520 1391 3576 nequaquam
1419 3504 1556 3558 ultra
1595 3512 1886 3580 consurget.

296 3590 462 3659 Quasi
493 3592 641 3647 dicat
671 3611 684 3645 :
717 3593 853 3652 Dum
877 3609 909 3650 a
935 3593 1219 3666 temporali
1246 3594 1566 3650 rectitudine
1591 3591 1788 3661 deﬁcit,
1821 3593 1891 3650 ad

294 3685 619 3740 aeternitatis
646 3682 1019 3740 celsitudinem
1042 3701 1149 3739 non
1173 3684 1445 3753 pertingit.
1475 3682 1571 3738 Vel
1597 3682 1796 3740 idcirco
1822 3681 1891 3740 ad

294 3776 533 3835 litteram
555 3793 664 3833 non
694 3792 1022 3848 consurgere
1043 3778 1274 3833 dicitur:
1317 3777 1444 3850 quia
1471 3792 1592 3834 cum
1615 3779 1732 3848 ipso
1763 3792 1888 3835 cor-

293 3869 430 3936 ruit,
457 3876 514 3924 et
542 3876 666 3940 post
694 3867 869 3938 ipsum
899 3869 952 3922 in
982 3866 1100 3938 ejus
1140 3865 1264 3924 ﬁliis
1291 3883 1400 3924 non
1425 3869 1706 3925 remansit.
1754 3867 1886 3937 Sed,

295 3967 360 4014 ut
405 3958 586 4016 livoris
631 3974 792 4030 pana
844 3957 1091 4027 feriatur,
1142 3974 1254 4014 non
1306 3959 1480 4014 solum
1523 3958 1886 4030 repulsionem

298 4067 476 4115 suam.
504 4053 602 4109 sed
629 4053 794 4108 etiam
822 4052 1148 4109 electionem
1170 4051 1408 4108 alienam
1434 4051 1622 4110 audire
1647 4051 1889 4122 compel-

292 4141 449 4200 litur.
478 4142 608 4200 Nam
625 4145 955 4216 subjungens
981 4143 1248 4214 propheta
1272 4144 1347 4198 ait
1371 4161 1385 4199 :

369 4237 549 4310 (Vers.
579 4237 694 4309 16.)
729 4239 973 4306 Quasivit
1011 4237 1109 4294 sibi
1148 4237 1401 4294 Dominus
1430 4239 1596 4294 virum
1616 4239 1771 4308 juxta
1797 4253 1889 4294 cor

157 4333 176 4348 ’
292 4346 466 4397 suum,
495 4341 542 4386 et
564 4332 808 4400 praecepit
830 4332 899 4398 ei,
925 4338 982 4384 ut
1001 4337 1140 4386 esset.
1163 4328 1270 4384 dux
1292 4344 1445 4398 super
1471 4326 1718 4399 populum
1737 4342 1886 4384 suum

292 4420 595 4571 1.2.5.9"
619 4514 802 4571 omnia
824 4512 989 4568 verba
1011 4512 1126 4568 haec
1145 4510 1410 4582 superbus
1435 4509 1654 4568 eliditur
1680 4528 1695 4564 :
1721 4511 1884 4583 290

1995 1938 2285 2010 praesentia
2316 1953 2428 1998 non
2469 1936 2880 2010 cognoscimus,
2905 1945 3000 1996 aut
3033 1937 3280 1997 absentia
3304 1954 3424 1996 non
3447 1938 3589 1998 vide-

1995 2045 2138 2086 mus.
2169 2028 2313 2086 Deus
2351 2037 2556 2096 autem,
2585 2028 2673 2088 cui
2699 2027 2837 2084 nihil
2863 2036 2948 2090 est
2979 2028 3196 2096 absens,
3231 2029 3374 2090 nihil
3395 2030 3592 2097 latens.

1996 2136 2106 2178 non
2129 2120 2328 2180 dicitur
2345 2120 2604 2191 quaesisse
2623 2119 2820 2188 virum,
2848 2128 2908 2178 ut
2932 2120 3236 2191 absentem,
3258 2129 3354 2178 aut
3371 2120 3578 2182 abscon

1995 2213 2196 2274 (iitum:
2229 2213 2328 2274 sed
2345 2213 2602 2284 quasisse
2616 2212 2835 2284 dicitur,
2863 2221 2926 2274 ut
2945 2213 3142 2282 omnis,
3175 2212 3276 2286 qui.
3296 2212 3370 2273 ad.
3395 2218 3595 2274 sancta

1997 2306 2254 2368 Ecclesia:
2289 2307 2506 2370 culmen
2535 2307 2776 2380 eligitur,
2799 2305 3176 2366 discutiendae
3191 2305 3266 2364 ab.
3287 2304 3596 2366 hominibus

1995 2413 2114 2460 esse
2136 2398 2418 2456 doceatur.
2451 2397 2561 2456 Sed
2583 2398 2754 2470 quaeri
2775 2397 2937 2456 debet
2960 2395 3255 2459 secundum
3274 2411 3370 2454 cor
3388 2395 3513 2462 Dei;
3537 2403 3595 2456 ιιι

1995 2491 2252 2550 videlicet
2290 2507 2398 2548 non
2451 2491 2626 2550 solum
2667 2491 2906 2548 divinam
2944 2491 3279 2550 voluntatem
3305 2488 3590 2562 intelligat.

1993 2586 2093 2646 sed
2119 2585 2278 2642 bonis
2303 2585 2562 2656 operibus
2588 2583 2856 2642 ostendat.
2882 2583 3023 2652 Quia
3048 2582 3178 2640 item
3199 2581 3364 2641 electi
3385 2581 3490 2642 viri
3517 2579 3588 2638 ad

1994 2675 2262 2734 honorem
2293 2675 2559 2745 primatus
2598 2690 2707 2730 non
2749 2690 2818 2732 ex
2867 2673 3161 2732 ambitione
3201 2672 3448 2738 veniunt,
3491 2668 3592 2730 sed

1995 2766 2170 2826 coacti
2201 2765 2588 2836 perducuntur,
2613 2765 2756 2822 bene
2781 2765 2986 2845 dictum
3005 2774 3124 2822 est:
3151 2763 3221 2819 Et
3248 2765 3493 2836 pracspit
3517 2763 3587 2829 ei,

1995 2866 2053 2914 ut
2079 2867 2212 2914 esset
2239 2856 2346 2912 dua:
2377 2873 2394 2910 :
2427 2856 2591 2924 Quasi
2617 2855 2760 2913 dicat
2806 2873 2820 2910 :
2861 2855 2919 2912 in
2963 2855 3227 2914 honorem
3263 2853 3593 2926 praelationis

2000 2964 2110 3006 non
2150 2963 2247 3018 per
2275 2947 2628 3004 ambitionem
2672 2945 2874 3012 subiit,
2919 2946 3016 3002 sed
3056 2953 3288 3006 coactus
3324 2942 3589 3008 ascendit.

1996 3039 2186 3099 Potest
2214 3039 2377 3096 etiam
2406 3038 2634 3110 intelligi
2665 3039 2747 3094 vir
2772 3053 2872 3112 pro
2901 3035 3248 3105 fortitudine;
3290 3035 3586 3096 secundum

1995 3145 2092 3191 cor
2135 3128 2278 3195 Dei,
2312 3144 2411 3200 pro
2456 3127 2670 3186 interna
2695 3128 2978 3186 cbaritate.
3026 3126 3252 3194 Quando
3300 3125 3460 3196 igitur
3497 3140 3588 3187 ne

1919 3215 1964 3279 C
1995 3226 2219 3280 cessitas
2254 3221 2439 3290 exigit,
2480 3219 2548 3280 ad
2593 3234 2784 3280 curam
2809 3227 3008 3280 sancta:
3034 3217 3288 3278 Ecclesiae
3313 3225 3584 3288 quaer

1993 3316 2096 3382 vir,
2130 3323 2189 3372 ut
2226 3313 2297 3372 sit
2323 3311 2737 3370 cenversatione
2763 3308 2954 3378 (ortis;
2985 3318 3258 3380 quaeratur
3283 3306 3581 3368 secundum

1991 3423 2088 3464 cor
2117 3406 2233 3470 Dei,
2265 3413 2326 3466 ut
2353 3417 2450 3474 per
2477 3401 2728 3464 eﬂ'ectum
2757 3400 2940 3473 magni
2977 3397 3206 3470 amoris,
3227 3397 3382 3470 quasi
3407 3397 3589 3460 uultus

1993 3503 2068 3564 sit
2085 3500 2279 3560 divina:
2301 3496 2570 3556 voluntati
2605 3513 2619 3550 :
2651 3493 2997 3568 praecipiatur
3014 3490 3086 3561 ei.
3118 3489 3265 3552 utsit
3291 3489 3434 3560 dux;
3457 3503 3586 3564 qua-

1995 3601 2152 3655 tenus
2177 3589 2518 3650 sublimitatis
2546 3585 2787 3646 ordinem
2808 3580 3186 3648 conscendere.
3204 3597 3270 3644 ex
3293 3579 3590 3655 cupiditate

1992 3703 2104 3750 non
2132 3685 2372 3754 ambiat,
2414 3681 2510 3744 sed
2547 3696 2623 3746 ex
2647 3677 2948 3744 humilitate
2977 3677 3368 3749 pertimescat:
3402 3672 3588 3746 sicque

1991 3781 2096 3838 sibi
2125 3778 2342 3842 humilis
2372 3781 2608 3852 metuat,
2643 3780 2712 3835 ut.
2730 3771 2885 3838 subdi
2914 3778 3186 3844 praecepto
3215 3767 3312 3832 Dei
3341 3766 3588 3830 devotius

1991 3880 2272 3944 agnoscat.
2320 3869 2431 3932 Sed
2472 3869 2605 3937 quia
2643 3868 2728 3926 his
2754 3866 2934 3928 verbis
2957 3861 3230 3942 prepheta
3269 3860 3407 3936 lapsi
3448 3861 3588 3932 regis

1990 3970 2158 4028 vitam
2181 3965 2622 4040 reprehenderat.
2651 3962 2936 4035 sequitur:

2064 4061 2244 4134 (νεεδ.
2287 4059 2399 4134 15.)
2433 4059 2679 4118 Surrexit
2705 4064 2880 4118 autem
2909 4052 3146 4121 Samuel.
3174 4059 3232 4116 et.
3262 4049 3496 4114 attendit
3521 4048 3587 4106 de

1991 4154 2232 4228 Calgalis
2258 4155 2316 4210 iu
2343 4150 2525 4208 Gabaa
2556 4148 2860 4220 Benjamin.

2060 4247 2151 4302 25.
2205 4245 2372 4314 Quasi
2419 4243 2489 4300 ab
2536 4241 2649 4298 alto
2695 4237 2768 4296 ad
2815 4235 3037 4309 planum
3085 4238 3286 4298 sanctae
3330 4229 3587 4296 Ecclesia

1987 4339 2180 4396 doctor
2204 4338 2373 4401 venit,
2417 4332 2637 4404 quando
2681 4335 3033 4409 peccatorum
3074 4325 3262 4409 culpas
3287 4323 3586 4395 redarguit,

1989 4440 2048 4490 et
2067 4438 2239 4488 status
2259 4428 2345 4486 sui
2359 4407 2742 4488 sublimitatem
2763 4427 2974 4490 curvat,
3003 4407 3125 4482 cum
3154 4418 3223 4478 ad
3242 4416 3580 4477 discutienda

1988 4525 2252 4580 malorum
2279 4520 2512 4580 crimina
2534 4531 2594 4574 se
2615 4532 2713 4588 per
2733 4514 2988 4574 allectum
3005 4511 3284 4574 cbaritatis
3311 4511 3580 4570 humiliat.

289 4606 559 4675 Quaesivit,
590 4609 785 4678 inquit,
810 4609 974 4663 virtuts
1005 4607 1163 4678 juxta
1190 4623 1280 4663 eor
1308 4622 1477 4661 suum.
1505 4603 1670 4672 Quasi
1695 4604 1873 4660 dicat:
1902 4600 1955 4663 Ι)
1980 4614 2128 4670 Bene
2151 4626 2280 4681 ergo
2309 4610 2378 4666 de
2407 4624 2473 4666 eo
2490 4649 2506 4676 ,
2548 4606 2642 4677 qui
2669 4613 3008 4678 peccatorem
3039 4610 3311 4675 arguerat,
3341 4601 3535 4662 dicitur
3561 4616 3578 4656 :

291 4699 421 4758 Ideo
439 4717 564 4757 eum
593 4701 859 4770 quaesivit,
901 4699 1028 4769 quia
1059 4707 1116 4754 tu
1139 4697 1296 4770 juxta
1325 4712 1422 4754 cor
1447 4712 1604 4754 suum
1633 4710 1754 4752 esse
1777 4711 1879 4752 no-

290 4794 460 4851 luisti.
494 4793 659 4861 Quasi
687 4793 830 4850 dicat
865 4810 880 4846 :
913 4790 1099 4847 Talem
1127 4791 1302 4847 virum
1344 4788 1530 4860 populi
1569 4786 1654 4844 sui
1687 4785 1881 4844 ducem

288 4889 597 4956 constituit,
625 4888 719 4958 qui
763 4893 1092 4958 pmceptum
1122 4882 1288 4938 divini
1317 4879 1528 4940 consilii
1555 4887 1883 4949 exsequatur

289 4982 493 5038 virtute
512 4979 834 5036 devotionis.
865 4978 1003 5046 Quia
1025 4976 1168 5032 enim
1194 4974 1360 5032 corde
1377 4988 1443 5029 ea
1467 4986 1587 5043 quae
1605 4984 1766 5040 agere
1788 4985 1878 5026 vo-

289 5088 490 5138 ramus,
519 5072 822 5128 deliberare
846 5070 1116 5127 solemus:
1147 5066 1274 5122 dum
1302 5079 1402 5120 usu
1426 5069 1626 5118 nostrae
1650 5059 1884 5116 locutio-

288 5165 376 5220 stis
405 5179 502 5219 cor
530 5163 628 5220 Dei
656 5163 709 5219 in
739 5177 898 5219 sacro
920 5158 1138 5229 eloquio
1161 5155 1402 5228 ponitur,
1425 5168 1522 5225 per
1545 5167 1667 5208 eum
1689 5150 1879 5207 volun-

289 5263 377 5310 tas
406 5254 524 5323 eius
549 5255 735 5310 intia
764 5253 1107 5322 designatur,
1153 5261 1275 5319 qua:
1321 5261 1354 5300 a
1402 5242 1559 5300 nobis
1598 5252 1724 5297 tttnc
1749 5239 1880 5302 foris

288 5350 622 5418 agnoscitur,
642 5345 858 5419 quando
874 5341 1252 5401 inobedientiat
1265 5344 1532 5411 praecepta
1548 5333 1877 5392 revelantur.

290 5437 452 5494 Juxta
482 5453 602 5495 eam
641 5452 771 5493 vero
791 5450 998 5498 sumus,
1029 5431 1245 5502 quando
1273 5431 1432 5495 hanc,
1463 5436 1520 5486 et
1542 5441 1638 5498 per
1665 5422 1877 5482 intelleo

290 5539 438 5583 ctutn
466 5527 830 5596 agnoscimus,
859 5532 918 5580 et
944 5537 1042 5593 per
1068 5535 1307 5576 amorem
1342 5517 1692 5578 custodimus.
1736 5513 1881 5570 Bene

288 5635 424 5689 ergo
447 5621 515 5676 de
539 5621 769 5678 Domino
791 5621 1051 5692 propheta
1074 5617 1291 5676 Samuel
1311 5616 1439 5672 dicit
1467 5634 1482 5670 :
1517 5613 1760 5681 Quaaivit
1783 5609 1883 5666 sibi

293 5719 459 5767 vim
476 5715 633 5784 justo
659 5731 751 5771 car
773 5728 944 5779 suum,
973 5719 1026 5767 st
1051 5709 1315 5780 percepit,
1344 5716 1400 5761 ut
1429 5715 1559 5763 esset
1589 5704 1696 5760 duo;
1724 5717 1879 5774 super

289 5803 537 5860 uouulum
576 5820 743 5860 suum.
785 5802 922 5872 Quia
964 5799 1056 5860 ille
1092 5799 1210 5856 aliis
1237 5798 1440 5854 utiliter
1477 5795 1738 5870 prtecipit,
1785 5791 1877 5864 qui

1983 4704 2260 4773 Surrexit,
2306 4711 2356 4758 et
2396 4701 2647 4758 ascendit.
2696 4698 2880 4774 Surgit
2907 4699 3108 4769 quippe
3145 4696 3350 4756 electus
3379 4691 3578 4766 praedi-

1982 4805 2160 4866 Cater,
2185 4793 2400 4866 quando
2428 4792 2498 4848 ad
2527 4791 2866 4850 altitudinem
2888 4806 2999 4850 suae
3021 4786 3319 4860 spiritualis
3344 4799 3576 4842 conver-

1981 4887 2205 4948 sationis
2242 4901 2302 4946 se
2328 4899 2426 4956 per
2451 4882 2810 4940 intentionem
2839 4879 2996 4950 erigit
3037 4897 3051 4934 :
3081 4875 3327 4938 ascendit
3370 4886 3573 4939 autem,

1979 4979 2196 5050 quando
2238 4977 2305 5036 ad
2342 4975 2566 5034 arduam
2605 4971 2846 5046 ejusdem
2887 4970 3014 5026 vita:
3054 4986 3165 5030 sum
3204 4963 3576 5023 celsitudinem

1985 5087 2083 5142 per
2111 5075 2431 5126 consuetum
2459 5080 2596 5137 opus
2623 5060 2786 5121 venit.
2821 5059 3073 5120 Calestia
3117 5056 3335 5130 quidem
3363 5053 3575 5113 deside-

1985 5167 2085 5232 ria,
2116 5163 2424 5235 spirituales
2443 5161 2695 5230 virtutes,
2725 5158 2870 5215 bona
2898 5170 3066 5230 opera
3093 5153 3147 5210 in
3175 5147 3390 5210 sublimi
3415 5155 3572 5204 sunt:

1984 5255 2207 5312 allectus
2251 5251 2470 5320 terreni,
2518 5249 2972 5322 concupiscentiae
3007 5245 3311 5308 smeulares,
3359 5239 3488 5297 vitia
3516 5245 3573 5294 et

1982 5354 2205 5424 peccata
2235 5345 2290 5400 in
2317 5340 2531 5401 inlimis.
2566 5340 2769 5398 Doctor
2789 5353 2938 5405 vero,
2966 5337 3122 5412 291
3149 5340 3208 5424 ut
3225 5329 3572 5424 lapsosbene

1982 5417 2238 5507 corrigat,
2269 5433 2417 5506 prius
2442 5430 2629 5502 culpas
2654 5426 2991 5485 discutienda
3012 5423 3237 5486 invenit,
3265 5417 3461 5476 deinde
3483 5417 3570 5474 itt-

1982 5536 2171 5584 ventas
2194 5525 2336 5582 ferit.
2369 5522 2438 5579 Ut
2475 5536 2604 5591 ergo
2632 5537 2750 5591 qua:
2771 5519 2946 5586 feriat,
2989 5516 3272 5590 perspicue
3299 5524 3355 5573 et
3381 5522 3571 5586 aperte

1984 5619 2184 5687 videat,
2225 5615 2422 5673 mentis
2463 5613 2651 5669 oculos
2691 5611 2757 5668 ad
2793 5609 3024 5666 videnda
3063 5609 3170 5666 ima
3216 5615 3565 5681 peccatorum

1980 5713 2200 5769 vulnera
2238 5714 2448 5766 curvat.
2486 5705 2593 5762 Sed
2620 5711 2901 5778 perspecta
2934 5719 3040 5760 non
3077 5703 3232 5773 ferit,
3273 5703 3319 5760 si
3347 5701 3415 5758 ad
3444 5709 3566 5756 tan~

1979 5805 2153 5881 genda
2181 5819 2248 5862 ea
2287 5802 2342 5860 in
2367 5798 2582 5869 inlimis,
2607 5815 2722 5858 non
2748 5797 3044 5860 descendit.
3090 5797 3324 5869 Surgere
3351 5809 3482 5866 ergo
3506 5797 3564 5850 et

2783 5964 2792 5975 ‘
2823 5968 2830 5970 “
2898 5967 3003 5983 _"'\
