4020 6344
465 376 558 435 551

1692 362 1770 421 ΒΛ
1782 361 1933 420 NCTI
1973 355 2300 418 GREGORII
2341 355 2556 414 MAGM

3627 350 3738 412 352

463 488 756 547 ascendere
775 482 1041 558 propbeat
1060 480 1276 548 dicitur,
1306 477 1432 549 quia
1457 478 1614 534 electi
1638 476 1856 534 dolores
1881 477 1960 533 sic
1980 475 2047 532 ad
2074 477 2126 539 Δ
2150 483 2492 546 perpetrasse
2527 469 2802 539 recolunt,
2847 481 3012 539 agere
3050 468 3193 526 bona
3219 467 3505 527 instantius
3535 485 3742 530 conan-

460 583 568 638 ima
592 589 775 637 nostra
791 577 1017 634 videnda
1039 585 1094 632 et
1112 571 1443 631 emendanda
1464 569 1782 641 plerumque
1803 569 2043 635 veniunt,

461 682 521 729 ut
543 672 718 728 redire
741 671 922 726 statim
953 669 1019 724 ad
1049 668 1156 722 alta
1183 663 1607 722 conversationis
1636 678 1745 718 suae
1775 675 2048 730 nunquam

461 765 866 821 obliviscantur.
894 761 1098 830 Quibus
1123 761 1284 816 etiam
1314 759 1494 816 verbis
1513 757 1860 814 sacerdotalis
1886 757 2050 812 animi

461 859 684 914 libertas
719 858 991 914 asseritur.
1031 855 1164 910 Nam
1191 855 1439 926 plerique
1465 854 1599 910 alios
1629 853 1929 923 increpant,
1959 851 2052 921 qui

461 948 781 1018 semetipsos
810 946 1139 1002 validissimo
1167 945 1258 1000 irzc
1283 944 1425 1000 bello
1446 943 1782 1014 perturbant.
1815 941 1942 1000 Post
1972 941 2054 997 in-

465 1048 717 1111 crepatas
737 1057 865 1096 vero
891 1040 1076 1111 culpas
1100 1053 1320 1108 surgere
1344 1046 1399 1092 et
1426 1037 1718 1093 ascendere
1745 1044 2050 1106 nequeunt:

467 1131 593 1201 quia
618 1131 672 1186 in
695 1132 999 1201 semetipsis
1022 1130 1240 1199 turbidi,
1272 1129 1339 1184 ad
1365 1130 1471 1184 alta
1494 1129 1692 1184 intima:
1713 1130 1910 1200 quietis
1930 1145 2057 1200 pro-

466 1222 619 1289 gredi
652 1237 991 1292 nequaquam
1028 1222 1433 1292 permittuntur.
1465 1219 1688 1288 Quidem
1732 1220 2057 1278 coercendas

469 1314 701 1370 aliorum
735 1315 1090 1388 turpitudines
1119 1314 1375 1381 audiunt;
1406 1315 1499 1371 sed
1526 1330 1646 1370 cum
1677 1314 1744 1369 ad
1773 1315 2057 1382 cogitanda

469 1407 578 1462 ima
620 1411 1014 1476 descenderint,
1064 1411 1224 1464 noxia
1263 1425 1450 1465 eorum
1492 1409 1852 1465 delectatione
1881 1408 2058 1464 sordi-

470 1501 686 1557 dantur.
724 1499 921 1556 inﬁrmi
960 1501 1175 1570 quidem
1217 1509 1272 1556 et
1302 1501 1434 1555 tanti
1477 1500 1760 1556 ministerii
1804 1500 2055 1570 impares,

468 1596 596 1650 dum
635 1595 844 1650 solvere
869 1593 1090 1650 inferius
1116 1593 1344 1649 aliorum
1372 1603 1396 1629 ⁸
1426 1592 1602 1649 nodos
1629 1591 1894 1662 gestiunt,
1939 1591 2061 1647 illos

468 1702 576 1741 non
605 1685 856 1752 lib‘erant,
887 1687 981 1742 sed
1011 1687 1332 1755 semetipsos
1359 1683 1546 1754 ligant.
1572 1684 1708 1751 Quid
1739 1700 1866 1754 ergo
1897 1684 2062 1755 signi-

467 1775 613 1845 ﬁcat,
645 1776 788 1847 quod
814 1776 881 1831 de
903 1775 1155 1831 Samuele
1180 1775 1374 1830 dicitur
1397 1791 1411 1827 :
1441 1774 1700 1839 Surrexit,
1735 1784 1783 1828 et
1804 1775 2058 1838 ascendit,

2153 575 2260 624 tur.
2292 567 2452 637 292
2473 563 2694 634 Agendo
2712 563 2912 634 quippe
2934 562 3098 629 bona,
3125 562 3267 617 mala
3292 577 3410 632 quae
3430 562 3743 634 relinquunt

2153 668 2404 730 operiunt
2443 677 2455 712 :
2489 673 2556 713 ne
2597 658 2664 713 ab
2691 664 2896 712 zeterno
2932 655 3115 726 judice
3157 653 3371 711 detecta
3407 655 3738 726 iudicentur.

2155 749 2269 806 Hoc
2297 751 2542 805 nimirum
2569 749 2614 805 si
2639 749 2834 804 factum
2865 747 2994 803 Saul
3020 748 3073 803 in
3103 749 3300 804 bonam
3328 757 3536 818 partem
3565 748 3740 804 dedu-

2157 842 2348 907 cimus,
2392 841 2496 896 hoc
2526 840 2856 905 invenimus;
2897 839 3022 909 quia
3064 838 3154 908 qui
3185 838 3331 910 prius
3376 839 3431 894 in
3459 840 3747 906 sacriﬁcio,

2157 943 2406 989 metuens
2433 934 2710 1005 propheta:
2748 932 3000 987 mandata
3027 932 3367 1002 contempsit,
3399 941 3590 1003 postea
3618 947 3747 988 vero

2159 1030 2228 1086 ad
2257 1043 2380 1095 eos,
2413 1042 2549 1098 quos
2589 1035 2886 1090 metuerat,
2918 1026 3275 1082 conterendos
3319 1026 3500 1096 populi
3530 1026 3627 1081 Dei
3657 1025 3752 1081 ad-

2156 1121 2428 1177 versarios
2454 1118 2743 1175 festinavit.
2777 1117 2895 1185 Quo
2922 1117 2977 1172 in
3001 1116 3120 1173 loco
3141 1117 3306 1172 etiam
3329 1116 3434 1173 hoc
3454 1115 3749 1171 notandum

2159 1222 2271 1281 est,
2316 1215 2440 1285 quia
2480 1227 2641 1284 quem
2685 1212 2949 1282 propheta
2996 1210 3267 1276 deseruit,
3317 1209 3386 1266 ad
3422 1208 3750 1279 experienda

2159 1306 2300 1362 bella
2324 1307 2557 1361 hostium
2587 1305 2654 1360 de
2678 1301 2913 1373 Galgalis
2934 1301 3195 1360 ascendit.
3226 1301 3521 1373 Plerosque
3549 1300 3751 1356 etenim

2161 1407 2479 1470 peccatores
2522 1398 2666 1467 iusta
2718 1396 3131 1466 praedicatorum
3185 1395 3449 1451 severitas
3497 1393 3752 1466 proiicit,

2164 1508 2303 1562 quos
2327 1501 2505 1546 tamen
2529 1489 2708 1545 divina
2731 1490 2993 1544 memoria
3023 1505 3132 1545 non
3159 1489 3435 1558 relinquit.
3468 1488 3677 1543 Solatia
3705 1496 3759 1543 et

2164 1583 2569 1639 adhortationes
2592 1591 2864 1637 rectorum
2894 1589 3114 1652 propter
3139 1581 3323 1653 culpas
3350 1580 3634 1635 amittunt:
3665 1579 3760 1634 sed

2163 1690 2347 1731 sacras
2391 1672 2698 1743 Scripturas
2728 1671 3037 1738 consulunt,
3068 1671 3406 1742 propositum
3444 1678 3758 1734 resumunt;

2164 1775 2220 1822 et
2274 1765 2364 1836 qui
2423 1763 2804 1819 inobedientia:
2859 1763 3002 1818 malo
3057 1761 3206 1816 velut
3260 1761 3396 1831 lapsi
3454 1759 3760 1818 iacuerant,

469 1871 571 1925 nisi
615 1871 756 1942 quod
797 1871 851 1925 in
892 1869 1305 1940 perfectioribus
1332 1868 1461 1923 viris
1501 1869 1821 1938 aspicimus,
1865 1868 1956 1938 qui
1985 1867 2063 1922 sic
2095 1879 2142 1940 Β
2169 1864 2336 1920 erecti
2379 1879 2474 1933 per
2511 1861 2830 1917 obedientire
2864 1859 3129 1916 fervorem
3169 1857 3235 1913 ad
3277 1857 3620 1913 occultorum
3663 1855 3761 1910 ho-

470 1971 656 2016 nostra
685 1961 1087 2031 inquinamenta
1110 1959 1422 2030 respiciunt,
1453 1969 1510 2014 ut
1532 1959 1598 2014 ab
1621 1959 1699 2015 eis
1726 1974 2064 2030 nequaquam

468 2053 844 2109 sordidentur:
873 2051 955 2106 sic
979 2050 1133 2106 nobis
1163 2051 1487 2119 irascuntur,
1512 2059 1570 2106 ut
1592 2050 1786 2120 quietis
1810 2052 1951 2106 intus
1977 2066 2066 2107 se-

472 2147 607 2201 creti
647 2146 729 2200 sui
765 2146 872 2200 alta
906 2144 1270 2200 conscendere
1309 2145 1568 2201 velociter
1596 2147 1842 2216 possint?
1880 2146 2069 2201 Fortes

473 2255 710 2310 namque
740 2249 794 2295 et
817 2248 1068 2310 potentes
1097 2248 1241 2304 sunt,
1274 2247 1330 2295 et
1368 2239 1459 2308 qui
1483 2254 1676 2308 magna
1706 2247 1759 2294 et
1789 2237 1946 2293 fortia
1973 2254 2069 2294 sua

480 2332 674 2388 leviter
716 2331 915 2398 ferunt,
947 2332 1146 2387 nostris
1177 2329 1575 2385 infirmitatibus
1620 2346 1726 2385 non
1757 2337 2066 2399 gravantur.

475 2422 543 2478 Et
564 2424 687 2494 quia
718 2423 772 2479 in
804 2423 1145 2479 correctione
1167 2431 1354 2478 nostra
1383 2431 1583 2477 sanctae
1611 2422 1900 2492 Scripturae
1921 2421 2072 2476 testi-

477 2516 661 2570 monia
691 2515 1005 2586 proferunt,
1057 2531 1087 2569 a
1131 2513 1368 2583 Galgalis
1397 2529 1646 2585 surgere,
1697 2524 1752 2568 et
1782 2513 2072 2569 ascendere

477 2607 853 2679 perhibentur.
883 2607 1102 2675 Galgala
1129 2607 1364 2678 quidem,
1399 2615 1457 2661 ut
1478 2605 1916 2676 plerumqupiam
1939 2604 2068 2670 dixi,

478 2707 598 2753 rota
632 2702 960 2754 nominatur.
994 2698 1326 2753 Testimonia
1349 2713 1478 2752 vero
1499 2697 1919 2768 Scripturarum,
1948 2695 2073 2766 quia

479 2803 579 2860 per
606 2789 847 2846 diversos
890 2805 1081 2845 sensus
1111 2789 1161 2844 in
1193 2799 1374 2844 nostra
1411 2788 1713 2843 eruditione
1760 2788 2072 2854 volvuntur,

479 2878 629 2936 velut
672 2891 804 2936 rota:
853 2890 998 2936 sunt.
1049 2877 1116 2934 Et
1162 2880 1284 2949 quia
1326 2894 1448 2935 eum
1490 2879 1661 2935 sancti
1692 2877 2075 2949 praedicatores

479 2971 821 3027 subditorum
847 2972 1263 3027 sollicitudinem
1291 2972 1570 3039 deserunt,
1605 2971 1658 3025 in
1701 2978 1917 3025 :eternze
1955 2971 2075 3024 vitm

483 3064 944 3134 contemplatione
998 3064 1387 3130 sublimantur,
1454 3065 1509 3118 in
1560 3061 1742 3117 Gabaa
1796 3061 2076 3132 Beniamin

481 3153 702 3211 Samuel
738 3158 1031 3212 ascendere
1060 3157 1274 3212 dicitur.
1305 3157 1486 3211 Gabaa
1516 3156 1748 3224 denique
1773 3155 2074 3225 Beniamin,

483 3247 638 3304 collis
677 3248 772 3303 ﬁlii
801 3249 1002 3305 dextrae
1031 3250 1436 3318 interpretatur.
1486 3247 1616 3314 Quis
1657 3261 1784 3316 ergo
1817 3255 1899 3302 est
1939 3247 2075 3302 illius

483 3338 717 3407 dextraz,
770 3341 869 3396 nisi
907 3356 1063 3412 quem
1104 3349 1292 3396 sancta
1335 3337 1622 3408 Evangelia
1662 3336 1991 3392 conﬁtentur
2013 3337 2081 3393 ad

484 3431 653 3488 caelos
683 3432 978 3489 ascendere
997 3474 1012 3498 ,
1064 3441 1119 3489 et
1148 3431 1214 3486 ad
1243 3431 1489 3487 dextram
1521 3432 1616 3486 Dei
1647 3429 1822 3487 Patris
1855 3430 2080 3486 sedere?

484 3523 651 3582 Collis
672 3526 831 3596 igitur
858 3525 951 3580 ﬁlii
975 3525 1197 3591 dextne,
1222 3533 1424 3581 aeterna
1450 3533 1533 3581 est
1558 3524 1821 3580 celsitudo
1853 3524 2083 3579 Redem-

484 3621 679 3692 ptoris.
698 3620 924 3688 Quando
961 3620 1105 3675 enim
1133 3620 1239 3674 ima
1278 3627 1462 3675 nostra
1501 3618 1673 3673 sancti
1703 3617 2083 3688 pr.cdicatores

487 3699 764 3778 deserunt,
817 3712 870 3765 in
901 3711 1008 3766 alta
1037 3712 1127 3766 illa
1162 3711 1341 3766 divina
1369 3709 1752 3780 Redemptoris
1780 3725 1876 3781 per
1905 3709 2084 3764 inten-

486 3803 691 3857 tionem
718 3811 962 3871 surgunt,
995 3811 1050 3857 et
1084 3817 1181 3873 per
1211 3802 1471 3857 visionem
1500 3800 1890 3857 conscendunt.

559 3892 651 3948 24.
681 3891 870 3949 Potest
889 3902 944 3947 et
970 3891 1262 3949 secundum
1291 3892 1608 3948 historicum
1637 3907 1854 3948 sensum
1881 3890 2084 3961 simpli-

487 3987 606 4043 cius
628 3985 850 4055 intelligi
870 3985 993 4051 hoc,
1018 3984 1164 4054 quod
1184 3984 1381 4039 dicitur
1405 4002 1418 4038 :
1451 3983 1714 4046 Surrexit.
1739 3993 1785 4036 et
1809 3982 2080 4036 ascendit:

489 4080 614 4150 quia
646 4060 898 4136 videlicet
928 4081 984 4135 in
1014 4093 1161 4149 rege,
1204 4093 1365 4149 quem
1396 4085 1688 4148 arguerat,
1724 4076 2084 4131 humilitatem

488 4174 845 4244 poenitentiae,
866 4188 971 4243 qua
997 4187 1219 4228 manere
1235 4182 1541 4241 cogeretur,
1568 4171 1787 4226 minime
1809 4170 2080 4240 cognovit.

488 4261 636 4321 Idem
676 4274 856 4321 tamen
905 4280 1000 4320 rex
1045 4265 1098 4320 in
1143 4264 1446 4321 ministerio
1476 4263 1824 4334 relinquitur,
1868 4270 1925 4316 ut
1969 4261 2084 4331 ipsa

490 4357 769 4427 prophetae
814 4356 1156 4428 separatione
1203 4357 1534 4426 corrigatur;
1587 4355 1713 4425 quia
1765 4354 2086 4425 plerumque

494 4465 633 4520 quos
652 4451 1022 4521 praedicatoris
1050 4451 1212 4506 verba
1240 4467 1348 4506 non
1377 4451 1671 4519 corrigunt,
1700 4448 1863 4503 dividi
1890 4463 1921 4501 a
1946 4462 2087 4518 pra:-

493 4542 792 4598 dicatorum
817 4542 1198 4610 familiaritate,
1221 4543 1358 4598 vela
1379 4552 1577 4598 sanciat
1601 4538 1854 4597 Ecclesia:
1877 4539 2084 4594 unitate

494 4634 902 4705 pertimescunt.
933 4633 1090 4690 Juxta
1118 4634 1498 4706 praedicatores
1526 4633 1644 4688 duri
1683 4640 1838 4698 sunt,
1870 4631 1964 4687 sed
1993 4645 2081 4686 se-
2113 4654 2164 4714 ι)

493 4728 666 4798 parati
704 4727 1058 4800 resipiscunt;
1102 4737 1157 4783 et
1185 4732 1277 4799 qui
1309 4725 1667 4783 inobediendo
1696 4731 2078 4796 peccaverunt,

493 4820 716 4878 obedire
743 4821 875 4888 Deo,
904 4821 1013 4892 iam
1041 4823 1314 4877 humiliter
1344 4829 1553 4892 parant.
1587 4817 1739 4874 Unde
1760 4828 1815 4875 et
1834 4834 1931 4874 rex
1953 4816 2082 4873 Saul

494 4931 602 4971 non
629 4917 799 4972 multo
827 4925 949 4987 post
971 4915 1215 4971 demoliri
1242 4915 1606 4970 Amalechitas
1626 4913 1964 4984 praccipitur:
1997 4919 2077 4976 ut,

492 5007 539 5063 si
567 5008 873 5062 mandatum
899 5007 1112 5063 Domini
1141 5007 1382 5078 ejusdem
1409 5007 1553 5062 caede
1582 5006 1753 5075 gentis
1775 5002 2077 5076 perﬁceret,

491 5101 690 5172 prioris
738 5102 1112 5158 inobedientie
1163 5119 1334 5159 nexus
1383 5102 1642 5158 enodaret
1690 5100 1752 5173 (1
1782 5100 1910 5170 Reg.
1950 5100 2074 5165 xv).

492 5195 785 5274 Separatus
813 5198 1027 5268 quidem
1059 5214 1090 5252 a
1120 5198 1402 5269 propheta,
1437 5213 1499 5251 ea
1529 5211 1689 5265 agere
1718 5195 1863 5250 visus
1892 5203 1993 5261 est,
2025 5200 2085 5248 ut

490 5287 557 5343 ad
588 5291 790 5359 agenda
821 5290 926 5345 alia
945 5290 1245 5360 iuberetur.
1275 5288 1452 5356 Quare
1481 5295 1535 5343 et
1555 5285 1801 5342 subditur
1831 5305 1844 5339 :

563 5381 740 5453 (Vers.
770 5381 880 5456 i5.)
913 5383 980 5438 Et
1014 5385 1197 5453 reliqui
1228 5383 1403 5454 papuli
1432 5380 1775 5434 ascenderunt
1803 5389 1918 5449 post
1947 5375 2081 5434 Saul

492 5473 692 5529 obviam
723 5477 939 5546 populo,
987 5478 1072 5549 qui
1112 5476 1442 5547 expugnabat
1488 5474 1606 5528 illos
1649 5489 1666 5528 :
1715 5475 1969 5527 venientes
2016 5489 2082 5525 ea:

495 5564 718 5636 Calgala
747 5568 800 5620 in
832 5567 1011 5622 Gabaa
1043 5568 1337 5639 Benjamin.

566 5652 653 5711 25.
701 5657 949 5713 Nonnulli
985 5661 1062 5715 sic
1092 5661 1144 5714 in
1172 5666 1396 5730 peccato
1428 5665 1718 5724 corruunt,
1766 5657 1903 5712 utin
1938 5656 2085 5711 nullo

495 5751 639 5808 bono
679 5768 844 5822 opere
884 5761 1167 5808 teneantur
1199 5770 1211 5805 :
1253 5751 1497 5807 nonnulli
1540 5767 1668 5807 vero
1694 5751 1819 5806 dum
1860 5749 2000 5803 mala
2029 5765 2089 5804 se

2169 1959 2331 2013 stium
2363 1955 2503 2010 bella
2535 1954 2850 2024 procedunt.
2877 1950 3021 2006 Bene
3057 1964 3188 2020 ergo
3213 1949 3282 2005 de
3308 1947 3567 2017 Galgalis,
3608 1945 3661 2000 id
3687 1952 3765 2000 est

2171 2053 2238 2109 de
2263 2052 2399 2108 rotis
2419 2051 2602 2106 venire
2625 2028 2993 2103 memorantur
3017 2064 3030 2099 :
3061 2045 3185 2116 quia
3208 2042 3276 2099 de
3297 2043 3496 2097 sanctis
3522 2039 3766 2110 Scriptu-

2170 2147 2246 2202 ris
2275 2146 2578 2215 accipiunt,
2611 2141 2754 2197 unde
2783 2141 3021 2195 adversa:
3050 2137 3220 2209 partis
3248 2135 3495 2190 militiam
3527 2131 3766 2202 compri-

2171 2255 2321 2296 mere
2350 2239 2563 2294 fortiter
2583 2236 2812 2307 possint.
2838 2232 2972 2300 Quia
3001 2247 3131 2287 vero
3153 2229 3375 2300 perditre
3395 2225 3767 2283 conversatio~

2172 2337 2257 2389 nis
2308 2331 2644 2386 altitudinem
2696 2342 3016 2398 recuperare
3068 2322 3332 2380 vincendo
3382 2328 3658 2389 satagunt,
3718 2317 3766 2374 in

2173 2425 2357 2481 Gabaa
2381 2422 2660 2492 Beniamin
2704 2419 2998 2476 ascendere
3039 2417 3310 2473 dicuntur.
3352 2412 3487 2480 Quia
3525 2412 3658 2466 item
3683 2407 3766 2466 alii

2173 2519 2229 2574 in
2259 2515 2492 2572 latibulis
2516 2529 2575 2569 se
2604 2512 2927 2574 clauserant,
2958 2508 3047 2564 alii
3085 2506 3152 2562 ad
3182 2507 3367 2561 hostes
3395 2501 3767 2569 confugerant,

2172 2611 2367 2681 reliqui
2397 2608 2580 2680 populi
2620 2612 2909 2670 vocantur,
2952 2602 3042 2673 qui
3073 2599 3220 2655 nullo
3261 2605 3387 2652 sunt
3416 2595 3617 2649 timore
3647 2607 3767 2664 per-

2174 2700 2369 2766 territi,
2397 2697 2489 2754 scd
2512 2712 2633 2752 cum
2657 2708 2783 2762 rege
2808 2708 2908 2748 suo
2932 2692 2996 2746 ad
3024 2692 3199 2745 locum
3223 2688 3478 2744 festinant
3509 2696 3763 2752 congres-

2174 2796 2366 2852 sionis.
2413 2792 2566 2860 Quod
2594 2791 2757 2845 etiam
2792 2802 2935 2842 nunc
2965 2787 3018 2840 in
3050 2782 3290 2839 Ecclesia
3320 2779 3567 2834 videmus
3601 2794 3615 2830 :
3651 2774 3772 2845 quia

2175 2887 2425 2943 videlicet
2453 2883 2696 2955 plerique
2724 2880 2876 2950 quasi
2905 2877 3108 2950 parvuli
3139 2875 3400 2947 proﬁcere
3435 2887 3534 2943 per
3553 2871 3773 2941 privata:

2177 2980 2303 3035 vitae
2330 2977 2563 3033 studium
2593 2980 2920 3045 proponunt,
2960 2970 3204 3040 plerique
3230 2966 3397 3022 fortes
3433 2965 3485 3019 in
3516 2961 3774 3033 expositis

2179 3088 2396 3144 quoque
2423 3069 2639 3139 maligni
2668 3067 2837 3123 hostis
2859 3064 3246 3120 certaminibus
3273 3060 3504 3115 audaces
3532 3065 3690 3123 sunt;
3719 3062 3775 3110 ut

2181 3176 2369 3238 aperte
2386 3164 2598 3218 videant
2620 3161 2799 3217 szcculi
2825 3157 3213 3222 blandimenta,
3239 3170 3356 3224 quae
3382 3157 3664 3221 appetant,
3687 3145 3775 3204 sed

2109 3269 2154 3332 (ζ
2187 3271 2442 3332 appetere
2471 3258 2582 3311 visa
2615 3259 2986 3309 contenmunt.
3023 3248 3086 3302 lii
3109 3247 3323 3316 qsidem
3353 3258 3459 3297 non
3489 3242 3545 3295 in
3575 3239 3773 3294 latitu-

2182 3351 2279 3418 lis,
2326 3349 2418 3406 sed
2450 3348 2502 3402 in
2533 3345 2706 3417 aperti
2737 3341 3052 3399 certaminis
3088 3351 3276 3405 campo
3317 3333 3655 3396 consistunt,
3688 3345 3778 3385 ex-

2183 3443 2346 3516 positi
2371 3441 2435 3496 ad
2458 3441 2720 3511 praelium,
2743 3435 2909 3492 fortes
2940 3433 3004 3487 ad
3045 3429 3390 3499 triumphum,
3418 3425 3509 3496 qui
3538 3436 3777 3516 pugnare

2183 3515 2428 3609 possunt,
2457 3540 2513 3588 et
2533 3537 2804 3600 nequeunt
2826 3524 3089 3595 superari.
3119 3521 3270 3576 Unde
3286 3528 3340 3574 et
3361 3534 3459 3589 per
3478 3515 3776 3588 perfectum

2183 3639 2468 3681 numerum
2497 3622 2863 3690 designantur,
2896 3630 3018 3671 cum
3048 3611 3326 3668 subditur:

2257 3759 2436 3832 (Vers.
2466 3754 2578 3825 15.)
2612 3753 2681 3808 Et
2710 3752 2958 3807 recensuit
2999 3748 3130 3804 Saul
3159 3746 3402 3818 papulum
3429 3745 3516 3816 qui
3544 3746 3778 3797 inventus

2187 3856 2356 3920 fuerat
2384 3868 2498 3905 cum
2519 3866 2599 3916 eo,
2631 3848 2777 3920 quasi
2806 3851 3073 3899 sexcentos
3100 3842 3254 3895 viros.

2258 3966 2346 4020 26.
2397 3964 2619 4031 Septem
2663 3959 2865 4028 quippe
2908 3956 3095 4010 diebus
3136 3949 3470 4007 hebdomada
3503 3948 3776 4020 impletur,

2185 4059 2284 4116 sed
2313 4073 2449 4112 unus
2493 4067 2679 4109 eorum
2715 4049 2781 4104 ad
2825 4046 3155 4118 operandum
3195 4043 3498 4115 prohibitus
3527 4049 3642 4103 est,
3687 4054 3777 4094 sex

2187 4169 2317 4209 vero
2347 4151 2401 4205 in
2430 4149 2555 4204 boni
2587 4145 2766 4217 Oper-is
2797 4141 2974 4198 studio
3004 4141 3389 4195 conceduntur.
3425 4130 3777 4189 Centenarius

2189 4253 2370 4300 autem
2411 4254 2666 4296 numerus
2711 4249 2974 4290 summam
3022 4230 3265 4286 continet
3307 4241 3679 4284 numerorum.
3723 4221 3778 4275 1n

2187 4336 2459 4395 sexcentis
2490 4347 2620 4401 ergo
2651 4329 2810 4396 viris,
2860 4327 2950 4396 qui
2981 4325 3068 4379 alii
3117 4322 3498 4390 designantur,
3539 4317 3648 4371 nisi
3689 4313 3776 4384 qui

2188 4447 2374 4502 opere,
2407 4437 2461 4483 et
2485 4426 2662 4481 cordis
2687 4420 3077 4477 deliberatione
3098 4415 3299 4472 robusti
3321 4413 3481 4469 sunt?
3503 4411 3640 4466 Nam
3662 4409 3778 4480 qui-

2188 4523 2311 4578 dam
2342 4519 2494 4576 fortia
2519 4523 2846 4588 proponunt,
2879 4511 2971 4567 sed
2994 4511 3116 4580 quia
3144 4506 3290 4577 quod
3311 4511 3643 4576 proponunt,
3677 4514 3777 4555 non

2190 4614 2414 4677 faciunt,
2444 4610 2512 4665 ad
2539 4615 2917 4664 sescentorum
2947 4604 3186 4657 virorum
3221 4611 3499 4653 numerum
3531 4610 3642 4649 non
3671 4606 3778 4663 per-

2190 4707 2425 4773 tingunt.
2453 4701 2508 4755 lu
2537 4698 2813 4755 sexcentis
2843 4711 2972 4764 ergo
3007 4693 3164 4756 viris,
3199 4690 3363 4745 fortes
3388 4686 3624 4758 operarii
3655 4699 3776 4739 san-

2191 4805 2292 4852 ctae
2314 4792 2570 4848 Ecclesia:
2595 4789 2969 4859 designantur,
2997 4786 3122 4856 quia
3153 4795 3344 4850 magna
3369 4784 3701 4849 proponunt,
3727 4779 3778 4828 et

2190 4889 2427 4958 rigorem
2473 4883 2766 4954 propositi,
2817 4878 3132 4935 fortitudine
3161 4874 3434 4943 complent
3462 4872 3621 4926 bonan.
3651 4883 3778 4939 ope-

2191 4979 2437 5037 rationis.
2459 4977 2560 5043 Qui
2583 4979 2719 5031 bene
2741 4990 2862 5029 cum
2885 4969 3227 5042 regeinvenli
3255 4966 3630 5037 perhibentur,
3659 4960 3779 5030 quia

2193 5089 2315 5128 cum
2356 5069 2661 5142 pastoribus
2693 5075 2892 5123 sancta:
2921 5061 3175 5118 Ecclesia:
3218 5061 3270 5113 in
3312 5058 3454 5112 bona
3480 5054 3778 5115 voluntate,

2193 5174 2248 5222 et
2273 5165 2360 5236 pia
2387 5163 2600 5219 actione
2631 5159 2976 5216 conveniunt.
3009 5154 3142 5210 Cum
3171 5151 3250 5207 eis
3290 5162 3526 5217 namque
3563 5152 3711 5208 sunt,
3751 5155 3780 5194 a

2192 5235 2386 5328 quibus
2415 5272 2517 5311 nec
2541 5255 2820 5309 voluntate
2847 5251 3185 5318 discrepant,
3222 5258 3323 5299 nec
3352 5239 3676 5312 Operatione
3702 5235 3781 5291 di-

2189 5348 2468 5406 scordant.
2515 5346 2616 5413 Qui
2659 5345 2736 5399 sic
2777 5340 3065 5398 convenire
3103 5338 3382 5397 dicuntur,
3417 5341 3477 5387 ut
3515 5329 3782 5386 excellere

2190 5438 2608 5511 praedicatorum
2641 5431 2874 5500 dignitas
2900 5427 3195 5492 sentiatur;
3225 5424 3350 5494 quia
3378 5421 3479 5478 etsi
3510 5419 3654 5475 idem
3687 5417 3781 5471 bo-

2193 5508 2324 5593 hum
2353 5534 2580 5602 subditi,
2613 5528 2758 5600 quod
2787 5526 3170 5598 praedicatores
3201 5521 3418 5587 volunt,
3447 5516 3670 5581 faciunt,
3707 5508 3781 5566 illi

2194 5642 2377 5686 tamen
2427 5629 2477 5682 in
2528 5625 2721 5681 eodem
2767 5622 2914 5676 bono
2947 5613 3204 5691 praecipui
3232 5620 3375 5677 sunt,
3422 5624 3672 5679 quorum,
3725 5609 3783 5658 ut

2195 5723 2335 5779 ordo
2365 5729 2448 5777 est
2477 5717 2694 5784 celsior,
2723 5715 2801 5771 ita
2830 5721 2887 5770 et
2911 5709 3184 5768 ardentior
3208 5706 3376 5763 virtus
3401 5700 3590 5765 animi,
3623 5706 3678 5754 et
3696 5709 3761 5752 ro

567 5901 596 5935 α
627 5887 690 5948 in
717 5885 882 5948 Gilot.
928 5895 983 5946 et
1017 5886 1214 5956 Vatic.,
1245 5886 1453 5955 modos,
1495 5878 1640 5957 quod
1673 5886 1895 5959 minime
1937 5882 2328 5960 recipiendum.

2446 5954 2594 6012 καθ’*
2904 5966 2942 5982 ν
