4020 6344
337 432 444 492 553

1148 431 1214 488 ΙΝ
1253 430 1513 489 PRIMUM
1552 431 1794 489 REGUM
1835 431 2344 495 EXPOSITIONES.
2387 467 2460 482 -
2496 440 2626 497 LIB.
2666 440 2736 497 ν.

3503 447 3612 503 554

333 552 545 612 bustior
589 552 746 609 nixus
791 552 1139 623 operationis.
1190 550 1367 618 Quare
1416 559 1472 606 et
1513 551 1804 622 separatim
1854 549 1922 605 de
1950 556 2002 616 Α
2029 552 2189 607 tionis
2217 569 2247 607 a
2277 562 2455 610 mente
2486 572 2592 610 non
2643 553 2914 622 auferunt,
2947 556 3015 610 ad
3057 557 3409 614 eradicandos
3437 545 3630 618 virtu?

333 659 479 716 rege,
513 655 568 701 et
597 647 713 714 ejus
742 645 849 699 lilio
873 645 1067 700 dicitur
1091 663 1104 698 :

406 741 585 810 (Vers.
618 739 731 812 16.)
771 738 840 794 Et
870 740 1019 804 Saul,
1049 749 1098 794 et
1115 738 1396 794 Jonathas.

405 829 475 887 Ut
503 831 631 901 quid
658 831 799 886 enim
825 830 1114 900 separatim
1142 845 1258 895 rex,
1291 838 1345 883 et
1373 829 1487 898 ejus
1511 829 1648 885 ﬁlius
1676 829 1924 886 nomina-

348 931 460 990 tur,
491 925 592 978 nisi
623 924 746 992 quia
775 923 914 978 actio
949 922 1077 977 boni
1107 922 1347 991 pnesulis
1386 922 1556 976 claret
1588 938 1706 979 esse
1743 924 1923 993 singu-

328 1015 500 1070 laris?
538 1014 605 1070 Et
632 1015 757 1085 quia
792 1017 1031 1073 omnium
1060 1016 1300 1073 ﬁdelium
1327 1017 1665 1074 subditorum
1704 1035 1812 1074 non
1839 1025 1924 1074 est

328 1097 611 1164 uniformis
638 1109 934 1179 aequalitas,
962 1111 1203 1179 sequitur
1233 1128 1246 1164 :

401 1198 578 1270 (Vers.
611 1198 722 1272 16.)
755 1197 823 1253 Et
849 1200 1090 1273 populus,
1120 1203 1208 1273 qui
1237 1203 1472 1258 inventus
1501 1205 1555 1258 in
1581 1202 1762 1259 Gabaa
1791 1203 1921 1258 Ben-

324 1290 496 1364 iamin
508 1339 516 1347 .

397 1384 490 1440 27.
520 1385 663 1442 Satis
693 1388 1017 1459 replicatum
1041 1398 1146 1457 est,
1174 1391 1320 1462 quod
1348 1390 1532 1447 Gabaa
1557 1392 1711 1448 collis
1741 1393 1916 1449 inter-

225 1498 228 1501 ·
323 1485 591 1548 pretatur.
620 1481 782 1551 293
813 1480 978 1538 Collis
1003 1497 1134 1538 vero
1166 1499 1275 1539 non
1305 1484 1727 1551 summitashsed
1757 1501 1916 1540 mon-

323 1571 460 1626 tium
489 1581 572 1628 est
599 1573 829 1631 altitudo
859 1577 1156 1632 summitati
1179 1578 1373 1633 vicina.
1403 1578 1541 1645 Quid
1571 1595 1702 1635 vero
1727 1582 1781 1636 in
1809 1583 1915 1638 isto

322 1665 483 1734 colle,
504 1668 606 1722 nisi
659 1668 769 1724 alta
810 1677 865 1724 et
908 1669 1143 1742 perfecta
1173 1673 1281 1728 vita
1336 1673 1652 1745 intelligitur
1681 1676 1916 1733 ﬁdelium

321 1755 696 1813 subditorum?
747 1758 872 1816 Haec
922 1761 1171 1816 nimirum
1210 1764 1455 1832 quamvis
1502 1767 1914 1834 prtedicatorum

327 1850 632 1906 celsitudini
656 1867 811 1922 aequa
842 1869 947 1910 non
987 1856 1075 1921 sit,
1109 1865 1286 1911 tamen
1317 1857 1386 1912 ab
1433 1859 1662 1914 aliorum
1709 1862 1915 1917 meritis

2029 649 2143 698 tum
2187 642 2304 713 ejus
2352 644 2555 701 fructus
2606 647 2888 716 pervenire
2957 663 3067 702 non
3119 659 3362 719 possunt.
3415 650 3613 710 Contra

2027 731 2280 802 Ephraim
2297 735 2457 804 igitur
2478 736 2619 790 viam
2631 736 2874 801 veniunt,
2897 738 3112 806 quando
3126 740 3278 794 bona:
3298 742 3613 810 cogitationi

2027 823 2370 895 insidiantur,
2393 842 2500 896 qua
2525 828 2610 881 via
2638 829 2704 881 ad
2728 837 2927 884 terram
2957 830 3087 885 Saul
3136 832 3358 887 tendere
3391 832 3608 890 dicitur.

2026 913 2164 981 Quid
2193 916 2336 971 enim
2384 926 2467 974 est
2506 918 2651 973 aliud
2675 935 2828 975 mens
2858 921 3018 977 electi
3047 923 3312 992 discipuli,
3347 926 3449 979 nisi
3497 925 3612 980 fru-

2025 1008 2214 1064 ctifera
2243 1009 2399 1064 valde
2449 1019 2593 1066 terra
2642 1011 2916 1067 doctoris?
2951 1012 3100 1069 Unde
3146 1023 3201 1070 et
3240 1015 3501 1072 Dominus
3556 1017 3611 1072 in

2026 1097 2324 1169 Evangelio
2347 1101 2660 1170 parabolam
2688 1106 2953 1161 seminum
2989 1122 3287 1178 exponens,
3314 1109 3390 1164 ait
3419 1128 3430 1163 :
3461 1111 3611 1176 Quod

2023 1195 2206 1248 cecidit
2234 1197 2288 1249 in
2320 1204 2512 1250 terram
2541 1197 2727 1252 bonam
2771 1200 2824 1253 lii
2853 1210 2993 1266 sunt,
3016 1202 3103 1271 qui
3131 1202 3183 1254 in
3211 1202 3364 1256 corde
3406 1202 3538 1258 bono
3562 1212 3612 1258 et

2022 1286 2214 1355 Optimo
2237 1285 2443 1340 verbum
2490 1290 2772 1359 excipiunt,
2817 1300 2868 1343 et
2901 1293 3124 1361 fructum
3162 1294 3388 1361 afferunt
3433 1297 3488 1348 in
3516 1312 3612 1364 pa-

2024 1377 2204 1430 tientia
2235 1376 2386 1449 (Luc.
2408 1394 2526 1446 vm,
2556 1377 2666 1450 15).
2715 1379 2920 1435 Dicitur
2965 1396 3093 1451 ergo
3122 1383 3189 1436 de
3217 1384 3388 1452 primo
3435 1400 3611 1442 cuneo

2021 1466 2471 1524 Philistinorum:
2516 1469 2808 1542 Pergebant
2860 1481 3039 1526 contra
3079 1490 3213 1526 vtam
3241 1473 3522 1544 Epltraim:
3547 1485 3612 1532 ut

2021 1558 2148 1613 dum
2179 1559 2370 1614 litterm
2391 1576 2610 1616 sensum
2640 1562 2976 1632 spiritualem
3012 1564 3356 1633 percipimus,
3403 1568 3610 1635 cogita-

2025 1651 2190 1706 tionis
2216 1652 2424 1706 aditum
2479 1652 2727 1721 malignis
2778 1651 3056 1723 spiritibus
3086 1654 3450 1710 obstruamus.
3505 1655 3613 1712 Sed

2022 1741 2152 1796 dum
2173 1758 2271 1797 cor
2294 1743 2591 1810 munimus,
2612 1744 2850 1812 linguam
2876 1745 3080 1814 pariter
3107 1745 3441 1815 a'superﬁuis
3462 1747 3611 1803 locu-

2021 1834 2262 1889 tionibus
2307 1835 2581 1890 refrenare
2621 1838 3013 1906 compellimur.
3070 1837 3218 1894 Unde
3239 1850 3294 1894 et
3342 1841 3612 1898 secundus

324 1941 485 1999 valde
502 1944 744 2000 cemitur
772 1960 894 2002 esse
912 1947 1173 2002 sublimis.
1202 1947 1353 2004 Unde
1391 1958 1446 2004 ει
1495 1951 1563 2005 de
1589 1952 1912 2020 quibusdam
1944 1942 1991 2002 Β
2023 1941 2225 1982 cuneus
2255 1943 2354 1998 per
2380 1929 2522 1983 viam
2552 1929 2825 1986 Bethoron
2856 1931 3064 1998 ingredi
3094 1932 3311 1999 dicitur;
3332 1933 3608 1990 Bethoron

319 2036 607 2109 praecipuis
626 2037 813 2094 electis
834 2040 888 2094 in
910 2039 1234 2113 Apocalypsi
1261 2042 1485 2110 legitur:
1517 2041 1687 2098 Nemo
1713 2053 1916 2115 poterat

321 2125 498 2182 dicere
535 2131 810 2196 canticum,
834 2131 1059 2207 nisitilla
1087 2141 1289 2186 centum
1319 2133 1667 2206 quadraginta
1695 2146 1916 2208 quatuor

320 2219 495 2273 millia
526 2219 709 2294 (Apoc.
742 2236 849 2288 xlv,
876 2216 955 2293 3).
987 2221 1134 2290 Quos
1175 2231 1230 2279 et
1258 2223 1457 2279 clarius
1497 2225 1873 2283 demonstrans
1892 2268 1910 2295 ,

317 2313 400 2368 ait
419 2330 434 2392 :
453 2311 528 2369 Hi
556 2323 697 2379 sunt,
723 2317 808 2387 qui
836 2332 952 2370 cum
981 2317 1279 2372 mulieribus
1303 2335 1406 2373 non
1424 2328 1543 2372 sunt
1569 2321 1909 2393 coinquinati,

317 2405 544 2476 virgines
596 2408 732 2461 enim
759 2417 919 2477 sunt,
951 2416 1002 2463 et
1037 2417 1318 2480 sequuntur
1361 2427 1583 2481 agnum,
1613 2428 1911 2483 quocunque

318 2496 456 2552 ierit.
474 2496 610 2551 Dum
623 2512 750 2568 ergo
764 2499 1062 2569 spiritualia
1076 2499 1258 2570 praelia
1272 2500 1665 2569 describuntur,
1682 2503 1911 2574 populus

319 2585 570 2644 inventus
606 2589 660 2644 in
699 2589 884 2646 Gabaa
912 2590 1189 2661 Benjamin
1211 2591 1518 2662 specialiter
1555 2604 1868 2651 recensetur
1889 2634 1907 2661 ,

319 2680 448 2752 quia
475 2681 738 2750 virginum
766 2685 963 2739 chorus
983 2693 1171 2741 contra
1198 2685 1594 2741 immundorum
1625 2689 1911 2758 spirituum

321 2770 658 2829 terooitatem
685 2782 836 2832 tanto
860 2776 1149 2832 violentior
1172 2787 1276 2846 est,
1299 2788 1500 2849 quanto
1546 2781 1692 2835 nullo
1721 2796 1912 2836 eorum

321 2863 550 2920 vulnere
573 2867 807 2933 saucius,
841 2868 986 2923 nulla
1005 2883 1192 2924 eorum
1222 2871 1579 2940 suggestionis
1605 2871 1766 2927 sorde
1795 2871 1912 2943 pol-

321 2963 486 3021 lutus.
516 2962 679 3018 Liber
699 2961 896 3032 quippe
920 2970 976 3017 et
1003 2963 1230 3033 integer,
1256 2964 1540 3034 expeditus
1590 2974 1673 3020 est
1703 2965 1770 3020 ad
1817 2979 1910 3021 oc-

321 3071 540 3114 cursum
560 3099 576 3124 ,
610 3054 764 3112 fortis
788 3055 856 3109 ad
883 3056 1070 3111 ictum.
1104 3056 1188 3110 An
1215 3071 1324 3111 non
1354 3056 1408 3112 in
1430 3057 1567 3113 colle
1589 3057 1681 3112 lilii
1704 3057 1910 3115 dextras

319 3157 471 3220 sunt,
500 3165 636 3220 quos
664 3148 988 3218 integritatis
1008 3164 1118 3205 sua:
1162 3149 1357 3205 merito
1388 3150 1616 3208 dilectus
1641 3149 1766 3207 Jesu
1793 3167 1910 3208 res-

317 3241 472 3313 picit,
507 3240 692 3297 dicens
723 3257 736 3294 :
769 3239 891 3295 Vidi
917 3258 1079 3313 supra
1107 3251 1335 3298 montem
1363 3243 1494 3299 Sion
1543 3260 1734 3315 agnum
1760 3253 1908 3300 stam

2017 2023 2236 2092 quippe,
2269 2021 2464 2076 domus
2510 2023 2604 2076 ira:
2638 2023 3052 2092 interpretatur.
3079 2023 3282 2079 Domus
3311 2040 3441 2080 vero
3494 2027 3608 2090 irae,

2017 2123 2102 2170 est
2119 2129 2272 2169 mens
2300 2116 2421 2170 usui
2450 2115 2696 2171 serviens
2716 2116 2910 2184 linguae
2940 2116 3208 2186 litigiosam
3259 2116 3429 2184 Quam
3457 2128 3608 2175 certe

2017 2205 2235 2261 domum
2264 2208 2479 2277 sapiens
2503 2208 2664 2279 294
2693 2209 2783 2263 ille
2806 2209 3061 2274 insinuat,
3111 2209 3204 2280 qui
3249 2212 3324 2264 ait
3357 2228 3370 2263 :
3402 2210 3496 2265 Ira
3525 2229 3607 2267 re-

2016 2299 2229 2370 quiescit
2253 2300 2308 2352 in
2336 2300 2453 2352 sinu
2481 2299 2622 2352 stulti
2645 2299 2814 2370 (Eccl.
2841 2316 2933 2365 vn,
2965 2299 3078 2370 11).
3105 2298 3208 2356 Per
3229 2301 3368 2355 hanc
3386 2300 3609 2370 quidem

2016 2392 2085 2447 ad
2113 2407 2206 2448 cor
2233 2392 2382 2446 stulti
2400 2393 2584 2448 hostes
2612 2392 3004 2460 ingrediuntur,
3035 2393 3163 2463 quia
3193 2394 3412 2462 maligni
3445 2395 3609 2464 spiri-

2014 2493 2121 2552 tus,
2153 2485 2279 2540 dum
2291 2486 2358 2539 ad
2379 2483 2635 2539 eﬂrenata
2663 2486 2826 2540 verba
2855 2485 3089 2554 linguam
3111 2486 3347 2551 solvunt,
3373 2486 3483 2541 iras
3511 2502 3605 2541 ac~

2016 2576 2276 2642 cendunt,
2301 2585 2359 2632 et
2386 2584 2628 2631 mutuam
2658 2576 2896 2632 fidelium
2926 2577 3246 2632 charitatem
3270 2576 3487 2633 feriunt.
3507 2576 3609 2646 Qui

2015 2684 2144 2738 ergo
2172 2685 2366 2725 cavere
2394 2671 2752 2742 cogitationes
2777 2671 2972 2726 noxias
3006 2671 3230 2740 didicit,
3260 2673 3305 2726 si
3359 2673 3468 2727 oris
3512 2688 3609 2728 cu-

2015 2763 2245 2820 stodiam
2277 2772 2465 2820 tenere
2482 2779 2589 2819 non
2608 2765 2778 2829 novit,
2809 2764 2965 2819 unius
2984 2764 3142 2819 cunei
3170 2764 3429 2834 impetum
3456 2764 3606 2831 vicit,

2015 2855 2240 2910 alterius
2268 2870 2379 2910 non
2405 2856 2604 2912 evasit.
2630 2854 2846 2910 Tertius
2867 2871 2998 2910 vero
3028 2870 3232 2911 cuneus
3259 2857 3424 2911 vertit
3449 2871 3510 2911 se
3537 2856 3606 2911 ad

2015 2949 2121 3006 iter
2146 2949 2386 3005 termini.
2418 2949 2550 3016 Quis
2570 2957 2655 3005 est
2679 2949 2941 3004 terminus
2965 2948 3309 3017 cogitationis
3334 2957 3389 3004 et
3415 2949 3566 3004 verbi
3591 2989 3608 3017 ,

2015 3042 2528 3100 nisiconsummatio
2551 3042 2682 3098 boni
2706 3043 2934 3114 operis?
2958 3041 3091 3097 Nam
3113 3041 3316 3098 idcirco
3345 3042 3488 3098 bona
3514 3057 3610 3098 co-

2015 3136 2251 3207 gitamus
2277 3142 2334 3190 et
2361 3135 2652 3205 loquimur,
2686 3143 2744 3190 ut
2771 3150 2837 3190 ea
2858 3135 2925 3190 ad
2949 3135 3108 3190 tinem
3136 3134 3262 3190 boni
3282 3135 3462 3206 operis
3485 3149 3613 3205 per-

2013 3229 2298 3286 ducamus.
2324 3227 2430 3284 Sed
2455 3244 2576 3284 cum
2608 3230 2862 3299 antiquus
2889 3229 3064 3284 hostis
3091 3230 3272 3285 verbis
3319 3237 3377 3285 et
3405 3229 3612 3300 cogita-

318 3344 446 3401 παπ,
476 3343 528 3391 ει
563 3352 678 3390 cum
719 3352 780 3392 εο
833 3345 1038 3391 “nam,
1077 3337 1428 3410 quadmginm
1453 3347 1673 3411 quam”.
1694 3339 1862 3394 ,ηίιιεα
1891 3339 1917 3395 7
1944 3331 1991 3394 ο
2026 3321 2268 3376 tionibus
2296 3335 2493 3376 nocere
2513 3335 2623 3375 non
2650 3321 2922 3389 praevalet,
2948 3321 3002 3374 in
3035 3320 3197 3374 ﬁnem
3233 3319 3456 3391 laqueos
3488 3330 3608 3375 ten-

317 3428 509 3502 (Apoc.
528 3445 638 3496 xxv,
670 3427 749 3499 1.)
777 3428 887 3486 Sed
932 3437 988 3485 et
1033 3430 1135 3486 nisi
1164 3431 1323 3486 valde
1375 3430 1540 3488 fortes
1593 3439 1794 3497 essent,
1839 3431 1912 3487 ad

317 3529 529 3578 tantam
583 3521 960 3577 celsitudinem
989 3522 1196 3592 fatigati
1231 3523 1526 3580 ascendere
1565 3539 1912 3595 nequaquam

317 3619 566 3684 possent.
593 3609 728 3667 Item
756 3611 859 3668 nisi
901 3613 1142 3668 omnium
1186 3615 1579 3685 cogitationum
1625 3616 1782 3672 liberi
1821 3631 1911 3674 es-

316 3714 462 3775 sent,
492 3713 618 3780 post
647 3720 843 3777 agnum
873 3705 1072 3775 ubique
1096 3721 1317 3763 currere
1344 3723 1453 3763 non
1485 3708 1747 3764 valerent.
1773 3708 1910 3777 Quia

315 3814 450 3872 ergo
479 3801 535 3856 in
563 3799 767 3857 occulti
814 3799 1124 3856 certaminis
1173 3800 1452 3872 triumpho
1475 3801 1627 3871 virgo
1685 3803 1912 3873 quisque

316 3893 580 3950 niabilis
627 3901 730 3957 est,
781 3891 902 3947 ium
945 3891 1078 3948 ordo
1115 3893 1512 3962 congressionis
1547 3893 1906 3963 describitur,

319 3984 425 4041 sub
453 3993 575 4057 typo
602 3984 787 4055 populi
815 3983 1016 4050 Gabaa,
1043 3985 1368 4054 virginitatis
1396 3986 1646 4057 specialis
1675 3987 1910 4059 dignitas

321 4083 670 4130 memoratur.
696 4075 990 4145 Sequitur:

396 4165 571 4236 (Veis.
598 4166 811 4238 1648.)
864 4166 1034 4223 Porro
1073 4167 1359 4224 Philistiim
1387 4172 1796 4227 conscenderant
1849 4174 1906 4228 in

323 4257 592 4329 Hagmas.
627 4256 697 4312 Et
743 4261 934 4331 egressi
956 4271 1074 4314 sunt
1128 4263 1197 4314 ad
1242 4263 1588 4333 proeliandum
1617 4266 1680 4319 de
1721 4268 1906 4320 castris

315 4347 608 4405 Philistiim
649 4358 748 4404 tres
777 4353 924 4405 cunei
959 4369 972 4404 :
1016 4368 1147 4407 unus
1191 4369 1378 4408 cuneus
1426 4354 1669 4426 pergebat
1723 4366 1907 4412 contra

317 4442 457 4496 uiam
479 4441 758 4512 Ephraim,
783 4443 853 4496 ad
880 4451 1073 4496 terram
1137 4443 1304 4509 Saul;
1343 4462 1498 4514 porro
1551 4448 1685 4501 alius
1723 4448 1904 4519 ingre-

315 4533 556 4588 diebatur
595 4550 686 4605 per
720 4537 856 4589 viam
896 4534 1187 4601 Bethoron;
1237 4538 1412 4592 tertius
1458 4549 1630 4593 autem
1675 4542 1825 4594 vertit
1853 4557 1907 4594 se

314 4626 389 4679 ad
415 4627 550 4681 uiam
580 4628 785 4682 termini
813 4629 868 4683 in
909 4635 1048 4683 terra
1096 4629 1297 4698 Sabaa,
1326 4632 1614 4688 imminenti
1635 4634 1758 4689 valli
1806 4632 1905 4688 Se-

318 4715 477 4783 boim,
509 4728 688 4774 contra
710 4721 993 4778 desertum.
1382 4784 1383 4787 η

389 4807 482 4864 28.
506 4808 644 4876 Quid
671 4819 770 4877 est,
804 4811 944 4880 quod
996 4809 1254 4868 Philistaai
1296 4820 1408 4870 tres
1450 4830 1653 4870 cuneos
1698 4816 1903 4872 faciunt

317 4901 426 4959 nisi
453 4902 581 4971 quia
627 4903 844 4973 maligni
881 4902 1103 4974 spiritus
1150 4904 1298 4959 cordi
1330 4915 1535 4972 nostro,
1588 4907 1804 4978 linguai,
1849 4918 1906 4966 et

315 4993 469 5065 operi
489 4994 728 5050 inserere
748 5008 1000 5062 perversa
1043 4994 1370 5050 moliuntur?
1401 4995 1535 5062 Quia
1576 4999 1719 5053 enim
1752 5001 1901 5069 cogi-

315 5086 506 5153 tando,
529 5087 613 5141 vel
649 5085 939 5155 loquendo,
971 5086 1084 5140 sive
1119 5085 1364 5152 faciendo
1411 5102 1570 5143 omne
1624 5100 1904 5160 peccatum

315 5177 702 5243 committitur,
735 5186 846 5232 tres
874 5188 996 5232 sunt
1047 5174 1450 5232 Philistinorum
1494 5180 1651 5234 cunei
1711 5198 1726 5235 :
1782 5183 1905 5250 quia

315 5270 538 5339 maligni
564 5271 784 5340 spiritus
819 5269 1096 5340 impellere
1123 5269 1189 5324 ad
1216 5272 1545 5340 peccandum
1588 5273 1794 5330 animas
1814 5291 1905 5331 sa-

317 5372 530 5432 tagunt,
560 5364 886 5434 negligentia
914 5367 1112 5436 cordis,
1139 5365 1492 5424 eﬁrenatione
1519 5370 1646 5432 oris,
1675 5371 1904 5426 audacia

315 5457 562 5528 perversi
587 5457 790 5526 operis.
812 5455 960 5513 Unde
986 5467 1042 5513 et
1071 5460 1273 5530 primus
1296 5475 1501 5516 cuneus
1527 5469 1715 5516 contra
1767 5462 1906 5516 viam

316 5537 577 5621 Ephraim
609 5565 834 5621 pergere
856 5551 1070 5617 dicitur,
1113 5554 1238 5621 quia
1291 5567 1600 5623 expugnare
1649 5553 1907 5608 innocenc

317 5643 450 5699 tiam
481 5658 513 5697 a
555 5643 719 5699 corde
761 5643 1041 5714 incipiunt.
1071 5642 1168 5697 Via
1210 5645 1407 5715 quippe
1450 5643 1721 5713 Ephraim,
1753 5643 1803 5698 id
1826 5652 1908 5700 est

319 5735 584 5791 fructiferi
609 5737 808 5804 cordis,
831 5736 975 5791 bona
995 5743 1079 5791 est
1107 5737 1382 5804 cogitatio.
1414 5737 1616 5793 Contra
1645 5738 1786 5792 viam
1817 5752 1906 5792 er-

317 5837 390 5896 go
429 5821 680 5896 Ephraim
719 5827 928 5898 primus
968 5823 1374 5882 Philistinorum
1431 5841 1633 5882 cuneus
1681 5827 1855 5895 pergit
1887 5844 1902 5880 :

315 5919 444 5992 quia
475 5920 673 5979 occulti
701 5921 1016 5992 adversarii,
1051 5922 1098 5979 si
1128 5920 1276 5994 prius
1305 5935 1462 5978 usum
1508 5920 1664 5977 bonae
1701 5919 1906 5992 cogita-

2015 3412 2112 3479 dit,
2139 3422 2196 3469 et
2217 3415 2421 3470 bonum
2450 3429 2588 3484 opus
2619 3413 2856 3468 ﬁdelium
2886 3427 3153 3468 evacuare
3176 3454 3191 3479 ,
3222 3413 3309 3468 vel
3351 3412 3612 3482 impedire

2015 3504 2241 3575 appetit.
2271 3503 2426 3571 Quod
2446 3520 2578 3559 vero
2602 3511 2684 3558 est
2712 3504 2815 3558 iter
2839 3503 3076 3566 termini,
3111 3502 3213 3558 nisi
3239 3502 3475 3557 studimn
3505 3504 3607 3558 bo-

2016 3592 2102 3652 na;
2133 3597 2515 3666 operationis?
2564 3595 2699 3663 Quia
2743 3610 2872 3664 ergo
2919 3595 3103 3650 multis
3151 3595 3357 3650 insidiis
3387 3595 3608 3665 maligni

2013 3688 2235 3759 spiritus
2261 3687 2525 3757 nituntur,
2551 3695 2609 3742 ut
2634 3687 2872 3742 studium
2930 3687 3058 3742 boni
3086 3686 3266 3757 operis
3285 3685 3567 3741 deseratur
3588 3724 3607 3752 ,

2013 3780 2082 3836 ad
2120 3780 2226 3836 iter
2253 3781 2472 3836 termini
2495 3782 2690 3836 tertius
2718 3794 2924 3836 cuneus
2975 3779 3116 3835 verti
3146 3778 3364 3835 dicitur.
3421 3777 3610 3836 Potest

2016 3873 2183 3930 etiam
2210 3873 2266 3930 in
2289 3874 2394 3930 hoc
2421 3874 2672 3940 termino,
2702 3874 2827 3929 vita:
2857 3880 3058 3928 nostra:
3085 3871 3208 3928 ﬁnis
3236 3872 3484 3943 intelligi.
3515 3871 3601 3929 Ad

2013 3967 2116 4022 iter
2143 3981 2275 4022 vero
2305 3966 2521 4022 termini
2541 3981 2747 4023 cuneus
2771 3966 3019 4032 vertitur,
3050 3964 3174 4035 quia
3203 3964 3606 4034 interrumpere

2013 4056 2185 4113 hostis
2216 4073 2352 4129 opus
2381 4058 2582 4113 bonum
2606 4057 2816 4124 nititur,
2847 4071 2915 4110 ne
2942 4069 3115 4123 usque
3162 4053 3232 4106 ad
3259 4054 3381 4108 vitae
3438 4051 3602 4107 ﬁnem

2011 4152 2352 4222 perducatur.
2381 4149 2534 4206 Unde
2577 4159 2632 4205 et
2657 4148 2938 4203 Psalmista
2967 4147 3240 4215 lapsorum
3271 4143 3426 4200 ﬂetus
3455 4144 3509 4198 in
3538 4158 3602 4200 se.

2010 4244 2338 4314 exprimens,
2371 4243 2446 4297 ait
2477 4261 2490 4297 :
2520 4241 2696 4296 Funes
2719 4239 3060 4295 extenderunt
3105 4237 3158 4290 in
3179 4237 3414 4309 laqueum
3461 4235 3606 4307 pedi-

2011 4337 2102 4392 bus
2127 4340 2277 4405 meis,
2304 4338 2460 4408 juxta
2488 4338 2586 4390 iter
2615 4334 2920 4388 scandalum
2942 4340 3222 4405 posuerunt
3271 4331 3400 4386 mihi
3431 4329 3604 4403 (Psal.

2010 4444 2232 4493 cxxxtx,
2261 4427 2338 4499 6).
2368 4425 2528 4481 Juxta
2552 4426 2655 4480 iter
2682 4425 2899 4494 quidem
2920 4423 3233 4480 scandalum
3276 4420 3513 4494 ponitur,
3546 4426 3606 4475 ut

2008 4522 2152 4576 bona
2191 4520 2491 4575 electorum
2519 4533 2685 4590 opera
2707 4526 2833 4573 ante
2855 4518 3015 4589 hujus
3034 4518 3158 4572 vitae
3180 4516 3606 4574 consummatio-

2012 4628 2135 4668 nem
2165 4612 2506 4667 deserantur.

1937 4714 1985 4774 D
2083 4715 2176 4770 29.
2203 4696 2341 4780 Quid
2369 4721 2453 4769 est
2481 4719 2660 4769 autem
2690 4713 2834 4783 quod
2861 4714 2936 4768 ait
2961 4728 2975 4766 :
3013 4710 3079 4767 In
3110 4718 3249 4767 terra
3273 4710 3474 4773 Sabaa,
3504 4709 3606 4763 im-

2012 4809 2231 4866 minenti
2251 4805 2594 4862 valliSeboim
2615 4815 2796 4860 contra
2819 4805 3113 4860 desertum?
3137 4803 3245 4860 Sed
3278 4803 3394 4857 hmo
3420 4800 3599 4855 nomi-

2012 4919 2081 4959 na
2111 4904 2354 4958 locorum
2402 4900 2471 4955 ad
2521 4898 2907 4967 designandum
2947 4898 3110 4954 situm
3164 4895 3398 4960 termini,
3441 4907 3603 4964 quem

2012 4997 2244 5060 dixerat,
2271 4994 2445 5065 posita
2493 5001 2636 5048 sunt.
2669 4990 2846 5047 Sabaa
2873 5005 3003 5045 vero
3058 4989 3114 5043 in
3141 4988 3324 5055 lingua
3367 4993 3551 5042 nostra
3583 5024 3600 5051 ,

2013 5091 2222 5160 captiva
2253 5089 2485 5144 dicitur:
2518 5085 2756 5150 Seboim,
2789 5097 3000 5153 caprete
3043 5088 3438 5149 nuncupantur.
3473 5077 3602 5145 Quae

2014 5191 2098 5238 est
2125 5191 2304 5236 autem
2330 5179 2432 5235 ista
2453 5177 2683 5249 captiva,
2712 5174 2815 5232 nisi
2839 5174 3074 5229 humana
3122 5176 3336 5236 natura,
3380 5183 3498 5238 quae
3547 5169 3601 5222 in

2013 5274 2264 5346 paradiso
2293 5271 2394 5326 fuit
2421 5270 2615 5340 posita,
2646 5275 2702 5323 et
2739 5279 2883 5322 nunc
2939 5264 3007 5319 ad
3050 5259 3399 5334 perlerendas
3443 5258 3601 5326 hujus

2014 5363 2355 5420 mortalitatis
2416 5374 2683 5418 aerumnas
2733 5358 2787 5412 in
2830 5357 2938 5412 hoc
2979 5351 3233 5410 saeculum
3286 5355 3369 5404 est
3396 5346 3601 5416 ligata?

2015 5453 2146 5522 Qua:
2176 5462 2258 5507 est
2279 5458 2457 5504 autem
2481 5458 2623 5504 terra
2649 5446 2877 5516 captiva:
2903 5445 3088 5514 hujus,
3115 5439 3216 5495 nisi
3237 5437 3599 5510 peregrinatio

2013 5548 2137 5604 vitae
2165 5541 2511 5614 temporalis?
2555 5539 2699 5594 Bene
2728 5537 2917 5608 igitur,
2946 5535 3072 5590 dum
3099 5531 3238 5588 verti
3283 5546 3489 5587 cuneus
3518 5529 3598 5586 di-

2015 5644 2154 5699 citur
2178 5647 2325 5695 terra
2351 5635 2577 5707 captiva:
2598 5639 2955 5687 memoratur:
2989 5629 3115 5700 quia
3161 5625 3381 5693 maligni
3433 5621 3596 5693 spiri-

2015 5742 2100 5791 tus
2129 5737 2181 5789 in
2212 5733 2316 5788 hac
2339 5740 2482 5786 terra
2506 5724 2950 5798 peregrinationis
2975 5730 3174 5779 nostra:
3195 5720 3379 5791 praelia
3405 5727 3593 5774 contra

2012 5843 2114 5885 nos
2141 5839 2362 5881 movere
2405 5828 2673 5893 possunt;
2707 5821 2762 5874 in
2809 5818 2901 5873 illa
2958 5831 3089 5872 vero
3115 5815 3224 5869 vita
3269 5819 3455 5868 nostra
3487 5823 3592 5865 non

2010 5924 2258 5992 possunt.
2290 5913 2395 5972 Sed
2425 5914 2718 6006 electorum
2764 5922 3002 5985 prtesens
3027 5902 3367 5964 conversatio
3403 5912 3587 5969 quam-
