4052 6338
470 479 575 543 ass

1678 465 1925 526 SANC'I'I
1966 460 2293 524 GBEGORII
2334 464 2549 523 MAGNI

3645 468 3751 527 356

469 598 548 656 vis
576 597 630 654 in
655 595 762 653 hoc
781 586 1111 663 captivitatis
1125 581 1317 643 exsilio
1331 581 1506 655 posita
1525 582 1617 654 sit,
1646 582 1691 639 si
1724 581 1828 639 iter
1840 579 2053 639 termini
2090 586 2136 643 Α
2162 580 2447 637 Philistiim
2475 598 2539 636 ne
2568 582 2698 653 forte
2720 581 2949 653 facerent
2994 578 3204 637 ηεθνωε
3243 582 3475 655 gladium
3495 625 3509 649 ,
3552 594 3603 639 et
3646 585 3759 641 tan-

467 689 704 763 periecte
720 684 975 749 custodit,
991 688 1118 754 post
1142 677 1362 737 termini
1374 676 1531 749 hujus
1544 677 1840 748 angustias,
1864 676 1929 731 ad
1943 675 2062 731 alti-

471 783 713 839 tudinem
728 773 1149 835 immortalitatis
1162 770 1431 843 pervenit.
1448 767 1604 826 Unde
1614 779 1669 826 et
1682 768 1893 824 termini
1904 767 2069 838 hujus

468 881 628 930 terra:
653 871 780 927 valli
805 868 1048 933 Seboim,
1079 864 1133 921 id
1162 872 1249 920 est
1286 877 1603 935 caprearum
1632 859 1915 917 imminere
1944 873 2069 930 per-

471 964 750 1023 hibentur.
770 960 937 1018 Vallis
962 958 1162 1031 quippe
1182 968 1520 1026 caprearum,
1550 959 1634 1007 est
1658 966 1805 1006 mors
1827 949 2067 1022 pretiosa

470 1064 782 1115 sanctorum
805 1071 819 1109 :
843 1053 969 1125 quia
988 1050 1130 1107 unde
1147 1046 1433 1105 moriendo
1454 1047 1822 1117 deponuntur,
1848 1044 1971 1099 inde
1999 1041 2069 1099 ad

469 1149 664 1221 gaudia
688 1156 894 1205 aeterna
926 1145 1297 1201 sublevantur.
1320 1141 1558 1212 Capreas
1594 1138 1813 1210 quidem
1855 1135 2067 1192 velocia

470 1240 726 1297 animalia
756 1254 898 1305 esse,
930 1245 984 1293 et
1008 1248 1229 1305 magnos
1282 1232 1451 1287 saltus
1480 1230 1611 1286 dare
1662 1229 1782 1300 quis
1828 1226 2069 1283 nesciat?

473 1333 642 1389 Recte
669 1345 801 1401 ergo
846 1339 1155 1386 sanctarum
1182 1325 1484 1382 animarum
1512 1321 1825 1392 dignitatem
1858 1334 2069 1393 capreae

471 1423 775 1492 designant,
808 1436 929 1491 qua
946 1419 995 1473 in
1018 1417 1191 1473 morte
1219 1429 1450 1487 corpora
1472 1413 1760 1482 deserunt,
1791 1412 1884 1468 sed
1913 1410 2068 1482 quasi

472 1529 700 1585 magnos
720 1514 891 1570 saltus
915 1512 1129 1579 dantes,
1150 1525 1248 1581 per
1264 1507 1501 1578 ingentia
1521 1507 1713 1561 merita
1738 1505 1806 1560 ad
1830 1518 2065 1575 superna

475 1622 645 1678 regna
673 1604 1063 1664 conscendunt.
1090 1603 1246 1657 Dicat
1266 1614 1415 1669 ergo,
1449 1598 1573 1670 quia
1607 1598 1865 1652 terminus
1908 1605 2068 1651 terra:

473 1699 696 1770 captivae
740 1697 985 1753 imminet
1012 1694 1138 1750 valli
1182 1691 1441 1748 Seboim:
1489 1690 1616 1760 quia
1663 1689 1767 1745 etsi
1812 1688 2065 1743 damnata

472 1799 558 1850 est
584 1791 822 1847 humana
852 1786 1121 1852 conditio,
1144 1784 1224 1841 sic
1256 1793 1433 1837 tamen
1459 1782 1617 1837 estin
1646 1781 1742 1836 Dei
1773 1779 1881 1835 lilio
1911 1778 2063 1836 exal-

476 1891 607 1947 tata,
638 1891 696 1938 ut
716 1895 841 1938 cum
864 1878 932 1934 ad
958 1879 1083 1933 vitae
1105 1874 1419 1946 temporalis
1471 1874 1759 1929 terminum
1808 1873 2021 1928 ducitur
2043 1913 2060 1940 ,
2086 1910 2089 1913 ν

2167 689 2332 729 ceam.
2364 672 2566 742 Aperte
2595 671 2810 742 quidem
2831 673 3103 729 damones
3129 674 3325 745 sciunt,
3346 677 3471 746 quia
3506 676 3633 732 dum
3658 693 3758 736 sa-

2166 765 2440 819 cularibus
2469 764 2661 820 litteris
2691 764 3024 830 instruimur,
3050 766 3105 820 in
3132 766 3500 836 spiritualibus
3527 768 3757 838 adjuva—

2168 872 2308 913 mur.
2336 854 2469 912 Cum
2500 870 2629 925 ergo
2653 872 2755 913 nos
2774 872 2836 913 ea
2865 856 3074 913 discere
3093 858 3422 926 dissuadent,
3438 860 3569 931 quid
3590 862 3759 933 aliud,

2167 962 2329 1019 quam
2360 965 2429 1003 ne
2457 949 2697 1005 lanceam
2728 957 2823 1005 aut
2851 950 3085 1019 gladium
3116 951 3377 1008 iaciamus
3400 963 3710 1024 praecaveut
3737 956 3763 1011 ?

2169 1035 2321 1094 Dicat
2350 1053 2478 1109 ergo
2504 1039 2779 1106 historica,
2804 1048 2859 1095 et
2879 1041 3114 1096 studium
3158 1041 3454 1099 electorum
3495 1046 3761 1116 propheta

2170 1132 2424 1198 insinuet,
2458 1142 2513 1188 et
2540 1142 2778 1203 exponat
2810 1152 2822 1187 :
2856 1131 3211 1189 Descendebat
3262 1132 3435 1190 Israel
3461 1135 3533 1189 ad
3566 1134 3765 1191 Philis-

2170 1224 2313 1291 liim,
2372 1235 2429 1279 nt
2473 1235 2746 1281 exacueret
2786 1229 3131 1299 unusquisque
3172 1240 3429 1284 vosneretn
3456 1245 3626 1297 suum,
3674 1242 3767 1285 aut

2170 1318 2417 1390 ligonem.
2454 1319 2534 1373 Ad
2558 1320 2860 1376 Philistaaos
2889 1321 3288 1393 descendimus,
3317 1322 3536 1391 quando
3566 1322 3637 1377 ad
3669 1323 3775 1381 dis-

2171 1412 2375 1467 cendos
2405 1413 2691 1471 steculares
2724 1413 2892 1468 libras
2920 1416 3161 1469 animum
3187 1410 3535 1471 inclinamus.
3562 1410 3633 1470 Et
3672 1416 3767 1472 de-

2167 1518 2391 1561 scensus
2412 1504 2628 1572 dicitur,
2659 1505 2784 1576 quia
2802 1504 3107 1561 Christiana
3122 1504 3441 1576 simplicitas
3460 1507 3514 1564 in
3533 1508 3644 1562 altu
3662 1516 3766 1565 est.

2168 1593 2275 1649 Sed
2305 1596 2430 1665 quid
2481 1604 2584 1663 est,
2624 1594 2773 1665 quod
2822 1595 3112 1653 saeculares
3158 1594 3355 1652 littera:
3408 1596 3661 1654 dicuntur
3712 1598 3769 1655 in

2166 1687 2333 1759 plano
2363 1702 2504 1757 esse,
2548 1688 2741 1743 modus
2768 1702 2901 1744 vero
2947 1698 2969 1723 ⁸
3018 1687 3248 1745 docendi
3304 1687 3593 1745 sublimis?
3630 1690 3770 1760 Quia

2168 1795 2292 1837 cum
2320 1781 2564 1838 caelestia
2594 1781 2735 1837 nulla
2766 1790 3012 1850 narrent,
3039 1790 3094 1838 et
3116 1783 3254 1838 miro
3287 1780 3502 1838 dicendi
3533 1783 3723 1840 ordine
3749 1823 3765 1851 ,

2170 1883 2291 1941 quae
2318 1880 2694 1943 proponuntur
2717 1914 2733 1941 ,
2764 1873 3056 1942 explicant,
3091 1882 3148 1927 et
3183 1870 3454 1928 narrando
3482 1872 3772 1929 subliman-

476 1975 530 2029 in
558 1980 738 2029 morte
768 1971 946 2033 datur,
970 1976 1028 2024 ut
1059 1969 1111 2021 in
1134 1974 1352 2022 aeterna:
1376 1965 1498 2021 vita:
1539 1963 1911 2020 celsitudinem
1940 1966 2067 2020 sub-
2100 1960 2147 2021 Β
2174 1970 2279 2028 tur,
2328 1972 2384 2019 et
2418 1963 2447 2004 δ
2490 1963 2729 2021 carnalia
2762 1965 2993 2020 dicendo
3026 1965 3388 2036 deponuntur.
3430 1964 3607 2033 Quem
3652 1981 3773 2038 pro-

476 2065 707 2120 levetur.
723 2060 874 2116 Dicat
894 2072 1052 2129 ergo:
1088 2055 1225 2121 Quia
1253 2058 1433 2112 tertius
1462 2074 1651 2111 cuneus
1675 2058 1744 2109 ad
1770 2058 1870 2110 iter
1897 2073 1950 2110 se
1971 2072 2077 2109 ver-

480 2159 540 2210 tit
572 2152 777 2208 termini
797 2151 853 2205 in
875 2160 1011 2205 terra
1039 2150 1400 2221 captivw,quw
1443 2149 1675 2203 imminet
1702 2146 1825 2201 valli
1869 2164 2078 2217 caprea-

484 2260 631 2300 rum:
660 2253 719 2299 ut
744 2242 1010 2312 malignos
1040 2240 1261 2312 spiritus
1281 2240 1346 2294 ad
1376 2240 1480 2295 hoc
1509 2240 1806 2295 electorum
1832 2248 2077 2294 extrema

481 2337 623 2391 bona
649 2341 958 2404 pervertere
987 2330 1174 2387 conari
1197 2340 1419 2398 asserat,
1450 2340 1508 2387 ut
1528 2331 1595 2385 ad
1624 2346 1856 2401 superna
1884 2331 2076 2402 gaudia

480 2444 587 2482 non
612 2424 999 2481 conscendant.
1026 2424 1157 2492 Quae
1178 2425 1342 2479 etiam
1364 2424 1516 2479 vallis
1539 2425 1643 2478 sita
1671 2435 1861 2479 contra
1892 2425 2076 2480 deser—

482 2526 594 2575 tum
622 2518 834 2573 dicitur.
862 2516 1000 2584 Quid
1033 2517 1231 2573 deserti
1252 2517 1471 2572 nomine
1501 2518 1604 2573 hoc
1623 2518 1765 2582 loco,
1785 2518 1885 2573 nisi
1911 2517 2077 2572 infcr-

479 2628 610 2669 num
637 2609 935 2681 accipitur?
957 2610 1240 2664 Desertum
1268 2608 1484 2682 quidem
1536 2624 1680 2665 recte
1712 2611 2028 2681 intelligitur
2059 2652 2074 2677 ,

482 2702 573 2757 ubi
599 2700 899 2758 electorum
925 2699 1102 2753 nullus
1131 2698 1419 2754 invenitur.
1446 2696 1727 2754 Desertum
1752 2701 1914 2754 etiam
1945 2700 2079 2755 dici-

481 2796 588 2862 tur,
619 2792 677 2848 in
725 2806 833 2865 quo
883 2805 1248 2847 aerumnarum
1299 2789 1495 2846 solatia
1548 2788 1694 2844 nulla
1746 2792 2074 2846 sentiuntur.

480 2887 650 2946 Vallis
670 2902 801 2959 ergo
832 2901 1151 2959 caprearum
1196 2892 1387 2941 contra
1432 2884 1707 2941 desertum
1762 2885 1863 2940 sita
1904 2886 2080 2957 perhi-

478 2978 826 3049 beturzquia
848 2990 1164 3034 sanctorum
1191 2992 1338 3032 mors
1382 2976 1545 3049 295
1600 2976 1873 3033 diversum
1919 2993 2082 3032 omne

479 3073 765 3131 abinferni
810 3074 1016 3129 meritis
1043 3074 1228 3139 habet,
1262 3082 1319 3127 ct
1372 3072 1702 3128 conveniens
1745 3070 1970 3142 aliquid,
2025 3076 2082 3123 et

480 3166 702 3237 dignum
732 3165 925 3221 inferni
957 3164 1133 3236 ptenis
1160 3181 1267 3221 non
1286 3165 1471 3221 habet.
1503 3163 1760 3235 Sequitur
1790 3182 1803 3216 :
1920 3178 1923 3183 ·

556 3257 732 3330 (Vers.
765 3256 855 3325 ΞΟ,
887 3256 1003 3328 21.)
1034 3256 1206 3312 Porro
1236 3255 1385 3328 faber
1415 3257 1668 3326 ferrarius
1708 3270 1813 3308 non
1861 3255 2081 3307 invenie-

2179 2057 2324 2113 fecto
2353 2058 2590 2125 dicendi,
2624 2058 2739 2113 sive
2772 2059 3104 2130 intelligendi
3142 2060 3362 2115 modum
3394 2061 3487 2134 qui
3515 2061 3661 2116 seire
3687 2077 3775 2134 ap-

2178 2150 2334 2221 petit,
2358 2150 2653 2206 descendat
2692 2149 2761 2205 ad
2788 2148 3073 2205 Philistiim
3104 2191 3119 2217 ,
3148 2154 3425 2209 rumorem
3457 2163 3513 2208 et
3541 2152 3773 2224 ligonem

2181 2248 2361 2308 acuat,
2392 2248 2454 2295 nt
2481 2240 2548 2295 ad
2569 2240 2909 2296 szecularium
2935 2241 3096 2295 etiam
3109 2243 3345 2297 carnalia
3386 2244 3657 2299 audienda
3686 2245 3776 2300 de-

2178 2341 2431 2401 ponatur,
2472 2330 2564 2400 qui
2594 2346 2780 2386 eorum
2811 2332 3119 2402 eloquentia
3154 2333 3348 2388 instrui
3398 2336 3619 2405 penitus
3655 2335 3773 2391 niti-

2180 2430 2289 2477 tur.
2322 2421 2705 2493 Hanc'quippe
2751 2424 3065 2479 saecularem
3101 2425 3385 2479 scientiam
3430 2427 3772 2498 omnipotens

2180 2514 2325 2573 Deus
2350 2516 2403 2571 in
2432 2516 2597 2586 plano
2627 2516 2954 2587 anteposuit,
2998 2524 3057 2571 ut
3101 2515 3257 2574 nobis
3303 2519 3635 2574 ascendendi
3665 2533 3773 2590 gra~

2178 2606 2305 2662 dum
2331 2606 2557 2677 faceret,
2585 2610 2674 2678 qui
2705 2624 2805 2665 nos
2845 2609 2913 2664 ad
2941 2608 3136 2665 divinas
3183 2609 3477 2681 Scriptura:
3535 2611 3774 2669 altitudi-

2180 2716 2302 2755 nem
2334 2702 2515 2757 levare
2539 2702 2830 2758 debuisset.
2861 2702 3065 2759 idcirco
3084 2717 3206 2758 eam
3230 2705 3560 2774 praemittere
3584 2706 3771 2777 'uiuit,

2182 2803 2241 2847 ut
2297 2795 2352 2848 in
2405 2795 2521 2864 ipsa
2575 2810 2673 2849 nos
2713 2796 3007 2849 instrueret
3051 2795 3117 2849 ad
3166 2796 3467 2866 spiritualia
3524 2799 3773 2855 transire.

2182 2883 2337 2941 Unde
2365 2895 2418 2941 et
2471 2886 2701 2958 Moyses,
2734 2888 2827 2957 qui
2878 2888 3032 2944 nobis
3076 2887 3381 2943 divinorum
3437 2888 3776 2961 eloquiomm

2179 2977 2445 3046 principia
2475 2978 2664 3043 edidit,
2688 2995 2794 3033 non
2823 2980 2973 3048 prius
3000 2979 3181 3034 divina
3204 2979 3410 3047 didicit,
3451 2982 3549 3037 sed
3602 2992 3666 3037 ut
3689 2996 3776 3038 ea-

2180 3082 2331 3138 pere,
2367 3068 2451 3123 vel
2472 3070 2779 3137 exprimere
2806 3071 2987 3125 divina
3026 3077 3246 3141 posset,
3294 3073 3350 3127 in
3396 3073 3545 3128 omni
3604 3072 3775 3146 ιδῃ.

2182 3159 2422 3226 ptiorum
2472 3160 2697 3213 scientia
2737 3159 2925 3215 rudem
2971 3160 3208 3217 animum
3251 3161 3580 3219 informavit.
3615 3164 3780 3221 Isaia

2184 3252 2346 3305 etiam
2377 3253 2661 3322 prophetis
2688 3253 2811 3307 aliis
2848 3255 3195 3323 eloquentior
3220 3256 3400 3311 extitit
3424 3272 3438 3309 :
3481 3258 3612 3328 quia
3639 3273 3774 3325 nec,

479 3348 634 3404 batur
665 3351 717 3402 in
738 3348 879 3403 omni
908 3356 1047 3403 terra
1096 3346 1285 3403 Israel.
1316 3346 1570 3403 Caverant
1608 3347 1744 3401 enim
1794 3344 2079 3401 Philistiim
2108 3341 2154 3405 C
2182 3352 2247 3397 ut
2266 3340 2534 3399 Jeremias
2561 3344 2924 3411 Anathotites,
2954 3361 3075 3409 nec,
3112 3354 3173 3401 ut
3200 3346 3366 3403 Amos
3393 3350 3776 3417 armentarius,

480 3459 546 3497 ne
576 3445 708 3513 forte
737 3444 966 3514 facerent
1000 3440 1209 3496 Hebra'i
1258 3441 1492 3514 gladium
1548 3449 1638 3494 aut
1679 3441 1934 3494 lanceam.
1980 3436 2080 3492 De-

478 3533 757 3591 scendebat
789 3552 912 3604 ergo
949 3535 1116 3589 omnis
1142 3532 1314 3589 Israel
1340 3534 1409 3587 ad
1427 3532 1740 3603 Philistiim,
1767 3546 1823 3587 ut
1870 3547 2085 3587 exacue-

482 3633 564 3681 ret
591 3627 941 3697 unusquisque
971 3642 1243 3691 vomerem,
1270 3634 1359 3679 aut
1409 3625 1657 3697 ligonem,
1683 3634 1730 3679 et
1761 3625 1999 3691 securim,
2033 3632 2084 3678 et

485 3717 768 3775 sarculum.

555 3810 646 3865 50.
672 3809 799 3866 Haec
827 3809 1291 3881 profectofomnia
1332 3809 1746 3877 describuntur,
1798 3820 1858 3865 ut
1887 3808 2081 3865 modus

484 3897 859 3958 subsecutum
885 3901 1125 3957 victoriae
1148 3902 1466 3957 insmuetur.
1525 3900 1735 3958 Armati
1783 3902 1983 3973 quippe
2012 3900 2081 3957 ab

490 3993 789 4053 inermibus
820 3994 941 4050 victi
972 4003 1118 4063 sunt,
1149 4001 1210 4049 ut
1251 4001 1443 4061 totum,
1493 3993 1639 4067 quod
1685 3994 1940 4063 vincitur,
1964 4007 2073 4048 om-

487 4085 786 4156 nipotentis
813 4085 908 4141 Dei
931 4084 1182 4142 laudibus
1212 4083 1498 4140 tribuatur.
1532 4083 1642 4140 Nos
1664 4092 1843 4140 autem
1886 4084 1931 4139 si
1962 4098 2081 4138 mo-

484 4192 546 4235 re
570 4186 760 4234 nostro
812 4176 1169 4248 spiritualiter
1225 4175 1330 4233 ista
1379 4176 1776 4248 prosequimur,
1810 4175 2082 4249 mysteriis

485 4283 661 4325 vacua
691 4283 799 4324 non
826 4268 1179 4324 inveniemus.
1210 4266 1351 4337 Quid
1378 4275 1462 4323 est
1487 4282 1636 4339 ergo,
1669 4268 1816 4338 quod
1837 4268 2037 4323 dicitur
2061 4284 2080 4323 :

488 4357 669 4413 Faber
698 4360 953 4430 ferrarius
986 4376 1090 4414 non
1114 4358 1470 4415 inveniebatur
1496 4360 1552 4412 in
1584 4357 1794 4413 Israel:
1823 4357 1925 4413 nisi
1954 4357 2082 4427 quia

490 4449 561 4503 ad
590 4447 891 4519 spiritualia
916 4448 1057 4503 bella
1090 4464 1199 4504 non
1247 4464 1345 4520 per
1391 4449 1674 4504 saeculares
1710 4448 1938 4515 litteras,
1987 4447 2084 4504 sed

487 4555 590 4612 per
611 4540 821 4596 divinas
870 4541 1207 4597 instruimur.
1262 4540 1440 4597 Faber
1487 4542 1688 4611 quippe
1741 4538 1997 4596 ferrarius
2026 4540 2083 4595 in

396 4650 403 4653 '
486 4629 655 4686 Israel
677 4644 785 4686 non
818 4631 1120 4697 invenitur,
1144 4632 1271 4702 quia
1302 4632 1489 4689 ﬁdeles
1529 4633 1744 4688 Domini
1782 4632 2027 4688 videntes
2061 4670 2077 4696 ,

2182 3436 2281 3490 sed
2311 3435 2567 3491 nobiliter
2608 3437 2904 3492 instructus
2940 3448 3103 3508 atque
3141 3436 3384 3496 urbanus
3431 3440 3549 3496 luit.
3582 3440 3781 3500 Ριιιη

2181 3538 2405 3596 quoque
2433 3541 2529 3583 vas
2550 3526 2831 3582 electionis
2855 3536 2983 3583 ante
3012 3528 3079 3583 ad
3109 3527 3424 3586 Gamalielis
3468 3531 3643 3601 pedes
3692 3533 3774 3587 il-

2184 3619 2432 3682 struitur,
2466 3632 2629 3689 quam
2657 3618 2898 3689 rapiatur
2931 3619 2985 3674 in
3023 3620 3355 3690 paradisum,
3404 3619 3494 3678 vel
3532 3623 3605 3678 ad
3660 3623 3780 3680 cali

2180 3710 2331 3765 ικαὶ
2355 3710 2695 3765 altitudinem
2712 3710 3025 3765 sublevetur
3052 3712 3191 3781 (Act.
3216 3712 3370 3783 nn).
3410 3710 3484 3767 Et
3530 3712 3663 3770 ideo
3682 3711 3781 3769 ior-

2180 3810 2439 3873 usseper
2450 3802 2755 3858 doctrinam
2776 3802 2939 3875 396
2958 3803 3077 3859 aliis
3092 3804 3359 3875 apostolis
3378 3806 3633 3862 mellis:
3655 3807 3778 3879 quia

2182 3892 2399 3949 lutum
2416 3894 2473 3948 in
2487 3893 2825 3961 aetatibus,
2863 3902 3078 3951 terrena
3105 3895 3257 3967 prius
3274 3896 3549 3953 studiosus
3568 3896 3774 3955 didicit.

2258 3984 2348 4039 5t.
2374 3982 2479 4039 led
2502 3984 2638 4054 jam,
2674 3991 2735 4040 ut
2762 3984 3031 4053 arbitror,
3076 3985 3345 4043 ruraliu-
3387 3986 3778 4045 instrtlnem

2186 4092 2304 4133 rum
2333 4078 2693 4149 proprietates
2712 4078 3068 4150 spiritualiter
3094 4080 3442 4151 exquirendas
3463 4088 3616 4139 sunt.
3638 4080 3777 4150 Quid

2180 4183 2321 4238 ago
2340 4169 2397 4224 in
2415 4183 2656 4237 metu,
2684 4169 2779 4240 qui
2808 4171 3171 4241 προπιὼ-
3191 4172 3367 4228 δοιιυ
3394 4172 3653 4240 trahitur,
3679 4172 3773 4229 nisi

2182 4262 2410 4320 allectus
2436 4264 2665 4333 geminas
2690 4264 2974 4321 shesitatis
3003 4264 3349 4321 insinuem?
3376 4263 3447 4321 ιη
3470 4265 3604 4337 qdd
3633 4268 3689 4323 in
3708 4265 3772 4322 II-

2182 4368 2349 4425 gone,
2380 4370 2487 4426 quo
2514 4357 2665 4413 solus
2690 4357 2922 4427 quisque
2960 4358 3013 4413 in
3048 4359 3162 4427 agri
3190 4358 3405 4414 cutim
3448 4370 3773 4428 messor,

2188 4445 2291 4501 nisi
2331 4447 2550 4516 privata:
2577 4448 2703 4503 vita
2722 4448 2960 4504 studium
2986 4449 3329 4504 ossi-mittar!
3356 4447 3594 4517 Quidue
3624 4465 3772 4506 IIII!-

2183 4552 2294 4610 que
2321 4552 2376 4597 et
2400 4542 2615 4598 diseset
2640 4542 2811 4599 fortes
2836 4543 3084 4599 ruricolis
3114 4544 3171 4599 in
3198 4543 3372 4599 bobus
3423 4550 3585 4598 arant
3606 4559 3625 4598 :
3652 4544 3772 4614 quia

2184 4640 2244 4689 et
2262 4634 2547 4690 Dominum
2576 4634 2790 4691 fortiter
2816 4636 3067 4706 diligunt,
3095 4645 3151 4691 et
3177 4649 3275 4707 per
3295 4634 3597 4691 ﬁssorum
3624 4650 3772 4692 amo-

487 4732 605 4783 arte
633 4722 1173 4781 saecularis‘scientias
1200 4732 1389 4781 contra
1431 4726 1696 4797 malignos
1729 4727 1949 4796 spiritus
1985 4742 2082 4782 ne-
2108 4730 2162 4792 D
2185 4740 2301 4782 rem
2330 4728 2627 4782 animarum
2655 4727 2820 4782 lucris
2865 4728 3175 4797 diligentius
3217 4726 3525 4783 intendunt.
3571 4727 3771 4785 Vome-

488 4831 763 4891 quaquam
793 4815 1128 4889 praeliantur.
1153 4816 1315 4873 Fabri
1338 4833 1572 4889 namque
1614 4826 1734 4874 arte
1763 4819 1933 4889 adiuti
1960 4819 2083 4874 vin-

488 4918 696 4975 cerent,
726 4909 771 4965 si
792 4907 1067 4965 szecularis
1088 4909 1417 4981 eloquentia
1442 4910 1658 4980 iaculis,
1687 4910 1919 4965 occultis
1949 4909 2082 4965 hos-

478 4998 634 5055 tibus
662 5000 1040 5070 praevalerent.
1079 5000 1213 5069 Quae
1234 5002 1484 5073 profecto
1513 5001 1858 5058 iacularium
1911 5000 2081 5056 libro-

486 5103 610 5146 rum
636 5092 887 5159 eruditio,
921 5101 978 5149 et
1030 5096 1074 5149 si
1100 5109 1200 5164 per
1237 5093 1586 5164 semetipsum
1633 5093 1702 5148 ad
1746 5093 2081 5163 spiritualem

487 5194 801 5241 sanctorum
849 5186 1158 5244 conﬂictum
1187 5203 1296 5243 non
1324 5189 1579 5258 prodest,
1631 5187 1677 5242 si
1714 5186 1908 5243 divinae
1933 5185 2082 5243 Scri-

490 5282 664 5343 ptum
691 5274 1058 5346 coniungitur,
1084 5277 1326 5347 ejusdem
1343 5276 1638 5347 Scriptum
1652 5276 1878 5333 scientia
1907 5277 2078 5333 subti-

489 5360 595 5417 lius
621 5363 881 5420 eruditur.
910 5363 990 5421 Ad
1016 5364 1123 5422 hoc
1151 5365 1367 5437 quidem
1390 5374 1598 5421 tantum
1641 5365 1898 5423 liberales
1934 5374 2079 5423 artes

490 5452 760 5510 discendae
785 5466 931 5523 sunt,
955 5464 1016 5512 ut
1057 5472 1156 5528 per
1189 5458 1601 5515 instructionem
1642 5457 1859 5513 illarum
1896 5458 2077 5514 divina

491 5545 706 5629 eloquia
736 5550 986 5606 subtilius
1031 5551 1418 5621 intelligantur.
1469 5551 1512 5605 Α
1544 5550 1929 5606 nonnullorum
1954 5566 2079 5608 cor-

490 5637 649 5695 dibus
676 5639 920 5697 disceudi
969 5644 1294 5701 desiderium
1342 5647 1561 5715 malignl
1599 5645 1817 5717 spiritus
1841 5646 2076 5703 tollunt:

491 5737 553 5785 ut
577 5740 632 5786 et
656 5731 935 5788 saecularia
965 5737 1225 5804 nesciant,
1272 5746 1327 5794 et
1353 5738 1420 5794 ad
1447 5739 1829 5795 sublimitatem
1859 5740 2077 5810 spiritu-

492 5820 622 5878 lium
655 5840 765 5881 non
804 5827 1128 5897 pertingant.
1180 5828 1324 5887 Bene
1370 5844 1499 5901 ergo
1529 5833 1769 5889 dicitur:
1826 5832 2080 5890 σαυππε

566 5982 593 5999 υ-
622 5963 815 6035 tiilot.,
846 5964 1047 6023 dicendi
1072 5967 1345 6024 sublimis?

2182 4831 2305 4875 rem
2342 4818 2513 4887 igitur
2530 4818 2671 4888 apud
2698 4817 3107 4873 Phillstinorum
3142 4818 3325 4875 fabros
3352 4826 3558 4875 acuant
3588 4837 3607 4874 :
3645 4822 3772 4890 quia

2191 4917 2396 4966 suum
2415 4908 2819 4980 praedicationis
2844 4911 3079 4965 stadium
3108 4908 3181 4966 de
3205 4908 3448 4968 suac-hri
3468 4911 3773 4968 em

2186 5011 2547 5073 eontponunt.
2580 5002 2833 5059 Nonnulli
2854 5016 3008 5071 vero,
3023 5010 3087 5057 ut
3105 5016 3391 5075 pauperes,
3420 5002 3606 5074 haene
3626 5012 3776 5060 au-

2184 5102 2275 5150 tur
2305 5112 2319 5149 :
2352 5095 2478 5164 quia
2507 5095 2600 5165 qui
2630 5094 2696 5149 ad
2745 5094 3029 5151 lucrandas
3064 5096 3296 5151 aliorum
3340 5095 3552 5153 animas
3576 5111 3645 5153 se
3669 5110 3775 5152 non

2185 5199 2350 5257 posse
2369 5185 2619 5241 sufﬁcere
2668 5186 3016 5251 arbitrantur,
3064 5187 3166 5242 sibi
3213 5186 3345 5243 solis
3377 5203 3485 5243 non
3524 5188 3771 5244 desinunt

2185 5291 2494 5349 prmparate
2536 5277 2607 5331 de
2625 5278 2933 5332 :eternitnt‘e
2961 5276 3105 5347 quod
3130 5284 3380 5348 possunt.
3408 5278 3574 5335 Velut
3599 5280 3772 5349 ligone

2184 5368 2414 5439 quisque
2436 5382 2626 5424 eorum
2654 5367 2826 5422 utitur
2848 5384 2863 5420 :
2890 5368 3018 5436 quia
3039 5381 3230 5437 agrum
3248 5370 3572 5424 sumentis
3594 5369 3771 5424 divino

2184 5458 2353 5514 cultui
2379 5473 2682 5529 praeparare
2703 5473 2810 5514 non
2840 5457 3114 5514 desinunt.
3144 5458 3214 5514 Et
3239 5461 3367 5531 quia
3392 5460 3448 5515 in
3473 5460 3580 5515 hoc
3608 5461 3769 5515 etiam

2183 5550 2405 5623 privata
2434 5552 2556 5606 vita
2577 5550 2758 5606 studio
2787 5550 2945 5606 valde
2970 5550 3075 5607 sibi
3096 5551 3370 5607 sazwlaris
3388 5550 3627 5610 eruditio
3655 5564 3763 5620 pro

2178 5643 2318 5711 dest,
2344 5644 2601 5715 ligonom,
2629 5642 2757 5699 dum
2780 5642 3007 5700 decem
3033 5645 3252 5700 omnis
3273 5644 3432 5713 :quia
3458 5643 3513 5697 in
3542 5639 3765 5713 propria

2178 5738 2306 5795 vita:
2331 5737 2510 5793 studio
2538 5737 2781 5793 eruditus
2808 5753 3042 5808 quaeque
3087 5737 3340 5793 subtilius
3376 5734 3632 5792 intendit.
3676 5732 3764 5789 So-

2176 5830 2295 5888 curi
2323 5836 2503 5884 autem
2530 5843 2635 5883 non
2662 5838 2861 5884 terra.
2890 5830 3143 5896 ludimus,
3167 5829 3264 5885 sed
3287 5844 3472 5885 ramos
3512 5826 3759 5883 arborum

2268 5970 2294 6011 δ
2321 5968 2485 6035 Gilot.
2518 5970 2784 6043 etVatic.,
2817 5982 2865 6028 et
2891 5970 3125 6037 carnalia
3166 5970 3386 6029 docendi
3413 5972 3735 6047 deponuntur
