4052 6338
277 491 384 552 557

1097 495 1163 554 IN
1198 495 1460 557 PRIMUM
1496 495 1738 558 REGUM
1779 495 2291 565 EXPOSITIONES.
2326 533 2400 550 --
2435 505 2570 564 LIB.
2611 508 2675 567 V.

3447 482 3569 584 sas.

275 610 684 666 detruncamus.
711 605 851 677 Quid
871 622 999 680 ergo
1024 609 1362 683 aliudlsignat
1385 612 1611 680 securis,
1643 616 1744 670 nisi
1766 629 1859 670 ze-
1889 617 1942 678 Α
1964 612 2172 669 erudita
2201 629 2298 687 per
2317 616 2618 687 scientiam,
2639 621 2934 693 pungenda
2968 638 3081 684 non
3099 627 3268 687 videt.
3301 629 3456 692 Unde
3498 645 3556 697 et

275 702 390 760 lum
420 704 579 758 bona
612 701 1008 758 aemulationis?
1050 704 1183 759 Nam
1227 703 1443 775 quando
1489 704 1561 760 ad
1607 703 1866 760 imitanda

273 795 568 850 meliorum
596 793 845 864 exempla
878 795 1278 860 succendimur,
1304 795 1454 854 velut
1492 811 1675 852 ramos
1699 796 1857 855 nobis

274 885 592 954 incidimus,
615 886 810 956 quibus
835 884 1012 956 ignem
1030 886 1363 958 depellendis
1406 887 1745 958 negligentiae
1773 902 1868 944 no-

273 988 405 1036 stra:
433 977 722 1048 frigoribus
743 983 1065 1035 nutriamus.
1088 978 1243 1037 Hanc
1279 995 1532 1038 securem
1551 996 1652 1036 nos
1677 989 1866 1036 tenere

273 1071 478 1130 Paulus
505 1073 787 1146 apostolus
807 1074 1076 1146 praecipit,
1105 1074 1290 1132 dicens
1313 1092 1329 1130 :
1349 1073 1553 1131 Bonum
1575 1075 1865 1131 temulenti-

271 1165 331 1220 ni
353 1166 409 1220 in
431 1164 566 1222 bona
587 1182 764 1222 ames
795 1163 937 1239 (Gal.
966 1182 1040 1234 tv,
1072 1165 1184 1238 18).
1211 1165 1347 1235 Quae
1374 1167 1624 1223 nimirum
1653 1166 1864 1224 securis

267 1259 488 1315 acuitur
512 1275 527 1314 :
552 1259 681 1331 quia
697 1258 902 1316 eruditi
925 1257 1140 1328 ﬁdeles,
1165 1260 1311 1316 sicut
1334 1259 1532 1316 melius
1559 1266 1866 1330 agnoscunt

267 1352 525 1424 exempla
546 1350 807 1421 ﬁdelium,
823 1353 903 1409 ita
925 1361 980 1410 et
1012 1352 1308 1410 ferventius
1343 1353 1548 1410 imitari
1585 1351 1866 1423 concupis-

267 1455 420 1503 cunt.
449 1444 734 1502 Surculum
761 1445 880 1502 sive
903 1445 1110 1501 tridens
1151 1445 1407 1502 subtilius
1435 1453 1634 1501 terram
1676 1442 1813 1498 lodit
1839 1459 1864 1510 ;

264 1539 344 1596 ita
376 1550 434 1593 ut
454 1554 564 1594 nou
594 1549 702 1593 tam
725 1537 934 1606 fodere,
957 1553 1120 1608 quam
1141 1539 1410 1609 scalpere,
1435 1536 1710 1607 etglebas
1723 1551 1861 1592 wn-

265 1631 501 1700 tringere
516 1636 908 1699 cognoscatur.
932 1627 1068 1698 Quid
1095 1645 1194 1701 per
1215 1629 1326 1685 hoc
1346 1628 1548 1684 tridens
1565 1626 1860 1696 sacculum,

264 1721 372 1777 nisi
397 1721 572 1777 virtus
595 1720 945 1777 discretionis
971 1720 1339 1793 exprimitur?
1361 1718 1474 1775 Per
1497 1734 1674 1792 quam
1711 1726 1862 1775 certe

261 1813 395 1872 dum
420 1822 563 1881 acta,
590 1812 679 1870 vel
707 1812 914 1883 agenda
945 1813 1130 1868 subtili
1154 1812 1596 1870 consideratione
1625 1811 1860 1868 discuti-

263 1921 407 1972 mus,
443 1907 592 1962 velut
609 1906 858 1962 serenda:
885 1914 1039 1961 terra
1059 1915 1266 1962 nostrae
1301 1906 1493 1975 glebas
1525 1906 1588 1961 .in
1641 1913 1860 1962 tenuem

1973 705 2029 760 in
2052 713 2187 796 typo
2224 707 2558 766 enulitorutn
2605 713 2951 782 praelatorum
2993 718 3136 778 bene
3160 722 3504 796 subjungitur
3531 747 3552 786 :

2040 795 2216 864 (Vers.
2247 797 2362 869 22.)
2389 798 2617 875 Cumque
2635 805 2864 864 missu
2877 807 2991 866 dies
3004 812 3202 882 pretii,
3226 831 3337 874 non
3461 822 3553 878 iu-

1966 895 2144 982 ventus
2170 891 2405 982 ensis,“
2443 891 2628 951 lancea
2655 895 2714 950 in
2741 912 2900 955 manu
2923 901 3081 960 totius
3103 907 3285 977 populi
3309 911 3396 982 qui
3441 921 3555 968 erat

1966 977 2230 1078 cum—Sam
2243 989 2300 1078 et
2313 981 2563 1078 Jonatha,
2578 996 2790 1063 excepto
2808 990 2942 1050 Saul
2960 1004 3009 1051 et
3023 994 3256 1056 Jonatha
3417 1004 3552 1078 ejus.

2027 1067 2124 1126 '53.
2156 1071 2296 1140 Quid
2323 1090 2422 1146 per
2465 1076 2730 1150 lanceam,
2757 1085 2861 1141 nisi
2891 1096 3199 1148 sanctorum
3227 1067 3554 1166 pradicato-

1963 1175 2087 1258 rum
2107 1174 2265 1219 acuta
2285 1166 2632 1236 providentia
2657 1173 2952 1244 accipitur?
2975 1175 3044 1234 Et
3070 1180 3198 1251 quid
3215 1189 3323 1256 per
3347 1199 3552 1258 ensem,

1965 1253 2069 1311 nisi
2091 1269 2279 1316 eorum
2307 1257 2676 1328 intelligentiae
2703 1265 2970 1324 subtilitas
2989 1253 3426 1333 demonstratur?
3450 1253 3558 1337 Per

1963 1345 2206 1439 lanceam
2231 1349 2617 1424 quippe'longe
2639 1356 2796 1416 nobis
2816 1368 2943 1418 ante
2962 1360 3176 1432 objecta
3194 1365 3553 1439 perfodimus.

1967 1437 2073 1496 Per
2099 1456 2283 1497 ensem
2304 1459 2433 1500 vero
2456 1447 2642 1518 vicini,
2667 1459 2725 1506 et
2752 1450 2864 1508 fere
2887 1455 3162 1526 conjuncti
3185 1437 3344 1518 nobis
3369 1463 3557 1523 hostes

1967 1533 2326 1591 trucidantur.
2357 1535 2498 1609 Bene
2522 1553 2652 1610 ergo
2675 1542 2730 1596 in
2760 1543 2969 1616 lancea,
2993 1549 3328 1620 providentia
3356 1553 3558 1614 electo-

1965 1626 2420 1695 rumostenditur,
2437 1643 2535 1700 per
2559 1645 2720 1703 quam
2745 1635 2988 1693 occultos
3015 1637 3200 1697 hostes
3224 1646 3555 1717 percutiunt,

1965 1720 2256 1787 antequam
2305 1718 2540 1774 vicinum
2590 1738 2776 1779 eorum
2807 1726 3066 1799 impetum
3087 1732 3386 1804 patiantur.
3413 1735 3557 1794 Dum

1965 1805 2108 1899 enim
2138 1805 2344 1863 futuras
2366 1812 2666 1868 daemonum
2691 1814 2909 1874 insidias
2922 1822 3174 1878 cavendo
3199 1827 3555 1899 praeveniunt,

1961 1896 2110 1951 velut
2137 1913 2166 1952 a
2196 1899 2357 1970 longe
2385 1903 2574 1960 lancea
2613 1903 2846 1977 feriunt,
2878 1925 3107 1980 quorum
3154 1915 3359 1974 vicinos
3407 1896 3555 1976 exci;

262 1997 545 2070 pulverem
599 1997 1028 2068 complanamus,
1093 1996 1247 2066 Quod
1293 1997 1540 2068 μοτωιο
1585 1999 1857 2056 malum
1888 2015 1937 2075 Β
1962 2003 2094 2062 pere
2123 1991 2262 2049 ictus
2297 1997 2509 2051 nolunt.
2531 1996 2688 2054 "Unde
2716 2009 2773 2056 et
2810 2001 3001 2060 beatus
3041 2003 3236 2063 Paulus
3276 2011 3553 2079 apostolus

263 2089 473 2146 tridens
504 2089 790 2156 asseritur,
832 2089 958 2160 quia
997 2091 1078 2146 vis
1126 2091 1468 2147 discretionis
1517 2107 1628 2149 non
1680 2093 1857 2148 solum

261 2181 498 2252 agenda.
521 2181 624 2239 sed
651 2181 811 2237 etiam
839 2182 1149 2252 cogitanda,
1181 2192 1238 2239 et
1258 2184 1526 2254 loquenda
1543 2187 1853 2256 conponit.

259 2273 312 2332 Δ
338 2288 504 2328 manu
521 2273 756 2344 quidem,
785 2275 973 2342 corde,
1027 2283 1090 2331 et
1117 2271 1298 2344 lingua
1327 2284 1524 2332 cuncta
1545 2278 1721 2334 .noxia
1769 2293 1859 2333 re-

259 2374 448 2434 serat,-
473 2375 534 2423 ut
560 2382 769 2439 semen,
797 2349 945 2440 quod
969 2376 1130 2426 term
1155 2370 1354 2425 mentis
1373 2379 1578 2426 nostra:
1600 2372 1860 2428 commit-

260 2459 449 2527 timus,
473 2460 696 2516 uberem
737 2461 974 2518 fructum
1010 2461 1167 2517 ferat.
1221 2461 1364 2532 Apte
1393 2463 1576 2533 itaque
1613 2463 1813 2519 dicitur
1833 2481 1852 2517 :

259 2551 620 2608 Descendebat
648 2553 816 2609 omnis
856 2547 1034 2608 Israel
1073 2553 1143 2607 ad
1165 2553 1477 2622 Philistiim,
1497 2562 1556 2612 ut
1575 2561 1858 2609 “acueret

258 2633 605 2716 unusquisque
625 2660 878 2700 vomerem
898 2660 1073 2709 suum,
1098 2644 1346 2716 ligonem,
1366 2659 1633 2712 secta-aut,
1661 2653 1711 2698 et
1735 2660 1856 2700 sar-

258 2735 431 2790 culum
449 2753 468 2790 :
499 2737 621 2806 quia
652 2734 904 2792 adeotum
927 2737 1159 2806 geminae
1181 2736 1484 2801 charitatis',
1513 2736 1741 2806 privatae
1770 2735 1853 2791 vi-

260 2837 330 2884 ta:
360 2829 617 2896 studium,
664 2830 856 2888 alienae
901 2831 1254 2901 perfectionis
1298 2829 1545 2901 exempla
1593 2830 1650 2886 in
1695 2845 1850 2886 sacro

259 2921 477 2990 eloquio
507 2921 732 2992 legimus
763 2940 780 2975 :
805 2921 909 2977 .sed
930 2921 1174 2991 ejusdem
1207 2921 1353 2977 sacri
1395 2921 1598 2992 eloquii
1619 2919 1851 2992 profun-

256 3015 484 3071 ditatem
506 3024 799 3087 penetrare
821 3016 1000 3086 ignari
1028 3015 1306 3071 sazcularis
1325 3013 1567 3070 scientiae
1589 3028 1705 3070 non
1754 3028 1850 3070 va-

254 3104 451 3163 lemus.
487 3107 638 3164 l‘nde
662 3107 1141 3181 ett-rationabiliter
1155 3105 1519 3178 subinferens,
1552 3106 1629 3162 ait
1655 3124 1667 3158 :

330 3194 510 3269 ἤγετε.
533 3199 650 3271 21.)
677 3198 891 3256 Beluset
909 3200 1082 3270 itaque
1119 3207 1276 3254 eram
1299 3199 1436 3255 acies
1483 3215 1770 3269 acutarum,
1793 3207 1853 3254 et

251 3289 516 3364 (ignauus,
563 3301 618 3348 et
663 3294 942 3362 securium,
997 3302 1049 3349 et
1089 3293 1412 3362 trideutium.
1441 3307 1601 3363 usque
1635 3292 1709 3346 ad
1751 3293 1851 3348 sti-

251 3384 452 3439 mulum
479 3385 858 3457 corrigendum.

323 3472 420 3530 32'.
449 3473 567 3531 Non
593 3474 844 3531 dicuntur
867 3474 1017 3531 acies
1043 3474 1336 3543 replicata},
1361 3479 1463 3526 aut
1485 3470 1680 3527 attrita:
1707 3466 1727 3524 ε’
1751 3471 1850 3527 sed

252 3575 471 3624 retusae.
493 3565 632 3620 Nam
663 3566 708 3621 si
725 3566 1001 3635 replicata;
1028 3572 1228 3629 essent,
1261 3563 1350 3620 vel
1378 3563 1594 3625 attritae.
1623 3563 1849 3619 omnino

252 3657 385 3713 nihil
406 3655 730 3712 inciderent.
755 3655 960 3711 Retusa
977 3669 1107 3710 vero
1133 3654 1300 3718 acies,
1324 3661 1383 3709 et
1393 3653 1439 3708 si
1465 3653 1716 3709 celeriter
1729 3667 1850 3708 non

250 3748 446 3807 incidit
477 3750 684 3816 omnia,
714 3748 962 3818 quaedam
990 3746 1204 3818 objecta
1259 3747 1313 3800 in
1339 3760 1494 3801 mora
1519 3745 1721 3802 laboris
1763 3759 1851 3800 se-

250 3854 365 3901 cat.
389 3836 484 3900 Sic
502 3841 758 3898 nimirum
780 3850 905 3897 sunt
930 3840 1094 3898 corda
1115 3838 1460 3911 simplicium,
1492 3853 1612 3909 qua:
1639 3837 1685 3894 si
1722 3838 1850 3894 sub-

251 3935 427 3994 tilitér
442 3935 748 4006 spiritualia
773 3950 885 3991 non
913 3934 1249 4003 intelligunt,
1277 3941 1304 3968 ει
1329 3932 1457 3988 dum
1491 3940 1674 3986 tamen
1694 3931 1850 3988 tarde

251 4027 505 4098 quaedam
543 4027 878 4098 intelligunt,
912 4027 1201 4103 acuitatem
1243 4025 1446 4096 ingenii
1492 4039 1606 4080 non
1631 4030 1848 4080 acutam

253 4115 488 4184 habent,
516 4117 606 4173 sed
643 4126 904 4174 retusam.
933 4116 1088 4188 Saepe
1133 4118 1279 4172 enim
1308 4117 1580 4172 discutere
1617 4115 1848 4172 obscura

249 4208 485 4276 volunt;
512 4209 613 4265 sed
637 4209 764 4264 dum
793 4208 886 4264 vix
912 4208 1311 4279 diucogitando
1332 4207 1401 4263 ad
1417 4222 1487 4263 ea
1503 4206 1702 4276 etiam,
1727 4221 1850 4277 qua:

249 4308 382 4358 sunt
409 4309 618 4371 aperta,
648 4301 989 4370 perveniunt,
1017 4300 1166 4357 velut
1218 4309 1400 4357 retusa
1429 4299 1548 4356 acie
1583 4299 1850 4356 morando

249 4390 520 4466 incidunt.
551 4389 710 4459 Quod
729 4399 878 4448 certe
908 4407 1015 4446 non
1041 4391 1217 4447 solum
1239 4391 1404 4464 397
1434 4389 1491 4446 in
1514 4389 1742 4446 occultis
1761 4403 1851 4444 sa-

250 4487 549 4544 eramentis
586 4483 984 4557 Scripturarum
1009 4484 1340 4548 ostenditur,
1371 4483 1468 4540 sed
1493 4484 1655 4539 etiam
1685 4483 1740 4538 in
1767 4482 1850 4538 la-

250 4577 497 4654 tentibus
525 4575 960 4650 suggestion‘ibus
979 4576 1315 4634 daemonum.
1339 4571 1621 4648 Depellere
1648 4573 1850 4645 quippe

250 4685 287 4751 ᾳ
308 4686 370 4727 se
395 4671 612 4728 hostem
667 4679 966 4744 nequeunt,
1012 4684 1177 4741 quem
1219 4682 1546 4740 cognoscere
1588 4668 1699 4724 cito
1738 4681 1848 4723 non

249 4771 501 4836 possunt.
534 4762 671 4818 Dum
692 4777 823 4834 ergo
849 4777 1044 4832 magna
1065 4757 1602 4832 moracogitationis,
1625 4758 1850 4816 insidias
1881 4771 1926 4852 υ

247 4857 412 4918 malai
431 4858 789 4928 suggestionis
805 4857 1106 4930 expellunt,
1121 4855 1269 4911 velut
1292 4863 1474 4911 retusa
1495 4855 1614 4910 acie
1635 4859 1848 4922 secant,

251 4939 408 5020 quod
431 4963 528 5017 per
555 4948 848 5004 acuitatem
897 4942 1102 5018 ingenii
1132 4945 1451 5002 abscindere
1491 4945 1734 5002 velocius
1751 4957 1852 5016 po-

249 5048 458 5097 terant.
475 5033 620 5108 Quid
658 5050 742 5098 est
766 5049 948 5097 autem
977 5038 1122 5111 quod
1171 5037 1368 5094 dicitur
1399 5053 1412 5091 :
1447 5030 1711 5109 Usquead
1758 5037 1852 5090 sti-

247 5131 451 5186 mulum
477 5132 875 5204 corrigendum?
900 5131 1163 5188 Stimulus
1177 5129 1375 5185 dicitur
1389 5127 1852 5201 increpatioprte-

248 5221 508 5278 latorum.
559 5219 714 5278 Unde
760 5231 815 5278 et
865 5223 1122 5294 scriptum
1175 5230 1302 5277 est:
1347 5217 1520 5276 Verba
1562 5220 1854 5291 sapientum

207 5309 210 5314 ’
248 5319 376 5367 sunt
396 5312 544 5379 quasi
570 5311 766 5367 stimuli
821 5309 991 5385 (Eccl.
1037 5329 1130 5379 xu,
1163 5311 1276 5383 II).
1321 5309 1587 5368 'Stimulus
1627 5309 1848 5380 quidem

247 5402 555 5474 increpatio
579 5405 791 5474 dicitur,
823 5407 948 5478 quia
977 5406 1104 5462 dum
1137 5406 1322 5478 culpas
1361 5406 1560 5477 arguit,
1604 5412 1848 5460 mentem

246 5495 461 5569 pungit.
495 5487 602 5552 Sed
653 5507 868 5554 retusus
922 5506 1008 5554 est
1046 5499 1317 5566 stimulus,
1368 5497 1586 5570 quando
1632 5495 1845 5569 praelati

243 5585 475 5657 languet
511 5588 840 5661 intellectus,
867 5599 929 5646 ut
978 5589 1315 5647 subditorum
1364 5591 1571 5662 culpas,
1605 5605 1708 5647 nec
1748 5605 1842 5646 co-

245 5671 566 5746 gnoscendo
581 5682 839 5752 reperiat,
860 5696 962 5737 nec
980 5681 1301 5739 inveniendo
1328 5681 1834 5754 reprehendat.Be-

246 5783 324 5826 ne
351 5785 484 5841 ergo
506 5773 806 5846 increpatio
825 5775 1054 5832 rectoris
1079 5775 1330 5832 stimulus
1377 5778 1661 5848 asseritur,
1712 5777 1838 5848 quia

243 5868 496 5922 tumores
519 5867 773 5927 vitiorum
801 5881 1158 5941 pungerenon
1169 5869 1445 5943 praevalet,
1472 5872 1519 5930 si
1546 5873 1664 5943 ejus
1688 5887 1842 5932 mens

326 6010 371 6063 ‘_-
384 6003 589 6078 Vaticg,
608 6013 667 6066 et
694 6003 886 6079 Gilot.,
906 6007 1033 6077 dum
1057 6017 1167 6075 tam
1187 6006 1362 6066 tarda;

1877 3402 1929 3470 Ο

1962 2079 2088 2137 dum
2119 2083 2341 2156 alonge
2370 2097 2611 2146 armatos
2641 2092 3015 2152 fornicationis
3039 2097 3260 2168 spiritus
3286 2114 3551 2172 cerneret.

1961 2174 2298 2245 conjugalem
2321 2182 2690 2237 castimoniam
2718 2187 2874 2259 quasi
2896 2187 3136 2248 lanceam
3161 2194 3352 2262 tenuit,
3379 2205 3434 2252 et
3460 2213 3556 2260 eos

1961 2268 2221 2359 accedere
2251 2272 2473 2342 propius
2502 2290 2611 2329 non
2647 2279 2913 2347 permisit,
2947 2281 3168 2339 dicens:
3192 2283 3416 2357 Propter
3444 2291 3555 2359 [or-

1960 2358 2278 2416 nicationem
2319 2365 2665 2438 unusquisque
2693 2384 2906 2425 uxorem
2932 2387 3082 2427 suam
3107 2374 3316 2444 habent,
3347 2384 3396 2432 et
3423 2358 3556 2434 aua-

1959 2471 2172 2529 qumque
2216 2459 2404 2514 virum.
2456 2457 2620 2516 Uxori
2666 2464 2743 2528 vir
2792 2464 3020 2522 debitum
3068 2469 3273 2539 reddat,
3304 2472 3555 2529 similiter

1959 2557 2132 2601 autem
2172 2565 2306 2604 uxor
2343 2551 2452 2608 viro
2487 2550 2539 2624 (Ι
2563 2550 2684 2608 Cor.
2707 2570 2805 2624 vn,
2832 2554 2910 2627 2).
2943 2556 3011 2612 Et
3039 2559 3276 2617 iterum:
3309 2561 3554 2622 Reverti-

1961 2637 2090 2689 mini
2117 2637 2173 2690 in
2194 2637 2442 2708 idipsum,
2458 2657 2521 2695 ne
2531 2649 2692 2696 tentet
2712 2658 2800 2698 vos
2815 2643 3050 2704 Satanas
3078 2659 3291 2720 prapter
3316 2651 3547 2710 incauti-

1960 2733 2192 2786 nentiam
2216 2741 2437 2788 vestram
2460 2733 2626 2806 (Ibid.
2661 2735 2737 2807 5).
2787 2736 2928 2796 Hinc
2961 2742 3124 2796 etiam
3153 2743 3222 2800 de
3253 2746 3549 2820 semetipso

1961 2821 2037 2876 ait
2079 2841 2089 2874 :
2124 2824 2335 2896 Castigo
2359 2842 2547 2897 corpus
2571 2844 2758 2896 meum,
2792 2832 2916 2885 etin
2943 2835 3237 2890 servitutem
3254 2837 3453 2909 redigo,
3485 2855 3552 2896 ne

1960 2916 2254 2986 prazdicans
2288 2920 2429 2988 aliis,
2468 2922 2715 2990 reprobus
2743 2925 2949 2996 afﬁcior
2977 2925 3032 2996 (Ἰ
3053 2926 3175 2984 Cor.
3200 2944 3277 2999 ιι,
3299 2928 3417 3003 27).
3446 2930 3552 3002 Qui

1959 3005 2104 3059 enim
2126 3022 2195 3062 ne
2207 3010 2469 3078 reprobus
2485 3011 2659 3077 fieret,
2683 3029 2882 3085 corpus
2902 3015 3282 3088 castigaverat,
3297 3020 3554 3079 nimirum

1957 3094 2146 3151 lancea
2162 3096 2362 3155 hostes
2383 3115 2512 3156 suos
2538 3101 2873 3172 longiuscule
2899 3105 3107 3176 positos
3133 3114 3262 3164 ante
3280 3124 3342 3168 se
3367 3110 3551 3181 perfo-

1955 3184 2159 3242 diebat.
2206 3189 2551 3247 Providentia
2578 3207 2709 3266 ergo
2731 3195 3079 3255 abstinentiae
3122 3214 3220 3270 pro
3249 3199 3552 3262 edomanda

1955 3279 2135 3333 carnis
2182 3280 2401 3352 libidine
2451 3284 2606 3354 quasi
2659 3285 2849 3342 lancea
2902 3288 3196 3360 accipitur,
3237 3306 3344 3364 per
3388 3309 3553 3366 quam

1954 3372 2377 3428 venturi‘hostes
2395 3373 2687 3431 feriuntur.
2711 3375 2859 3434 Bene
2881 3379 3044 3435 etiam
3058 3395 3165 3453 per
3183 3395 3370 3446 ensem
3393 3384 3558 3442 intel-

1955 3461 2130 3518 lectus
2161 3465 2482 3535 caprimitur
2513 3484 2528 3521 :
2576 3468 2704 3538 quia
2731 3469 2824 3538 qui
2849 3485 3048 3540 pravas
3087 3472 3307 3544 maligni
3333 3476 3554 3548 spiritus

1952 3557 2328 3626 suggestiones
2350 3557 2404 3612 in
2427 3561 2683 3628 praesenti
2699 3569 2946 3632 tempore
2971 3565 3550 3638 cognoscitetabjicit,

1951 3648 2104 3704 velut
2130 3649 2385 3718 vicinum,
2417 3658 2473 3706 et
2487 3649 2642 3722 juxta
2669 3667 2731 3709 se
2762 3653 3008 3724 positum
3035 3651 3249 3716 hostem
3267 3657 3414 3717 ferit.
3441 3660 3553 3730 Qui

1953 3742 2118 3798 etiam
2148 3741 2297 3798 velut
2340 3758 2470 3800 ense
2501 3752 2732 3816 utraque
2755 3754 2912 3817 parte
2945 3756 3110 3808 acuto
3141 3750 3346 3809 incidit
3365 3769 3392 3811 ,ε
3420 3755 3552 3826 quia

1955 3841 2062 3887 tam
2093 3831 2227 3888 falsa
2249 3831 2430 3902 bona,
2466 3851 2630 3907 quam
2676 3851 2809 3894 vera
2831 3839 2974 3896 mala
3009 3842 3377 3914 reprehendit.
3410 3843 3552 3915 Quid
3623 3914 3627 3918 _

1952 3923 2083 3982 vero
2112 3934 2216 3992 est,
2239 3928 2386 3998 quod
2414 3928 2469 3984 in
2511 3945 2675 3986 manu
2701 3929 2832 3988 Saul
2868 3940 2926 3990 et
2947 3931 3199 3994 Jonathae
3233 3939 3382 3998 ensis
3404 3954 3552 4000 esse
3581 3979 3586 3981 -

1951 4017 2301 4090 perhibetur?
2327 4018 2432 4077 Sed
2455 4021 2509 4077 in
2540 4038 2703 4078 manu
2726 4039 2837 4080 non
2863 4034 2992 4082 sunt
3017 4041 3240 4094 eorum,
3267 4031 3552 4102 quinam

1949 4112 2130 4173 Vicina
2157 4121 2213 4169 et
2235 4115 2523 4186 praesentia
2565 4116 2890 4192 intelligunt,
2930 4125 2988 4173 et
3009 4116 3191 4175 futura
3225 4119 3549 4192 praesident,

1952 4211 2009 4260 et
2032 4204 2100 4258 ad
2139 4205 2527 4276 exstinguenda
2573 4221 2636 4262 ea
2675 4189 2838 4264 fo'rtia
2865 4222 2977 4264 non
3023 4189 3301 4269 excusent.
3336 4189 3550 4284 Aperte

1950 4294 2149 4362 sciunt,
2171 4296 2298 4368 quia
2319 4297 2573 4367 antiquus
2591 4297 2763 4353 hostis
2781 4297 3073 4356 maximam
3091 4302 3550 4372 mrtemlututani

1950 4387 2165 4456 generis
2193 4402 2291 4458 per
2319 4389 2484 4443 robur
2512 4388 2688 4444 carnis
2717 4389 2770 4444 in
2792 4388 3203 4450 fornicationem
3224 4396 3548 4468 prmcipitat,

1951 4480 2043 4550 qui
2091 4487 2271 4536 tamen
2318 4495 2668 4551 carnemper
2705 4470 3106 4540 abstinentiam.
3133 4485 3406 4558 castigare
3433 4503 3549 4546 non

1950 4579 2162 4627 curant.
2207 4569 2298 4626 Sic
2336 4571 2499 4625 etiam
2537 4572 2788 4629 nonnulli
2831 4577 3123 4646 praesentia
3172 4577 3316 4638 mala
3359 4587 3549 4652 aperte

1953 4661 2311 4732 conspiciunt,
2343 4662 2440 4719 sed
2456 4661 2579 4720 haec
2605 4663 2777 4721 vitare
2803 4666 3028 4725 minime
3051 4678 3338 4728 conantur.
3361 4671 3548 4730 Bini-

1953 4754 2151 4810 mirum
2195 4768 2380 4810 ensem
2409 4762 2466 4810 et
2492 4754 2736 4812 lanceam
2779 4757 3010 4826 habent,
3037 4760 3136 4817 sed
3156 4761 3218 4818 in
3242 4775 3408 4819 manu
3435 4776 3550 4820 non

1951 4844 2175 4902 habent.
2201 4842 2352 4900 Bene
2381 4859 2511 4916 ergo
2540 4847 2594 4902 in
2623 4846 2712 4903 die
2737 4849 2910 4919 praelii
2934 4848 2992 4906 in
3019 4865 3182 4908 manu
3217 4851 3349 4908 Sani
3376 4860 3432 4910 et
3447 4850 3552 4910 Jo-

1953 4936 2134 4993 natba:
2173 4936 2318 4994 ensis
2349 4947 2407 4996 et
2431 4939 2620 4996 lancea
2651 4939 2936 4996 invenitur
2961 4957 2976 4994 :
2999 4941 3126 5012 quia
3165 4941 3348 5002 solum
3386 4943 3551 5005 clacu'

1951 5031 2054 5092 viri
2081 5043 2231 5106 sunt,
2261 5036 2356 5109 qui
2383 5045 2438 5092 et
2447 5037 2743 5108 praesentia
2769 5043 2824 5094 et
2847 5034 3194 5096 futuramala
3221 5037 3548 5112 intelligant.
3614 5070 3619 5074 ’

1956 5137 2013 5185 et
2032 5144 2096 5186 ea
2111 5129 2288 5187 cordis
2303 5129 2602 5186 intentione
2612 5129 3120 5190 vincereardentins
3137 5133 3546 5204 commiscent.

1956 5219 2113 5288 Quod
2142 5227 2325 5278 tamen
2355 5222 2460 5279 hoc
2483 5222 2609 5279 loco
2637 5221 2760 5280 ideo
2786 5220 3010 5290 dicitur,
3039 5223 3358 5295 utpopulus
3371 5226 3550 5300 ,298

1951 5311 2085 5368 nihil
2106 5312 2161 5368 in
2177 5327 2338 5368 manu
2355 5313 2592 5370 tenuisse
2621 5313 2902 5381 doceatur,
2917 5313 3011 5384 qui
3026 5327 3292 5382 vomeres.
3316 5313 3546 5384 ligones.

1948 5414 2190 5467 secures,
2218 5409 2274 5456 et
2298 5401 2540 5458 sarculos
2570 5409 2756 5459 tenere
2783 5401 3230 5464 ostenditunﬂis
3251 5403 3400 5462 enim
3425 5418 3548 5463 ver-

1946 5491 2030 5549 bis
2053 5509 2163 5548 uon
2191 5492 2350 5550 electi
2375 5493 3113 5567 distinguunturareprohis,
3139 5496 3234 5552 sed
3252 5497 3545 5558 .hebetesa

1943 5585 2151 5658 peritis.
2181 5585 2289 5644 Sed
2313 5587 2438 5659 quia
2461 5587 2569 5658 jam
2594 5593 2834 5645 armatos
2855 5587 3003 5648 viros
3023 5589 3539 5662 αωιιίωιιεοωο-

1942 5680 2071 5739 dum
2094 5682 2403 5740 certaminis
2423 5681 2774 5754 explicemus.
2799 5679 3072 5753 Sequitur.

2559 5772 2788 5832 CAPUT
2823 5773 2914 5832 IV.

1982 5864 1984 5866 ’
2020 5871 2065 5944 (Ι
2089 5871 2234 5944 “Reg.
2271 5884 2384 5935 xiv,
2442 5867 2523 5941 t.)
2552 5867 2787 5943 Egressa
2813 5877 2894 5936 est
2929 5871 3090 5929 statis
3122 5869 3535 5929 Philistinorum
