4052 6338
463 435 569 496 359

2092 320 2226 339 ..δ”

1677 419 1920 478 SANCTI
1958 418 2288 478 GREGORII
2327 417 2542 476 MAGNI

3143 361 3155 375 ι
3180 352 3246 369 Α⁶·
3286 350 3360 379 7‘“

3645 421 3754 480 360

466 559 519 605 at
539 547 838 604 ascenderet
864 545 918 600 in
949 542 1211 616 Magmas,
1242 547 1292 595 et
1313 541 1502 594 accidit
1531 539 1754 611 quadam
1789 538 1871 591 die
1896 545 1951 589 ut
1982 537 2058 589 di-
2084 541 2132 597 Α
2162 542 2401 605 paretur.
2430 533 2652 590 Divitias
2678 547 2908 603 namque
2929 537 3359 598 contemnentes,
3382 536 3756 600 paupertatem

466 641 876 700 ceretJonathas
908 639 1048 710 [ilius
1083 635 1212 691 Saul
1244 635 1313 688 ad
1342 635 1714 688 adolescentem
1744 632 2055 699 armigerum
2163 625 2361 681 Christi
2404 627 2814 696 amplectentes,
2864 632 3178 696 spernentes
3213 621 3484 692 conjugia,
3517 635 3760 676 amorem

467 749 615 789 suum
647 747 665 786 :
700 729 858 793 Veni,
886 736 934 781 et
965 737 1286 780 transeamus
1332 723 1400 774 ad
1445 723 1722 775 stationem
1755 719 2060 774 Philistino-

469 841 600 887 rum,
633 837 746 893 qua:
773 828 849 874 est
891 827 1038 874 trans
1068 821 1238 872 locum
1266 815 1433 870 illum.

538 935 591 990 l.
617 933 1018 988 Philistinorum
1053 929 1216 985 statio
1238 928 1534 998 egreditur,
1559 925 1774 996 quando
1797 924 2062 981 malorum

468 1029 751 1101 spirituum
796 1025 956 1079 turba
1005 1022 1192 1078 electis
1238 1019 1508 1075 mentibus
1547 1035 1647 1090 per
1692 1017 2066 1088 suggestiones

468 1124 657 1179 noxias
705 1122 1130 1176 demonstratur.
1179 1115 1308 1184 Qua:
1357 1113 1608 1168 nimirum
1657 1111 1856 1168 idcirco
1901 1111 2065 1167 statio

470 1218 664 1274 dicitur
669 1258 699 1292 _,
747 1215 874 1284 quia
917 1213 1216 1266 electorum
1272 1207 1409 1262 bella
1457 1205 1853 1262 describuntur.
1911 1203 2069 1260 Stare

469 1308 668 1379 quippe
703 1302 948 1373 malignis
981 1299 1273 1371 spiritibus,
1323 1303 1406 1351 est
1449 1296 1504 1350 in
1553 1295 1851 1352 electorum
1891 1307 2068 1366 pugna

471 1412 693 1470 magnas
737 1395 880 1450 vires
924 1405 1197 1448 exercere.
1241 1388 1374 1443 Nam
1406 1387 1599 1442 stando
1646 1387 1876 1442 validius
1906 1400 2072 1441 unus-

471 1492 720 1564 quisque,
749 1501 909 1557 quam
935 1482 1200 1550 sedendo,
1228 1481 1416 1537 conari
1447 1480 1514 1536 ad
1537 1480 1736 1550 aliquid
1764 1477 2071 1535 faciendum

475 1589 676 1655 potest.
704 1578 1112 1635 Philistinorum
1143 1575 1306 1643 igitur
1329 1573 1493 1629 statio
1521 1587 1736 1643 egressa
1766 1572 1982 1637 dicitur,
2011 1576 2073 1626 ut

479 1676 785 1732 daemonum
815 1679 1042 1727 conatus
1071 1668 1125 1724 in
1149 1667 1293 1723 bello
1333 1675 1521 1722 nostro
1547 1675 1734 1735 aperte
1766 1666 2071 1737 colligatur.

475 1767 542 1823 Et
570 1766 698 1838 quia
727 1764 878 1819 velut
907 1777 966 1819 se
996 1760 1299 1822 inferiores,
1325 1767 1487 1830 atque
1507 1759 1745 1814 minores
1765 1759 2074 1830 opprimere

477 1859 660 1914 ﬁdeles
690 1855 964 1925 cogitant,
1005 1853 1058 1907 in
1109 1851 1349 1920 Magmas
1394 1849 1692 1906 ascendere
1737 1849 2074 1919 egredientes

2167 719 2437 790 pudicitia:
2467 735 2682 790 semper
2713 717 2970 788 amplecti
3009 717 3230 772 debent.
3261 715 3474 770 Habent
3503 715 3762 770 continuo

2166 811 2256 866 isti
2298 811 2628 880 insurgentia
2669 809 2982 880 gravissima
3019 808 3201 879 przelia
3242 806 3440 871 carnis,
3479 805 3557 860 illi
3590 805 3766 876 impu-

2167 903 2478 974 gnationem
2508 903 2688 959 cordis
2713 922 2726 957 :
2756 904 2882 973 quia
2909 917 3012 958 nec
3039 909 3327 972 paupertas
3349 900 3540 956 leviter
3569 898 3764 968 fertur,

2169 1009 2272 1051 nec
2316 995 2434 1051 sine
2465 995 2672 1064 magnis
2714 995 2978 1064 agonibus
3005 994 3278 1064 pudicitia:
3323 1007 3552 1064 corpora
3582 991 3767 1059 subju-

2170 1096 2386 1158 gantur.
2422 1086 2575 1144 Unde
2597 1089 2737 1144 bene
2765 1102 2863 1160 per
2881 1090 3166 1156 quemdam
3192 1088 3493 1158 sapientem
3522 1085 3720 1141 dicitur
3750 1103 3766 1139 :

2170 1179 2304 1250 Fili,
2323 1182 2571 1236 accedens
2592 1183 2661 1235 ad
2681 1183 2978 1236 servitutem
3001 1179 3122 1249 Dei,
3151 1190 3234 1234 sta
3253 1182 3308 1234 in
3333 1182 3538 1244 timore,
3564 1190 3615 1232 et
3637 1195 3773 1250 prc-

2172 1289 2304 1343 para
2332 1274 2560 1326 animam
2590 1281 2732 1326 tuam
2746 1273 2815 1326 ad
2847 1273 3180 1327 tentationem
3206 1270 3396 1344 (Eccli.
3429 1288 3486 1337 ιι,
3513 1270 3590 1342 1).
3610 1269 3774 1337 Quasi

2173 1361 2319 1417 dicat
2351 1381 2362 1416 :
2396 1361 2532 1430 Quia
2562 1363 2748 1434 egredi
2780 1363 2998 1418 voluisti
3037 1363 3105 1418 de
3144 1363 3265 1419 loco
3294 1362 3630 1428 muniminis,
3679 1376 3778 1416 ne-

2174 1467 2328 1510 cesse
2342 1461 2496 1509 estut
2510 1453 2624 1524 jam
2644 1455 2852 1526 patenti
2865 1455 3010 1511 bello
3027 1463 3218 1511 contra
3235 1454 3528 1511 fortissima
3539 1454 3777 1510 hostium

2177 1555 2356 1604 castra
2406 1547 2686 1606 muniaris.
2719 1547 2859 1603 Dum
2904 1562 3035 1619 ergo
3066 1559 3208 1605 trans
3255 1551 3426 1604 locum
3467 1548 3636 1614 illum,
3669 1563 3780 1603 non

2174 1640 2333 1694 istum
2369 1637 2521 1706 dicit,
2575 1639 2860 1695 doctorum
2906 1638 3171 1696 Jonathas
3218 1641 3474 1696 virtutem
3519 1638 3779 1704 insinuat,

2176 1731 2270 1803 qui
2293 1747 2390 1803 per
2416 1730 2691 1803 singulare
2720 1731 3061 1803 propositum
3091 1731 3387 1802 religionis,
3409 1745 3628 1801 semper
3653 1736 3782 1785 sunt

2177 1823 2234 1880 in
2263 1832 2452 1896 aperto
2480 1840 2675 1896 campo
2705 1824 3039 1881 certaminis.
3076 1823 3144 1878 Et
3183 1824 3308 1896 quia
3337 1823 3406 1878 de
3437 1823 3606 1889 omni,
3637 1821 3786 1892 quod

475 1911 822 2025 ῥᾷἑεὲἶιίγὲι
854 1949 908 2002 in
950 1911 1226 2014 'Magmas'
1241 1941 1536 1999 ascendere
1564 1911 1832 2014 gestiunt,
1858 1945 2076 2014 quando
2106 1937 2153 1998 Β
2179 1921 2400 2025 ξ⁸¹ῗ¹¹¹¹⁶ξ
2420 1913 2699 2025 δίπξίθίξηίξ
2720 1911 2788 2014 δεῖ
2810 1913 2958 2025 οηξξξί
2981 1912 3127 2025 qugd
3150 1913 3404 2025 {‘Obfmer
3425 1911 3786 2025 "jumpham'

477 2041 825 2114 parvulorum
857 2036 1022 2093 corda
1052 2033 1303 2104 decipere
1331 2034 1594 2090 tentando
1622 2035 1944 2092 moliuntur.
1968 2034 2078 2092 Sed

478 2133 640 2190 electi
668 2129 1073 2201 praedicatores,
1123 2125 1251 2180 dum
1279 2132 1487 2181 tentata
1527 2126 1694 2182 corda
1738 2115 2077 2183 subditorum

485 2222 816 2292 intelligunt,
859 2219 1000 2275 ferre
1027 2218 1225 2274 auxilia
1254 2234 1364 2274 non
1386 2226 1687 2279 morantur.
1713 2219 1825 2277 Hos
1849 2221 1997 2278 velut
2024 2221 2081 2278 in

482 2324 604 2374 tuto
650 2321 938 2386 reponunt,
968 2312 1090 2368 illos
1132 2326 1319 2368 secum
1348 2311 1416 2366 ad
1460 2312 1808 2368 sustentanda
1838 2313 2080 2385 pericula

483 2406 750 2463 bellorum
771 2405 993 2460 ducunt.
1018 2403 1157 2471 Quid
1185 2413 1268 2459 est
1293 2403 1434 2475 quod
1463 2403 1532 2459 ab
1553 2404 1694 2459 bella
1718 2407 1950 2476 armiger
1977 2406 2080 2461 du-

482 2499 644 2563 citur,
669 2497 773 2553 nisi
801 2496 927 2566 quia
949 2511 1046 2566 per
1067 2495 1352 2550 scientiam
1375 2494 1570 2550 eruditi
1597 2494 1797 2550 subditi
1825 2497 1891 2550 ad
1915 2496 2083 2552 inter-

483 2605 680 2647 uorum
733 2588 1089 2645 certaminum
1154 2587 1441 2642 victoriam
1507 2589 1866 2658 promovendi
1917 2577 2082 2646 sunt?

482 2679 712 2752 Quidam
735 2696 970 2751 namque
992 2687 1160 2736 artem
1189 2679 1468 2753 physicam
1490 2681 1686 2748 sciunt,
1713 2681 1804 2753 qui
1832 2681 2084 2740 medendi

485 2775 876 2847 experientiam
906 2773 1154 2830 nesciunt
1185 2790 1200 2826 :
1229 2773 1308 2830 sic
1331 2772 1583 2829 nimirum
1607 2775 1660 2831 in
1688 2783 1871 2832 sancta
1898 2774 2085 2831 Eccle-

488 2867 574 2926 sia
603 2867 821 2938 quidam
856 2873 983 2921 sunt
1022 2865 1114 2936 qui
1144 2872 1317 2920 artem
1347 2864 1619 2920 interioris
1662 2880 1852 2936 pugnae
1880 2865 2084 2922 didice-

485 2967 632 3027 runt,
656 2959 751 3016 sed
769 2957 835 3013 ad
863 2958 1134 3014 districtus
1161 2957 1511 3013 necessitates
1531 2958 1886 3013 certaminum
1910 2957 2087 3013 adhuc

493 3051 742 3124 perducti
773 3065 881 3105 non
908 3057 1052 3105 sunt.
1084 3048 1305 3118 Magnos
1326 3049 1474 3104 viros
1501 3058 1799 3120 pugnantes
1827 3049 2084 3114 audiunt,

489 3141 588 3200 sed
630 3141 848 3212 praelia,
894 3154 1014 3210 quae
1057 3139 1236 3210 magni
1282 3139 1570 3210 magniﬁce
1609 3140 1863 3204 tolerant,
1903 3141 2088 3197 auditu

490 3233 686 3301 sciunt,
734 3231 935 3287 virtute
983 3230 1253 3286 nesciunt.
1285 3229 1444 3287 Tales
1482 3231 1680 3302 quippe
1722 3242 1846 3287 sunt
1887 3233 1980 3303 qui
2019 3233 2088 3289 ad

2175 2004 2450 2076 jactantite
2479 2012 2534 2060 et
2561 2003 2813 2059 elationis
2842 2003 3034 2059 vitium
3069 2004 3300 2073 fugiunt,
3321 2003 3566 2072 sequitur
3597 2020 3612 2056 :

2255 2095 2432 2170 (Vers.
2458 2095 2535 2164 ί.)
2565 2095 2719 2151 Patri
2747 2103 2920 2151 autem
2948 2112 3042 2151 suo
3073 2096 3169 2150 hoc
3191 2097 3363 2166 ipsum
3385 2112 3491 2149 non
3516 2095 3784 2149 indicavit.

2253 2188 2308 2244 3.
2350 2188 2613 2244 Tacendae
2661 2189 2881 2259 quidem
2911 2196 3041 2243 sunt
3077 2189 3373 2244 electorum
3417 2189 3676 2255 virtutes,
3723 2200 3788 2243 ne

2181 2296 2279 2354 per
2305 2280 2625 2352 jactantiam
2656 2281 2927 2349 dicantur,
2970 2280 3065 2336 sed
3092 2280 3388 2351 aliquando
3442 2281 3511 2334 ad
3542 2279 3641 2334 Dei
3670 2280 3786 2350 glo-

2183 2375 2320 2429 riam
2362 2389 2455 2429 eas
2484 2372 2833 2430 manifestare
2877 2373 3038 2444 culpa
3067 2389 3177 2429 non
3205 2384 3310 2430 est.
3350 2373 3488 2442 Quia
3516 2389 3649 2429 vero
3688 2389 3784 2430 nos

2185 2465 2240 2522 in
2267 2465 2398 2522 Saul
2428 2482 2654 2538 magnos
2699 2467 3083 2539 praedicatores
3109 2468 3493 2541 expressimus,
3524 2468 3631 2523 hoc
3656 2484 3782 2538 pro-

2185 2560 2358 2630 fecto,
2404 2560 2552 2630 quod
2585 2569 2796 2632 patrem
2842 2559 3105 2617 Jonathas
3149 2577 3342 2632 pugnae
3377 2562 3591 2616 initium
3619 2562 3784 2630 celat,

2185 2652 2317 2708 illud
2342 2652 2577 2708 insinuat
2609 2669 2624 2706 :
2655 2652 2782 2722 quia
2812 2667 3010 2722 magna
3040 2669 3160 2724 qua:
3191 2654 3398 2724 agimus
3417 2691 3434 2719 ,
3464 2654 3791 2723 quandoque

2186 2752 2411 2817 propter
2433 2745 2798 2801 humilitatem
2825 2746 3167 2802 laudabiliter
3193 2748 3452 2802 celamus.
3485 2745 3648 2803 Tales
3672 2747 3792 2817 qui-

2186 2839 2308 2895 dem
2337 2838 2444 2909 jam
2474 2837 2600 2894 facti
2631 2853 2730 2910 per
2770 2839 3176 2911 corruptionem
3207 2855 3394 2896 sumus
3413 2879 3428 2906 ,
3461 2847 3522 2894 ut
3551 2839 3684 2894 boni
3713 2839 3792 2894 vi-

2187 2934 2302 2990 deri
2333 2936 2496 2991 etiam
2527 2936 2594 2991 ab
2624 2935 2746 2999 illis,
2778 2935 2870 3005 qui
2909 2945 3151 3007 praesunt
3190 2936 3371 3004 nobis,
3415 2937 3534 2993 sine
3564 2936 3794 2995 elatione

2191 3040 2472 3095 nunquam
2517 3025 2784 3082 valemus.
2817 3023 2954 3082 Cum
2997 3041 3127 3098 ergo
3171 3026 3240 3083 de
3286 3026 3576 3084 manifesto
3628 3029 3796 3086 latens

2189 3115 2391 3171 malum
2417 3116 2659 3172 nascitur
2683 3157 2698 3184 ,
2730 3116 3006 3187 sapienter
3056 3117 3262 3173 bonum
3315 3117 3693 3185 absconditur,
3733 3133 3796 3177 ne

2193 3210 2339 3266 malo
2368 3209 2787 3281 superveniente
2815 3209 3140 3266 maculetur.
3167 3208 3275 3265 Sed
3303 3209 3444 3265 inter
3472 3209 3593 3264 haec
3624 3210 3796 3266 scien-

491 3299 750 3381 imitanda
794 3321 1021 3392 vestigia
1062 3321 1443 3392 Redemptoris
1473 3299 1786 3378 invitantur.
1822 3299 1924 3388 Qui
1959 3324 2086 3391 uult,

2194 3302 2320 3358 dum
2362 3309 2466 3370 est,
2494 3302 2619 3372 quia
2651 3301 2727 3357 illi
2774 3301 3004 3358 virtutes
3044 3300 3224 3356 celare
3263 3299 3502 3372 praelatis
3530 3300 3648 3358 suis
3694 3300 3796 3357 ista

493 3415 702 3486 inquit,
734 3414 906 3469 venire
950 3421 1067 3482 post
1091 3429 1201 3479 me,
1227 3411 1443 3486 abneget
1492 3415 1838 3484 semetipsum,
1870 3423 1918 3470 et
1939 3414 2086 3471 tollat

2195 3396 2520 3452 necessitate
2568 3403 2836 3466 possunt,
2893 3393 2988 3464 qui
3029 3393 3169 3450 bene
3211 3406 3544 3465 cognoscere
3599 3393 3795 3449 bonum

494 3522 700 3562 crucem
738 3523 905 3572 suam,
937 3513 988 3560 et
1014 3511 1255 3578 sequatur
1283 3522 1365 3560 me
1387 3503 1606 3577 (Matth.
1636 3521 1754 3571 xu,
1782 3504 1892 3578 24).
1924 3506 2089 3562 Arma
2194 3491 2341 3562 QUOd
2389 3498 2554 3561 380m
2575 3531 2591 3559 ν
2621 3489 2822 3545 50mm-
2863 3486 2919 3544 Si
2950 3487 3095 3544 enim
3139 3487 3300 3543 “imis
3335 3497 3462 3543 sum
3506 3487 3796 3558 Simplices:

493 3609 625 3652 vero
676 3595 925 3652 Jonathae
971 3605 1099 3651 sunt
1139 3597 1484 3652 hortamenta
1534 3596 1794 3654 doctoris.
1844 3597 2092 3670 Armiger

496 3704 630 3745 vero
658 3703 806 3743 arma
843 3697 1058 3759 portat,
1098 3706 1220 3744 cum
1268 3691 1462 3760 quibus
1503 3707 1611 3746 non
1655 3692 1798 3764 ipse,
1829 3693 1924 3748 sed
1953 3693 2093 3748 alius

497 3786 724 3851 pugnat.
754 3777 843 3833 Sic
872 3778 1126 3833 nimirum
1155 3788 1298 3846 sunt,
1319 3782 1411 3849 qui
1436 3783 1488 3835 in
1510 3790 1694 3838 sancta
1722 3780 1964 3838 Ecclesia
1996 3799 2094 3838 no-

499 3871 641 3926 viter
689 3870 1047 3925 instruuntur.
1097 3869 1233 3924 Dum
1279 3870 1422 3925 enim
1462 3871 1688 3927 virtutes
1720 3888 1751 3926 a
1780 3872 2094 3929 doctoribus

502 3961 747 4027 audiunt,
791 3961 987 4032 quibus
1017 3959 1118 4032 ipsi
1145 3960 1398 4017 doctores
1423 3969 1613 4017 contra
1643 3963 1904 4018 malorum
1931 3965 2093 4034 spiri-

501 4061 654 4110 tuum
673 4053 966 4109 versutiam
982 4061 1243 4124 pugnant,
1259 4053 1387 4108 illud
1411 4054 1660 4109 nimirum
1683 4056 1884 4110 habent
1899 4057 1952 4111 in
1975 4071 2093 4126 ore,

501 4147 647 4219 quod
690 4146 929 4202 nondum
969 4146 1171 4201 habent
1213 4147 1265 4200 in
1316 4145 1528 4203 virtutis
1567 4147 1916 4203 exhibitione.
1946 4148 2097 4203 Dixit

501 4252 632 4308 ergo
659 4236 916 4293 Jonathas
946 4239 1014 4290 ad
1046 4238 1357 4309 armigerum
1382 4254 1531 4293 suum
1561 4255 1575 4291 :
1611 4237 1757 4304 Veni,
1775 4249 2097 4295 transeamus

503 4333 574 4388 ad
594 4335 867 4389 stationem
891 4331 1288 4388 Philistinorum
1311 4349 1329 4386 :
1351 4332 1474 4403 quia
1498 4332 1657 4388 eleCti
1678 4332 1948 4398 doctores,
1973 4329 2102 4411 sub-

503 4425 648 4480 ditos
685 4441 812 4481 suos
854 4426 1051 4479 docent
1082 4439 1190 4478 non
1229 4425 1402 4478 solum
1447 4435 1639 4488 artem,
1681 4440 1786 4496 qua
1821 4424 2096 4494 dimicent,

506 4515 603 4571 sed
629 4515 794 4569 etiam
824 4515 891 4569 ab
914 4513 1054 4568 bella
1083 4514 1429 4584 pertrahunt,
1460 4529 1570 4584 quo
1602 4515 1953 4587 triumphent.

579 4606 634 4660 2.
664 4604 733 4660 Et
759 4605 884 4677 quia
927 4605 1137 4660 remissi
1169 4615 1414 4675 pastores
1443 4605 1610 4674 bella,
1657 4623 1776 4679 quae
1802 4607 2098 4673 insinuant,

2194 3599 2337 3656 saepe
2367 3599 2475 3639 non
2517 3590 2598 3638 est
2621 3582 2845 3647 bonum,
2877 3581 3027 3652 quod
3053 3595 3174 3637 esse
3199 3581 3402 3636 bonum
3432 3579 3796 3645 arbitrantur;

2197 3686 2254 3734 et
2300 3675 2432 3732 dum
2480 3676 2673 3731 vitium
2711 3675 2865 3745 quasi
2907 3675 3166 3730 virtutem
3206 3689 3315 3729 non
3356 3672 3628 3739 indicant,
3663 3674 3716 3729 in
3744 3685 3798 3728 se

2198 3769 2575 3826 absconditum
2602 3768 2817 3823 hostem
2855 3775 3099 3838 portant.
3132 3765 3286 3821 Unde
3315 3775 3370 3821 et
3395 3763 3681 3831 Jonathas,
3712 3765 3798 3835 qui

2195 3863 2338 3935 patri
2365 3863 2490 3918 belli
2519 3861 2856 3932 propositum
2887 3859 3044 3928 texit,
3076 3867 3260 3915 tantus
3289 3861 3547 3914 asseritur
3583 3867 3685 3913 :ut
3704 3857 3800 3916 sub

2198 3955 2317 4025 ejus
2338 3957 2539 4010 ducatu
2559 3969 2683 4023 pars
2703 3951 2972 4009 exercitus
2994 3952 3259 4024 producta
3283 3951 3572 4007 referatur.
3607 3950 3796 4021 Erant,

2200 4048 2395 4118 inquit,
2423 4047 2524 4102 duo
2567 4047 2734 4100 millia
2770 4047 2996 4102 virorum
3025 4062 3141 4100 cum
3181 4045 3314 4101 Saul
3355 4045 3411 4098 in
3455 4043 3722 4116 Magmas,
3755 4049 3802 4099 et

2199 4140 2255 4195 in
2285 4152 2458 4195 monte
2487 4139 2688 4206 Bethel,
2721 4138 2866 4192 mille
2894 4146 3065 4192 autem
3103 4153 3220 4191 cum
3249 4135 3482 4191 Jonatha
3515 4135 3571 4189 in
3620 4133 3798 4189 Gabaa

2201 4231 2479 4296 Beniamin
2509 4230 2564 4302 (Ι
2596 4230 2727 4302 Reg.
2759 4245 2885 4294 xm,
2916 4228 2996 4300 2).
3028 4227 3248 4284 Dicatur
3274 4242 3401 4298 ergo
3432 4225 3501 4282 de
3527 4224 3798 4282 Jonatha:

2202 4325 2354 4380 Patri
2382 4333 2552 4380 autem
2573 4341 2666 4379 suo
2697 4323 2793 4379 hoc
2817 4324 2986 4394 ipsum
3015 4338 3117 4376 non
3148 4321 3396 4375 indicavit
3419 4320 3581 4390 :quia
3605 4319 3798 4375 eruditi

2202 4417 2325 4486 viri,
2355 4417 2484 4472 dum
2522 4416 2774 4472 elationis
2802 4415 2994 4470 vitium
3036 4415 3312 4470 incurrere
3340 4413 3408 4468 de
3435 4413 3643 4482 magnis
3671 4427 3799 4484 ope-

2203 4513 2354 4568 ribus
2392 4512 2502 4568 suis
2531 4519 2802 4579 metuunt,
2834 4524 2898 4565 ea
2925 4509 3171 4563 nimirum
3201 4509 3332 4581 ipsis
3377 4507 3738 4572 abscondunt,
3767 4521 3798 4561 a

2205 4605 2401 4677 quibus
2431 4604 2675 4675 adjuvari
2699 4609 3012 4675 potuerunt.
3044 4600 3176 4669 Quae
3197 4602 3448 4657 nimirum
3478 4599 3798 4671 praedicato-

506 4698 782 4768 suscipere
831 4710 1170 4767 nequaquam
1206 4703 1414 4763 curant,
1457 4714 1566 4754 non
1611 4697 1742 4753 dicit
1772 4717 1786 4753 :
1816 4699 1988 4766 Vade,
2039 4707 2095 4755 et
2123 4697 2177 4777 Ῑ)
2201 4700 2278 4756 ris
2304 4699 2501 4756 auxilia
2529 4699 2725 4754 melius
2752 4698 3027 4765 discimus,
3058 4697 3103 4752 si
3127 4699 3274 4768 ipsos
3295 4696 3350 4752 in
3380 4697 3505 4752 loco
3532 4710 3645 4750 suae
3673 4709 3799 4768 per-

508 4789 678 4844 transi
707 4790 775 4844 ad
802 4789 1090 4843 stationem
1121 4786 1520 4844 Philistinorum
1553 4807 1566 4843 :
1594 4789 1688 4845 sed
1713 4807 1726 4843 :
1757 4789 1906 4858 Veni,
1933 4799 2103 4846 trans-

507 4899 706 4938 eamus.
756 4881 905 4937 Alios
948 4881 1164 4952 quidem
1218 4883 1286 4936 ad
1327 4891 1599 4938 certamen
1640 4894 1958 4955 provocant,
2003 4886 2099 4942 sed

509 4975 696 5030 eadem
725 4974 1020 5030 certamina
1042 4975 1142 5045 ipsi
1173 4974 1382 5045 priores
1405 4982 1634 5030 tentant.
1666 4974 1804 5047 Quid
1834 4991 1963 5033 vero
1989 4985 2094 5047 est,

510 5067 657 5136 quod
699 5068 863 5124 dicit:
896 5066 1026 5134 Quae
1052 5077 1129 5124 est
1154 5077 1299 5124 trans
1339 5069 1505 5124 locum
1543 5069 1724 5125 illum?
1749 5066 1856 5128 Sed
1876 5072 2096 5142 quidam

512 5158 664 5216 locus
703 5161 754 5215 in
781 5172 962 5218 sancta
994 5161 1234 5240 Ecclesia
1259 5171 1361 5228 est,
1376 5163 1466 5234 qui
1495 5165 1704 5233 magnis
1730 5166 1924 5237 praaliis
1946 5166 2098 5223 clau-

511 5265 748 5320 sus,non
765 5254 1045 5321 expositus
1059 5262 1160 5309 est.
1179 5253 1464 5312 Possidere
1495 5256 1712 5326 quidem
1741 5259 1880 5312 bona
1905 5258 2097 5324 seculi,

512 5357 738 5397 uxorem
787 5342 1008 5409 ducere,
1057 5342 1196 5400 ﬁlios
1247 5361 1576 5416 procreare,
1620 5347 1982 5403 blandimenta
2029 5348 2098 5404 de

515 5433 764 5487 omnibus
789 5434 952 5489 rebus
980 5433 1142 5488 licitis
1170 5437 1487 5506 corporibus
1515 5437 1798 5506 exhibere,
1827 5454 1894 5496 eo
1923 5439 2098 5496 muni-

517 5530 630 5578 tum
660 5525 726 5579 ab
767 5525 924 5580 hoste
960 5540 1182 5584 manere
1210 5537 1315 5594 est,
1340 5543 1447 5598 quo
1474 5530 1674 5599 aliquid
1706 5531 2015 5600 impositum
2042 5532 2098 5590 in

517 5630 586 5673 eo
615 5619 803 5673 ordine
829 5619 1022 5688 positis
1047 5635 1336 5677 onerosum
1363 5637 1470 5677 non
1498 5630 1600 5677 est.
1628 5619 1736 5677 Sed
1759 5622 1900 5676 hunc
1923 5621 2099 5678 locum

516 5707 566 5764 si
593 5708 715 5777 quis
760 5707 1000 5766 melioris
1027 5710 1150 5766 vitte
1178 5711 1443 5768 desiderio
1472 5727 1730 5770 accensus
1756 5713 1986 5768 transire
2013 5713 2100 5769 ui-

517 5799 671 5867 titur,
700 5814 924 5859 necesse
954 5811 1120 5860 estut
1146 5803 1213 5861 ad
1250 5805 1564 5878 gravissima
1601 5805 1742 5863 bella
1781 5806 1941 5879 299
1968 5821 2104 5878 prae.-

2205 4792 2458 4848 fectionis
2487 4792 2790 4847 videamus.
2821 4788 2956 4845 Nam
2983 4789 3229 4861 sequitur
3254 4807 3267 4843 :

2277 4883 2456 4956 (Vers.
2489 4883 2568 4956 2.)
2605 4883 2770 4938 Porro
2812 4882 2944 4938 Saul
2982 4881 3287 4938 morabatur
3313 4883 3370 4936 in
3397 4891 3633 4936 extrema
3656 4889 3800 4952 parte

2202 4977 2387 5033 Gabaa
2419 4987 2443 5015 ιι
2475 4975 2567 5031 sub
2589 4976 2726 5032 malo
2755 4985 2997 5048 granato,
3027 4992 3141 5048 quae
3169 4985 3280 5030 erat
3300 4977 3355 5029 in
3383 4973 3634 5047 Magron.

2269 5070 2324 5125 4.
2355 5069 2562 5138 Gabaa,
2583 5069 2910 5141 ut_diximus,
2933 5069 3088 5124 collis
3109 5070 3525 5140 interpretatur;
3555 5066 3800 5136 Magron,

2199 5163 2268 5221 de
2289 5163 2444 5220 fauce
2464 5164 2680 5220 dicitur.
2712 5163 3104 5219 Prtedicatores
3126 5173 3307 5218 autem
3338 5161 3510 5216 sancti
3538 5161 3800 5216 sublimes

2199 5253 2361 5310 valde
2392 5262 2541 5320 sunt,
2573 5269 2682 5309 non
2704 5253 2879 5310 solum
2909 5268 3094 5323 opere,
3140 5252 3239 5308 sed
3279 5253 3441 5308 etiam
3465 5251 3800 5322 contempla-

2200 5348 2369 5403 tione.
2399 5346 2653 5402 Extrema
2683 5360 2812 5416 ergo
2851 5361 2976 5417 pars
3016 5347 3117 5402 ista
3159 5345 3462 5401 sublimitas
3493 5355 3578 5401 est
3598 5347 3796 5416 operis,

2202 5441 2390 5496 intima
2418 5455 2550 5496 vero
2591 5441 2702 5507 illa,
2748 5439 3240 5511 contemplationis.
3283 5437 3387 5494 Per
3413 5439 3555 5493 hanc
3584 5437 3800 5507 quidem

2202 5541 2500 5590 extremam
2544 5541 2754 5604 partem
2801 5548 2912 5591 sua:
2949 5533 3301 5601 celsitudinis,
3331 5531 3398 5587 ad
3427 5533 3739 5603 exemplum
3766 5546 3799 5586 a

2203 5626 2361 5682 nobis
2389 5626 2826 5696 conspiciuntur;
2855 5641 2952 5697 per
2974 5625 3120 5682 illam
3147 5641 3276 5682 vero
3305 5625 3571 5693 intimam,
3603 5624 3658 5679 in
3679 5638 3795 5678 ma-

2204 5731 2310 5788 gno
2324 5733 2510 5775 amore
2531 5718 2798 5775 conditori
2819 5719 3096 5790 conjuncti
3121 5726 3263 5775 sunt.
3285 5717 3394 5775 llos
3410 5717 3626 5788 quidem
3641 5715 3794 5771 nobis

2207 5819 2446 5868 extrema
2494 5819 2646 5884 parte
2689 5811 3037 5871 sublimitatis
3074 5829 3185 5872 sua:
3227 5812 3491 5886 propheta
3520 5809 3793 5868 mirandas

593 5972 620 6056 ἢ
663 5962 804 6023 Male
847 5962 942 6024 hic
967 5974 1025 6024 et
1045 5954 1184 6024 infra
1207 5964 1264 6023 in
1317 5964 1436 6023 aliis
1487 5963 1658 6023 Editis
1695 5963 1914 6038 legitur,
1959 5968 2099 6027 male
2136 5977 2358 6044 grauata
2387 5979 2443 6026 et
2458 5950 2634 6026 .malus
2663 5974 2905 6042 grauata.
