4052 6338
200 472 304 532 561

1029 487 1098 543 ΙΝ
1136 487 1405 548 PRIMUM
1443 492 1687 551 REGUM
1724 496 2252 565 EXPOSITIONES.
2290 538 2360 553 —-
2397 512 2524 569 LlB.
2566 516 2629 573 V.

3368 540 3475 593 ΜΖ

198 589 474 659 ostendit,
504 592 719 664 quando
748 594 823 650 ait
852 613 865 650 :
899 595 1000 663 Qui
1029 612 1148 656 sunt
1175 604 1283 672 isti,
1314 606 1402 675 qui
1432 616 1489 660 ut
1516 609 1673 664 nubes
1700 626 1789 665 υο-
1814 615 1871 675 Α
1902 633 1912 644 ·
1962 613 2014 669 6.
2042 616 2239 676 Achias
2264 638 2494 696 namque
2516 628 2881 686 umbraculum
2903 640 3090 693 nostro
3115 654 3366 702 sermone
3392 647 3470 703 di-

195 687 334 753 tant,
360 694 411 739 et
434 688 584 758 quasi
605 688 850 744 columba:
871 690 941 744 ad
965 693 1217 764 fenestras
1242 698 1402 751 suas?
1428 698 1565 769 (Isa.
1588 718 1681 769 ω,
1706 702 1786 774 8.)

193 776 396 835 Volant
441 781 642 851 quippe
671 790 729 837 ut
775 783 943 841 nubes
986 803 1001 840 :
1043 788 1167 856 quia
1214 804 1246 843 a
1290 790 1581 859 gravedine
1618 794 1786 863 culpa:

191 880 321 927 sum
363 872 533 940 leves,
564 882 621 928 et
647 875 819 942 gratia
864 877 1037 933 sancti
1076 879 1306 950 Spiritus
1354 882 1409 938 in
1446 883 1590 941 bono
1618 900 1785 956 opere

189 967 425 1023 veloces.
456 968 622 1034 Quasi
643 970 901 1025 columba:
939 986 1070 1028 vero
1100 982 1226 1028 sunt
1252 974 1318 1030 ad
1346 975 1629 1046 fenestras,
1657 980 1783 1048 quia

189 1062 259 1116 ad
289 1063 595 1133 exemplum
617 1079 714 1133 per
739 1064 880 1120 bona
907 1082 1071 1134 Opera
1100 1083 1161 1123 se
1187 1068 1365 1137 nobis,
1396 1072 1549 1140 quasi
1574 1087 1672 1143 per
1695 1073 1781 1127 fo-

186 1154 397 1211 ramina
421 1157 722 1226 porrigunt,
744 1158 834 1213 sed
853 1158 920 1213 de
936 1167 1154 1219 ostensa
1170 1161 1292 1217 vita:
1315 1164 1597 1230 munditia,
1610 1165 1781 1221 laudis

186 1249 433 1318 appetitu
454 1264 798 1319 nequaquam
819 1252 979 1322 300
998 1254 1299 1324 capiuntur.
1317 1256 1422 1312 Sed
1440 1265 1496 1312 et
1517 1259 1616 1313 sub
1636 1258 1779 1315 malo

183 1350 413 1411 granato
436 1358 531 1399 rex
554 1344 790 1411 residet;
815 1347 939 1415 quia
960 1347 1014 1401 in
1036 1349 1224 1404 umbra
1245 1348 1623 1421 Redemptoris
1641 1368 1778 1423 prae-

182 1431 397 1488 dicator
408 1434 650 1504 requiem
667 1436 848 1491 habet.
861 1436 1055 1509 Magno
1067 1440 1284 1508 quidem
1298 1442 1485 1499 labore
1497 1442 1772 1515 fatigatur,

180 1522 278 1579 sed
303 1524 594 1580 verborum
618 1525 831 1582 Domini
855 1529 1228 1587 consolatione
1254 1532 1512 1589 reﬁcitur.
1544 1534 1700 1592 Unde
1719 1545 1777 1593 et

179 1612 371 1668 eadem
398 1615 571 1670 malus
605 1617 765 1672 arbor
794 1618 847 1671 in
876 1633 940 1674 eo
968 1619 1119 1687 loco,
1153 1622 1247 1692 qui
1269 1623 1337 1679 de
1375 1624 1531 1680 fauce
1557 1626 1773 1698 dicitur,

175 1706 379 1760 morari
408 1707 738 1777 perhibetur.
763 1707 901 1775 Quid
925 1712 1069 1766 enim
1091 1713 1193 1768 hoc
1212 1714 1337 1771 loco
1360 1716 1505 1771 istud
1526 1717 1593 1772 de
1614 1717 1773 1775 fauce

173 1794 374 1853 dicitur
403 1798 580 1869 aptius
596 1815 756 1870 quam
779 1803 953 1857 sancti
969 1802 1242 1874 Evangelii
1272 1807 1498 1865 dulcedo
1521 1808 1769 1880 designa-

170 1890 299 1944 tur?
328 1890 418 1946 Sic
457 1891 598 1946 enim
644 1908 784 1948 nunc
833 1896 1033 1950 morari
1083 1897 1139 1951 in
1167 1899 1356 1954 umbra
1386 1899 1770 1973 Redemptoris

1889 704 2049 763 citur.
2078 708 2216 775 Quid
2244 729 2374 770 vero
2416 732 2514 787 per
2554 721 2924 778 umbraculum
2963 727 3069 784 hoc‘
3097 731 3150 785 in
3178 732 3337 802 loco,
3367 739 3470 799 nisi

1885 888 2122 946 minores
2146 896 2417 962 quoslibet
2443 900 2511 955 ab
2540 904 2768 960 occultis
2796 908 3123 969 adversariis
3153 926 3465 988 protegunt,

1884 992 1982 1047 per
2010 982 2374 1040 umbraculum
2416 998 2566 1045 recte
2604 992 2970 1064 designantur.
3004 1000 3107 1067 Qui
3131 1015 3310 1062 autem
3342 1026 3462 1064 um-

1880 1067 2103 1128 braculo
2146 1077 2365 1147 residet,
2416 1082 2664 1140 ardorem
2707 1089 2837 1145 solis
2875 1095 3077 1151 sentire
3106 1114 3212 1154 non
3262 1111 3463 1171 potest.

1882 1159 1991 1217 Cur
2032 1179 2160 1221 vero
2207 1168 2261 1222 in
2303 1184 2461 1227 sacro
2504 1175 2721 1246 eloquio
2751 1183 3058 1241 umbracula
3087 1190 3463 1260 praedicantur,

1879 1251 1980 1307 nisi
2010 1257 2135 1325 quia
2164 1260 2325 1315 etiam
2351 1264 2518 1321 solem
2544 1272 2831 1340 reprobum
2851 1279 3163 1352 ostendunt,
3191 1300 3298 1354 quo
3318 1289 3462 1343 viror

1877 1348 2075 1405 mentis
2105 1354 2381 1410 exuritur?
2407 1356 2482 1413 De
2509 1375 2617 1429 quo
2643 1364 2893 1422 nimirum
2923 1371 3038 1427 sole
3062 1373 3274 1433 Veritas
3305 1380 3355 1433 in
3380 1380 3461 1434 di-

1876 1437 2085 1496 visione
2125 1447 2388 1503 seminum
2429 1451 2557 1508 dicit
2591 1472 2605 1508 :
2639 1457 2767 1514 Urto
2802 1462 2932 1529 sole,
2973 1480 3217 1524 aruerunt
3246 1471 3461 1543 (Matth.

1876 1541 1991 1597 xm,
2016 1530 2094 1602 6).
2127 1532 2363 1595 Fervens
2382 1542 2581 1614 quippe
2606 1547 2768 1603 ardor
2785 1556 3233 1623 concupiscentia:
3251 1530 3333 1617 sol
3357 1574 3459 1630 est,

1876 1620 1966 1689 qui
1995 1623 2142 1679 velut
2169 1626 2289 1684 luce
2320 1632 2570 1705 candeat,
2609 1638 2705 1694 sed
2745 1643 2838 1712 qui
2889 1620 3149 1719 mentem,
3183 1653 3268 1707 cui
3298 1654 3460 1725 lucet,

1874 1722 2086 1769 exurat.
2111 1716 2247 1773 Dum
2277 1736 2407 1791 ergo
2436 1728 2703 1796 majorum
2732 1736 3196 1799 exhortationibus
3220 1748 3458 1802 omnium

1874 1807 2435 1876 concupiscentiarum
2463 1817 2828 1879 blandimenta
2876 1831 3194 1901 respuimus,
3220 1849 3328 1904 quo
3358 1838 3458 1893 ali~

1872 1893 1947 1961 bi,
2011 1912 2174 1966 quam
2250 1903 2304 1957 in
2368 1908 2695 1967 umbraculo
2755 1931 2970 1974 amoeno
3039 1925 3454 1995 substernimur,

168 1992 463 2049 possumus
486 2026 500 2048 ,
530 1984 574 2037 si
605 1984 858 2040 videlicet
885 1988 1051 2043 verba
1079 1988 1196 2057 ejus
1236 1991 1303 2044 ad
1334 1993 1765 2052 consolationem
1799 2002 1845 2061 Β
1871 1984 2029 2058 301.
2062 1988 2152 2044 “bi
2178 1996 2536 2054 ίθιιῑθῑίοηιιω
2566 2001 2810 2060 incendia
2836 2008 3205 2070 declinemus?
3236 2017 3344 2073 Sed
3374 2021 3455 2075 di-

168 2069 244 2125 de
274 2070 689 2142 Evangeliorum
730 2076 1080 2134 meditatione
1108 2082 1404 2150 capiamus.
1435 2082 1543 2141 Sed
1584 2086 1638 2140 in
1664 2088 1768 2144 hoc

163 2164 411 2219 residere
434 2166 667 2234 quietius
689 2169 1069 2237 praedicatores
1089 2183 1336 2243 possunt,
1355 2176 1446 2246 qui
1474 2193 1583 2248 quo
1608 2182 1767 2237 altius

164 2261 228 2308 et
255 2254 477 2325 propius
494 2257 625 2312 illud
646 2259 837 2315 divina:
858 2261 1028 2319 faucis
1062 2267 1278 2323 verbum
1299 2270 1617 2341 suscipiunt,
1643 2274 1764 2329 dul-

160 2344 285 2400 cius
334 2349 667 2418 saginantur.
711 2351 839 2408 Hacc
868 2354 1028 2409 etiam
1070 2372 1233 2413 causa
1275 2368 1359 2416 est
1388 2377 1494 2431 qua
1518 2379 1614 2419 rex
1633 2352 1763 2421 Saul

159 2453 277 2494 non
305 2450 481 2508 stare,
514 2458 689 2514 neque
717 2445 938 2511 sedere,
976 2449 1072 2504 sed
1098 2452 1300 2507 morari
1327 2455 1427 2509 sub
1468 2456 1611 2512 malo
1635 2471 1760 2526 gra-

158 2540 296 2586 nato
344 2533 400 2587 in
440 2532 661 2604 Magron
700 2536 920 2605 dicitur;
954 2541 1079 2610 quia
1122 2543 1397 2612 perfectus
1434 2546 1624 2604 doctor
1664 2550 1760 2606 Dei

162 2620 417 2680 docibilis
446 2634 530 2681 est
562 2644 575 2679 :
602 2636 658 2682 et
684 2629 809 2683 dum
837 2646 1063 2700 pascere
1092 2634 1213 2690 cibo
1240 2636 1377 2693 alios
1405 2640 1619 2711 nititur,
1643 2643 1760 2712 ipse

154 2715 579 2773 multiformium
607 2720 920 2778 deliciarum
946 2724 1307 2794 spiritualium
1352 2730 1635 2788 dulcedine
1666 2749 1756 2788 sa-

152 2805 346 2860 tiatur.
378 2807 515 2864 Nam
558 2810 685 2866 dum
729 2811 1108 2887 Redemptoris
1150 2835 1363 2876 amoma
1415 2824 1757 2894 singulariter

149 2896 379 2965 aspicit,
414 2899 467 2953 in
496 2900 1223 2976 miram'contemplationem
1257 2911 1510 2967 virtutum
1538 2917 1707 2987 surgit
1737 2935 1752 2972 :

144 2996 216 3043 et
245 2991 400 3059 quasi
426 2992 493 3048 de
521 3010 630 3049 uno
674 2998 880 3053 cortice
908 2999 1137 3069 plurima
1166 3016 1331 3071 grana
1372 3006 1592 3076 colligit,
1627 3009 1754 3063 dum

141 3092 257 3151 per
286 3097 355 3136 ea
384 3086 581 3153 omnia,
612 3102 732 3156 quin
760 3089 815 3145 in
836 3089 1257 3163 Redemptorem
1286 3098 1499 3166 recolit,
1529 3100 1755 3156 delicio-

138 3187 272 3227 sam
304 3184 536 3231 mentem
557 3189 831 3248 gratanter
869 3183 1033 3240 ducit.
1074 3186 1133 3242 In
1154 3188 1257 3244 hac
1277 3190 1494 3258 quidem
1516 3190 1751 3275 Redem-

139 3265 329 3335 ptoris
353 3271 663 3329 amoenitate
684 3289 883 3345 sponsa
900 3291 960 3333 se
979 3279 1308 3351 requievisse
1329 3283 1609 3353 gloriatur,
1629 3274 1751 3357 quae

1870 2078 2130 2138 minutive
2158 2087 2529 2147 umbraculum
2583 2094 2835 2155 Ecclesiae
2865 2104 3113 2163 minister
3145 2109 3362 2180 dicitur,
3395 2125 3453 2170 ut

1869 2169 2223 2244 Redemptori
2279 2195 2441 2238 nemo
2482 2199 2847 2257 comparetur.
2900 2194 2976 2252 De
3028 2199 3170 2256 illius
3223 2220 3455 2275 namque

1865 2267 2205 2332 protectione
2248 2286 2447 2342 sponsa
2500 2278 2557 2333 in
2609 2280 2847 2341 Canticis
2890 2290 3176 2361 gloriatur,
3218 2296 3450 2356 dicens:

1865 2354 1975 2410 Sub
2005 2360 2186 2416 umbra
2205 2364 2366 2436 illius,
2393 2387 2538 2438 quem
2568 2354 2998 2447 desideraverom,
3033 2387 3143 2441 sedi
3162 2354 3355 2461 '(Cnnt.
3389 2354 3450 2462 it,

1861 2446 1939 2519 5).
1968 2448 2033 2504 Et
2054 2451 2336 2513 Psalmista
2374 2460 2802 2534 deprecans,'ait
2834 2489 2847 2524 :
2882 2446 2992 2528 Sub
3020 2446 3200 2534 umbra
3243 2446 3450 2540 alarum

1860 2548 2068 2599 tuarum
2110 2558 2319 2623 protege
2367 2572 2449 2609 me
2491 2557 2665 2629 (Psal.
2698 2578 2806 2630 xvr,
2838 2564 2914 2635 9).
2945 2568 3052 2625 Sed
3095 2576 3237 2630 unde
3268 2586 3448 2636 tantus

1860 2633 2056 2692 Achias
2087 2638 2189 2694 iste
2246 2648 2511 2716 procedit,
2545 2654 2853 2725 exponitur,
2874 2633 3009 2727 quia
3039 2662 3180 2719 lilius
3214 2633 3448 2726 Achitob

1859 2738 1982 2781 esse
2010 2741 2360 2792 memoratur.
2391 2737 2641 2809 Achitob,
2661 2743 2827 2802 frater
2852 2764 3004 2807 meus
3030 2753 3202 2812 bonus
3225 2757 3443 2817 dicitur.

1859 2815 1989 2883 Quis
2030 2820 2189 2891 igitur
2224 2826 2325 2882 iste
2375 2828 2543 2887 frater
2586 2836 2761 2892 bonus
2811 2839 3144 2916 intelligitur,
3192 2850 3293 2906 nisi
3335 2853 3445 2909 Re-

1856 2908 2110 2981 demptor
2137 2920 2358 2974 noster?
2398 2920 2589 2979 Frater
2612 2928 2830 2999 quippe,
2861 2908 3219 3002 quiavnaturae
3246 2952 3445 3001 nostrae

1856 3005 2127 3076 particeps
2159 3027 2172 3062 :
2203 3011 2298 3067 sed
2342 3013 2535 3084 bonus,
2581 3021 2674 3089 qui
2712 3031 2958 3081 naturam
2997 3040 3234 3088 nostram
3282 3050 3444 3105 quam

1854 3096 2112 3167 suscepit,
2155 3100 2222 3156 ab
2251 3111 2451 3162 aeterna
2482 3118 2657 3167 morte
2672 3112 2939 3173 liberavit.
2964 3119 3061 3176 Vel
3089 3124 3280 3194 bonus,
3298 3096 3441 3199 quia

1853 3199 2042 3243 omnes
2094 3206 2195 3247 nos
2243 3195 2371 3250 mali
2401 3212 2605 3268 sumus,
2653 3205 2866 3263 dicente
2891 3211 3009 3280 ipso
3036 3230 3050 3266 :
3082 3213 3146 3269 Si
3189 3234 3276 3273 vos
3310 3222 3438 3276 mali

1853 3297 1969 3335 cum
1997 3284 2130 3348 sitis,
2162 3292 2326 3343 nostis
2355 3291 2490 3346 bona
2520 3295 2644 3349 data
2688 3297 2815 3354 dare
2843 3303 2969 3369 [iliis
2989 3309 3170 3362 vestris
3219 3310 3434 3381 (Matth.

141 3357 285 3413 dicit
321 3377 334 3413 :
381 3361 491 3416 Sub
546 3366 727 3422 umbra
771 3369 902 3441 ejus,
961 3390 1108 3445 quem
1157 3375 1595 3445 desideraveram,
1638 3381 1749 3435 sedi

156 3449 323 3473 trp“.
368 3470 406 3473 η
452 3454 505 3473 η.
557 3457 577 3473 π
732 3462 744 3473 .
925 3466 937 3473 .
1107 3468 1119 3473 -
1296 3470 1308 3473 _

1854 3388 1947 3441 νιι,
1980 3375 2092 3446 ii).
2126 3378 2321 3436 Achias
2367 3399 2496 3454 ergo
2527 3386 2666 3445 ﬁlius
2710 3357 3182 3455 Achi'tobdicitu'r
3212 3357 3235 3455 ξ
3252 3415 3311 3458 ιιι
3346 3407 3439 3473 qui

154 3449 340 3519 (Cant.
366 3470 423 3521 ll,
452 3454 531 3528 5).
557 3457 616 3514 In
638 3462 827 3519 umbra
848 3466 1048 3537 quippe
1071 3468 1188 3537 ejus
1216 3470 1409 3527 sedere
1438 3482 1521 3529 est
1548 3474 1603 3529 in
1632 3475 1749 3544 ejus

144 3546 617 3616 contemplatione
642 3555 1000 3623 requiescere.
1033 3558 1163 3628 Ejus
1185 3569 1334 3618 certe
1360 3567 1747 3636 contemplatio

145 3633 348 3688 umbra
382 3643 499 3704 est,
534 3639 659 3706 quia
687 3641 741 3695 in
770 3642 889 3713 ejus
914 3647 1120 3704 visione
1149 3654 1500 3722 protegimur,
1528 3672 1597 3712 ne
1626 3658 1744 3714 dia-

136 3719 328 3778 bolica
360 3727 659 3785 tentatione
686 3732 834 3789 velut
861 3736 991 3793 solis
1013 3719 1208 3798 ardore
1251 3719 1611 3815 denigremur.
1642 3749 1745 3817 Qui

132 3825 279 3883 ergo
310 3822 422 3870 tam
465 3818 768 3878 sublimiter
802 3827 1166 3897 requiescunt,
1196 3830 1340 3891 ferre
1359 3852 1419 3891 se
1450 3840 1742 3896 consulen-

130 3902 294 3958 tibus
341 3907 539 3965 auxilia
590 3912 797 3969 utiliter
823 3927 1072 3985 possunt.
1123 3920 1229 3978 Sed
1275 3932 1453 3983 tamen
1494 3932 1739 3988 nonnulli

127 3995 312 4051 electi
347 3998 538 4057 subditi
565 4002 690 4060 dum
718 4006 1085 4067 infirmitatem
1130 4018 1403 4087 propriam
1446 4033 1735 4094 metuunt;

129 4088 279 4143 dum
310 4090 485 4146 solum
515 4094 679 4152 Deum
708 4102 898 4170 agonis
933 4106 1019 4159 sui
1046 4114 1237 4164 testem
1267 4112 1580 4181 requirunt,
1611 4124 1736 4172 tan-

126 4185 325 4233 torum
347 4180 620 4241 hominum
637 4187 837 4257 judicia
858 4192 1087 4262 fugiunt,
1112 4207 1221 4254 uta
1242 4180 1361 4257 solo
1381 4202 1492 4260 Deo
1517 4206 1571 4261 in
1593 4207 1733 4265 bona

124 4284 237 4326 sua
269 4272 487 4331 actione
516 4278 816 4338 videantur.
851 4284 997 4342 Bene
1026 4303 1154 4358 ergo
1177 4300 1232 4347 et
1258 4293 1387 4350 Saul
1416 4296 1468 4351 in
1492 4307 1733 4356 extrema

124 4370 297 4432 parte
329 4362 511 4422 Gabaa
538 4371 637 4426 sub
658 4374 801 4429 malo
830 4387 1055 4445 granato
1085 4383 1283 4437 morari
1314 4384 1526 4454 dicitur,
1561 4396 1617 4444 et
1640 4389 1735 4446 Jo-

128 4452 334 4511 nathas
367 4456 494 4513 belli
525 4465 860 4531 propositum
891 4468 941 4523 ei
969 4485 1078 4525 non
1112 4472 1376 4533 indicasse
1409 4496 1423 4531 :
1448 4479 1574 4548 quia
1604 4481 1732 4538 dum

125 4543 382 4613 perfecte
410 4563 602 4608 cavere
631 4555 919 4614 elationem
946 4577 1054 4617 non
1078 4579 1385 4637 possumus,
1414 4570 1637 4640 bonum,
1662 4575 1732 4631 de

122 4648 244 4702 quo
268 4637 419 4693 nasci
448 4649 648 4713 potest,
671 4648 921 4722 omnibus
950 4653 1207 4711 abscondi
1226 4658 1409 4717 debet.
1441 4637 1726 4734 Sequitur:

200 4908 257 4963 5.
279 4909 396 4967 Hoc
418 4930 645 4975 numero
671 4920 843 4980 fortes
868 4925 1015 4982 viros
1034 4925 1091 4983 in
1129 4929 1275 4988 bono
1290 4948 1459 5005 Opere
1478 4938 1725 5008 superius

116 4999 405 5071 designari
444 5008 697 5083 diximus,
751 5018 845 5088 qui
882 5035 1004 5075 cum
1051 5036 1179 5092 rege
1209 5039 1328 5082 esse
1373 5030 1719 5089 referuntur:

112 5095 257 5163 quia
302 5111 400 5167 per
426 5103 661 5161 studium
696 5107 826 5165 boni
857 5114 1059 5184 operis,
1089 5119 1387 5177 concordes
1426 5132 1553 5178 sunt
1600 5127 1723 5183 vitae

113 5184 372 5245 doctoris
398 5187 499 5249 sui.
531 5196 638 5254 Sed
685 5201 887 5259 habent
914 5208 1295 5277 praedicatores
1336 5212 1589 5273 Ecclesia:
1617 5221 1717 5276 sub

1853 3465 1911 3521 in
1939 3465 2181 3525 Ecclesia
2228 3482 2479 3543 potentes
2527 3488 2675 3550 sunt,
2718 3498 2909 3541 eorum
2939 3492 3183 3558 potentia
3209 3509 3278 3549 ex
3322 3498 3435 3553 sola

1849 3557 2228 3632 Redemptoris
2275 3567 2576 3629 imitatione
2622 3576 2701 3631 eis
2748 3557 3254 3643 inesseisentiatur.
3287 3590 3435 3650 ldem

1847 3666 1978 3708 vero
1999 3655 2228 3715 Achitob
2254 3659 2421 3719 frater
2444 3665 2665 3725 lchabot
2684 3675 2962 3743 asseritur,
2987 3680 3110 3750 quia
3141 3697 3172 3737 a
3202 3684 3433 3741 transla-

1845 3743 1996 3801 tione
2034 3746 2227 3817 Tgloriiie
2278 3766 2639 3829 nuncupatur.
2694 3763 2829 3822 Nam
2880 3743 3209 3845 Redemptor
3246 3786 3434 3835 noster

1844 3841 2141 3898 secundum
2171 3861 2389 3904 carnem
2418 3851 2487 3907 de
2525 3851 2831 3914 Judteorum
2857 3868 3021 3929 gente
3057 3841 3139 3920 est
3179 3876 3356 3924 natus.
3384 3870 3431 3931 Α

1840 3950 1950 4006 quo
1978 3939 2231 3997 nimirum
2278 3947 2500 4017 populo,
2553 3952 2679 4020 quia
2732 3956 2907 4012 omnis
2953 3967 3174 4017 ornatus
3218 3964 3430 4035 templi,

1840 4044 2029 4089 omnes
2051 4037 2436 4096 sacrificiorum
2472 4043 2629 4114 ritus,
2658 4049 2839 4104 omnia
2864 4049 3260 4122 Scripturarum
3284 4073 3429 4128 mys-

1839 4122 1977 4178 teria
2029 4125 2097 4180 ad
2138 4130 2396 4197 gentilem
2444 4137 2702 4204 populum
2750 4142 3107 4210 transierunt,
3145 4122 3429 4205 translatio

1837 4213 2025 4283 gloriae
2046 4215 2102 4272 in
2132 4219 2366 4278 Achitob
2397 4222 2563 4281 fratre
2592 4236 2742 4283 recte
2771 4239 3121 4287 memoratur.
3145 4234 3267 4306 lpse
3286 4254 3427 4307 quo.

1836 4322 1944 4377 que
1991 4312 2224 4370 Achitob
2275 4315 2508 4374 Phinees
2547 4319 2711 4375 fuisse
2740 4321 2878 4378 illius
2909 4324 3104 4383 dicitur
3132 4346 3145 4383 :
3178 4330 3302 4401 quia
3325 4330 3425 4388 Ια-

1836 4400 2024 4457 daicus
2053 4405 2286 4474 populus
2313 4407 2367 4462 in
2397 4411 2598 4466 erroris
2618 4412 2699 4467 sui
2721 4414 2962 4485 perﬁdia,
2994 4435 3099 4490 qua
3129 4400 3419 4492 seimersit,

1834 4492 2077 4561 ejusdem
2106 4498 2282 4566 gentis
2310 4514 2420 4554 suac
2447 4500 2698 4561 doctores
2726 4521 2787 4563 se
2814 4508 2974 4565 valde
3012 4513 3297 4583 nequiores
3323 4516 3421 4573 ha-

1832 4583 1971 4640 buit.
2009 4586 2159 4644 Unde
2208 4600 2264 4646 et
2297 4593 2440 4649 idem
2488 4595 2739 4668 Phinees,
2788 4618 2851 4660 os
2887 4614 3112 4677 mutum,
3159 4610 3303 4679 sive,
3336 4616 3421 4669 ori

1832 4875 1895 4916 os
1920 4877 2063 4917 nunc
2087 4879 2210 4922 esse
2239 4871 2604 4939 cognoscitur,
2656 4877 2785 4943 quia
2836 4879 2965 4935 dum
2993 4880 3415 4955 Redemptorein

1828 4952 2048 5022 repulit,
2080 4955 2390 5027 loquentem
2419 4963 2474 5018 in
2504 4978 2564 5020 se
2591 4966 2719 5021 olim
2752 4968 3009 5040 Spiritum
3046 4952 3250 5045 pariter
3273 4979 3414 5033 ami~

1828 5039 1919 5095 sit.
1944 5040 2047 5108 Qui
2076 5046 2355 5104 etiam'ori
2382 5066 2608 5121 parcens
2636 5064 2787 5114 recte
2817 5059 3031 5131 dicitur,
3058 5065 3185 5134 quia
3214 5067 3293 5122 sic
3319 5084 3411 5125 se-

1826 5131 1933 5187 mel
1960 5133 2016 5190 in
2052 5145 2205 5193 reatu
2239 5142 2374 5197 tanti
2399 5146 2671 5214 sanguinis
2692 5150 2909 5221 cecidit,
2936 5162 2996 5208 ut
3022 5131 3122 5224 per
3147 5158 3412 5227 pmniten~
3482 5230 3486 5236 .

1829 5221 1979 5288 tiam,
2010 5232 2068 5281 et
2095 5227 2490 5289 confessionem
2520 5236 2589 5291 ad
2617 5252 2740 5295 eum
2793 5243 3034 5298 converti
3066 5260 3411 5316 nequaquam

106 5294 205 5350 se,
239 5297 350 5338 non
378 5286 552 5344 solum
580 5293 671 5362 qui
698 5310 892 5368 magna
918 5308 1098 5370 agant,
1126 5303 1223 5359 sed
1244 5312 1300 5361 et
1318 5307 1466 5363 verbi
1492 5313 1716 5368 commi-

106 5370 329 5428 nistros
372 5377 466 5445 qui
512 5394 725 5441 summa
771 5387 1020 5446 doceant.
1071 5392 1284 5451 Habent
1309 5397 1493 5467 duces,
1524 5403 1617 5472 qui
1646 5405 1715 5461 ad

102 5461 268 5519 bella
311 5465 581 5531 ferventes
624 5477 919 5552 roborent,
949 5484 1148 5541 habent
1173 5488 1265 5558 qui
1292 5461 1559 5549 audacter.
1590 5512 1714 5551 cur-

100 5565 268 5619 rant,
302 5558 506 5618 habent
528 5566 621 5636 qui
646 5577 902 5639 potenter
925 5582 1230 5646 protegant.
1256 5579 1403 5640 Bene
1430 5600 1559 5647 ergo
1585 5589 1714 5645 sub—-

91 5645 362 5717 jungitur
386 5672 399 5708 :
1006 5650 1009 5651 ν

196 5742 375 5812 (Vers.
408 5749 487 5823 3.)
511 5749 710 5810 Ἆειιίαε
728 5758 871 5828 filius
899 5748 1315 5835 Achuob‘fratm
1346 5759 1583 5838 Ichubot,
1613 5774 1715 5843 ﬁlii

1820 5314 2011 5383 possit.
2061 5315 2154 5372 Ori
2193 5318 2356 5389 igitur
2405 5340 2634 5394 parcens
2684 5329 2898 5399 dicitur,
2950 5335 3075 5403 quia
3096 5314 3407 5394 conﬁtendo

1818 5405 1908 5475 pie
1935 5407 2253 5468 erubescere
2280 5413 2619 5485 dedignatur.
2643 5420 2760 5487 Quo
2774 5433 2961 5481 contra
2987 5426 3180 5484 beatus
3207 5428 3308 5485 Job
3338 5446 3407 5488 ex

1817 5513 2052 5570 persona
2114 5519 2500 5564 conversorum
2548 5514 2833 5585 promittit,
2863 5518 3048 5576 dicens
3076 5537 3092 5574 :
3123 5520 3248 5577 Non
3275 5541 3401 5595 par-

1816 5605 1931 5643 cam
1959 5593 2037 5646 ori
2065 5611 2199 5664 meo,
2247 5598 2430 5668 loquar
2453 5602 2509 5655 in
2537 5602 2870 5662 tribulatione
2896 5611 3109 5681 spiritus
3135 5615 3237 5669 mei
3276 5593 3398 5687 (Job

1815 5696 1909 5747 vn,
1943 5682 2054 5754 tt).
2103 5686 2211 5742 Sed
2245 5690 2369 5759 quia
2394 5692 2520 5748 item
2550 5688 2825 5766 religionis
2860 5700 3173 5772 dignitatem
3218 5708 3271 5762 in
3286 5682 3400 5777 pa-

1820 5774 2066 5831 triarchis
2099 5788 2153 5832 et
2188 5782 2465 5850 prophetis
2491 5784 2700 5855 habuit,
2748 5788 2889 5846 idem
2926 5792 3158 5853 Phinees
3178 5813 3248 5853 ex
3274 5774 3397 5853 lleli

1569 5830 1579 5838 -
1613 5830 1625 5843 ι
2052 5830 2057 5831 ί
2110 5830 2147 5832 ἡκ
2188 5830 2239 5849 ι-
2260 5830 2464 5850 την--
2491 5830 2700 5855 --ν····9
2748 5830 2889 5846 mw.-
2926 5830 2949 5845 ι
2971 5830 3158 5853 ιιιιιςω
3178 5830 3248 5853 ω
3274 5830 3397 5853 ucu

90 5830 368 5903 Phinees,
395 5841 483 5911 qui
502 5852 647 5900 ortus
672 5850 924 5919 fueratea:
944 5850 1070 5910 Heli
1117 5830 1384 5915 sacerdote
1425 5860 1636 5921 Domini
1661 5868 1715 5923 in
1818 5867 2100 5925 sacerdote
2131 5871 2340 5938 Domini
2366 5883 2523 5933 natus
2560 5881 2834 5943 asseritur.
2871 5883 2995 5942 ‘Heli
3022 5891 3223 5960 quippe
3254 5888 3397 5945 Deus

90 5922 236 5960 .Qﬂn
280 5926 382 5960 nu:
402 5938 643 5960 _-_4-L...
670 5938 710 5960 υ
755 5947 766 5960 .
829 5945 849 5960 ι

84 5922 256 5983 Silo.
280 5926 382 5994 Qui
401 5938 643 5998 portabat
661 5938 867 6003 Ephori.
1701 5922 1707 5923 ί
1823 5975 1996 6033 meus,
2017 5963 2131 6023 Silo
2156 5967 2348 6032 missus
2385 5940 2791 6044 interpretatur.
2820 5979 2905 6039 Dii
2940 5922 3073 6043 verb
3104 5922 3392 6054 :li’quando

446 6046 720 6113 PA'rtmL.
758 6056 1022 6123 LXXIX

2914 6097 2991 6159 12
