4052 6338
294 399 404 459 365

1122 402 1189 458 ΙΝ
1228 400 1492 460 PRIMUM
1533 396 1773 458 REGUM
1810 397 2326 463 EXPOSITIONES.
2368 437 2441 448 —
2476 405 2606 463 LIB.
2649 408 2714 463 V.

3456 413 3564 476 366

289 514 401 574 Silii
429 513 499 571 ad
523 511 764 569 diversos
803 511 1104 571 animarum
1134 515 1357 572 morbos
1383 516 1650 572 curandos
1677 513 1869 586 praedi-
1897 515 1944 574 A
1975 511 2148 572 Tanto
2167 518 2379 587 quidem
2400 523 2502 576 erit
2526 528 2646 592 post
2673 531 2954 592 peccatum
2973 526 3416 598 concupiscentia
3442 551 3558 592 ma-

287 617 452 667 cator
489 608 676 676 utitur,
719 609 843 680 quia
875 610 1016 666 idem
1059 611 1342 668 consilium
1387 611 1494 665 alta
1523 609 1720 671 mentis
1748 623 1882 664 con-

298 703 624 758 sideratione
675 704 1181 773 comprehenditur,
1239 703 1376 759 bene
1429 702 1574 758 unde
1619 700 1881 757 Jonathas

291 795 532 852 transire
559 793 626 849 ad
653 796 944 852 stationem
985 795 1388 853 Philistinorum
1421 795 1649 867 appetit,
1688 808 1880 850 ascen-

295 902 391 944 sus
419 903 539 945 esse
568 889 936 959 perhibentur.
971 887 1037 942 Et
1072 890 1196 960 quia
1241 890 1308 945 ad
1350 888 1740 960 expugnandos
1765 902 1881 942 ma-

297 979 476 1051 lignos
519 982 739 1052 spiritus
777 999 807 1037 a
849 992 1198 1053 peccatorum
1227 981 1475 1040 cordibus
1517 981 1698 1052 plures
1739 977 1880 1034 (ltili-

294 1082 528 1137 cultates
554 1081 792 1148 obviant,
828 1091 995 1152 petrae
1041 1083 1182 1137 inter
1218 1097 1474 1138 ascensus
1519 1096 1640 1136 esse
1669 1095 1877 1134 memo-

295 1183 500 1228 rantur.
549 1173 688 1240 Quid
733 1175 880 1229 enim
929 1189 1026 1244 per
1053 1175 1185 1230 istas
1213 1175 1345 1230 duas
1391 1182 1596 1244 petras,
1627 1173 1879 1228 videlicet

296 1261 463 1318 Bores
504 1272 558 1318 et
585 1263 746 1332 Sene,
777 1264 879 1319 nisi
910 1265 1344 1335 concupiscentia
1371 1274 1427 1320 et
1466 1273 1749 1335 peccatum
1779 1265 1876 1318 de-

293 1355 576 1423 signatur?
623 1355 791 1410 Bores
828 1355 1026 1426 quippe
1085 1356 1137 1410 in
1176 1355 1408 1425 primatu
1454 1355 1686 1420 dicitur,
1736 1352 1877 1409 Sene

293 1449 398 1516 sol,
421 1449 535 1504 sive
564 1447 788 1512 additio.
821 1448 966 1504 Bene
992 1457 1171 1503 autem
1197 1449 1645 1518 concupiscentiae
1673 1447 1874 1518 prima-

291 1549 382 1596 tus
404 1556 602 1595 nomen
629 1542 899 1608 convenit,
951 1541 1076 1611 quia
1110 1541 1225 1611 ipsa
1270 1541 1420 1610 prior
1447 1547 1680 1595 mentem
1711 1554 1873 1594 occu-

294 1641 406 1703 pat,
438 1648 598 1704 quam
627 1649 688 1690 se
718 1647 868 1688 mens
896 1641 1122 1704 peccato
1165 1633 1491 1688 substernat.
1530 1631 1673 1687 Solis
1711 1629 1873 1685 etiam

293 1726 513 1780 nomine
551 1734 699 1780 recte
742 1727 949 1796 peccati
997 1725 1287 1780 delectatio
1327 1723 1588 1793 ﬁguratur
1625 1721 1790 1792 :quia
1839 1736 1871 1777 a

292 1818 536 1874 veritatis
565 1818 760 1873 intuitu
794 1818 993 1873 mentis
1017 1819 1204 1874 oculos
1231 1818 1452 1884 claudit,
1484 1824 1532 1872 et
1568 1815 1636 1870 ad
1665 1815 1871 1872 vanita-

1982 603 2091 674 jor,
2123 618 2326 678 quanto
2355 611 2468 683 ipsa
2497 613 2598 669 sibi
2642 629 2763 672 esse
2803 615 2994 686 incipit
3022 620 3229 689 peccati
3272 623 3562 688 delectatio

1983 700 2208 766 gratior.
2236 702 2344 758 Sed
2373 704 2575 774 primus
2601 707 2852 778 scapulas
2879 723 2948 763 ex
2977 709 3204 768 adverso
3229 711 3468 784 Magmas
3495 720 3566 775 si-

1979 797 2088 856 tus,
2137 793 2274 848 alter
2313 804 2501 852 contra
2529 796 2714 853 Gabaa
2742 801 3048 868 prominere
3086 806 3418 874 perhibetur.
3448 811 3564 866 Ma-

1983 897 2154 953 gmas,
2184 893 2242 939 ut
2263 886 2375 956 jam
2406 890 2538 945 satis
2575 891 2828 961 diximus,
2872 894 3165 964 humilitas,
3199 899 3379 956 Gabaa
3406 904 3564 960 collis

1982 973 2390 1044 interpretatur.
2421 978 2503 1033 Ex
2523 980 2749 1036 adverso
2777 984 2961 1054 utique
2988 990 3424 1058 concupiscentia
3456 995 3562 1049 hu-

1981 1065 2265 1122 militatem
2321 1069 2503 1134 habet,
2558 1071 2980 1131 blandimentum
3021 1093 3150 1134 vero
3190 1084 3396 1150 peccati
3443 1100 3558 1142 cm-

1980 1155 2168 1211 lestem
2196 1161 2680 1217 conversationem.
2713 1163 2897 1222 Omnis
2923 1168 3088 1237 enim,
3119 1171 3211 1240 qui
3241 1172 3406 1230 vetita
3429 1191 3562 1232 con-

1979 1248 2224 1317 cupiscit,
2278 1250 2403 1305 dum
2454 1264 2837 1324 praeceptorem
2881 1259 3140 1329 despicit,
3180 1267 3560 1335 superbit.-Ex

1979 1337 2206 1397 adverso
2228 1342 2410 1412 itaque
2440 1343 2796 1406 humilitatem
2819 1349 3002 1420 habet,
3027 1367 3189 1422 quam
3215 1357 3269 1412 in
3300 1359 3560 1415 obedien-

1977 1432 2066 1486 tia:
2109 1431 2454 1492 devotionem
2492 1453 2600 1492 non
2652 1440 2868 1496 retinet.
2893 1441 2999 1497 Sed
3027 1453 3084 1498 et
3126 1461 3217 1516 qut
3249 1448 3302 1503 in
3351 1453 3561 1520 peccati

1975 1520 2206 1590 fervore,
2249 1525 2395 1582 velut
2421 1527 2714 1584 meridiana
2761 1531 3006 1589 claritate
3036 1537 3340 1606 resolvitur,
3369 1549 3558 1597 cutura

1973 1613 2178 1682 Gabaa,
2211 1618 2265 1675 id
2295 1628 2379 1677 est
2403 1621 2596 1676 collem
2626 1625 2917 1693 prominet,
2947 1628 3072 1696 quia
3099 1629 3228 1684 dum
3246 1631 3560 1690 adversatur

1976 1705 2303 1773 ccelestibus,
2329 1711 2500 1778 poenis
2527 1714 2776 1770 tartareis
2799 1726 3151 1785 praeparatur.
3179 1718 3286 1775 Sed
3322 1723 3449 1792 quia
3479 1731 3559 1780 ta-

1976 1793 2056 1850 les
2083 1795 2244 1852 etiam
2265 1797 2332 1853 ad
2359 1808 2614 1860 aeternam
2642 1803 2806 1858 vitam
2831 1803 3152 1863 Sanctorum
3175 1811 3560 1878 prmdicatione

291 1921 404 1970 tem
435 1910 627 1982 aperit.
682 1908 831 1965 Unde
857 1918 914 1965 et
955 1910 1009 1964 in
1057 1911 1247 1981 primis
1290 1909 1596 1965 hominibus
1623 1923 1653 1962 a
1683 1907 1874 1964 seduc-

1976 1886 2361 1982 perducuntur,
2403 1891 2642 1960 ipsorum
2681 1896 3093 1964 praedicatorum
3119 1902 3354 1958 studium
3383 1906 3439 1961 in
3464 1905 3558 1963 Jo-

287 2012 413 2059 tore
455 2003 646 2072 spiritu
692 2016 791 2072 per
842 2008 1148 2072 serpentem
1193 2001 1390 2058 dicitur
1421 2020 1434 2056 :
1467 1999 1532 2055 In
1580 2015 1875 2071 quacunque

293 2098 378 2151 die
407 2097 731 2152 comederitis
759 2097 823 2150 de
847 2097 1009 2167 ligno,
1039 2097 1174 2167 quod
1213 2105 1287 2152 est
1316 2098 1369 2151 in
1411 2094 1578 2150 medio
1619 2093 1871 2164 paradisi,

287 2189 592 2256 aperientur
632 2189 770 2257 oculi
810 2189 965 2242 vestri
1009 2186 1216 2257 (lienes.
1247 2193 1349 2258 nt).
1381 2186 1438 2241 ln
1483 2185 1874 2241 comessatione

283 2279 512 2350 quidem
542 2280 655 2348 illa,
708 2281 983 2350 peccando
1033 2280 1204 2349 aperti
1235 2286 1358 2334 sunt
1405 2277 1546 2334 oculi
1577 2283 1876 2346 transgres-

283 2385 504 2440 oorum,
545 2381 605 2427 nt
633 2371 776 2427 falsae
823 2373 960 2428 lucis
1001 2371 1182 2427 radios
1226 2372 1281 2430 in
1331 2369 1663 2440 experientia
1692 2367 1872 2426 delicti

290 2463 654 2533 perciperent,
687 2471 742 2518 et
772 2479 802 2518 a
832 2477 1076 2534 superna:
1123 2461 1382 2517 claritatis
1408 2460 1514 2516 alta
1539 2460 1872 2531 contempla-

282 2554 443 2610 tione
470 2553 783 2622 caligarent.
829 2553 887 2608 In
910 2553 1052 2612 hanc
1073 2553 1278 2623 quippe
1305 2552 1478 2607 lucem
1502 2550 1714 2621 aperire
1741 2565 1872 2627 ocn-

281 2646 376 2701 =los
402 2645 678 2700 Psalmi~ta
709 2645 1001 2715 refugiens,
1033 2645 1316 2706 Dominum
1348 2644 1616 2708 obsecrat,
1647 2643 1865 2698 dicens:

285 2737 472 2795 Averte
499 2739 672 2796 oculos
701 2753 862 2802 meos,
886 2755 950 2793 ne
969 2737 1175 2792 videant
1193 2737 1468 2792 vanitatem
1493 2734 1665 2804 (Psal.
1687 2748 1866 2800 cxvnt,

284 2828 402 2899 57).
436 2827 584 2883 lianc
613 2828 802 2884 beatus
829 2827 930 2884 Job
960 2829 1068 2884 alta
1106 2837 1291 2884 mente
1316 2826 1638 2896 despiciens.
1665 2824 1871 2894 perfec-

281 2929 464 2978 turum
495 2922 702 2976 meritis
739 2937 798 2977 se
838 2922 1000 2976 inseri
1042 2930 1324 2990 exoptans,
1377 2921 1454 2973 ait
1491 2936 1505 2972 :
1547 2917 1704 2978 Nunc
1733 2919 1867 2973 enim

283 3014 548 3071 dormiens
577 3014 812 3081 silerem,
861 3023 911 3067 et
955 3029 1136 3069 somno
1163 3028 1276 3068 meo
1311 3011 1675 3082 requiescerem
1707 3025 1724 3064 :
1754 3017 1863 3074 ait,

282 3107 421 3160 sicut
449 3105 728 3160 abortivum
765 3106 1120 3162 absconditum
1147 3122 1251 3161 non
1279 3104 1608 3160 subsistercm
1631 3120 1648 3157 :
1678 3103 1757 3159 vel
1777 3104 1865 3173 qui

279 3200 522 3267 concepti
569 3218 671 3254 non
701 3200 936 3255 viderunt
965 3201 1129 3256 lucem
1166 3198 1332 3270 (Joh,
1363 3215 1438 3265 ιιι,
1472 3197 1583 3268 15).
1614 3196 1716 3263 Qui
1739 3204 1865 3251 sunt

1977 1977 2154 2036 natha':
2178 1979 2322 2037 facto
2347 1983 2641 2044 videamus.
2673 1986 2806 2043 Nam
2835 1989 3079 2058 sequitur
3105 2009 3118 2044 :

2050 2069 2225 2141 (Vers.
2251 2073 2329 2143 6.)
2356 2074 2504 2141 Veni,
2527 2086 2850 2136 transeamus
2877 2081 2947 2134 ad
2973 2083 3249 2139 stationem
3281 2087 3549 2146 incircum-

1977 2162 2201 2220 cisorum
2249 2163 2448 2233 horum,
2495 2169 2542 2223 si
2587 2170 2722 2239 forte
2772 2171 2932 2241 faciat
2970 2171 3225 2229 Dominus
3262 2193 3358 2247 pro
3385 2178 3554 2250 nobis,

1974 2257 2098 2328 quia
2125 2274 2228 2312 non
2255 2269 2332 2313 est
2365 2259 2590 2321 Domino
2608 2263 2819 2333 difﬁcile
2860 2265 3082 2335 sulcare,
3114 2269 3192 2323 vel
3227 2270 3284 2324 in
3325 2273 3557 2328 multitu-

1975 2348 2115 2415 dine,
2141 2351 2216 2406 vel
2245 2352 2300 2405 in
2328 2354 2528 2422 paucis.

2046 2440 2136 2498 14.
2168 2441 2299 2514 Quae
2326 2453 2408 2500 est
2427 2446 2590 2504 statio
2634 2446 3059 2520 Pbilistinorum,
3107 2453 3210 2510 nisi
3248 2456 3414 2511 robur
3439 2472 3556 2513 ma-

1972 2533 2240 2604 lignorum
2269 2537 2591 2608 spirituum?
2615 2540 2802 2601 Sancti
2827 2545 3030 2600 etenim
3048 2546 3168 2613 viri,
3191 2563 3316 2603 cum
3341 2549 3408 2605 ad
3429 2565 3555 2620 pee-

1973 2637 2220 2689 catorum
2262 2633 2654 2692 correctionem
2703 2651 2764 2692 se
2792 2647 3117 2709 prmparant,
3156 2651 3346 2710 aperte
3380 2643 3557 2700 sciunt

1973 2723 2096 2790 quia
2143 2737 2264 2780 cum
2313 2723 2378 2778 de
2418 2725 2558 2785 oculo
2607 2727 2773 2796 lapsis
2813 2729 3018 2796 angelis
3065 2739 3324 2800 pugnant.
3367 2731 3554 2801 Pugna

1971 2827 2102 2881 ergo
2131 2813 2262 2878 ha-c,
2291 2815 2418 2882 quia
2443 2816 2758 2884 angelorum
2793 2827 2881 2874 est
2917 2827 2974 2876 et
3014 2820 3316 2884 hominum,
3347 2837 3554 2892 puerie-

1973 2912 2060 2958 tur
2082 2919 2112 2962 α
2137 2903 2366 2962 fortibus
2405 2922 2528 2963 cum
2567 2907 2812 2972 inﬁrmis,
2833 2924 2962 2966 cum
2989 2911 3328 2982 simplicibus
3364 2914 3434 2969 ob
3458 2930 3552 2970 as-

1972 2997 2122 3055 tutis.
2151 2995 2284 3052 Nam
2321 2999 2388 3060 ab
2414 2999 2501 3063 his
2544 2999 2776 3058 fortibus
2809 3002 3072 3061 inanium
3112 3014 3418 3076 acceperat,
3454 3008 3549 3076 qui

1969 3086 2184 3142 dicebat
2214 3105 2229 3143 :
2258 3087 2530 3148 Irruenmt
2551 3091 2605 3146 in
2625 3108 2707 3150 me
2735 3093 2916 3163 fortes,
2935 3111 3100 3164 neque
3120 3097 3369 3168 iniquitas
3407 3114 3548 3168 mea,

1969 3195 2130 3250 neque
2150 3188 2414 3250 peccatum
2439 3198 2626 3249 meum,
2659 3182 2880 3241 Domine
2903 3184 3077 3256 (Psal.
3108 3203 3256 3252 mn,
3281 3188 3358 3260 4).
3385 3189 3548 3245 Astu-

274 3288 395 3352 isti,
421 3289 517 3343 nisi
566 3292 657 3358 qui
703 3306 928 3360 peccare
980 3291 1188 3347 fortiter
1226 3291 1515 3347 caverunt?
1547 3287 1693 3344 Unus
1731 3302 1860 3357 ergo

1970 3271 2070 3328 tias
2100 3272 2232 3342 lapsi
2255 3275 2430 3343 angeli
2451 3277 2615 3332 etiam
2637 3275 3086 3344 Paulnsintuens,
3107 3281 3215 3335 ait:
3244 3279 3370 3336 Non
3387 3282 3540 3353 igno-

273 3381 537 3449 scopulus
565 3381 750 3446 Bores,
782 3382 914 3437 alter
940 3381 1084 3436 Sena
1108 3381 1321 3445 dicitur,
1353 3381 1481 3449 quia
1511 3380 1556 3435 si
1585 3378 1864 3446 concupis-

273 3471 458 3535 centia
484 3472 537 3526 in
569 3480 747 3530 tuente
767 3472 868 3528 sibi
898 3473 1075 3528 locum
1115 3471 1371 3534 vindicat,
1402 3461 1640 3538 ejusdem
1667 3469 1864 3527 mentis

263 3565 468 3624 oculos
491 3564 558 3619 ad
587 3563 850 3632 placidum
881 3563 1086 3633 peccati
1124 3563 1568 3627 blandimentum,
1615 3561 1768 3630 quasi
1798 3561 1864 3615 ad

270 3654 408 3716 solis
435 3654 612 3707 lucem
646 3651 928 3708 videndam
952 3652 1112 3709 levat.
1163 3652 1308 3708 Bene
1335 3653 1461 3708 item
1491 3661 1656 3722 petae
1681 3653 1862 3706 nomi-

271 3754 496 3810 nantur,
527 3743 650 3812 quia
693 3742 997 3811 iniquorum
1046 3743 1318 3799 mentibus
1368 3743 1466 3798 ista
1509 3742 1618 3798 duo
1667 3757 1863 3797 conve-

269 3837 456 3902 niunt,
484 3845 542 3891 ut
566 3834 676 3904 jam
697 3835 872 3895 redire
898 3834 1274 3905 pradicatores
1300 3835 1362 3892 ad
1383 3850 1441 3891 se
1465 3835 1621 3891 facile
1639 3850 1747 3891 non
1769 3835 1863 3898 ad-

269 3929 512 3990 mittant.
561 3927 669 3984 Sed
698 3934 752 3982 et
780 3926 1032 3983 dicuntur
1073 3927 1280 3997 scopuli
1313 3945 1325 3980 :
1364 3927 1488 3996 quia
1540 3926 1665 3982 hinc
1713 3925 1858 3992 inde,

278 4018 529 4074 videlicet
557 4029 662 4074 tam
693 4026 875 4077 mente
902 4034 1064 4090 quam
1109 4034 1336 4090 corpore
1366 4027 1696 4088 praeruptum
1724 4017 1859 4072 reti-

273 4119 419 4169 nent
464 4128 611 4167 usum
663 4113 969 4183 pravitatis.
1024 4112 1159 4168 Dum
1211 4114 1357 4168 enim
1404 4111 1546 4166 nulla
1605 4126 1856 4177 morum,

261 4200 426 4260 .nulla
463 4217 682 4271 operum
711 4204 1018 4272 integritate
1049 4204 1369 4271 solidantur,
1415 4203 1468 4258 in
1498 4203 1716 4258 modum
1739 4216 1852 4257 sco-

267 4291 406 4362 puli,
441 4293 564 4347 hinc
589 4302 645 4349 et
690 4295 813 4350 inde
862 4297 1116 4366 praerupti
1159 4303 1304 4353 sunt.
1334 4294 1401 4348 Et
1440 4295 1564 4363 quia
1581 4293 1779 4348 dicitur
1804 4292 1856 4347 in

267 4382 494 4440 modum
513 4384 750 4440 dentium
777 4427 789 4447 ,
816 4385 942 4452 quid
987 4384 1081 4439 dat
1127 4384 1370 4452 intelligi,
1415 4384 1518 4438 nisi
1545 4382 1692 4452 quod
1715 4397 1858 4451 smpe

271 4471 542 4540 videmus,
582 4475 705 4544 quia
733 4475 824 4543 qui
857 4473 1266 4544 [iudicatorum
1307 4474 1645 4529 hortamenta
1675 4471 1854 4541 despi-

261 4565 443 4632 ciunt,
487 4581 672 4621 eorum
718 4568 882 4624 vitam
931 4565 1092 4636 3οά¹
1134 4567 1383 4622 mordere
1430 4565 1854 4622 detractionibus

269 4659 572 4716 conantur?
594 4657 697 4714 Sed
727 4658 794 4714 de
826 4657 1026 4716 eisdem
1056 4657 1289 4728 scopulis
1318 4656 1561 4714 subditur
1593 4674 1604 4712 :

347 4747 522 4820 (νοτε.
547 4748 624 4820 5.)
665 4750 808 4807 Unus
851 4752 1142 4819 prominens
1184 4749 1252 4803 ad
1297 4749 1618 4821 Aquilonem,
1651 4764 1718 4803 ea:
1755 4749 1850 4806 ad-

267 4861 416 4902 verso
438 4843 698 4916 Magmas,
721 4854 770 4900 et
787 4845 919 4901 alter
939 4845 1007 4900 ad
1039 4843 1332 4909 Haridiem,
1364 4853 1541 4898 contra
1558 4842 1761 4900 Gabaa.

347 4934 433 4987 10.
485 4935 563 4990 Ad
607 4934 928 5004 Aquilonem
985 4936 1194 5004 primus
1252 4934 1508 5004 scopulus
1556 4935 1844 5004 prominet,

266 5024 410 5080 alter
439 5024 504 5080 ad
533 5024 828 5093 Meridiem,
863 5027 990 5095 quia
1019 5041 1115 5098 per
1155 5024 1644 5094 concupiscentiam
1671 5025 1850 5082 fervor

264 5117 550 5180 charitatis
593 5119 968 5189 exstinguitur,
1000 5129 1056 5175 et
1102 5135 1196 5190 per
1229 5129 1508 5189 peccatum
1537 5121 1699 5178 ardor
1726 5138 1848 5179 con-

266 5208 617 5278 cupiscentia
638 5221 1031 5280 augmentatur.
1067 5211 1215 5270 Mens
1245 5214 1390 5270 enim
1434 5212 1687 5284 reproba,
1719 5212 1848 5270 dum

263 5303 721 5372 concupiscentia:
741 5305 1006 5372 subditur,
1035 5307 1302 5362 charitate
1329 5305 1612 5376 spoliatur,
1643 5314 1700 5381 et
1723 5305 1848 5368 dum

265 5410 497 5466 peccare
527 5389 636 5457 rion
654 5398 872 5466 metuit,
896 5399 1102 5454 acriora
1127 5400 1180 5455 in
1209 5415 1270 5455 se
1297 5400 1452 5456 valde
1473 5399 1730 5470 peccandi
1751 5400 1848 5456 de-

261 5489 467 5550 sideria
493 5490 757 5550 accendit.
806 5491 968 5558 Quasi
1014 5491 1155 5547 enim
1185 5491 1239 5546 in
1267 5507 1474 5549 summa
1501 5492 1605 5547 diri
1632 5507 1742 5548 suae
1770 5493 1848 5548 al-

261 5582 498 5642 titudine
527 5591 581 5640 et
607 5583 790 5640 calore
819 5583 1020 5652 posita,
1054 5583 1108 5638 in
1135 5582 1282 5639 ﬂuxu
1310 5584 1537 5653 peccati,
1562 5593 1616 5638 et
1650 5585 1845 5641 immo-

262 5675 452 5734 derate
499 5675 734 5741 laetatur,
789 5685 844 5730 et
895 5673 1146 5730 ardenter
1175 5675 1482 5733 resolvitur.
1539 5677 1674 5732 Male
1715 5691 1846 5747 ergo

259 5767 471 5827 mederi
507 5767 955 5838 concupiscentia
1002 5767 1192 5826 inorbo
1233 5769 1449 5838 satagit,
1502 5769 1594 5839 qui
1637 5771 1704 5826 ad
1747 5770 1850 5826 hoc

264 5857 486 5918 explere
508 5859 973 5926 concupiscendus
993 5858 1271 5928 peccando
1287 5859 1489 5931 cogitat
1508 5868 1564 5918 ut
1583 5861 1847 5932 quiescat.

1967 3380 2141 3418 ramus
2188 3366 2301 3436 ejus
2330 3369 2548 3424 astutias
2574 3366 2661 3437 (II
2689 3368 2809 3422 Cor.
2840 3385 2907 3436 lt,
2960 3371 3072 3439 Η).
3109 3371 3311 3428 Contra
3337 3380 3546 3429 astutos

1967 3455 2130 3523 igitur
2161 3457 2247 3512 via
2269 3465 2438 3516 cautae
2460 3459 2684 3516 rationis
2701 3462 2990 3530 querenda
3025 3470 3130 3529 est,
3163 3471 3350 3520 contra
3370 3463 3544 3524 ferta

1965 3561 2096 3602 vero
2123 3546 2304 3602 divina
2355 3557 2484 3606 sunt
2535 3550 2734 3606 auxilia
2781 3552 3029 3620 petenda.
3066 3551 3138 3608 Ut
3181 3569 3313 3626 ergo
3345 3569 3544 3626 inagna

1963 3638 2177 3696 cautela
2204 3639 2513 3710 praedicatio
2559 3641 2867 3699 exhibenda
2897 3659 3018 3702 esse
3062 3647 3348 3713 sentiatur,
3381 3647 3547 3704 Jona-

1962 3728 2086 3786 thas
2128 3729 2452 3798 armigerum
2498 3746 2657 3788 Suum
2686 3733 2753 3788 ad
2779 3749 2966 3791 secum
2999 3738 3389 3794 transeundum
3411 3740 3548 3796 invi-

1964 3832 2110 3882 tasse
2139 3827 2356 3883 dicitur.
2404 3827 2472 3884 Et
2509 3829 2650 3884 utin
2697 3830 3032 3901 expellendis
3076 3833 3324 3888 hostibus
3364 3833 3428 3888 de
3449 3832 3546 3890 Dei

1961 3917 2309 3976 miseratione
2337 3929 2712 3990 praesumatur,
2755 3922 2995 3991 loquitur
3026 3924 3248 3980 dicens:
3279 3923 3415 3989 Quia
3440 3941 3547 3980 non

1959 4018 2034 4066 est
2063 4009 2173 4066 Deo
2199 4011 2408 4081 diﬁcile
2432 4014 2655 4080 salvae,
2678 4015 2756 4068 vel
2772 4016 2828 4068 in
2855 4014 3200 4081 multitudine,
3229 4015 3306 4069 vel
3334 4016 3387 4068 in
3410 4031 3544 4087 pas-

1958 4104 2058 4167 cis;
2083 4111 2141 4158 et
2166 4105 2290 4174 quia
2316 4104 2705 4174 ﬂagitiosorum
2736 4106 3021 4162 conversio
3061 4106 3231 4160 facilis
3267 4120 3376 4159 non
3413 4112 3498 4158 est
3519 4141 3537 4169 ,

1957 4194 2090 4252 dicit
2127 4212 2139 4249 :
2185 4195 2257 4252 δί’
2293 4198 2427 4267 forte
2471 4199 2634 4268 faciat
2665 4194 2805 4249 Deus
2831 4212 2924 4267 pro
2949 4194 3114 4249 nobis.
3141 4195 3202 4250 Si
3231 4196 3364 4264 {orte
3391 4194 3541 4260 dicit,

1958 4287 2082 4357 quia
2112 4288 2179 4344 de
2213 4287 2367 4356 plena
2417 4288 2831 4342 criminosorum
2883 4286 3060 4342 salute
3114 4285 3287 4342 adhuc
3326 4287 3538 4356 plutius

1955 4393 2065 4436 non
2114 4379 2404 4448 prmsumit.
2437 4377 2546 4434 Sed
2582 4377 2808 4434 formam
2835 4378 2994 4435 electi
3023 4377 3220 4436 subditi
3247 4378 3302 4436 in
3340 4381 3538 4437 virtute

1951 4469 2195 4526 ostendit
2222 4469 2560 4534 humilitatis,
2589 4468 2721 4536 quia
2749 4469 2927 4524 subdit
2953 4487 2966 4522 :

2027 4559 2203 4629 (Vera.
2237 4559 2315 4625 7.)
2338 4558 2584 4630 Dia-itque
2601 4561 2648 4613 ei
2669 4561 2894 4634 armiger
2911 4576 3031 4616 sutis
3054 4576 3073 4616 :
3092 4559 3208 4616 Fac
3223 4564 3402 4618 omnia
3420 4577 3536 4633 quia

1885 4656 1940 4719 D
1962 4653 2166 4722 placent
2196 4653 2368 4706 animo
2398 4659 2505 4707 tuo.
2531 4651 2700 4723 Perge
2717 4671 2815 4725 quo
2843 4657 3005 4726 cupis,
3035 4663 3085 4710 et
3105 4671 3194 4712 ero
3221 4664 3386 4712 tecum
3404 4669 3533 4726 quo-

1957 4761 2152 4816 cunque
2174 4744 2410 4798 volucris.

2028 4836 2117 4892 12.
2143 4835 2397 4892 Nonnulli
2419 4836 2668 4906 subjecti,
2697 4837 2821 4892 dum
2864 4853 3170 4896 mensuram
3219 4837 3424 4895 ordinis
3450 4837 3533 4892 sui

1957 4928 2232 4997 neglig-unt
2241 4967 2255 4991 ,
2271 4927 2516 4985 eamdem
2525 4942 2840 4982 mertsuram
2853 4929 2931 4984 sic
2941 4929 3292 4994 confundunt,
3316 4935 3377 4982 ut
3389 4941 3532 4995 prm-

1955 5018 2192 5074 latorum
2213 5034 2432 5078 suorum
2456 5019 3224 5089 dispositionicommnnicont,
3247 5023 3341 5080 sed
3367 5025 3532 5097 θοῇ

1955 5113 2176 5171 obedire
2197 5113 2436 5183 imperiis
2471 5122 2742 5171 recusent.
2788 5111 3088 5168 Emendare
3113 5115 3329 5185 quidem
3359 5116 3533 5186 majo-

1953 5221 2074 5267 rqu
2105 5205 2242 5266 dicta
2271 5205 2432 5263 facile
2453 5206 2676 5276 audent,
2697 5205 2792 5262 sed
2820 5205 2975 5261 facile
2996 5205 3222 5275 implere
3251 5222 3374 5277 qua:
3393 5223 3532 5276 pne-

1953 5300 2178 5369 cipiunt,
2211 5314 2320 5356 non
2347 5309 2638 5357 conantur.
2675 5297 2815 5364 Quid
2843 5310 2972 5365 ergo
3013 5297 3068 5352 in
3095 5297 3254 5366 hujus
3275 5298 3530 5369 armigeri

1953 5406 2087 5448 voce
2106 5391 2263 5447 nobis
2289 5391 2608 5460 ostenditur,
2633 5390 2733 5446 nisi
2757 5389 2886 5460 quia
2914 5388 3266 5459 relinquenda
3283 5397 3366 5446 est
3384 5406 3525 5461 pne-

1954 5485 2146 5556 positis
2186 5484 2468 5554 dispositio
2515 5483 2707 5550 libera,
2735 5480 2968 5537 tenenda
2995 5488 3079 5538 est
3105 5480 3330 5538 subditis
3357 5483 3530 5539 virtus

1958 5577 2275 5634 obedientiae
2295 5592 2404 5633 non
2426 5576 2681 5632 remissa?
2713 5573 2781 5630 Ut
2800 5574 2942 5630 enim
2964 5573 3188 5630 liberam
3211 5574 3530 5647 disponendi

1953 5671 2328 5736 auctoritatem
2386 5664 2830 5738 praedicatoribus
2873 5665 3146 5734 assignent
3166 5708 3184 5735 ,
3241 5667 3316 5723 ait
3357 5687 3372 5724 :
3413 5667 3530 5722 Fac

1955 5767 2149 5832 omnia,
2179 5779 2293 5835 qua
2311 5761 2512 5833 placent
2539 5758 2716 5814 animo
2741 5768 2846 5815 tito.
2873 5755 2942 5812 Et
2962 5765 3023 5813 ut
3041 5759 3380 5816 subditorum
3398 5773 3530 5828 pro--

1956 5875 2082 5918 nam
2109 5861 2438 5914 voluntatem
2486 5851 2553 5907 ad
2582 5851 2762 5908 omnia
2799 5850 3016 5908 servitia
3045 5851 3374 5918 ostenderet,
3404 5845 3526 5905 sein
