4052 6338
511 386 613 447 567

1706 375 1948 437 SANCTI
1986 375 2314 435 GREGORII
2352 375 2566 433 MAGNI

3681 372 3783 430 568

509 508 589 562 dit
620 522 634 559 :
666 503 833 575 Perge
850 518 949 573 quo
974 500 1142 570 cupis,
1163 506 1211 552 et
1232 513 1319 553 ero
1341 505 1506 552 tecum
1535 512 1831 569 quocunque
1852 494 2092 548 volueris.
2125 498 2172 558 Α
2201 494 2406 549 monita
2454 507 2564 548 non
2604 489 2902 560 recipiunt,
2940 486 3170 544 solerter
3196 480 3394 543 debent.
3423 486 3525 558 ipsi
3554 488 3787 546 circum-

508 596 622 653 Nec
650 596 725 652 ibi
770 592 988 664 quidem
1040 591 1176 646 dixit
1231 608 1246 644 :
1290 588 1541 656 Quaedam
1597 588 1680 644 fac
1707 602 1827 657 qua:
1873 592 2000 641 sunt
2037 585 2094 640 in

508 689 690 745 animo
720 694 837 754 tuo,
867 684 1113 757 quaedam
1142 699 1253 739 non
1281 682 1384 749 lac,
1414 682 1502 737 vel
1540 682 1694 737 aliter
1718 680 1831 746 fac;
1859 694 1957 734 nec
1984 678 2093 744 hic,

507 796 673 853 perge
695 780 847 847 illuc,
895 785 950 833 et
976 792 1071 833 ero
1095 784 1273 833 tecum
1299 818 1313 843 ,
1372 784 1429 832 et
1473 775 1596 829 illuc
1624 789 1732 829 non
1762 789 1857 828 ero
1897 782 2093 828 tecum.

511 874 724 938 Omnia,
748 871 939 940 inquit,
967 872 1072 942 fac,
1103 870 1226 939 quia
1255 868 1604 938 dispositione
1625 865 1963 936 praelatorum
1991 863 2102 918 dis-

510 966 756 1038 ponenda
778 973 905 1021 sunt
926 964 1107 1019 omnia
1139 980 1151 1015 :
1177 960 1284 1015 Ero
1316 962 1463 1024 item,
1500 959 1593 1024 ait,
1626 967 1791 1012 tecum
1808 971 2103 1026 quocunque

506 1058 766 1123 volneris;
797 1056 923 1127 quia
950 1055 1112 1110 alicui
1158 1060 1424 1124 praecepto
1465 1050 1787 1105 obedientiae
1831 1048 2104 1117 subjectus

500 1155 745 1224 quimus
787 1152 978 1209 deesse
1007 1165 1115 1204 non
1144 1147 1321 1201 debet.
1363 1145 1619 1213 Sequitur
1652 1162 1665 1197 :

586 1243 766 1314 (Vers.
795 1240 971 1311 8-10.)
1010 1239 1079 1292 Et
1100 1242 1175 1292 ait
1199 1236 1479 1300 lauat/ias,
1510 1251 1624 1290 ecce
1652 1252 1747 1289 nos
1770 1233 2104 1288 transibimus

502 1334 579 1393 ad
606 1341 740 1392 viros
774 1338 926 1399 istos,
957 1349 1170 1404 cumque
1197 1330 1590 1401 apparuerintus
1618 1330 1724 1393 eis,
1754 1329 1800 1383 si
1831 1329 1999 1382 taliter
2026 1329 2106 1381 lo-

510 1432 618 1485 cuti
648 1430 840 1501 fuerint
869 1428 937 1480 ad
970 1443 1064 1480 nos
1090 1440 1111 1481 :
1138 1423 1353 1479 Manete
1387 1424 1549 1478 donec
1576 1424 1837 1476 veniamus
1886 1422 1955 1475 ad
1985 1438 2108 1487 vos,

512 1531 703 1576 stemus
724 1521 777 1573 in
798 1520 909 1573 loco
931 1526 1127 1581 nostra,
1154 1533 1246 1569 nec
1273 1515 1611 1568 ascendamus
1634 1515 1705 1567 ad
1722 1530 1829 1568 eos.
1856 1512 1918 1568 Si
1940 1523 2109 1566 autem

512 1615 777 1668 dixerint:
807 1611 1080 1665 Ascendite
1101 1610 1170 1663 ad
1200 1626 1324 1675 nos,
1350 1608 1713 1671 ascendamus,
1745 1606 1866 1679 quia
1894 1606 2111 1660 tradidit

509 1724 597 1761 eos
626 1706 879 1760 Dominus
906 1707 960 1757 in
987 1705 1224 1758 manibus
1257 1705 1469 1757 nostris.

2199 590 2430 659 spicere,
2460 595 2521 643 ut
2550 587 2617 643 ad
2646 601 2705 643 se
2744 586 2891 641 nulla
2931 584 3141 657 possint
3166 598 3359 641 eorum
3393 585 3644 657 exempla
3670 600 3793 658 per-

2198 683 2402 737 venire.
2436 680 2692 753 Sequitur
2714 697 2730 733 :

2277 775 2459 848 (Vers.
2492 774 2580 841 11,
2614 771 2727 844 12.)
2758 772 3013 842 Apparuit
3040 771 3211 841 itaque
3236 771 3454 826 stationi
3480 769 3797 825 Philistitto-

2204 884 2339 934 rum,
2373 868 2712 937 dixeruntque
2743 864 3023 918 Pliilistiim
3054 880 3072 917 :
3108 864 3189 916 En
3222 863 3432 917 Hebrazi
3460 865 3801 935 egrediuntur

2209 960 2273 1014 de
2302 960 2533 1013 cavernis
2562 957 2817 1031 inquibus
2839 958 3129 1011 absconditi
3150 959 3376 1029 fuerant.
3402 955 3473 1009 Et
3502 959 3659 1010 locuti
3686 966 3801 1009 sunt

2210 1052 2305 1104 viri
2335 1050 2398 1103 de
2418 1050 2641 1103 statione
2669 1049 3067 1104 Pltilistinorum
3096 1049 3164 1102 ad
3193 1048 3508 1112 Jonatham,
3537 1056 3585 1101 et
3617 1050 3685 1099 ad
3720 1065 3806 1099 ar-

2209 1144 2460 1215 migerum
2487 1160 2634 1198 suum
2657 1159 2674 1197 :
2696 1141 2971 1196 Ascendite
2992 1140 3060 1193 ad
3080 1157 3195 1209 nos,
3226 1149 3277 1193 et
3306 1140 3639 1194 ostendemus
3666 1136 3807 1192 vobis

2208 1252 2317 1289 rem
2326 1276 2337 1290 .

2284 1324 2372 1379 14.
2416 1324 2681 1392 Quidnam
2710 1332 2822 1393 est,
2852 1325 2997 1394 quod
3027 1338 3287 1395 apparere
3316 1322 3580 1379 Jonathas
3612 1321 3807 1377 Philis-

2214 1422 2331 1476 tzeis
2386 1436 2507 1475 cum
2555 1421 2822 1490 armigero
2875 1419 3070 1474 dicitur
3102 1438 3115 1471 :
3148 1418 3249 1474 nisi
3295 1418 3421 1488 quia
3461 1418 3657 1472 doctor
3696 1417 3809 1485 ipse

2214 1514 2365 1584 prior
2391 1512 2555 1568 debet
2587 1514 2788 1567 bonum
2820 1512 3137 1576 ostendere,
3170 1511 3315 1580 quod
3351 1510 3488 1565 alios
3530 1507 3811 1565 contendit

2214 1608 2489 1663 edocere?
2528 1606 2643 1661 Non
2669 1606 2815 1662 enim
2837 1615 3018 1676 potest
3040 1606 3093 1660 in
3121 1605 3504 1675 praedicatione
3524 1603 3810 1658 venerabi-

2214 1698 2339 1753 liter
2366 1698 2566 1767 recipi,
2616 1698 2660 1752 si
2691 1698 2839 1766 prius
2887 1698 2942 1752 in
2975 1712 3034 1751 se
3072 1696 3338 1751 honorem
3370 1696 3658 1750 ministerii
3702 1710 3811 1749 non

591 1796 676 1850 15.
719 1796 878 1850 Certa
908 1804 963 1850 et
988 1794 1291 1849 indubitata
1318 1802 1519 1849 sanctae
1556 1792 1818 1848 Ecclesiae
1846 1791 2110 1847 sententia
2144 1826 2188 1884 Β
2214 1790 2433 1860 praefert
2476 1790 2595 1844 luce
2622 1789 2778 1844 bona:
2815 1788 3262 1844 conversationis.
3297 1786 3451 1842 Unde
3479 1797 3536 1841 et
3564 1787 3814 1855 egregius

510 1895 611 1953 est,
644 1887 772 1956 quia
802 1886 962 1941 electi
993 1884 1374 1954 pnndicatores
1405 1900 1513 1939 non
1545 1885 1721 1940 solum
1749 1883 1902 1952 quid,
1934 1899 2110 1953 quan-

510 1968 626 2035 tum
672 1988 728 2035 et
768 1979 985 2047 quando
1029 1978 1319 2046 loquantur
1362 1976 1712 2032 considerare
1756 1976 1984 2043 debent,
2016 1974 2114 2030 sed

510 2075 709 2145 quibus
750 2073 913 2127 etiam
962 2072 1271 2140 loquantur.
1312 2069 1465 2126 Unde
1506 2079 1563 2126 et
1610 2070 1870 2125 Dominus
1898 2084 1929 2123 a
1978 2084 2115 2139 quo-

509 2165 760 2222 rumdam
793 2163 984 2218 notitia
1016 2164 1240 2218 verbum
1285 2163 1620 2230 recondens,
1659 2162 1955 2233 discipulos
1986 2176 2113 2231 pro-

513 2258 697 2326 hibet,
730 2256 913 2311 dicens
942 2275 954 2309 :
987 2254 1169 2310 Nolite
1214 2272 1403 2325 ponere
1430 2257 1743 2327 margaritas
1771 2265 1891 2309 ante
1927 2271 2114 2325 porcos

518 2349 738 2422 (Matth.
769 2365 865 2416 vn,
890 2350 965 2419 6).
999 2347 1135 2403 Hinc
1161 2348 1289 2403 item
1318 2348 1596 2417 Scriptura
1628 2348 1888 2402 inutiliter
1912 2347 2114 2402 effundi

513 2443 738 2497 verbum
766 2450 936 2509 vetat,
977 2448 1031 2496 et
1059 2441 1189 2496 dicit
1216 2459 1229 2493 :
1270 2440 1371 2495 Ubi
1397 2458 1499 2495 non
1528 2450 1604 2495 est
1632 2442 1858 2507 auditus,
1889 2458 1993 2495 non
2032 2442 2113 2511 ef-

516 2534 710 2605 fundas
750 2546 1034 2589 sermonem
1065 2534 1262 2605 (Eccli.
1296 2551 1472 2601 χχχιι,
1505 2534 1595 2605 6).
1628 2535 1766 2602 Quid
1795 2549 1945 2605 ergo,
1970 2533 2116 2603 quod

512 2624 774 2681 Jonathas
799 2626 929 2681 dicit
963 2642 977 2679 :
1018 2626 1079 2681 Si
1108 2626 1341 2680 dixerint
1370 2643 1388 2681 :
1418 2626 1633 2681 Manete
1662 2626 1823 2680 donec
1853 2627 2116 2679 ueniamus

514 2715 586 2769 ad
614 2732 724 2783 vos,
755 2725 953 2770 stemus
982 2717 1038 2770 in
1065 2718 1179 2770 loco
1204 2726 1384 2771 nostra
1414 2733 1433 2771 :
1465 2716 1525 2772 Si
1554 2734 1669 2771 vero
1695 2734 1713 2771 :
1745 2718 2016 2770 Ascendite
2047 2715 2116 2770 ad

514 2826 629 2876 nos,
663 2812 1033 2875 ascendamus,
1066 2812 1185 2882 quia
1218 2810 1433 2865 tradidit
1463 2827 1550 2865 eos
1574 2809 1830 2864 Dominus
1860 2811 1914 2863 in
1944 2810 2116 2863 mani-

514 2904 607 2957 bus
625 2904 816 2957 nostris
830 2944 846 2969 ,
886 2903 990 2957 nisi
1016 2903 1143 2972 quia
1158 2903 1365 2958 electus
1384 2902 1707 2973 prardicator
1727 2910 1932 2956 attente
1953 2900 2118 2955 debet

515 2996 793 3065 colligere,
824 2997 1020 3065 quibus
1048 2997 1275 3051 verbum
1312 2996 1439 3051 vitae
1477 2996 1674 3051 debeat
1711 2994 1977 3064 proferre.
2008 2994 2117 3049 Sed

518 3086 644 3155 quia
680 3086 786 3141 hoc
814 3085 1027 3140 ostendi
1057 3101 1199 3141 nunc
1227 3086 1282 3141 in
1319 3101 1481 3141 sensu
1511 3085 1704 3140 litterze
1731 3084 1974 3149 videtur,
2018 3099 2117 3139 nos

518 3175 768 3230 subtilius
793 3175 1180 3245 exprimamus.
1224 3174 1307 3229 Ad
1348 3183 1696 3245 peccatores,
1738 3174 2117 3245 praedicatores

517 3273 840 3335 transeunt,
872 3266 1090 3337 quando
1128 3267 1213 3323 bis
1256 3267 1450 3338 quibus
1478 3269 1640 3323 verba
1676 3269 1962 3335 exhibent,
2006 3285 2116 3324 non

516 3358 693 3413 solum
734 3358 901 3414 verbo
920 3398 936 3425 ,
985 3358 1081 3414 sed
1112 3358 1273 3414 etiam
1302 3359 1410 3413 vita
1437 3359 1671 3430 placent.
1705 3360 1808 3426 Qui
1836 3375 1965 3430 ergo
1994 3367 2119 3415 sunt

516 3450 609 3520 qui
639 3449 827 3506 dicunt
863 3468 876 3505 :
911 3450 1187 3505 Ascendite
1222 3450 1291 3503 ad
1318 3467 1444 3518 nos,
1478 3452 1579 3506 nisi
1606 3452 1659 3506 hi
1691 3453 1781 3522 qui
1816 3452 2119 3508 devotionis

516 3542 672 3612 signa
700 3541 1008 3612 proferunt,
1037 3542 1165 3611 quia
1200 3542 1387 3598 salutis
1410 3543 1636 3598 verbum
1659 3551 1713 3598 et
1738 3545 2119 3600 venerabiliter

518 3633 761 3699 audiant,
798 3641 854 3688 et
875 3633 1112 3688 retinere
1150 3631 1361 3687 fortiter
1391 3635 1811 3704 concupiscant?
1862 3634 1942 3688 Ad
1987 3636 2119 3691 istos

520 3722 702 3792 itaque
732 3722 1127 3779 ascendendum
1150 3733 1253 3789 est,
1286 3725 1553 3792 inquibus
1583 3724 1684 3779 etsi
1714 3740 1940 3795 magnus
1967 3726 2119 3781 labor

521 3823 607 3871 est
634 3814 688 3868 in
722 3829 888 3884 opere
914 3813 1221 3878 ministerii,
1253 3822 1380 3868 sunt
1412 3822 1469 3869 et
1502 3828 1695 3881 magna
1729 3816 1879 3871 lucra
1906 3816 2114 3871 salutis.

521 3905 567 3961 E
592 3907 867 3961 contrario
889 3921 1017 3961 vero
1047 3905 1113 3959 ad
1142 3904 1391 3960 doctores
1424 3913 1742 3974 peccatores
1777 3907 2005 3962 transire
2027 3922 2120 3977 ge-

522 4000 723 4067 stiunt,
760 3998 978 4069 quando
1002 4007 1113 4053 tam
1140 3997 1403 4069 profunda
1430 4000 1674 4055 eaacitate
1694 4009 2029 4070 merguntur,
2059 4009 2121 4056 ut

522 4093 590 4148 ad
632 4092 907 4149 imitandae
943 4108 1056 4148 sum
1098 4092 1381 4162 pravitatis
1419 4093 1724 4163 exemplum
1763 4095 1911 4164 ipsos
1954 4095 2120 4149 etiam

520 4184 905 4255 praulicatores
941 4191 1262 4241 convertere
1299 4185 1561 4240 nitantur.
1607 4183 1771 4240 Proni
1815 4185 2014 4256 quippe
2050 4185 2121 4241 ad

521 4278 724 4332 malum
753 4284 899 4345 sunt,
928 4277 1093 4333 corde
1129 4276 1563 4346 impoenitentes,
1602 4287 1659 4332 et
1701 4277 1907 4348 peccati
1933 4276 2117 4347 lepra,

524 4382 686 4435 quam
716 4368 972 4431 induunt,
1004 4369 1278 4423 maculare
1320 4368 1456 4425 alios
1486 4384 1594 4424 non
1624 4376 2011 4437 expavescunt.
2043 4369 2122 4424 De

526 4456 718 4523 quibus
748 4456 961 4526 sapiens
1005 4457 1094 4513 ille
1140 4459 1397 4528 loquitur,
1443 4458 1668 4513 dicens:
1696 4457 1967 4513 Lwtantur
2003 4476 2120 4513 cum

525 4547 663 4600 male
692 4548 928 4617 fecerint,
950 4558 999 4603 et
1027 4550 1291 4603 exsultant
1319 4551 1375 4603 in
1401 4549 1548 4603 rebus
1576 4551 1815 4621 pessimis
1847 4552 2026 4623 (Prov.
2058 4568 2115 4619 ιι,

528 4636 642 4707 14).
670 4636 734 4691 Ει
757 4637 884 4693 item
910 4637 1177 4705 Pronheta
1202 4639 1270 4693 de
1299 4640 1381 4694 his
1409 4642 1728 4707 vaticinans,
1759 4644 1836 4698 ait
1863 4662 1875 4697 :
1910 4644 2117 4699 Praedi-

524 4736 766 4783 caverunt
815 4739 1077 4799 peccatum
1120 4747 1270 4784 suum
1315 4732 1447 4786 sicut
1490 4734 1721 4788 Sodoma
1761 4734 1897 4805 (Isai
1927 4753 2002 4803 ιιι,
2036 4737 2117 4808 9).

526 4822 663 4890 Quid
687 4830 771 4878 est
810 4838 938 4893 ergo
962 4824 1107 4894 quod
1146 4824 1223 4879 ait
1267 4841 1281 4878 :
1321 4822 1528 4880 Stemus
1555 4827 1611 4880 in
1637 4827 1750 4882 loco
1773 4829 1985 4883 nostra?
2012 4828 2117 4885 Sed

529 4918 637 4972 tale
665 4926 783 4983 est,
824 4933 889 4973 ac
922 4918 971 4973 si
1001 4917 1185 4973 dicat:
1217 4917 1277 4973 Si
1299 4918 1419 4975 illos
1439 4920 1637 4975 lucrari
1660 4936 1767 4977 non
1790 4936 2078 4991 possumus
2101 4964 2118 4990 ,

528 5013 888 5082 nosmetipsos
914 5013 968 5067 in
995 5013 1139 5068 bona
1166 5015 1583 5071 conversatione
1612 5031 1908 5073 servemus.
1946 5018 2120 5074 Locus

527 5102 675 5157 enim
704 5112 889 5159 noster
916 5104 1059 5159 bona
1086 5105 1431 5160 conversatio
1460 5114 1570 5172 est,
1621 5106 1690 5161 de
1723 5123 1833 5177 quo
1870 5109 2124 5167 nimirum

525 5196 648 5253 loco
674 5197 809 5252 alias
828 5197 1086 5268 scriptum
1115 5207 1197 5254 est
1230 5215 1243 5252 :
1276 5199 1339 5254 Si
1364 5201 1578 5270 spiritus
1607 5208 1911 5271 potestatem
1930 5201 2124 5258 habens

528 5288 821 5344 ascenderit
850 5306 1002 5361 super
1025 5299 1093 5358 te,
1119 5291 1287 5346 locum
1319 5300 1458 5347 tuum
1487 5309 1592 5348 non
1620 5293 1831 5349 deseras
1860 5292 2030 5366 (Eccl.
2063 5310 2120 5364 x,

526 5381 608 5451 lt).
642 5382 817 5439 Locus
838 5384 1055 5454 quidem
1085 5386 1185 5441 iste
1205 5402 1316 5442 non
1343 5388 1519 5443 solum
1543 5404 1574 5444 a
1600 5389 1813 5461 spiritu,
1843 5392 1937 5446 sed
1956 5391 2119 5446 etiam

529 5475 597 5527 ab
625 5476 846 5532 homine
875 5477 1143 5535 cavendus
1171 5486 1254 5535 est
1287 5499 1299 5534 :
1333 5481 1460 5552 quia
1504 5482 1619 5552 ipse
1647 5483 1867 5553 spiritus
1894 5499 2000 5539 non
2031 5500 2123 5540 so-

529 5563 642 5618 lum
672 5582 767 5635 per
796 5583 855 5623 se
883 5570 1040 5626 nobis
1072 5571 1284 5642 obviat,
1322 5574 1415 5628 sed
1456 5582 1645 5630 contra
1684 5591 1785 5631 nos
1822 5576 1985 5630 etiam
2023 5592 2122 5647 per

531 5653 808 5710 hominem
840 5670 1059 5728 pugnat.
1083 5660 1140 5716 Si
1170 5678 1299 5718 vero
1328 5664 1478 5721 locus
1508 5676 1693 5723 noster
1721 5666 1980 5723 Dominus
2006 5677 2117 5735 est,

532 5760 653 5799 cum
685 5746 813 5801 mali
839 5763 899 5803 se
930 5751 1083 5806 nobis
1107 5753 1385 5824 objiciunt,
1422 5759 1471 5812 in
1504 5760 1625 5815 loco
1654 5768 1840 5815 nostro
1866 5760 2120 5830 pcrsista-

533 5851 682 5907 mus,
731 5839 857 5909 quia
899 5856 1024 5897 cum
1070 5843 1457 5916 incorrigiltilcs
1505 5854 1665 5921 306
1708 5852 2120 5921 prtedicatorum

2215 1883 2539 1953 praedicator
2562 1883 2898 1936 confidenter
2920 1881 3144 1949 asserit,
3170 1880 3389 1934 dicens:
3424 1878 3672 1943 Quandiu
3701 1880 3815 1948 qui-

2218 1976 2333 2028 dem
2360 1991 2472 2027 sum
2505 1975 2732 2044 gentium
2758 1973 3056 2043 Apostolus,
3087 1972 3429 2025 ministerium
3450 1987 3623 2024 meum
3652 1971 3815 2024 hono-

2216 2069 2432 2137 riﬁcabo
2484 2069 2665 2139 (Rom.
2708 2067 2929 2139 x1,l3).
2982 2067 3220 2137 Apparet
3264 2080 3392 2135 ergo
3439 2065 3659 2130 doctor,
3710 2080 3814 2119 non

2219 2176 2333 2222 tam
2361 2183 2482 2222 cum
2511 2167 2675 2221 verbo
2706 2165 2945 2235 loquitur
2985 2179 3149 2234 quam
3187 2177 3310 2217 cum
3339 2163 3445 2216 vita
3488 2169 3545 2216 et
3574 2159 3815 2213 moribus

2218 2262 2604 2318 venerabiliter
2632 2260 3052 2313 demonstratur.
3082 2256 3354 2327 Propheta
3386 2255 3550 2324 igitur
3578 2269 3707 2309 cum
3738 2261 3813 2324 ty—

2219 2355 2303 2424 pis
2330 2368 2501 2409 sacra:
2531 2350 2771 2408 historia:
2797 2349 3213 2420 praedicatorum
3255 2363 3434 2402 mores
3463 2346 3811 2409 ostenderet,

2218 2444 2611 2500 rationabiliter
2634 2441 2933 2504 subintulit,
2959 2442 3179 2496 dicens:
3204 2441 3459 2510 Apparuit
3486 2441 3662 2510 itaque
3680 2447 3815 2492 uter-

2219 2552 2317 2606 que
2343 2534 2557 2589 stationi
2592 2534 3011 2587 I’hilistinorum.
3042 2530 3205 2598 Quasi
3234 2531 3375 2586 dicat
3404 2549 3417 2583 ε
3452 2529 3590 2597 Quia
3623 2529 3815 2585 docere

2220 2627 2521 2697 proposuit,
2570 2626 2720 2697 prius
2768 2625 2857 2694 iis,
2906 2624 3100 2696 quibus
3140 2623 3287 2692 loqui
3337 2622 3624 2691 disposuit,
3656 2622 3812 2674 vitam

2218 2720 2559 2776 monstravit.
2597 2718 2705 2775 Sed
2738 2719 2866 2788 quid
2897 2727 3007 2783 est,
3040 2716 3185 2786 quod
3215 2715 3467 2773 Philistei
3497 2723 3815 2787 apparentes

2222 2812 2559 2883 despiciunt,
2592 2821 2647 2866 et
2677 2819 2854 2865 tamen
2886 2809 2984 2875 eis,
3016 2807 3291 2862 Ascendite
3316 2808 3387 2861 ad
3422 2823 3546 2871 nos,
3590 2807 3811 2871 dicunt,

2221 2903 2325 2957 nisi
2346 2903 2470 2971 quia
2492 2902 2808 2972 plerumque
2831 2899 2905 2954 illi
2934 2901 3095 2955 etiam
3126 2898 3538 2969 przedicatorum
3559 2900 3813 2968 Optimam

2222 2997 2388 3049 vitam
2424 2994 2763 3065 despiciunt,
2802 2992 2894 3065 qui
2920 3008 3107 3048 eorum
3138 2992 3517 3062 pnndicatione
3545 2992 3616 3046 ad
3648 2990 3813 3061 pmni~

2225 3088 2407 3141 tentia:
2434 3087 2669 3141 lamenta
2710 3086 2922 3141 cursuri
2950 3094 3113 3141 sunt?
3156 3084 3224 3139 Et
3263 3084 3391 3139 dum
3433 3099 3531 3139 eos
3570 3083 3816 3139 deserere

2224 3180 2350 3233 vitm
2382 3178 2693 3234 remotioris
2720 3178 2957 3233 studium
2988 3177 3417 3247 reprehendunt,
3441 3191 3536 3231 eos
3567 3176 3810 3229 nimirum

2222 3270 2292 3325 de
2334 3272 2584 3326 cavernis
2634 3286 2883 3341 egressos
2912 3279 3244 3327 asseverant.
3278 3270 3442 3336 Quasi
3482 3270 3670 3325 dicant
3698 3289 3710 3322 :
3740 3267 3814 3322 [lli

2226 3378 2368 3417 nunc
2398 3364 2497 3419 sub
2536 3363 2720 3419 colore
2748 3363 3151 3434 praedicationis
3181 3362 3247 3417 ad
3283 3362 3538 3418 szeculutn
3581 3368 3813 3426 exeunt,

2224 3454 2314 3525 qui
2348 3455 2452 3510 hoc
2480 3456 2679 3525 fugisse
2709 3464 2824 3510 tota
2853 3456 3155 3511 intentione
3198 3455 3541 3510 videbantur.
3573 3453 3678 3509 Sed
3704 3454 3815 3524 ple-

2226 3545 2382 3615 rique
2407 3545 2583 3615 justos
2611 3546 2995 3617 praedicatores
3023 3553 3271 3615 arguunt,
3304 3546 3396 3615 qui
3425 3545 3567 3600 mala
3591 3560 3708 3615 qua:
3743 3544 3816 3599 eis

2224 3635 2506 3705 objiciunt,
2528 3636 2580 3691 in
2597 3637 2674 3692 eis
2694 3652 2812 3692 esse
2834 3637 3191 3707 suspicantur.
3217 3636 3319 3702 Qui
3341 3637 3593 3691 nimirum
3616 3652 3684 3691 eo
3708 3636 3818 3707 ipso

2223 3747 2332 3801 quo
2362 3732 2563 3786 malum
2592 3732 2869 3797 damnant,
2902 3747 3055 3801 spem
3079 3731 3523 3802 praedicatoribus
3554 3733 3811 3794 tribuunt,

2224 3823 2350 3892 quia
2382 3822 2451 3876 ad
2475 3824 2675 3877 bonum
2706 3823 2849 3892 quod
2890 3821 3214 3889 defendunt,
3267 3823 3671 3893 exsequendum
3704 3838 3814 3893 pere

2222 3913 2364 3967 trahi
2396 3913 2603 3968 facilius
2627 3921 2870 3983 possunt.
2896 3914 3031 3968 Dum
3051 3926 3179 3981 ergo
3201 3912 3345 3967 bona
3373 3913 3677 3969 intentione
3696 3913 3814 3967 lalsa

2220 4004 2489 4073 justorum
2520 4004 2661 4058 mala
2691 4005 3040 4074 vituperant,
3088 4004 3360 4059 insaniunt
3399 4005 3621 4073 quidem
3652 4019 3814 4070 voce,

2224 4094 2317 4149 sed
2347 4093 2792 4163 prmdicatoribus
2822 4093 3054 4150 fructum
3086 4110 3195 4149 sua:
3222 4094 3432 4161 salutis,
3462 4096 3629 4149 etiam
3680 4096 3813 4149 insa-

2226 4185 2422 4241 niendo
2449 4184 2735 4255 spondent.
2764 4184 2832 4238 Et
2855 4186 2981 4255 quia
3004 4185 3073 4239 de
3098 4201 3324 4241 ascensu
3347 4187 3600 4255 superius
3623 4188 3813 4241 dictum

2225 4285 2309 4333 est
2328 4316 2344 4342 ,
2370 4286 2541 4331 restat
2568 4276 2844 4346 inquirere
2871 4276 3001 4345 quid
3028 4276 3100 4332 sit
3127 4278 3272 4346 quod
3300 4276 3484 4331 dicunt
3519 4294 3531 4330 :
3569 4277 3812 4330 Ostende-

2224 4385 2338 4422 mus
2367 4369 2507 4423 vobis
2537 4384 2664 4422 rem.
2697 4367 2805 4422 Sed
2832 4368 2937 4423 hoc
2966 4367 3032 4421 ad
3069 4367 3304 4422 litteram
3334 4368 3505 4423 minas
3534 4368 3813 4435 signiﬁcat.

2226 4459 2381 4527 Quod
2425 4461 2533 4514 tale
2563 4468 2646 4514 est
2694 4474 2759 4514 ac
2806 4460 2851 4514 si
2902 4460 3085 4514 dicant
3133 4476 3147 4514 :
3199 4459 3255 4514 Si
3288 4460 3393 4515 huc
3442 4460 3814 4525 ascenderitis,

2226 4562 2488 4622 quantum
2536 4552 2782 4607 valemus
2830 4552 3087 4622 patiendo
3134 4552 3398 4608 sentietis.
3449 4552 3504 4606 In
3554 4555 3815 4607 malorum

2225 4661 2357 4702 vero
2384 4646 2741 4703 conversione
2762 4646 2890 4701 item
2915 4645 3074 4701 facile
3094 4654 3179 4700 est
3197 4646 3474 4714 colligere,
3501 4661 3626 4701 cum
3648 4646 3816 4714 justos

2226 4739 2520 4808 expellunt,
2543 4745 2801 4807 quantum
2824 4737 3035 4792 soleant
3060 4752 3277 4793 nocere.
3302 4735 3407 4791 Sed
3426 4738 3575 4806 quia,
3602 4747 3817 4793 auctore

2226 4829 2360 4896 Deo,
2392 4830 2762 4886 carnalitatem
2791 4829 3031 4884 historiae
3060 4830 3127 4883 ad
3157 4829 3488 4899 spiritualem
3518 4831 3817 4898 intelligen-

2226 4925 2355 4979 tiam
2379 4923 2649 4990 duximus,
2684 4922 2811 4978 dum
2852 4923 3024 4978 sancti
3070 4922 3327 4978 doctores
3354 4964 3367 4988 ,
3412 4925 3814 4992 erumpentibus

2227 5017 2546 5087 quibusdam
2578 5017 2776 5085 signis,
2806 5024 3151 5087 peccatorum
3200 5017 3614 5071 conversionem
3646 5017 3815 5073 consi-

2227 5108 2436 5178 derant,
2468 5125 2556 5166 res
2581 5110 2743 5165 etiam
2773 5109 2840 5164 ab
2882 5109 2961 5164 eis
2989 5108 3339 5179 promittitur,
3372 5110 3496 5178 quia
3533 5109 3600 5163 ad
3637 5124 3813 5164 verum

2230 5218 2349 5260 esse
2362 5203 2537 5259 redire
2550 5202 2898 5274 pollicentur.
2914 5201 3022 5256 Res
3043 5201 3258 5271 quidem
3275 5201 3474 5270 aliquid
3492 5200 3661 5257 habet
3682 5216 3810 5265 esse,

2224 5302 2506 5364 peccatum
2545 5308 2676 5348 vero
2723 5307 2844 5349 esse
2889 5292 3093 5346 nullum
3126 5292 3308 5346 habet.
3340 5290 3493 5346 Unde
3532 5300 3588 5346 et
3628 5291 3814 5345 Paulus

2224 5384 2518 5441 Corinthiis
2545 5385 2675 5440 dicit
2698 5402 2711 5437 :
2743 5384 2949 5439 Scimus
2979 5383 3099 5455 quia
3118 5383 3252 5438 nihil
3272 5391 3347 5438 est
3367 5383 3565 5438 idolum
3590 5385 3647 5437 in
3673 5398 3812 5437 mun-

2229 5480 2294 5536 do
2322 5479 2375 5550 (I
2402 5479 2520 5535 Cor.
2544 5494 2656 5546 vnt,
2689 5477 2765 5550 4).
2798 5476 3057 5533 Peccator
3083 5486 3283 5542 autem,
3306 5476 3430 5546 quia
3453 5477 3734 5546 peccando
3753 5473 3814 5530 ad

2230 5574 2455 5629 nihilum
2484 5574 2673 5641 tendit,
2707 5589 2828 5630 cum
2874 5573 3007 5628 nihil
3036 5572 3166 5629 illud
3193 5573 3281 5629 cui
3322 5572 3537 5628 inhaesit
3584 5572 3812 5633 deserit,

2228 5671 2381 5741 quasi
2408 5670 2474 5725 ad
2504 5685 2622 5725 esse
2649 5670 2807 5725 redit.
2842 5669 2975 5724 Rem
2998 5684 3126 5738 ergo
3152 5669 3207 5723 in
3236 5683 3294 5723 se
3320 5663 3629 5729 ostendere,
3654 5664 3707 5718 id
3735 5677 3764 5716 e
3792 5668 3810 5713 t

2230 5760 2429 5831 aliquid
2451 5760 2593 5831 quod
2615 5776 2736 5816 esse
2757 5760 2940 5825 habet,
2968 5768 3164 5830 potest,
3188 5760 3311 5831 quia
3330 5756 3440 5828 jam
3463 5772 3562 5828 per
3581 5756 3807 5811 divinam

2230 5853 2454 5923 gratiam
2485 5868 2649 5923 opera
2681 5853 2892 5909 virtutis
2924 5860 3089 5908 tenet.
3121 5851 3306 5907 Dicunt
3341 5863 3509 5921 ergo:
3541 5844 3807 5903 Ascendit:
