4052 6338
228 446 336 507 569

1050 439 1118 495 ΙΝ
1159 440 1420 496 PRIMUM
1456 440 1698 496 REGUM
1740 440 2252 497 EXPOSITIONES.
2291 471 2363 484 -—-
2400 441 2530 498 LIB.
2575 441 2638 497 V.

3413 446 3516 500 Sit)

227 566 296 622 ad
326 580 442 625 nos,
468 567 517 616 et
546 561 871 616 ostendemus
896 556 1037 612 vobis
1066 573 1195 610 rem.
1227 556 1391 622 Quasi
1413 558 1565 624 signo
1586 557 1821 626 quodam
1850 561 1900 619 Α
1926 556 2179 611 cadebant
2227 566 2347 612 ante
2374 556 2661 613 Ionatham
2680 598 2698 627 ,
2749 558 2882 617 otios
2921 560 3147 633 armiger
3176 560 3289 634 ejus
3316 563 3522 634 interﬁ-

226 670 553 736 peccatores‘
588 656 999 728 repromittant,
1033 662 1089 709 et
1115 654 1300 709 dicant
1327 670 1341 707 :
1375 653 1432 709 Si
1461 654 1628 709 verbo
1667 654 1739 708 ita
1769 654 1824 709 in

227 755 385 811 nobis
414 753 665 808 laborare
689 747 1012 819 proponitis,
1044 747 1161 802 sine
1188 758 1385 812 magno
1412 745 1563 800 lucro
1587 761 1695 801 non
1723 746 1827 802 erit

226 847 372 919 quod
401 843 681 901 laboratis;
713 839 892 907 Quare
916 847 973 896 et
999 838 1067 895 de
1095 838 1323 893 aliorum
1356 836 1679 893 certitudine
1699 838 1827 892 sub-

222 941 472 1011 junctum
499 944 620 991 est:

298 1032 484 1108 (Vers.
515 1026 633 1099 12.)
669 1024 744 1081 Et
776 1025 853 1079 ait
880 1023 1139 1079 Jonathas
1175 1021 1244 1076 ad
1280 1022 1596 1093 armigerum
1630 1035 1821 1076 suum:

224 1124 601 1188 Ascendamus,
626 1134 838 1191 sequere
862 1133 963 1184 me,
995 1114 1212 1171 tradidit
1238 1131 1325 1170 eos
1345 1113 1603 1170 Dominus
1625 1115 1682 1169 in
1700 1130 1819 1168 ma-

225 1234 324 1273 nus
345 1215 538 1272 Israel.

296 1311 457 1383 307
488 1306 577 1363 15.
604 1304 858 1376 Quisquis
885 1303 1077 1359 nititur
1099 1315 1294 1372 magna
1323 1314 1507 1371 agere,
1538 1300 1653 1356 hmo
1676 1299 1820 1356 bene

224 1414 455 1472 pensare
481 1398 653 1466 novit,
685 1397 730 1452 si
756 1410 974 1466 semper
999 1394 1203 1450 studuit
1225 1392 1421 1447 divinis
1449 1390 1696 1447 laudibus
1718 1391 1817 1445 im-

222 1503 437 1566 putare.
464 1491 610 1549 Bene
638 1503 769 1558 ergo
795 1487 1056 1544 Ionathas
1083 1488 1153 1543 de
1180 1485 1562 1556 consequenda
1588 1485 1815 1540 victoria

1927 649 2116 704 ciebat.

2000 742 2088 797 17.
2127 741 2317 798 Facies
2341 742 2589 800 Jonathae
2617 746 2883 812 cernitur,
2915 746 3133 817 quando
3175 746 3268 817 qui
3296 748 3526 804 verbum

1928 833 2301 905 praadicatoris
2329 835 2581 903 audiunt,
2631 836 2953 893 charitatem
2983 837 3149 892 etiam
3178 842 3376 895 mentis
3409 840 3528 909 ejus

1931 934 2255 998 agnoscunt;
2286 943 2412 984 cum
2440 929 2695 986 videlicet
2739 931 2884 987 hunc
2912 930 3140 986 audiunt
3183 940 3241 988 et
3282 934 3529 990 cmlestia

1930 1022 2251 1093 praedicare,
2280 1031 2337 1076 et
2365 1038 2479 1090 eos,
2513 1024 2709 1095 quibus
2736 1025 2851 1095 ipsa
2882 1024 3069 1094 pandit
3096 1026 3360 1094 cmicstia,
3388 1028 3529 1085 mira

1929 1111 2195 1167 cbaritate
2236 1112 2482 1182 diligere.
2533 1114 2682 1171 Bene
2729 1123 2910 1171 autem
2941 1124 3068 1172 ante
3108 1115 3303 1172 faciem
3330 1117 3533 1175 cadere
3594 1122 3603 1140 “

1926 1202 2199 1268 dicuntur,
2231 1202 2358 1272 quia
2388 1204 2515 1259 dum
2542 1205 2689 1261 bona
2717 1221 2837 1277 qua:
2884 1216 3011 1262 sunt
3038 1208 3093 1263 in
3122 1216 3305 1265 mente
3335 1210 3529 1279 pandi-

1927 1293 2126 1349 catoris
2153 1302 2471 1362 agnoscunt,
2503 1302 2705 1352 statum
2738 1298 3021 1367 pravitatis
3041 1298 3316 1355 deserunt.
3340 1300 3449 1357 Sed
3472 1310 3532 1359 et

1927 1384 2055 1441 dum
2083 1385 2151 1439 ad
2180 1385 2478 1441 remedium
2509 1388 2839 1457 paenitentiae
2864 1390 3049 1460 plures
3068 1392 3320 1461 veniunt,
3350 1394 3443 1449 alii
3470 1395 3528 1450 in

1918 1491 2259 1547 magnorum,
2282 1478 2369 1532 alii
2386 1479 2436 1533 in
2452 1480 2722 1535 minorum
2744 1482 2992 1551 exempla
3015 1483 3351 1554 confugiunt.
3385 1485 3528 1557 Apte

224 1587 522 1651 conﬁdens,
566 1601 672 1641 non
704 1585 759 1639 in
800 1598 994 1639 manus
1040 1596 1184 1645 suas,
1217 1580 1309 1635 sed
1350 1580 1404 1633 in
1435 1594 1626 1633 manus
1653 1578 1819 1633 Israel
1918 1570 2082 1637 igitur
2101 1568 2301 1625 dictum
2321 1570 2581 1627 estzAlios
2597 1574 2823 1642 armiger
2838 1577 2952 1644 ejus
2974 1575 3529 1645 interﬁciebat.Avita

222 1677 516 1735 tradendos
536 1675 782 1730 inimicos
795 1672 1045 1739 asseruit,
1061 1678 1121 1726 ut
1140 1669 1469 1740 triumphum
1484 1668 1816 1736 ostenderet,

223 1782 279 1828 et
302 1770 481 1843 qualis
507 1783 627 1824 esse
657 1767 854 1823 debeat
877 1766 1239 1835 triumphator
1258 1762 1459 1833 pariter
1487 1763 1814 1832 designaret.

1919 1660 2135 1730 quidem
2157 1661 2387 1731 reproba
2402 1663 2620 1733 privari,
2636 1662 2865 1719 interﬁci
2884 1673 2996 1721 est:
3013 1673 3067 1720 et
3092 1665 3245 1735 cujus
3254 1668 3527 1738 exemplo,

1921 1751 2006 1806 vel
2028 1752 2246 1807 monitis
2275 1752 2475 1807 malum
2507 1754 2627 1824 quis
2656 1754 2883 1823 deserit,
2900 1766 3026 1811 ante
3049 1756 3163 1826 ejus
3184 1757 3348 1827 pedes
3372 1760 3530 1828 quasi

222 1842 387 1921 Israel
416 1864 617 1934 quippe
646 1860 837 1917 videns
857 1858 1025 1914 Deum
1056 1858 1465 1927 interpretatur.
1489 1855 1588 1911 Cui
1609 1869 1738 1925 ergo
1764 1855 1818 1910 in
1850 1887 1901 1947 Β
1925 1842 2241 1947 interfectus
2255 1843 2900 1918 cadit.Generaliquippe
2915 1849 3531 1917 sententiasingulorum

222 1972 418 2013 manus
444 1956 628 2010 hostes
675 1952 1007 2018 tribuuntur,
1053 1949 1243 2004 videns
1284 1948 1454 2004 Deum
1497 1947 1715 2015 dicitur,
1762 1957 1824 2003 ut

223 2065 335 2104 non
360 2047 411 2103 ei
440 2061 504 2102 ea
528 2060 648 2116 qua:
663 2045 719 2099 in
740 2059 903 2099 manu
926 2042 1051 2097 data
1078 2048 1204 2095 sunt
1222 2040 1486 2095 doceatur
1515 2040 1819 2108 attendere,

220 2140 323 2198 sed
342 2148 537 2197 tenens
564 2139 774 2206 datum,
800 2136 868 2192 ad
898 2135 1210 2205 largitorem
1239 2148 1525 2188 munerum
1553 2149 1650 2189 cor
1677 2134 1826 2190 leva-

220 2248 308 2289 re.
339 2231 500 2286 Aliud
526 2230 671 2285 enim
702 2237 853 2284 tenet
875 2228 1144 2289 manibus,
1178 2226 1323 2281 aliud
1352 2226 1523 2281 oculis
1554 2226 1719 2294 videt,
1766 2234 1827 2280 ut

220 2324 481 2395 triumphi
510 2323 745 2394 palmam
770 2320 983 2376 fortiter
1005 2327 1206 2385 teneat,
1236 2319 1332 2374 sed
1351 2319 1624 2373 videntem
1652 2318 1818 2375 Deum

218 2428 434 2475 retenta
464 2421 643 2491 palma
671 2419 912 2476 victoriae
940 2434 1047 2474 non
1073 2417 1317 2474 extollat.
1344 2416 1471 2472 Haec
1493 2423 1674 2473 autem
1699 2417 1824 2487 quia

222 2513 573 2579 conﬁdendo,
604 2528 712 2569 non
740 2510 1066 2584 possidendo
1088 2510 1348 2579 loquitur,
1379 2509 1614 2580 qualiter
1638 2509 1707 2565 ad
1731 2524 1823 2565 ea-

221 2605 348 2662 dem
369 2607 692 2677 possidenda
723 2607 926 2673 veniat,
961 2605 1259 2661 audiamus.
1292 2604 1546 2674 Sequitur
1574 2622 1588 2658 :

299 2701 480 2771 (Vera.
514 2700 629 2772 15.)
668 2700 915 2755 Ascendit
942 2698 1204 2754 Jonathas
1237 2706 1449 2769 reptans
1477 2697 1747 2767 manibus,
1776 2706 1827 2752 et

220 2794 451 2865 armiger
479 2794 591 2864 ejus
621 2802 738 2864 post
764 2809 900 2847 eum.

298 2885 387 2940 16.
430 2886 571 2954 Quid
603 2896 686 2942 est
711 2895 929 2956 reptare
972 2883 1241 2953 manibus,
1292 2883 1395 2938 nisi
1440 2897 1636 2953 corpus
1662 2896 1827 2937 omne

221 2996 475 3048 curvare,
524 2980 659 3036 nihil
705 2980 759 3035 in
808 2994 868 3035 se
899 2978 1131 3034 sublime
1174 2977 1499 3048 relinquere,
1547 2974 1827 3046 superiora

217 3073 472 3128 membra
513 3073 579 3128 ad
632 3071 887 3127 inferiora
943 3070 1118 3126 ofﬁcia
1172 3068 1475 3140 peragenda
1529 3068 1827 3123 inclinare?

227 3163 393 3231 Quid.
409 3171 584 3219 autem
606 3165 662 3221 in
689 3167 793 3221 hoc
825 3165 966 3221 facto
997 3165 1153 3221 nobis
1181 3165 1502 3227 insinuatur,
1549 3164 1652 3219 nisi
1699 3163 1826 3233 quia

1927 1936 2183 1993 victorias
2216 1951 2496 2006 eXponens
2524 1935 2763 1993 Jacobus
2792 1939 2869 1992 ait
2897 1956 2910 1991 :
2946 1937 3047 2003 Qui
3086 1944 3311 1995 converti
3351 1944 3529 2013 fecerit

1926 2038 2247 2099 peccatorem
2275 2030 2339 2083 ab
2368 2047 2546 2085 errore
2573 2031 2669 2085 vice
2690 2046 2814 2095 suis,
2847 2029 3066 2085 salvabit
3095 2034 3326 2086 animam
3348 2028 3467 2104 ejus
3496 2051 3530 2087 a

1926 2132 2106 2184 morte,
2141 2123 2302 2194 308
2327 2130 2376 2175 et
2399 2124 2594 2194 aperiet
2619 2122 3001 2177 multitudinem
3026 2134 3361 2195 peccatorum
3384 2124 3526 2196 (Jac.

1926 2232 1977 2280 v,
2011 2214 2126 2286 20).
2159 2216 2417 2285 Sequitur
2449 2231 2461 2270 ς

2000 2329 2177 2401 (Vers.
2211 2329 2324 2397 14.)
2364 2328 2437 2384 Et
2464 2332 2605 2402 facta
2630 2339 2707 2385 est
2732 2330 2892 2402 plaga
2920 2332 3121 2401 prima,
3151 2347 3254 2401 qua
3274 2332 3532 2402 percussit

1925 2421 2187 2477 Jonathas
2227 2433 2277 2477 et
2324 2426 2555 2496 armiger
2597 2422 2731 2493 ejus,
2764 2424 2912 2495 quasi
2962 2425 3143 2495 uiginti
3186 2425 3432 2489 virorum,
3474 2427 3532 2479 in

1928 2516 2101 2571 media
2125 2525 2273 2585 parte
2290 2515 2488 2588 jugeri,
2517 2532 2673 2588 quam
2697 2533 2795 2586 par
2824 2516 2975 2570 boum
2998 2516 3055 2570 in
3083 2516 3168 2570 die
3207 2532 3363 2571 arare
3402 2532 3530 2571 con-

1928 2609 2113 2664 suevit.

2003 2711 2088 2765 18.
2134 2711 2297 2782 Plaga
2327 2712 2499 2783 prima
2543 2711 2660 2768 haec
2686 2712 2913 2779 dicitur,
2957 2713 3083 2781 quia
3124 2711 3298 2768 sancti
3336 2726 3533 2782 percn-

1932 2810 2045 2859 tere
2068 2804 2260 2858 noxios
2290 2805 2455 2858 etiam
2483 2811 2608 2874 post
2626 2845 2641 2869 ,
2672 2804 2726 2857 in
2770 2804 2961 2859 ultimo
2984 2803 3188 2871 judicio
3216 2804 3534 2860 describun-

1932 2905 2043 2952 tur.
2077 2895 2229 2951 Unde
2260 2906 2315 2950 et
2348 2895 2548 2951 Paulus
2576 2896 2888 2951 Corinthios
2920 2897 3156 2963 excitat,
3185 2898 3372 2952 dicens
3398 2914 3411 2950 :
3444 2895 3528 2949 An

1929 2991 2139 3044 nescitis
2172 2992 2292 3062 quia
2313 2990 2522 3061 angelos
2544 2989 2943 3062 judicabimus?
2970 2990 3023 3058 (Ι
3049 2990 3170 3045 Cor.
3186 3008 3263 3059 vr,
3287 2989 3367 3061 ὅ.)
3399 2989 3537 3046 Hinc

1931 3079 2209 3136 Psalmista
2232 3082 2546 3143 vaticinans,
2571 3081 2677 3134 ait:
2697 3079 3049 3135 Exsultabunt
3074 3084 3243 3135 sancti
3265 3083 3319 3156 in
3345 3082 3533 3153 gloria,

1931 3174 2243 3229 [relabuntur
2273 3175 2326 3228 in
2358 3174 2608 3228 cubilibus
2638 3176 2768 3242 suis,
2797 3175 3171 3230 exsultationes
3200 3174 3301 3229 Dei
3330 3176 3382 3228 in
3413 3178 3534 3246 fau-

216 3259 402 3312 multa
431 3258 840 3326 prauiicatorum
889 3257 1267 3328 compassione
1294 3256 1496 3324 indiget
1542 3255 1827 3311 conversio

1938 3268 2075 3321 cibus
2103 3283 2280 3320 eorum
2300 3307 2315 3331 ,
2348 3266 2419 3319 ad
2447 3266 2742 3337 faciendam
2771 3268 3053 3321 vindictam
3094 3268 3149 3320 in
3196 3266 3491 3321 nationibus
3516 3308 3533 3331 ,

218 3351 610 3420 peccatorum?
638 3350 775 3416 Quid
806 3350 949 3405 enim
977 3349 1119 3404 aliud
1146 3364 1309 3420 quam
1340 3356 1556 3418 reptare
1578 3348 1827 3403 manibus

217 3443 509 3499 videbatur
576 3443 911 3513 Redemptor
958 3452 1182 3510 noster,
1233 3458 1357 3498 cum
1412 3442 1825 3513 publicanorum

221 3537 431 3593 amicus
460 3538 635 3602 ﬁeret,
669 3546 725 3591 et
755 3544 1075 3606 peccatores
1112 3536 1418 3607 reciperet,
1462 3542 1518 3589 et
1544 3548 1667 3587 cum
1696 3530 1827 3600 ipsis

222 3628 621 3685 manducaret?
649 3627 895 3683 Manibus
915 3627 1132 3697 quidem
1155 3627 1406 3696 reptabat
1426 3640 1546 3680 cum
1568 3622 1784 3677 dicebat
1808 3638 1821 3673 :

220 3720 354 3777 Non
401 3720 596 3775 habent
637 3738 766 3792 apus
814 3722 933 3775 sani
977 3721 1199 3789 medico,
1256 3719 1348 3773 sed
1395 3717 1531 3773 male
1582 3714 1828 3769 habentes

222 3814 443 3886 (Matth.
478 3830 554 3880 Ix,
589 3812 700 3884 12).
730 3812 868 3869 Hinc
905 3813 1099 3867 iterum
1127 3812 1258 3867 dicit
1289 3829 1302 3864 :
1333 3809 1459 3866 Non
1488 3811 1603 3864 veni
1649 3823 1829 3863 vocare

216 3907 416 3981 justas,
442 3908 531 3964 sed
569 3916 887 3978 peccatores.
910 3905 1063 3961 lianc
1084 3907 1246 3961 etiam
1276 3905 1700 3960 incurvationem
1742 3916 1830 3956 re-

222 3998 446 4071 ptandi,
476 4000 529 4053 in
574 4016 731 4055 sacro
762 4000 979 4069 eloquio
1009 3999 1203 4055 cameli
1232 3998 1522 4069 appellatio
1561 3997 1826 4066 designat.

228 4088 379 4155 Quia
409 4088 475 4141 ad
503 4089 603 4145 hoc
630 4090 881 4145 Salvator
909 4105 1081 4161 usque
1108 4090 1176 4145 ad
1206 4090 1313 4145 ima
1343 4100 1527 4144 nostra
1571 4104 1631 4144 se
1660 4087 1833 4143 voluit

230 4178 542 4246 humiliare,
590 4188 647 4235 ut
678 4196 778 4236 nos
818 4180 887 4235 ad
916 4181 1023 4235 alta
1055 4196 1164 4236 sum
1192 4180 1489 4236 divinitatis
1519 4177 1828 4233 extolleret.

228 4272 392 4328 Hunc
424 4287 659 4341 namque
704 4281 1009 4343 reptantem
1037 4271 1284 4326 manibus
1322 4268 1522 4324 Paulus
1569 4268 1723 4337 sequi
1770 4282 1831 4323 se

230 4366 535 4429 insinuans,
568 4366 644 4420 ait
677 4384 690 4419 :
727 4365 977 4421 Omnibus
1006 4368 1181 4420 omnia
1208 4368 1377 4434 factus
1407 4381 1542 4430 sum,
1573 4371 1629 4416 ut
1653 4378 1831 4418 omnes

233 4462 463 4531 {acerem
488 4458 658 4513 salvos
681 4457 734 4529 (Ι
757 4458 878 4515 Cor.
903 4475 979 4525 1x,
1008 4457 1120 4527 Ἡ).
1149 4457 1258 4512 Sed
1282 4465 1338 4512 et
1360 4456 1485 4525 quia
1506 4456 1560 4511 in
1583 4455 1832 4511 manibus

1930 3363 2314 3433 increpationes
2362 3363 2417 3415 in
2464 3362 2668 3431 populis
2714 3360 2900 3432 (Psal.
2946 3376 3128 3425 cxux,
3160 3358 3212 3421 5,
3245 3358 3330 3428 6).
3372 3357 3538 3427 Plaga

1931 3456 2105 3526 prima
2125 3454 2222 3507 ista
2245 3452 2613 3507 conversionis
2630 3459 2730 3516 est,
2750 3450 2984 3505 secunda
3006 3449 3385 3512 damnationis,
3406 3449 3537 3518 quia

1932 3544 2098 3600 modo
2134 3542 2306 3597 sancti
2343 3542 2584 3596 converti
2634 3557 2734 3596 nos
2763 3541 2829 3596 ad
2860 3540 3147 3595 Dominum
3170 3548 3392 3609 rogant,
3436 3540 3536 3596 sed

1934 3650 2044 3690 non
2073 3647 2367 3689 conversos
2394 3641 2521 3687 tunc
2548 3630 2734 3688 durius
2774 3630 3053 3686 damnant.
3100 3628 3159 3684 In
3208 3646 3313 3699 qua
3339 3628 3535 3698 viginti

1934 3727 2033 3781 viri
2059 3726 2255 3780 mortui
2282 3723 2607 3791 referuntur,
2638 3732 2699 3779 ut
2727 3725 2958 3795 quinarii
2990 3725 3200 3779 numeri
3222 3724 3539 3796 mysterium

1937 3817 2367 3875 commendetur.
2400 3816 2695 3887 Quinquies
2724 3817 2869 3872 enim
2895 3824 3129 3887 quatuor
3156 3816 3402 3887 repetiti,
3442 3822 3539 3872 aut

1937 3919 2130 3983 quater
2158 3912 2396 3981 quinque
2424 3910 2611 3979 viginti
2641 3910 2794 3965 liunt.
2827 3909 2895 3964 Et
2921 3910 3047 3981 quia
3080 3909 3269 3978 vigore
3299 3909 3538 3979 quinque

1938 4020 2194 4060 sensuum
2225 4019 2385 4059 omne
2425 4011 2637 4074 tempus
2666 4002 2873 4074 peccati
2905 4000 3202 4071 perﬁcitur,
3237 4008 3293 4055 et
3320 4001 3370 4054 in
3402 4016 3538 4069 qua-

1940 4105 2066 4151 tuor
2085 4097 2539 4165 evangelistarum
2565 4095 2715 4149 libris
2744 4093 2981 4150 remedia
3010 4101 3207 4149 nostra:
3229 4092 3419 4146 salutis
3448 4093 3536 4147 in-

1933 4189 2201 4257 venimus,
2228 4189 2422 4258 viginti
2444 4188 2683 4243 virorum
2706 4194 2836 4255 typo
2866 4199 3055 4239 omnes
3077 4182 3319 4239 salvandi
3344 4198 3539 4253 pecca-

1933 4289 2083 4336 tores
2112 4282 2508 4350 exprimuntur.
2540 4277 2644 4344 Qui
2666 4277 2720 4330 in
2750 4274 2928 4330 media
2966 4283 3123 4344 parte
3165 4273 3336 4344 jugeri
3364 4274 3535 4329 inter-

1934 4372 2061 4428 fecti
2090 4373 2459 4443 perhibentur,
2492 4384 2653 4441 quam
2696 4378 2795 4439 par
2830 4368 2995 4423 boum
3026 4367 3079 4422 in
3106 4367 3195 4423 die
3223 4383 3379 4422 arare
3405 4382 3537 4422 con-

1935 4466 2129 4521 suevit.
2162 4464 2335 4519 Boves
2363 4469 2488 4517 sunt
2515 4460 2904 4532 prmdicatores
2948 4458 3232 4523 Ecclesiae,
3274 4460 3365 4529 qui
3406 4459 3538 4513 dum

229 4567 428 4625 opera'
454 4552 632 4607 solent
686 4552 1015 4620 signiﬁcari,
1070 4560 1252 4620 reptat
1304 4550 1555 4605 manibus
1608 4556 1831 4618 pastor,
1860 4553 2253 4658 l)przedicant,
2301 4561 2479 4618 arant,
2523 4552 2616 4621 qui
2650 4551 2777 4607 dum
2805 4552 2986 4607 verbis
3016 4552 3329 4608 coelestibus
3372 4551 3537 4607 corda

227 4643 453 4717 quando
482 4644 858 4715 peccatoribus
884 4644 1027 4698 viam
1056 4657 1220 4713 quam
1248 4650 1433 4697 tenere
1460 4641 1709 4697 conversi
1740 4640 1835 4695 de-

229 4739 421 4803 beant,
456 4752 566 4792 non
597 4734 803 4806 profert
826 4735 1091 4806 sapientia
1113 4734 1288 4801 verbi,
1316 4734 1408 4789 sed
1430 4732 1677 4803 exemplo
1700 4748 1835 4787 con-

227 4829 576 4886 versationis.
615 4828 851 4899 Beptare
896 4828 1113 4898 quidem
1164 4827 1410 4882 manibus
1457 4826 1838 4896 praadicatores

231 4942 363 4982 suos
404 4925 638 4981 docebat
669 4927 925 4981 Dominus
964 4940 1086 4980 cum
1132 4924 1350 4979 dicebat
1382 4941 1394 4976 :
1428 4923 1519 4978 Sic
1550 4924 1716 4978 luceat
1745 4924 1836 4977 tua:

232 5028 407 5073 uestra
435 5035 612 5072 coram
642 5019 957 5084 hominibus,
978 5025 1035 5071 ut
1065 5016 1273 5071 videant
1301 5025 1469 5070 vestra
1497 5014 1631 5069 bona
1658 5031 1837 5085 opera,

233 5123 285 5167 et
316 5113 611 5184 gloriﬁcent
647 5112 865 5168 Patrem
894 5120 1137 5177 vestrum,
1164 5110 1248 5180 qui
1278 5111 1332 5163 in
1364 5109 1502 5162 enatis
1521 5116 1595 5162 est
1620 5107 1837 5179 (Matth.

235 5222 293 5271 v,
330 5205 444 5278 16).
475 5204 620 5261 Bene
664 5214 846 5261 autem
875 5213 1097 5275 reptans
1126 5202 1423 5259 ascendere
1453 5201 1521 5256 ad
1547 5200 1837 5257 stationem

239 5296 650 5355 Philistinorum
680 5300 899 5365 dicitur,
930 5299 1056 5370 quia
1085 5298 1153 5353 ad
1200 5295 1532 5353 destruenda
1582 5302 1839 5366 peccato-

239 5409 364 5448 rum
386 5392 516 5447 vitia
547 5394 832 5464 pervenire
858 5392 948 5446 ille
975 5393 1167 5447 doctor
1191 5398 1391 5461 potest,
1419 5389 1510 5461 qui
1538 5389 1686 5460 ipsos
1711 5404 1840 5459 pec-

245 5491 462 5539 catores
490 5497 685 5552 magna
715 5482 1034 5537 humilitatis
1055 5482 1387 5549 ostensione,
1417 5494 1474 5536 et
1491 5496 1685 5550 magna
1714 5480 1840 5535 cha-

246 5579 432 5634 ritatis
495 5576 784 5632 affectione
832 5574 1124 5631 demulcet.
1174 5573 1310 5627 Nam
1358 5573 1484 5628 dum
1512 5572 1841 5627 convenien-

250 5669 382 5724 tiam
413 5668 601 5738 gratia:
630 5666 759 5723 l'oris
786 5666 1032 5737 porrigit,
1067 5680 1288 5720 manum
1320 5664 1462 5720 intus
1488 5664 1555 5719 ad
1598 5663 1836 5719 inciden-

250 5762 380 5817 dum
410 5763 609 5818 mentis
637 5762 954 5832 languorem
984 5759 1168 5814 mittit.
1200 5756 1354 5812 Unde
1374 5764 1430 5813 et
1456 5757 1594 5812 bene
1620 5758 1843 5827 subjun-

252 5859 397 5928 gitnr
421 5875 436 5910 :

326 5949 508 6007 (Vere.
540 5948 655 6020 l5.)
692 5948 765 6004 Et
792 5966 909 6005 cum
934 5947 1180 6004 vidissent
1209 5945 1396 6019 faciem
1428 5944 1703 6011 Jonatlue,
1750 5942 1843 5997 alii

1939 4647 2246 4701 auditorum
2278 4644 2547 4714 aperiunt,
2576 4645 2728 4712 quasi
2759 4644 2813 4699 in
2841 4645 2985 4700 bona
3010 4653 3155 4699 terra
3175 4660 3356 4699 semen
3380 4661 3538 4714 spar-

1937 4745 2089 4808 gunt.
2114 4735 2222 4791 Sed
2251 4737 2305 4790 in
2328 4736 2414 4791 die
2441 4744 2598 4790 arant
2624 4735 2824 4805 boves,
2859 4737 2985 4807 quia
3011 4736 3269 4793 Dominus
3302 4734 3535 4791 commi-

1939 4837 2117 4895 natur,
2150 4827 2334 4883 dicens
2359 4845 2373 4882 :
2404 4826 2585 4881 Veniet
2605 4844 2731 4893 nox,
2748 4828 2955 4899 quando
2972 4845 3121 4882 nemo
3142 4835 3308 4898 potest
3328 4824 3536 4895 aperari

1941 4919 2121 4991 (Joan.
2154 4935 2230 4985 1x,
2260 4918 2343 4988 4).
2372 4918 2508 4973 Item
2536 4919 2645 4975 duo
2666 4921 2836 4974 boves
2859 4928 3033 4985 arant,
3058 4918 3317 4975 Jonathas
3346 4915 3538 4970 videli-

1940 5020 2028 5069 cet
2054 5019 2112 5067 et
2136 5011 2369 5079 armiger
2398 5010 2534 5080 ejus.
2573 5010 2780 5077 Quibus
2819 5010 3072 5065 nimirum
3100 5008 3302 5074 bobus,
3331 5016 3425 5062 aut
3452 5023 3539 5063 sa-

1940 5104 2151 5175 pientes
2174 5113 2230 5158 et
2256 5103 2530 5175 simplices
2555 5104 2888 5174 intelligendi
2916 5111 3062 5169 sunt,
3086 5110 3180 5157 aut
3198 5102 3457 5167 minores,
3484 5107 3541 5155 et

1943 5196 2151 5251 altioris
2175 5194 2381 5252 ordinis
2402 5194 2729 5251 sacerdotes.
2755 5194 2990 5251 Possunt
3007 5203 3188 5250 autem
3214 5193 3541 5264 generaliter

1943 5288 1999 5343 in
2027 5289 2238 5343 duobus
2270 5287 2445 5344 bobus
2472 5303 2663 5344 omnes
2703 5295 2905 5345 sancta:
2935 5286 3188 5343 Ecclesiae
3218 5286 3541 5357 przedicato-
3592 5268 3607 5278 ’

1943 5396 2031 5437 res
2074 5380 2321 5451 intelligi,
2352 5381 2477 5453 quia
2507 5388 2565 5437 et
2600 5381 2826 5451 geminae
2868 5380 3148 5437 charitatis
3176 5379 3350 5449 gratia
3391 5377 3539 5448 pleni

1944 5481 2098 5539 sunt,
2140 5480 2194 5528 et
2224 5489 2282 5528 se
2319 5473 2531 5543 privato
2562 5488 2751 5529 amore
2779 5489 2888 5529 non
2918 5473 3166 5542 diligunt.
3197 5470 3370 5526 Media
3408 5484 3537 5539 ergo

1945 5580 2070 5636 pars
2092 5563 2267 5635 jugeri
2290 5565 2391 5619 ista
2418 5574 2501 5621 est
2528 5566 2638 5621 vita
2664 5564 2921 5636 praesens.
2948 5564 3055 5620 Ista
3078 5564 3296 5634 quidem
3326 5572 3536 5631 tempe-

1946 5666 2062 5713 rata
2104 5657 2170 5712 ad
2214 5658 2417 5714 cultum
2460 5658 2718 5713 imbribus
2763 5658 3030 5713 mollescit
3068 5656 3284 5723 hiemis,
3336 5655 3425 5709 illa
3467 5653 3539 5708 ad

1947 5750 2285 5808 sterilitatem
2300 5750 2572 5819 pigrorum
2596 5749 2865 5805 caloribus
2883 5755 3118 5805 torretur
3136 5746 3357 5802 uastatis.
3373 5743 3537 5799 Istam

1949 5852 2159 5916 partem
2184 5843 2359 5914 jugeri
2388 5842 2553 5898 boves
2582 5858 2739 5899 arare
2779 5850 3037 5914 possunt,
3092 5840 3237 5896 illam
3264 5851 3396 5893 vero
3425 5850 3534 5889 non

1951 5942 2199 6010 Possum:
2246 5935 2372 6005 (ιιιίει
2419 5934 2475 5999 ill
2518 5936 2623 5997 hac
2665 5935 2775 5993 vita
2822 5936 2964 5993 bona
3012 5946 3178 6005 Opera
3221 5925 3535 5987 seminando
