4052 6338
506 503 603 562 571

1712 469 1953 531 SANCTl
1994 461 2320 521 GREGORII
2360 456 2576 516 MAGNI

3666 440 3772 499 ετξ

505 623 633 677 sum
652 660 666 683 ,
694 613 748 669 in
774 609 863 666 ma
891 600 1020 664 ve’ro
1049 615 1157 658 non
1187 593 1499 655 seminanda
1529 600 1713 661 opera,
1745 586 1838 641 sed
1864 592 2086 653 operum
2115 580 2168 640 Α
2191 573 2404 645 quando
2432 572 2543 626 vita
2583 564 2878 641 carnalium
2912 564 2970 620 in
3004 558 3192 618 mundi
3233 556 3380 629 jacet
3404 555 3777 612 delectationi-

1624 682 1655 683 η
1896 675 1907 683 .
2048 672 2059 683 .
2189 669 2207 683 ι
2268 682 2273 683 ,
2322 680 2369 683 η
2414 678 2499 683 4---
2571 659 2780 683 _..__.r..
2807 656 3043 683 ---ιη--.ι
3096 664 3215 683 -..ω
3261 649 3517 683 α-,ὶρηηιι-
3563 645 3765 683 nam...

506 672 788 766 retributio
814 696 1083 755 metenda.
1115 692 1259 748 Bene
1282 702 1409 757 ergo
1440 687 1493 740 in
1521 682 1702 766 me'dia
1718 685 1871 749 parte
1888 672 2085 744 jngeri,

505 764 693 867 viginti
719 791 821 849 viri
845 780 1115 845 interfecti
1143 780 1511 853 perhibentur,
1537 771 1659 843 quia
1690 764 1931 827 converti
1959 779 2086 837 pec-

508 856 725 947 cavtores
746 883 836 941 hic
862 880 1039 937 solum
1068 872 1353 932 salubriter
1378 874 1621 940 possunt,
1653 864 1746 919 ubi
1775 856 2089 929 magnitudo

510 980 749 1040 criminis
777 975 999 1049 purgari
1031 971 1270 1029 creditur
1297 982 1392 1040 per
1420 966 1654 1019 lamenta
1697 955 2087 1017 conversionis.

511 1073 617 1130 Sed
650 1048 897 1128 nonnulli
930 1067 986 1123 in
1021 1064 1196 1121 subita
1224 1068 1571 1132 peccatordm
1599 1053 1952 1110 conversione
1992 1048 2093 1105 mi-

512 1168 723 1233 rantur,
754 1160 879 1232 quia
912 1159 991 1213 eis
1018 1163 1241 1228 prepter
1267 1160 1420 1208 nsum
1449 1165 1591 1206 cura:
1620 1143 1902 1201 exterioris
1927 1141 2097 1213 quoti-

516 1254 677 1311 diana
710 1231 800 1309 tot
850 1264 969 1321 quae
1011 1248 1121 1319 agit
1165 1247 1309 1301 Deus
1348 1241 1481 1299 mira
1528 1240 1817 1295 viluerunt.
1854 1231 2006 1292 Unde
2042 1239 2098 1287 et

519 1346 766 1403 subditur
789 1361 802 1397 :

591 1436 769 1507 (Vers.
799 1430 913 1507 15.)
950 1432 1022 1489 Et
1050 1433 1244 1505 factum
1267 1436 1346 1487 est
1371 1423 1675 1484 miraculum
1718 1424 1773 1478 in
1798 1420 1979 1476 castris
2008 1432 2098 1490 per

519 1543 691 1600 agros.

594 1614 681 1673 19.
723 1608 951 1673 Perfecti
984 1615 1181 1687 quique
1217 1614 1271 1669 in
1310 1611 1559 1669 omnibus
1586 1619 1708 1679 quae
1746 1602 1887 1661 facta
1934 1607 2094 1666 sunt,

521 1709 633 1767 sive
663 1704 814 1774 fiunt,
861 1704 1243 1777 omnipotentis
1283 1700 1379 1758 Dei
1406 1702 1657 1756 virtutem
1687 1704 1741 1751 et
1783 1693 2100 1764 sapientiam

521 1802 706 1857 mirari
736 1818 842 1856 non
884 1799 1153 1855 desinunt.
1184 1792 1337 1850 Unde
1380 1801 1434 1847 et
1462 1790 1741 1847 Psalmista
1767 1785 1960 1839 divinis
1990 1784 2103 1836 lau—

524 1890 681 1948 dibus
720 1891 973 1947 insistens
994 1932 1008 1955 ,
1038 1889 1113 1941 ait
1144 1906 1155 1939 :
1190 1882 1449 1939 Mirabilis
1478 1880 1615 1935 Deus
1655 1880 1709 1931 in
1741 1876 1932 1930 sanctis
1962 1873 2099 1939 suis,

2189 669 2288 724 bus
2316 678 2536 730 secura,
2566 659 2783 731 quando
2807 656 3048 729 peritura
3095 664 3217 723 qua:
3260 649 3517 706 ardenter
3563 645 3765 703 deside-

2192 758 2470 825 rat,hanc
2499 752 2729 808 dulciter
2779 749 3073 805 oblectant.
3126 743 3297 799 Terra
3344 755 3475 797 vero
3533 738 3781 794 turbatur

2191 849 2405 921 quando
2433 845 2664 903 carnalis
2706 853 2857 898 mens
2895 855 2925 895 a
2974 839 3115 894 mala
3150 849 3247 893 sua
3276 832 3551 891 soliditate
3580 844 3780 886 concu-

2192 942 2340 1007 titur,
2371 949 2425 995 et
2446 938 2683 1008 cogitare
2710 931 3021 989 ﬂuctuando
3051 930 3301 993 inchoat,
3333 926 3474 980 inter
3499 921 3640 977 mala
3667 936 3784 989 quia:

2193 1031 2435 1102 respuit,
2463 1037 2518 1085 et
2545 1029 2689 1082 bona
2733 1036 2856 1094 qua
2882 1028 3044 1076 amat.
3093 1017 3323 1073 Turbari
3368 1014 3573 1071 etenim
3616 1012 3786 1066 merui

2194 1132 2323 1180 tunc
2368 1132 2480 1188 est,
2532 1120 2881 1176 serenitatem
2910 1114 3063 1169 mala:
3103 1108 3481 1168 delectationis
3509 1106 3789 1178 proposito

2196 1218 2512 1275 Christiana:
2541 1213 2815 1281 religionis
2846 1208 3133 1266 obducere.
3164 1205 3269 1261 Sed
3301 1201 3535 1259 carnalis
3563 1199 3791 1254 adactus

2198 1310 2522 1377 concutitur,
2555 1315 2615 1362 ut
2638 1302 2932 1376 splritualis
2961 1299 3070 1355 vita
3098 1296 3389 1353 reveletur.
3414 1290 3569 1349 Unde
3592 1298 3646 1345 et
3668 1288 3791 1343 sui»

2198 1403 2344 1459 ditur
2374 1416 2389 1454 :

2274 1516 2449 1586 (Vers.
2477 1511 2589 1583 15.)
2618 1508 2689 1565 Et
2717 1505 2905 1563 accidit
2950 1503 3097 1578 quasi
3120 1497 3429 1555 miraculum
3456 1508 3489 1547 α
3517 1492 3650 1547 Deo.

2272 1581 2361 1661 Ἠ.
2396 1581 2623 1673 Quando
2662 1614 2896 1669 namque
2942 1609 3097 1652 mens
3141 1591 3372 1649 hominis
3410 1584 3616 1643 carnali
3645 1581 3796 1637 dete-

2203 1699 2441 1758 ctatione
2472 1694 2810 1766 deprimitur,
2838 1690 2955 1761 ejus
2985 1688 3172 1757 utique
3195 1683 3341 1739 visus
3368 1677 3711 1742 obtenditur,
3737 1683 3792 1728 ut

2205 1788 2505 1863 spiritualia
2536 1788 2675 1841 bona
2706 1784 2956 1853 ignorare
2985 1785 3279 1835 mereatur.
3311 1772 3419 1829 Sed
3447 1785 3570 1827 cum
3602 1770 3659 1823 in
3688 1768 3797 1821 slis

2154 1929 2163 1939 .
2209 1856 2513 1935 carnalibus
2542 1872 2801 1931 inﬁrmari
2840 1869 3045 1939 incipit,
3076 1864 3331 1937 paulatim
3362 1862 3412 1915 in
3435 1856 3803 1929 Spiritualitus

526 1983 664 2040 Deus
696 1980 866 2039 Israel
900 1982 1009 2049 ipse
1038 1978 1183 2032 dabit
1209 1979 1448 2031 virtutem
1501 1983 1549 2028 et
1576 1968 1927 2044 fortitudinem
1966 1963 2101 2037 plebi

2224 1970 2566 2038 :onvalescit,
2605 1974 2663 2023 ut
2691 1974 2923 2036 superna
2968 1955 3300 2033 proﬁciendo
3344 1953 3554 2016 videat,
3592 1948 3803 2004 intima

526 2092 653 2143 suae,
687 2072 979 2129 benedictus
1021 2068 1161 2125 Deus
1192 2068 1362 2141 (Psal.
1392 2080 1554 2133 vau,
1586 2061 1698 2135 56).
1727 2061 1865 2117 Hinc
1894 2056 2105 2131 Moyses

528 2166 703 2223 eidem
731 2160 959 2219 Domino
987 2160 1290 2228 confitetur,
1320 2159 1502 2214 dicens
1526 2174 1538 2210 :
1574 2149 1699 2221 Quis
1725 2154 1911 2209 similis
1952 2153 2023 2205 tui
2052 2151 2107 2204 in

530 2259 651 2322 diis,
685 2255 922 2321 Domine,
951 2255 1063 2325 quis
1089 2253 1271 2307 similis
1302 2252 1371 2305 tui
1398 2254 1453 2305 in
1481 2250 1676 2304 sanctis
1702 2246 1977 2318 gloriosus,
2010 2244 2107 2296 mi-

529 2346 714 2402 rabilis
740 2347 794 2401 in
820 2346 1111 2416 majestate,
1145 2344 1338 2415 faciens
1365 2341 1602 2412 prodigia
1634 2337 1833 2406 (Exod.
1856 2352 1944 2399 xv,
1974 2332 2033 2386 il
2054 2332 2111 2401 )?

530 2439 591 2495 In
620 2438 821 2495 sanctis
845 2438 1065 2508 quidem
1107 2436 1363 2491 mirabilis
1390 2433 1606 2499 dicitur,
1635 2430 1760 2501 quia
1804 2443 1913 2497 quo
1954 2426 2115 2480 altius

532 2532 713 2588 divina
740 2531 1103 2601 conspiciunt,
1130 2544 1198 2584 eo
1244 2536 1298 2581 et
1344 2524 1644 2581 mirabilius
1682 2522 2112 2591 obstupescunt,

536 2626 662 2695 quia
691 2625 940 2681 nimirum
966 2623 1224 2678 altissima
1248 2618 1701 2690 contemplatione
1720 2616 1902 2671 vident
1922 2612 2117 2684 quibus

533 2726 815 2788 stupeant,
848 2734 955 2774 non
983 2731 1103 2786 quae
1140 2714 1350 2771 ratione
1380 2709 1858 2779 comprehendant.
1892 2705 2116 2773 Quoties

540 2823 672 2880 ergo
698 2818 893 2881 prater
924 2806 1292 2877 quotidianum
1322 2819 1475 2861 usum
1520 2818 1659 2859 nova
1684 2800 1925 2871 quaedam
1968 2797 2113 2853 acci-

536 2903 688 2968 dunt,
730 2915 848 2970 quae
871 2899 1112 2956 carnales
1132 2912 1195 2953 ac
1214 2896 1485 2967 simplices
1505 2894 1857 2960 admirentur,
1888 2890 2117 2946 miracu-

538 2994 651 3050 lum
681 3010 777 3063 per
803 3010 960 3064 agros
982 2994 1096 3051 ﬁeri
1121 2995 1335 3051 dicitur.
1364 2993 1423 3047 ln
1451 2990 1855 3061 comparatione
1884 3000 2119 3054 namque

539 3094 850 3145 sanctorum
875 3085 1022 3141 velut
1046 3093 1282 3154 agrestes
1308 3084 1554 3139 homines
1582 3090 1735 3145 sunt,
1758 3078 1849 3149 qui
1880 3085 1963 3133 tot
1989 3092 2117 3132 con-

541 3179 733 3235 ditoris
757 3179 975 3248 antiqua
1010 3192 1205 3248 Opera,
1249 3186 1327 3232 tot
1371 3176 1749 3246 dispositiones
1776 3180 2114 3241 temporum,

543 3272 706 3344 309
742 3279 797 3327 et
848 3279 929 3326 tot
965 3272 1179 3327 ordines
1203 3278 1573 3327 creaturarum
1618 3266 1801 3321 mirari
1847 3265 2114 3319 nesciunt.

2212 2063 2584 2124 obliviscenda
2614 2058 2969 2129 derelinquat,
3002 2050 3277 2126 profectus
3297 2046 3513 2119 quidem
3530 2055 3807 2100 convem

2210 2158 2407 2216 mentis
2435 2151 2736 2212 ostenditur
2759 2193 2773 2218 ,
2821 2150 2947 2222 quia
2976 2147 3125 2219 prius
3156 2152 3301 2199 terra
3332 2138 3535 2195 turbari
3586 2135 3804 2199 dicitur,

2212 2253 2406 2310 deinde
2434 2248 2749 2306 miraculum
2773 2244 2928 2316 quasi
2958 2257 2989 2297 a
3018 2240 3129 2296 Deo
3160 2235 3421 2293 accidisse
3447 2224 3802 2286 memoratur.

2213 2347 2524 2403 Miraculum
2552 2360 2681 2399 vero
2717 2357 2747 2397 a
2778 2339 2889 2395 Deo
2919 2342 3032 2403 est,
3074 2332 3219 2405 quod
3264 2331 3381 2387 sine
3424 2325 3648 2382 homine
3688 2320 3810 2376 facit

2215 2438 2376 2492 Deus.
2408 2434 2561 2503 Quod
2590 2434 2733 2489 enim
2763 2440 2959 2485 manna
2989 2427 3042 2481 in
3068 2424 3284 2480 deserto
3311 2418 3432 2473 ﬁliis
3460 2414 3631 2471 lsrael
3664 2412 3809 2483 plue-

2215 2528 2286 2583 rit
2312 2502 2569 2581 Dominus
2600 2522 2794 2587 (Exod.
2826 2518 2955 2591 xvr),
2989 2514 3132 2587 quod
3168 2505 3679 2581 concupiscentibus
3710 2502 3807 2557 "voc

2216 2621 2382 2676 latilia
2427 2616 2713 2689 prmbucrit
2742 2612 2936 2685 (Exod.
2967 2610 3100 2677 xlv),
3144 2603 3459 2661 miraculum
3488 2598 3680 2669 utique
3701 2596 3812 2651 sine

2218 2686 2445 2769 homine
2470 2712 2611 2766 Deus
2642 2707 2797 2774 fecit;
2841 2704 2937 2759 sed
2962 2703 3087 2757 dum
3139 2711 3291 2752 utare
3330 2693 3573 2750 dividere
3616 2686 3808 2751 voluit,

2218 2809 2369 2876 virga
2395 2808 2501 2861 hoc
2527 2804 2741 2874 Moysen
2800 2809 3021 2865 tangere
3070 2791 3356 2866 precepit,
3387 2798 3449 2843 ut
3490 2783 3810 2841 miraculum

2220 2874 2547 2963 ostenderet,
2572 2893 2719 2964 quod
2748 2906 2843 2962 per
2862 2888 3136 2944 hominem
3160 2882 3365 2955 populo
3386 2874 3805 2935 demonstraret.

2221 2994 2312 3050 Sic
2333 2992 2587 3047 nimirum
2612 2988 2759 3055 virga
2785 2992 2940 3055 petra
2973 2979 3302 3053 percutitur,
3334 2984 3394 3031 ut
3436 2988 3592 3043 aquzL-
3616 2970 3812 3023 ﬂuenta

2219 3086 2586 3159 producantur
2622 3077 2807 3151 (Nam.
2846 3076 2969 3147 xx),
3016 3075 3140 3145 quia
3185 3070 3437 3126 nimirum
3485 3062 3803 3120 miracuhm

2221 3178 2368 3248 quod
2418 3173 2701 3231 ostendere
2746 3169 2950 3234 voluit,’
2975 3181 3074 3238 per
3119 3164 3391 3221 hominem
3410 3198 3426 3227 ,
3456 3173 3567 3213 non
3588 3172 3688 3228 per
3711 3169 3796 3210 se-

2224 3244 2510 3338 metipsum
2533 3263 2689 3330 fecit,
2718 3270 2776 3317 ut
2800 3262 2925 3316 dum
2952 3258 3225 3315 hominem
3268 3248 3635 3309 venerabilem
3682 3244 3797 3300 red-

547 3363 694 3418 Bene
721 3362 882 3431 igitur
910 3363 963 3417 in
1002 3364 1188 3419 eadem
1224 3360 1540 3418 rusticitatis
1582 3357 1907 3414 hebetudine
1934 3370 2122 3411 omnes
2147 3342 2193 3407 C
2226 3361 2399 3426 deret,
2426 3358 2551 3413 huic
2578 3355 2901 3411 lsraeliticus
2939 3350 3170 3424 populus
3196 3345 3471 3403 humiliter
3496 3339 3729 3410 subjici,
3762 3346 3817 3391 et

542 3455 869 3524 generaliter
896 3453 1307 3519 concluduntur,
1338 3469 1460 3509 cum
1491 3450 1735 3507 subditur
1767 3466 1781 3501 ι

615 3546 790 3617 (Vers.
824 3546 938 3618 15.)
963 3548 1069 3604 Sed
1096 3559 1145 3603 et
1181 3550 1346 3604 omnis
1373 3546 1589 3617 populus
1636 3543 1877 3599 stationis
1921 3554 2125 3603 eorum,

545 3641 633 3712 qui
659 3642 789 3696 ierat
811 3641 881 3695 ad
908 3640 1244 3710 prwdandum
1262 3681 1277 3703 ,
1311 3638 1585 3709 obstupuit.

620 3730 707 3786 20.
733 3732 904 3799 Quam
924 3732 1211 3787 stationem
1240 3730 1537 3796 nominant,
1562 3728 1664 3783 nisi
1685 3724 2128 3781 Philistiuorum?

548 3822 689 3891 Quid
719 3830 803 3878 est
829 3836 956 3890 ergo
984 3822 1127 3891 quod
1153 3822 1432 3877 Philistiim
1476 3821 1836 3885 admirantur,
1868 3820 1971 3874 nisi
2002 3818 2130 3886 quia

550 3915 838 3984 aliquando
882 3914 1290 3969 conversionem
1321 3921 1661 3983 peccatorum
1692 3912 1782 3967 alii
1812 3918 2132 3982 peccatores

549 4010 990 4079 obstupescentes
1035 4005 1332 4075 aspiciunt,
1365 4016 1419 4060 et
1446 4004 1576 4059 dum
1601 4004 1902 4059 bonitatem
1949 4003 2043 4059 Dei
2074 4004 2131 4056 in

547 4103 762 4159 illorum
779 4101 1089 4157 visitatione
1119 4100 1445 4169 intelligunt,
1467 4098 1533 4154 ad
1558 4098 1732 4154 simile
1763 4097 2134 4154 conversionis

547 4195 883 4267 propositum
941 4192 1344 4249 accenduntur?
1392 4191 1473 4245 Ad
1527 4190 1879 4257 prmdandum
1933 4189 2134 4260 quippe

548 4288 798 4344 stationis
841 4287 1073 4358 populus
1134 4286 1336 4355 pergit,
1394 4284 1610 4356 quando
1662 4299 1824 4353 agere
1877 4298 2134 4353 perversa

551 4395 661 4435 non
686 4381 896 4436 metuit.
927 4378 1083 4445 Quod
1114 4380 1286 4443 enim,
1318 4378 1639 4446 prohibente
1664 4376 1777 4431 Deo
1798 4414 1812 4441 ,
1838 4376 2138 4447 Scripturis

551 4473 914 4537 minantibus,
942 4471 1433 4528 contradicentibus
1457 4469 1767 4524 doctoribus
1785 4507 1799 4534 ,
1828 4469 1948 4538 quis
1975 4468 2138 4523 audet

555 4579 746 4634 agere,
770 4565 923 4635 quasi
950 4579 1046 4635 per
1069 4564 1379 4619 violentiam
1424 4564 1609 4618 nititur
1632 4564 1744 4618 suis
1773 4563 1955 4621 usibus
1982 4579 2139 4617 usur.

552 4670 705 4726 pare.
736 4654 794 4712 Si
817 4656 941 4725 quis
973 4671 1071 4725 per
1095 4655 1239 4710 hmic
1266 4656 1520 4726 populum
1548 4656 1808 4711 daemonia
1839 4655 2140 4724 intelligere

554 4746 807 4813 voluerit,
844 4754 1062 4819 potest,
1091 4749 1216 4818 quia
1240 4748 1307 4803 ad
1336 4748 1678 4817 praedandum
1706 4755 1973 4818 pergunt,
2011 4761 2134 4801 cum
2164 4735 2215 4795 D

551 4839 818 4895 violentas
846 4842 1173 4895 tentationes
1222 4840 1504 4908 ingerunt,
1552 4847 1607 4894 et
1654 4838 1894 4907 captivas
1933 4835 2140 4890 animas

552 4938 903 5002 peccatorum
938 4930 1160 4987 ducunt.
1190 4928 1295 4999 Qui
1322 4938 1471 4986 certe
1498 4932 1725 5000 pupulas
1760 4928 2142 4998 obstupescere

556 5019 780 5089 dicitur,
811 5022 935 5092 quia
962 5034 1062 5077 cor
1089 5022 1359 5092 pmuitcus
1380 5063 1395 5083 ,
1440 5022 1585 5091 quod
1630 5022 1901 5076 «immunes
1943 5018 2143 5073 habere

554 5128 663 5168 non
710 5121 959 5184 possunt,
983 5129 1089 5184 qua
1129 5114 1301 5183 gratia
1348 5114 1592 5173 conversi
1637 5121 1953 5183 peccatores
1998 5109 2141 5165 reci-

554 5209 736 5278 piant,
765 5224 873 5265 nou
912 5208 1233 5278 intelligunt.
1284 5206 1392 5262 Sed
1420 5207 1545 5261 dum
1591 5214 1903 5276 peccatores
1950 5202 2141 5274 resipi-

554 5308 733 5372 scunt,
765 5307 877 5356 tam
904 5301 1007 5355 sibi
1059 5314 1225 5369 quam
1267 5299 1385 5352 aliis
1414 5305 1665 5369 prosunt,
1722 5296 1847 5366 quia
1900 5294 2142 5350 nonnulli

556 5409 743 5448 eorum
770 5394 1021 5463 exemplo
1044 5394 1405 5463 corriguntur.
1445 5390 1597 5446 Unde
1624 5399 1681 5446 et
1702 5390 1946 5447 subditur
1982 5407 1995 5442 :

633 5486 810 5555 (Vers.
836 5484 953 5557 l5.)
990 5485 1062 5541 Et
1089 5488 1393 5541 conturbata
1412 5496 1490 5541 est
1519 5493 1676 5539 terra.

629 5579 721 5634 21.
752 5580 885 5635 Dum
928 5580 1220 5651 populares
1267 5581 1368 5635 viri
1412 5596 1553 5636 nova
1602 5580 1736 5633 mira
1780 5579 2137 5649 conspiciunt,

561 5679 702 5726 terra
748 5672 1025 5739 turbatur,
1075 5672 1199 5741 quia
1246 5688 1390 5743 sape
1424 5672 1722 5741 contingit,
1770 5677 1827 5725 ut
1869 5671 1991 5725 dum
2044 5686 2140 5741 per

559 5764 829 5851 exteriora
878 5764 1135 5821 miracula
1164 5764 1255 5819 alii
1284 5773 1704 5832 convertuntur,
1735 5764 1962 5819 aliorum
1988 5752 2138 5818 duri—

559 5860 635 5912 tia
661 5859 1022 5916 incitamentis
1052 5860 1367 5927 quibusdam
1398 5861 1465 5915 ad
1493 5859 1827 5929 propositum
1854 5860 1979 5914 boni
2011 5853 2139 5927 ope-

560 5952 639 6008 ris
689 5962 983 6011 moveatur.
1039 5953 1179 6010 Male
1231 5954 1429 6010 etenim
1484 5955 1769 6025 tranquilla
1824 5962 1903 6010 est
1960 5961 2138 6023 terra,

2229 3453 2425 3508 devote
2454 3449 2677 3506 obedire
2707 3446 2996 3501 debuisset.
3030 3441 3165 3509 Quid
3195 3448 3279 3495 est
3317 3450 3446 3506 ergo
3472 3433 3620 3506 quod
3649 3432 3812 3487 mira-

2229 3545 2407 3601 culum
2455 3542 2607 3613 quasi
2656 3555 2686 3594 a
2725 3539 2839 3593 Deo
2892 3536 3148 3593 accidisse
3193 3530 3479 3593 asseritur,
3525 3533 3815 3597 postquam

2231 3644 2374 3691 terra
2405 3634 2676 3697 turbatur,
2708 3630 2808 3684 nisi
2835 3629 2959 3699 quia
2986 3627 3113 3681 dum
3159 3632 3381 3679 sanctus
3405 3619 3639 3691 Spiritus
3663 3629 3819 3671 naeu-

2233 3739 2342 3784 tem
2384 3728 2454 3783 ad
2498 3725 2903 3781 conversionem
2930 3727 3267 3784 commovet,
3319 3722 3605 3772 commotae
3653 3710 3819 3767 menti

2234 3822 2532 3877 electorum
2568 3816 2813 3886 exempla
2861 3815 3130 3879 insinuat;
3179 3825 3299 3881 qua:
3338 3815 3395 3864 et
3440 3803 3821 3862 venerabiliter

2233 3913 2444 3977 videat,
2477 3919 2534 3965 et
2571 3909 2770 3963 imitari
2811 3906 3004 3962 devote
3046 3902 3430 3974 concupiscat?
3457 3897 3575 3953 Hoc
3602 3894 3821 3966 (pridem

2233 4004 2553 4060 miraculum
2590 4002 2754 4073 310
2777 3999 2933 4071 juxta
2960 3997 3241 4053 historiam
3268 3994 3349 4049 sic
3376 3989 3640 4060 accipitur
3657 4026 3678 4055 ,
3702 3986 3820 4056 quia

2234 4098 2416 4170 plures
2445 4095 2922 4151 interﬁciebantur.
2954 4090 3108 4145 Nunc
3129 4102 3261 4144 vero
3291 4088 3344 4141 in
3370 4090 3556 4139 sancta
3585 4076 3823 4135 Eccleéa

2236 4194 2305 4248 ad
2338 4190 2640 4259 religiosam
2667 4188 2829 4241 vitam
2860 4190 3173 4255 peccatores
3212 4182 3635 4241 convertuntur,
3687 4183 3821 4240 quos

2237 4284 2328 4338 alii
2358 4283 2425 4336 ad
2453 4280 2667 4336 virtutis
2697 4275 2941 4347 exempla
2993 4282 3312 4344 sequuntur.
3344 4268 3581 4339 Spiritus
3608 4262 3826 4335 quidem

2235 4382 2456 4432 sanctus
2484 4372 2607 4428 illos
2634 4370 2827 4435 trahit,
2858 4376 2916 4424 et
2943 4366 3070 4437 quia
3102 4364 3390 4419 trahuntur
3417 4360 3538 4414 aliis
3568 4355 3825 4421 ostendit,

2239 4475 2301 4523 ut
2327 4475 2529 4520 tractos
2553 4464 2759 4529 trahat,
2798 4470 2854 4517 ct
2879 4458 3124 4515 videntes
3149 4455 3338 4511 tractis
3365 4453 3605 4515 inserat,
3638 4456 3828 4520 quate-

2239 4581 2341 4621 nus
2364 4577 2461 4633 per
2486 4561 2788 4629 largitatem
2811 4569 2919 4614 sum
2956 4553 3143 4625 gratia":
3167 4558 3428 4619 utrosque
3473 4544 3830 4615 comprehen—

2242 4658 2351 4713 dat.
2384 4654 2613 4723 Quando
2641 4653 2782 4709 enim
2814 4651 2919 4706 hoc
2942 4650 3060 4704 sine
3088 4644 3309 4702 homine
3355 4656 3453 4715 per
3478 4638 3829 4709 semetipsum

2241 4758 2501 4822 operatur
2542 4755 2601 4802 in
2640 4746 2892 4802 cordibus
2949 4741 3216 4806 ﬁdelium,
3271 4739 3461 4807 utique
3509 4731 3830 4788 miraculum

2242 4858 2353 4899 non
2382 4841 2438 4894 Iit
2464 4840 2621 4909 quasi
2647 4856 2673 4891 a
2704 4838 2843 4902 Deo,
2876 4834 2971 4891 sed
3000 4849 3028 4888 a
3063 4833 3196 4888 Deo.
3228 4829 3461 4897 Quando
3486 4836 3673 4881 autem
3704 4838 3833 4895 pne-

2244 4932 2545 4991 dicantibus
2574 4931 2677 4984 hoc
2698 4937 2917 4984 aeterna:
2940 4926 3064 4980 vita:
3090 4922 3404 4979 doctoribus
3449 4917 3593 4987 agit,
3623 4914 3780 4987 quasi
3804 4927 3833 4966 a

2244 5024 2358 5080 Deo
2387 5030 2470 5078 est
2508 5019 2861 5083 miraculum,
2910 5016 3038 5087 quia
3086 5013 3357 5069 mirabiles
3397 5025 3527 5065 suos
3558 5009 3834 5062 ministros

2245 5114 2515 5179 ostendit,
2545 5113 2723 5183 utqui
2763 5126 2859 5166 eos
2883 5110 3187 5179 aspiciunt,
3227 5106 3425 5161 devote
3462 5102 3687 5157 valeant
3724 5097 3836 5152 imi-

2246 5211 2367 5266 tari.
2399 5208 2504 5264 Sed
2531 5207 2658 5276 quia
2684 5219 2927 5261 summos
2971 5201 3281 5258 sacerdotes
3308 5197 3437 5252 Saul
3483 5196 3708 5263 signare
3751 5207 3836 5245 su-

2244 5303 2429 5373 perius
2456 5299 2715 5363 diximus,
2745 5295 3033 5351 Ionatham
3075 5307 3205 5348 vero
3234 5288 3402 5344 ﬁlium
3444 5287 3565 5354 ejus
3594 5285 3838 5339 subditas

2245 5393 2655 5464 praedicatorum
2701 5402 3003 5458 personas,
3059 5385 3104 5439 si
3160 5382 3439 5453 sequentia
3486 5376 3834 5440 attendimus,

2246 5483 2661 5541 sollicitudinem
2707 5478 3058 5550 apostolicam
3100 5476 3155 5530 in
3201 5473 3426 5530 summis
3465 5468 3835 5541 pontiﬁcibus,

2247 5594 2408 5648 quam
2445 5579 2710 5640 retinent,
2758 5573 3075 5628 invenimus.
3111 5570 3185 5624 De
3214 5584 3323 5639 quo
3369 5566 3619 5620 nimirum
3651 5564 3836 5618 beatus

2247 5670 2447 5724 Paulus
2495 5668 2765 5736 loquitur,
2799 5666 2987 5719 dicens
3032 5681 3045 5715 :
3090 5662 3218 5729 Quis
3265 5660 3597 5730 inﬁrmatur,
3636 5664 3688 5709 et
3742 5669 3835 5724 ego

2244 5779 2347 5817 non
2378 5760 2655 5829 inﬁrmor?
2685 5757 2811 5821 Quis
2860 5754 3281 5819 scandalizatur,
3311 5761 3359 5805 et
3406 5767 3499 5820 ego
3536 5764 3642 5803 non
3669 5743 3836 5800 uror?

2247 5856 2445 5911 I’rwter
2467 5854 2557 5907 illa
2581 5870 2694 5923 qum
2722 5854 3037 5906 extrinsecus
3058 5858 3204 5911 sunt,
3243 5847 3491 5901 instantia
3525 5859 3641 5896 mea
3669 5842 3836 5913 quoti-

2250 5951 2436 6015 diana,
2467 5946 2767 6004 sollicitudo
2816 5946 3044 6004 ominum
3079 5940 3433 5997 Ecclesiarum
3476 5935 3577 6008 (ΙΙ
3603 5934 3726 5991 Cor.
3760 5949 3831 5998 x1,
