4052 6338
261 288 379 347 375

1096 289 1161 344 ΙΝ
1198 287 1468 346 PRIMUM
1508 284 1750 343 REGUM
1790 281 2309 347 EXPOSITIONES.
2343 320 2417 334 -
2450 291 2583 348 LIB.
2626 292 2688 348 V.

3444 297 3554 354 574

259 410 380 482 29).
408 406 513 476 Qui
558 420 689 463 vero
732 405 975 462 omnium
1018 403 1387 464 Ecclesiarum
1430 402 1859 461 sollicitudinem
1888 400 1943 464 Δ
1964 406 2239 473 cognovit.
2265 405 2345 465 Ab
2367 407 2684 481 irreligiosis
2707 408 2931 479 quidem
2949 410 3226 483 religionis
3246 411 3551 486 consilium,

216 539 222 544 -
259 503 509 573 gerebat,
535 516 646 557 non
669 498 845 555 solum
873 499 1249 570 parvulorum.
1273 498 1370 555 sed
1396 500 1559 555 etiam
1581 498 1650 555 ad
1670 499 1855 557 discu-

234 638 237 643 .
262 596 447 656 tienda
474 593 741 665 maiorum
768 592 909 649 facta
936 593 1207 666 vigilabat.
1240 589 1398 650 Uade
1423 602 1482 651 et
1506 593 1598 650 hic
1626 593 1854 665 subjun-

258 688 407 758 gitur
439 704 454 740 :

334 778 511 850 (Vcrs.
547 774 650 845 16,
679 774 793 837 17.)
836 776 910 832 Et
948 789 1281 852 respexerunt
1317 781 1665 853 speculatores
1698 780 1855 849 Saul,

256 873 345 943 qui
374 878 527 925 erant
568 871 627 925 in
667 868 849 924 Gabaa
876 870 1182 944 Benjamiu,
1224 884 1275 928 et
1293 891 1408 931 ecce
1428 875 1704 930 multitudo
1731 892 1857 946 pro-

187 974 203 1031 μ
255 974 427 1020 strata
451 970 548 1017 huc
576 963 802 1037 illucque
828 964 1127 1039 ali/fugiens.
1161 966 1228 1022 Et
1250 970 1324 1022 ait
1375 968 1509 1025 Saul
1549 969 1737 1040 populo
1766 968 1857 1041 qui

194 1050 209 1111 λέ
254 1065 371 1113 erat
398 1073 515 1110 cum
528 1073 588 1112 eo
614 1071 633 1113 ε
670 1056 955 1130 Requirite,
985 1066 1034 1114 et
1060 1060 1225 1115 videte
1252 1062 1367 1133 quis
1391 1062 1576 1117 abierit
1597 1078 1663 1117 ea:
1682 1063 1851 1118 nobis.

257 1146 331 1204 Et
356 1156 613 1220 repertum
641 1158 719 1204 est
773 1164 882 1205 non
908 1150 1091 1206 adem
1118 1150 1406 1208 Jonatliam
1451 1163 1503 1208 et
1538 1154 1853 1226 armigerum

254 1254 390 1311 ejus.

324 1329 417 1385 25.
449 1330 691 1399 Pugnam
716 1328 963 1388 Jonathm
986 1332 1116 1389 Saul
1161 1335 1533 1406 speculatores
1560 1336 1853 1407 aspiciunt,

253 1422 382 1494 quia
408 1422 604 1478 summi
634 1421 919 1494 pontiﬁces
937 1468 952 1492 ,
980 1439 1084 1482 son
1113 1426 1289 1482 solum
1340 1427 1680 1484 subditorum
1707 1427 1853 1484 facta

254 1515 595 1584 discutiunt,
622 1514 719 1571 sed
739 1516 1043 1573 doctrinam
1067 1519 1435 1590 praelatorum.
1466 1519 1602 1577 Istos
1631 1520 1849 1590 quidem

252 1606 575 1676 explorant,
603 1606 651 1661 si
671 1606 813 1664 bene
840 1615 1034 1677 agant;
1077 1609 1201 1665 illos
1226 1619 1409 1666 autem
1438 1626 1509 1666 an
1552 1619 1704 1667 recte
1746 1611 1845 1667 do-

252 1704 437 1752 ceant.
466 1695 625 1769 Saepe
649 1699 1117 1756 conversationem
1142 1700 1370 1756 aliorum
1387 1700 1633 1770 audiunt,
1659 1701 1753 1757 sed
1782 1718 1853 1759 ne

1959 505 2053 553 aut
2076 498 2353 568 sapientia:
2379 515 2411 556 ι
2438 498 2617 558 stultis
2640 509 2850 572 petere,
2898 517 3008 558 non
3040 509 3125 558 est
3154 503 3441 560 consilium
3469 518 3555 564 ac-

1958 588 2163 659 cipere,
2189 590 2285 647 sed
2314 591 2671 662 praecipitare.
2692 589 2840 648 Bene
2853 606 2983 663 ergo
2998 593 3192 650 dicitur
3217 612 3231 650 :
3255 592 3392 650 Erat
3414 598 3553 658 enim

1956 681 2030 736 ibi
2055 696 2179 736 arca
2208 681 2325 749 Dei,
2352 684 2478 754 quia
2500 684 2553 739 in
2583 684 2746 743 rebus
2774 686 2951 743 dubiis
2980 686 3106 742 illos
3132 687 3395 745 debemus
3420 705 3554 747 cono

1957 770 2163 840 sulere,
2195 773 2389 844 quibus
2434 782 2622 844 aperte
2669 775 2870 832 scimus
2914 777 3215 849 spiritualia
3260 779 3403 836 dona
3440 797 3553 839 non

1956 863 2166 920 deesse.
2190 863 2296 921 Sed
2316 864 2559 936 quaedam
2583 874 2709 923 sunt
2727 881 2847 937 qua:
2865 882 2963 939 per
2976 854 3281 939 consilium,
3305 871 3553 941 quaidam

1957 969 2088 1010 vero
2111 969 2230 1025 qua:
2258 969 2356 1024 per
2382 956 2639 1011 auxilium
2666 955 3042 1013 meliorantur.
3066 954 3169 1015 Ubi
3188 959 3333 1015 enim
3363 970 3554 1031 aperta
3634 998 3635 1001 η

1956 1053 2013 1100 et
2040 1043 2337 1101 indubitata
2363 1048 2661 1104 necessitas
2687 1055 2790 1115 est,
2813 1048 2926 1104 illic
2946 1065 3054 1106 non
3084 1058 3167 1106 est
3187 1049 3379 1107 idonea
3402 1066 3553 1107 mora

1956 1139 2196 1208 consilii,
2219 1142 2315 1200 sed
2337 1142 2588 1199 celeritas
2605 1128 2994 1203 subventionis.
3028 1142 3289 1214 Ambigua
3310 1144 3550 1215 quidem,

1955 1242 2013 1287 et
2040 1232 2271 1288 obscura
2298 1233 2493 1289 melius
2522 1232 2855 1290 consulendo
2883 1233 3212 1303 peragimus,
3240 1233 3338 1289 sed
3366 1241 3555 1305 aperta

1956 1332 2013 1380 et
2057 1325 2274 1394 cognita
2320 1323 2691 1381 subveniendo
2732 1332 2790 1382 et
2831 1323 3144 1381 festinando
3191 1320 3553 1383 sublevamus.

1957 1414 2112 1473 Unde
2137 1424 2193 1472 et
2220 1416 2462 1473 subditur
2490 1434 2503 1471 :

2030 1518 2206 1591 (Vers.
2242 1517 2328 1585 l9,
2360 1517 2475 1590 20.)
2508 1516 2732 1589 Cumque
2759 1516 3053 1588 loqueretur
3099 1500 3232 1572 Saul
3270 1516 3341 1571 ad
3383 1533 3558 1572 sacer-

1956 1611 2146 1677 dotem,
2174 1611 2419 1666 tumultus
2457 1626 2677 1683 magnus
2716 1619 2925 1666 exortus
2964 1617 3039 1663 est
3067 1610 3123 1663 in
3162 1609 3347 1663 castris
3374 1598 3548 1663 Phili-

1956 1707 2128 1772 stiim,
2161 1706 2516 1776 crescebatque
2544 1704 2831 1776 paulatim,
2859 1712 2910 1758 et
2940 1702 3129 1757 clarius
3160 1700 3456 1757 resonabat.
3488 1700 3559 1756 Et

216 1852 219 1853 ν
252 1790 359 1845 sint
390 1789 531 1847 bene
560 1791 791 1858 eruditi,
824 1793 1232 1864 pertimescunt.
1258 1793 1397 1863 Quid
1426 1795 1570 1851 enim
1600 1802 1681 1853 est
1710 1796 1857 1851 aliud
1888 1795 1937 1857 B
1962 1801 2039 1853 ait
2067 1798 2198 1854 Saul
2218 1798 2287 1853 ad
2315 1797 2637 1852 sacerdotem
2665 1814 2683 1851 :
2709 1796 2968 1852 Contrane
2990 1812 3202 1855 manum
3234 1807 3393 1851 tuam.
3417 1794 3559 1851 Cen-

248 1883 401 1952 quod
431 1883 551 1953 quis
578 1884 807 1955 abierit,
834 1887 1125 1958 qumritur,
1154 1888 1256 1944 nisi
1284 1888 1533 1959 quia"qui
1559 1890 1626 1945 ad
1654 1891 1850 1962 praedi-

1956 1894 2195 1949 clamauit
2220 1892 2381 1958 Saul,
2413 1900 2461 1946 et
2507 1893 2675 1946 omnis
2711 1890 2932 1964 papulas
2976 1892 3065 1962 qui
3109 1907 3226 1945 cum
3244 1907 3306 1947 eo
3330 1897 3480 1957 erat,
3510 1897 3561 1945 et

250 1974 489 2031 candum
517 1977 750 2033 mittitur
778 1978 902 2035 talis
927 1994 1047 2037 esse
1074 1980 1237 2037 debet
1255 2020 1273 2050 ,
1302 1990 1364 2037 ut
1385 1997 1523 2038 onus
1566 1982 1851 2039 ministerii
1952 1992 2201 2041 uenerunt
2235 2000 2396 2056 usque
2422 1982 2490 2037 ad
2536 1984 2707 2039 locum
2742 1983 3063 2039 certaminis.

248 2069 303 2126 ei
329 2083 523 2127 secure
548 2071 891 2142 imponatur;
924 2081 983 2128 ut
1021 2089 1179 2131 mens
1218 2075 1484 2132 mittentis
1512 2077 1657 2132 nulla
1691 2077 1850 2133 dubi-

250 2166 464 2222 tatione
511 2166 736 2223 ﬂuctuet
790 2168 941 2239 quod
997 2180 1149 2226 recte
1204 2171 1427 2239 doceat,
1485 2179 1543 2228 et
1590 2172 1853 2228 doctrinae

247 2257 421 2313 verba
441 2257 695 2327 operibus
735 2259 1007 2317 ostendat.
1040 2258 1110 2315 Et
1136 2261 1262 2330 quia
1292 2262 1560 2319 innumeri
1599 2272 1727 2320 sunt
1749 2263 1856 2320 Ec-

246 2347 543 2405 clesiarum
572 2350 861 2421 praesules,
892 2367 922 2407 a
945 2353 1381 2423 speculatoribus
1402 2353 1664 2411 lonathas
1709 2357 1854 2427 aspio

246 2439 428 2506 citur,
480 2441 608 2512 quia
654 2458 924 2501 summum
968 2444 1183 2500 culmen
1212 2445 1529 2503 universalis
1575 2445 1867 2513 Ecclesim,

247 2532 326 2591 sic
353 2547 465 2604 per
491 2534 682 2591 orbem
717 2535 1103 2605 praedicatores
1139 2538 1388 2604 oriﬁnat,
1417 2545 1476 2593 ut
1497 2538 1638 2595 circa
1660 2553 1720 2594 se
1746 2539 1853 2594 mi—

246 2624 460 2682 nistros
488 2626 705 2694 habeat,
729 2642 827 2696 per
847 2642 987 2698 quos
1012 2629 1231 2685 illorum
1252 2631 1555 2685 doctrinam
1580 2630 1852 2702 discutiat,

246 2723 302 2774 et
324 2731 506 2788 opera
533 2717 820 2788 diligenter
839 2720 1096 2790 inquirat.
1127 2720 1235 2776 Sed
1263 2721 1356 2789 qui
1379 2721 1575 2777 summi
1602 2721 1856 2778 culminis

246 2808 562 2865 ministerio
592 2800 943 2879 etlegatione
973 2810 1302 2882 funguntur,
1355 2812 1412 2867 in
1458 2814 1567 2868 alta
1621 2814 1749 2871 vita
1800 2820 1858 2870 et

247 2899 500 2959 scientiae
526 2899 662 2959 sede
679 2901 1058 2961 sublimantur.
1097 2902 1246 2963 Unde
1274 2914 1331 2962 et
1374 2907 1516 2964 bene
1542 2905 1704 2963 iidem
1733 2921 1859 2979 spes

244 2994 367 3053 cuia
382 3002 532 3049 tores
578 2994 637 3049 in
688 2992 874 3050 Gabaa
934 2995 1219 3067 Beniamin
1283 3013 1407 3057 esse
1455 3009 1851 3057 memorantur.

247 3085 447 3142 Gabaa
465 3086 677 3155 quidem
707 3086 992 3157 Beniamin
1019 3089 1175 3147 collis
1212 3087 1307 3148 ﬁlii
1350 3092 1556 3150 dextrae
1577 3109 1857 3165 nuncupa-

2027 2073 2116 2129 26.
2147 2074 2285 2142 Quid
2315 2074 2459 2129 enim
2486 2074 2631 2131 aliud
2660 2074 2841 2145 signat
2868 2074 3015 2146 quod
3042 2072 3198 2146 prius
3232 2072 3362 2129 Saul
3381 2072 3561 2144 appli-

1956 2179 2083 2222 care
2125 2179 2310 2220 arcam
2360 2165 2546 2236 petiit,
2601 2165 2795 2221 deinde
2848 2163 3192 2220 sacerdotem
3216 2160 3564 2219 .contrahere

1957 2271 2176 2311 manum
2204 2256 2397 2326 jussit,
2429 2256 2534 2311 nisi
2561 2256 2687 2326 quia
2716 2264 2772 2312 et
2800 2255 3031 2311 obscura
3060 2253 3321 2310 debemus
3355 2268 3560 2311 consu-

1957 2348 2120 2405 lendo
2151 2348 2470 2420 disponere,
2502 2358 2559 2405 et
2586 2363 2707 2419 quae
2754 2349 2955 2404 clarius
3002 2348 3391 2416 innotescunt,
3438 2362 3563 2404 cum

1958 2436 2308 2495 festinatione
2362 2439 2677 2511 complere?
2718 2436 2826 2495 Sed
2874 2438 3218 2511 praedicatori
3266 2438 3558 2496 tumultum

1958 2536 2293 2585 crescentem
2317 2522 2578 2601 paulatim
2610 2528 2828 2597 audire,
2877 2537 2962 2586 est
3001 2544 3391 2588 conversorum
3434 2545 3562 2600 pec-

1960 2627 2209 2677 catorum
2262 2621 2609 2678 devotionem
2672 2634 3021 2691 cognoscere.
3101 2620 3257 2688 Quod
3299 2620 3560 2693 paulatim

1961 2723 2210 2765 crescere
2238 2710 2456 2778 dicitur,
2488 2711 2613 2781 quia
2637 2711 2766 2767 dum
2794 2719 3032 2768 mentem
3061 2722 3301 2768 nostram
3330 2711 3397 2766 ad
3420 2711 3565 2768 bona

1961 2814 2128 2870 opera
2154 2801 2376 2870 spiritus
2403 2802 2612 2871 dirigit,
2640 2803 2781 2859 hanc
2808 2803 2877 2858 ad
2904 2802 3132 2859 meliora
3161 2818 3257 2873 per
3285 2801 3561 2873 quotidia-

1963 2902 2064 2943 nos
2095 2889 2370 2958 prolectus
2429 2890 2626 2946 leniter
2670 2892 2840 2947 ducit.
2894 2890 3034 2959 Quid
3072 2907 3203 2947 vero
3255 2901 3365 2957 est,
3418 2890 3564 2960 quod

1961 2974 2092 3033 Saul
2121 2986 2177 3034 et
2207 2980 2383 3035 omnis
2412 2980 2504 3052 qui
2536 2996 2659 3036 cum
2695 2997 2761 3038 eo
2792 2989 2876 3037 est
2905 2983 3139 3053 populus
3175 2982 3406 3049 clamat,
3435 2981 3563 3049 nisi,

1961 3068 2090 3138 quia
2114 3084 2173 3125 se
2203 3068 2599 3140 przeliatoribus
2623 3069 2869 3128 sociant?
2894 3066 3003 3127 Sed
3052 3078 3107 3126 et
3150 3085 3323 3140 usque
3368 3068 3435 3124 ad
3479 3069 3563 3126 lo-

245 3188 358 3237 w...
404 3178 464 3234 ιη
484 3180 621 3236 caue
651 3179 875 3251 quidem
919 3179 1015 3238 ωίί
1040 3182 1241 3239 denm
1268 3192 1428 3251 sum,
1479 3185 1573 3256 qui
1616 3184 1729 3255 iam
1758 3161 1857 3257 im.
1880 3176 1931 3242 α
1966 3176 2088 3216 cum
2118 3162 2430 3219 certaminis
2469 3164 2716 3219 veniunt.
2767 3161 2940 3220 Locus
2979 3163 3293 3221 certaminis
3338 3178 3434 3219 cor
3483 3172 3567 3219 est

244 3273 546 3335 sublimem
571 3275 739 3330 vitam
756 3316 774 3344 ,
796 3283 852 3332 et
877 3290 976 3347 per
1002 3276 1168 3333 altam
1188 3279 1472 3335 scientiam
1488 3320 1505 3347 ,
1540 3280 1610 3336 ad
1637 3280 1858 3337 confor-

250 3364 555 3420 mationem
591 3363 843 3420 videntur
887 3366 1196 3437 pertingere
1223 3367 1622 3438 Redemptoris.
1668 3371 1737 3425 lli
1764 3372 1854 3427 ni-

258 3457 461 3513 mirum
490 3456 760 3511 victorum
804 3463 926 3511 acta
966 3455 1035 3512 de
1070 3457 1288 3514 sublimi
1333 3460 1704 3531 conspiciunt,
1732 3465 1860 3533 quia

256 3548 536 3609 bonorum
554 3546 723 3601 vitam
743 3545 998 3618 probare,
1029 3555 1089 3604 et
1115 3548 1290 3607 malos
1314 3549 1608 3618 discutere,
1640 3566 1707 3607 ex
1735 3554 1860 3609 vitae

258 3647 543 3698 merentur
582 3637 935 3707 celsitudine,
982 3646 1038 3694 et
1086 3654 1312 3697 summa:
1347 3642 1585 3698 scientiae
1619 3642 1859 3714 perfecta

260 3734 589 3795 eruditione.
614 3730 719 3800 Qui
747 3730 1037 3787 Jonatbam
1064 3748 1175 3790 non
1198 3733 1389 3795 adesse
1412 3735 1715 3807 reperiunt,
1737 3738 1862 3807 quia

260 3828 413 3885 lucra
440 3825 847 3898 praedicationis
885 3833 1016 3883 tunc
1068 3828 1275 3898 Optima
1308 3844 1429 3885 esse
1481 3830 1861 3899 considerant,

265 3937 395 3978 cum
422 3920 785 3992 prmdicatoris
808 3920 1134 3979 laudabilem
1160 3938 1450 3994 personam
1479 3923 1731 3996 probant.
1759 3924 1863 3981 Se—

268 4015 453 4085 quitur
482 4032 497 4070 :

338 4107 517 4179 (Vere.
549 4109 665 4180 l8.)
693 4107 766 4164 Et
787 4112 863 4165 ait
885 4107 1021 4166 Saul
1048 4110 1119 4164 ad
1136 4110 1357 4167 Aciliam
1386 4127 1406 4167 :
1436 4112 1660 4185 Applica
1682 4129 1865 4171 arcam

266 4197 386 4255 Dei.

335 4288 429 4344 24.
461 4286 571 4344 Cur
597 4289 823 4345 Achiam
854 4289 1195 4346 sacerdotem
1220 4286 1349 4347 Saul
1378 4291 1654 4362 applicare
1682 4307 1863 4349 arcam

268 4380 532 4454 praecipit,
557 4381 659 4436 nisi
688 4379 814 4449 quia
842 4380 1067 4436 modum
1096 4379 1408 4437 certaminis
1435 4396 1468 4437 a
1507 4383 1866 4453 speculatori-

267 4470 366 4530 bus
390 4473 654 4528 audiunt?
688 4472 847 4541 Quod
894 4473 1114 4545 quidem
1152 4487 1185 4527 a
1224 4473 1448 4529 summis
1496 4474 1866 4531 sacerdotibus

268 4567 407 4626 bene
434 4569 788 4641 spiritualiter
815 4569 1013 4639 agitur,
1045 4584 1169 4625 cum
1197 4582 1259 4624 ea
1290 4583 1412 4637 quae
1456 4583 1488 4623 a
1537 4569 1862 4626 relatoribus

271 4660 494 4716 audiunt
521 4675 630 4717 non
659 4668 786 4716 ante
815 4660 1139 4730 diiudicant,
1170 4675 1335 4731 quam
1379 4674 1567 4715 eorum
1598 4661 1869 4717 rationem

268 4752 327 4810 in
354 4754 589 4811 consilio
634 4755 858 4809 interna:
897 4752 1266 4809 meditationis
1293 4753 1453 4825 311
1484 4763 1746 4825 quaerant.
1778 4752 1866 4819 Et,

272 4847 397 4916 quia
429 4862 573 4917 saepe
598 4846 789 4902 alienae
813 4846 977 4901 etiam
1026 4846 1226 4900 mentis
1273 4844 1498 4901 consilia
1546 4854 1867 4916 sequuntur,

274 4936 473 4995 Acbias
535 4953 717 4994 arcam
784 4937 1062 5008 applicare
1112 4934 1353 5005 iubetur.
1414 4935 1611 4989 Arcam
1668 4935 1873 5006 quippe

274 5030 532 5087 sacerdos
584 5031 778 5099 habet,
852 5030 945 5101 qui
1015 5026 1239 5085 scientia
1305 5026 1570 5099 spirituali
1632 5037 1872 5085 mentem

275 5134 497 5178 vacuam
518 5138 627 5178 non
649 5123 831 5181 habet.
856 5121 1128 5191 Saulergo
1149 5133 1327 5177 arcam
1349 5120 1624 5192 applicare
1649 5120 1871 5178 Achiam

276 5212 445 5283 jubet,
476 5215 695 5284 quando
717 5230 959 5272 summus
987 5215 1178 5271 doctor
1207 5213 1493 5272 consilium
1516 5230 1546 5267 a
1573 5214 1871 5273 minoribus

279 5305 389 5361 suis
410 5314 465 5362 et
487 5306 711 5363 eruditis
737 5308 951 5376 quaerit.
976 5306 1053 5361 lbi
1079 5306 1228 5363 enim
1249 5314 1376 5363 sunt
1394 5306 1713 5378 postulanda
1745 5323 1873 5363 con-

282 5396 419 5467 silia,
449 5400 540 5458 ubi
566 5400 862 5473 spiritualis
889 5398 1126 5458 scientia
1147 5401 1319 5472 gratia
1342 5408 1609 5457 coruscat.
1645 5399 1800 5456 Unde
1819 5409 1874 5455 ct

282 5490 528 5549 subditur
565 5512 579 5549 :

362 5584 537 5653 (γωδ.
569 5585 687 5656 18.)
712 5585 849 5643 Erat
877 5587 1017 5643 enim
1043 5601 1169 5641 arca
1187 5584 1288 5641 Dei
1306 5585 1363 5640 in
1384 5585 1467 5639 die
1495 5584 1589 5640 illa
1614 5600 1728 5639 cum
1749 5584 1876 5655 [iliis

294 5672 479 5731 Israel.

1964 3259 2189 3313 verbum
2218 3258 2313 3315 Dei
2337 3258 2624 3315 audientis.
2650 3259 2974 3316 Certaminis
3001 3276 3131 3316 vero
3162 3262 3315 3317 locus
3344 3260 3542 3316 dicitur
3597 3304 3605 3323 ,

1964 3351 2091 3420 quia
2120 3352 2346 3407 verbum
2372 3350 2521 3422 quod
2547 3352 2834 3422 recipitur,
2862 3368 2986 3407 cum
3030 3355 3302 3423 praeterita
3333 3370 3561 3409 conver-

1965 3438 2176 3495 satione
2200 3441 2494 3511 przeliatur.
2526 3441 2747 3498 Placent
2774 3444 2919 3499 enim
2949 3445 3000 3500 ei
3023 3438 3136 3515 jam
3176 3443 3418 3501 crelestia
3447 3459 3567 3515 quin

1967 3530 2148 3598 audit,
2200 3531 2297 3587 sed
2340 3539 2494 3589 vetus
2522 3533 2858 3589 consuetudo
2887 3535 3146 3605 insurgit,
3188 3544 3243 3590 et
3282 3544 3342 3590 ut
3381 3534 3565 3590 audita

1969 3632 2311 3689 contemnat,
2363 3625 2620 3695 suggerit.
2668 3624 2755 3681 Fit
2780 3639 2958 3696 pugna
3008 3626 3135 3681 item
3166 3627 3411 3698 gravior,
3439 3625 3565 3697 quia

1966 3712 2112 3783 quod
2153 3714 2477 3785 praedicator
2520 3714 2734 3785 laudat,
2782 3717 2887 3773 hoc
2932 3716 3152 3787 maligni
3198 3717 3419 3788 spiritus
3449 3716 3564 3773 dis-

1965 3806 2246 3864 suadendo
2267 3809 2607 3879 vituperant,
2641 3818 2697 3865 et
2732 3809 2888 3880 quasi
2930 3810 3225 3885 prailiando
3272 3826 3332 3866 se
3377 3819 3569 3867 contra

1968 3907 2189 3957 sanctos
2217 3900 2463 3972 erigunt,
2486 3900 2615 3957 dum
2643 3901 2772 3957 illud
2798 3900 3049 3959 bellando
3075 3901 3385 3967 destruunt,
3419 3901 3563 3974 quod

1969 3992 2196 4049 istorum
2245 4009 2382 4050 voce
2436 3993 2777 4065 praedicatur.
2846 3992 2986 4061 Quid
3045 3988 3135 4049 est
3184 4008 3314 4062 ergo
3378 3993 3565 4048 venire

1968 4099 2139 4156 usque
2187 4084 2254 4139 ad
2304 4085 2484 4140 locum
2534 4083 2868 4148 certaminis,
2900 4082 3003 4137 nisi
3031 4098 3128 4153 per
3186 4081 3565 4150 quuisitionis

1970 4176 2173 4230 aditum
2220 4176 2504 4247 pervenire
2555 4175 2622 4229 ad
2666 4183 2873 4229 secreta
2922 4171 3101 4229 cordis
3138 4173 3426 4237 auditoris,
3474 4172 3567 4227 ubi

1968 4267 2156 4325 hostes
2178 4268 2428 4325 celeriter
2455 4267 2714 4331 inveniat,
2733 4273 2789 4322 et
2807 4274 3059 4340 potenter
3077 4265 3279 4338 exedat?
3309 4265 3442 4321 Nam
3471 4265 3565 4336 qui

1970 4358 2239 4415 discutere
2294 4358 2503 4414 interna
2563 4358 2841 4427 nesciunt,
2899 4357 2967 4413 ad
3022 4358 3203 4415 locum
3255 4358 3565 4416 certaminis

1971 4446 2257 4521 pervenire
2298 4469 2405 4507 non
2453 4459 2695 4522 possunt.
2751 4442 2863 4508 Vel
2901 4451 3052 4509 locus
3100 4453 3408 4510 certaminis
3454 4459 3567 4520 est,

1972 4541 2064 4597 ubi
2091 4541 2279 4597 crebra
2323 4544 2464 4597 fama
2508 4552 2715 4612 magna:
2760 4538 3036 4618 religionis
3064 4554 3164 4603 est.
3208 4543 3340 4602 Illuc
3366 4545 3568 4616 quippe

1977 4631 2103 4687 dum
2131 4632 2199 4687 ab
2245 4634 2541 4689 innumeris
2580 4636 2848 4704 curritur,
2899 4640 2990 4709 qui
3014 4648 3068 4695 et
3094 4640 3259 4695 vitam
3297 4640 3570 4709 deponere

1976 4728 2241 4794 Veterem,
2272 4728 2326 4780 et
2354 4725 2577 4781 induere
2600 4732 2795 4783 novam
2820 4726 3225 4801 concupiscunt,
3259 4728 3569 4786 certaminis

1977 4819 2131 4875 locus
2160 4828 2306 4875 recte
2330 4828 2704 4891 nuncupatur,
2736 4822 2861 4893 quia
2901 4820 3142 4893 quotidie
3168 4823 3277 4878 illic
3312 4820 3572 4892 spiritua-

1977 4909 2110 4966 lium
2149 4912 2410 4967 virtu‘tum
2453 4912 2723 4968 exercitus
2746 4914 2976 4984 ,pugnat
3010 4929 3134 4969 cum
3179 4910 3570 4968 numerositate

1981 5004 2257 5059 vitiorum.
2288 5004 2403 5059 lllic
2431 5005 2648 5074 quidem
2676 5012 2879 5075 quanto
2923 5019 3115 5074 graves
3159 5006 3382 5075 pugnae,
3417 5009 3570 5058 tanto

1978 5086 2230 5167 gloriosae
2259 5093 2513 5151 victoriae.
2543 5093 2661 5151 illic
2678 5112 2784 5167 quo
2831 5093 3159 5166 frequentius
3186 5109 3438 5150 accessus
3468 5094 3573 5149 ho-

1980 5186 2163 5257 stium,
2194 5202 2259 5243 eo
2287 5195 2341 5242 et
2370 5184 2687 5244 laudabilior
2715 5203 2972 5244 numerus
3002 5186 3396 5259 triumphorum
3428 5202 3440 5238 :
3476 5184 3568 5239 ubi

1980 5292 2088 5332 non
2112 5278 2284 5335 solum
2315 5284 2630 5350 magnorum
2659 5280 2765 5335 alta
2793 5282 2962 5335 virtus
2991 5280 3284 5346 extollitur,
3307 5276 3572 5345 sedeam-

1982 5371 2158 5426 munis
2181 5371 2419 5426 omnium
2444 5372 2731 5427 strenuitas
2753 5374 2886 5427 mira
2910 5372 3236 5429 fortitudinis
3261 5370 3570 5429 ostensione

1981 5470 2331 5518 monstratur.
2368 5460 2517 5517 Unde
2547 5470 2601 5517 et
2630 5464 2876 5533 sequitur
2907 5482 2919 5517 :

2052 5578 2241 5652 (Vers.
2277 5580 2398 5651 20.)
2421 5562 2490 5635 Et
2511 5598 2624 5645 ecce
2658 5600 2829 5639 rersus
2876 5584 3047 5655 [uerat
3077 5582 3285 5655 gladius
3326 5582 3571 5647 uniuseue

1898 5696 1913 5710 -
1971 5672 2159 5743 jusque
2188 5674 2257 5730 ad
2297 5675 2589 5746 proximum
2616 5692 2784 5748 suum,
2831 5677 2991 5750 312
3019 5683 3069 5734 et
3102 5676 3268 5736 clades
3295 5673 3569 5747 magnani.

362 5764 451 5824 25.
478 5767 643 5839 Quasi
663 5769 809 5828 dicat
832 5787 847 5826 :
868 5767 985 5830 Hoc
1004 5768 1273 5841 applicare
1297 5770 1571 5843 praecepit,
1592 5769 1738 5840 quod
1758 5784 1879 5829 esse
1980 5767 2097 5823 mis.
