4052 6338
518 315 623 374 575

1725 306 1966 370 SANCTI
2007 302 2332 362 GREGORII
2368 305 2585 364 MAGNI

3690 318 3797 375 576

585 431 677 489 27.
707 428 837 499 Quis
864 436 945 487 est
969 428 1057 485 hic
1086 427 1316 501 gladius,
1337 426 1441 484 nisi
1464 426 1671 499 gladius
1691 425 1928 497 spiritus,
1959 422 2104 494 quod
2131 426 2181 487 Α
2206 422 2474 478 extollunt
2500 423 2697 493 iniquae
2724 422 3078 495 operationis.
3110 423 3211 481 Vel
3232 441 3355 483 cum
3382 428 3463 486 eis
3484 440 3648 499 sunt,
3677 450 3802 494 cum

511 531 598 581 est
621 523 844 579 verbum
869 521 1003 576 Dei?
1028 519 1130 587 Qui
1159 519 1302 575 enim
1343 517 1821 574 innumerabilibus
1870 516 2002 570 locis
2032 514 2101 569 ad

510 614 897 685 omnipotentis
925 613 1023 669 Dei
1049 612 1329 668 servitium
1346 610 1594 666 conversi
1618 616 1761 675 sunt,
1784 608 1910 678 quia
1936 607 2099 663 verbo

509 707 606 764 Dei
638 707 1066 779 inseparabiliter
1094 706 1383 771 inhaerent,
1414 705 1566 774 quasi
1590 702 1741 773 juxta
1771 718 1831 758 se
1859 702 2100 772 quisquis

507 801 745 873 gladium
772 808 940 857 tenet.
969 799 1191 855 Gladius
1220 814 1349 870 ergo
1376 796 1795 865 uniuscujusque
1822 794 1887 851 ad
1917 795 2100 865 proxi-

506 908 655 949 mum
679 894 928 962 vertitur,
956 892 1171 963 quando
1196 892 1252 946 hi
1280 891 1369 961 qui
1400 891 1452 945 in
1482 890 1825 945 monasteriis
1854 890 2099 944 conversi

506 993 664 1053 sunt,
694 994 751 1040 et
778 986 1013 1041 vicissim
1038 999 1099 1039 se
1128 983 1291 1049 verbo
1318 982 1414 1037 Dei
1452 980 1757 1052 perforant,
1784 990 1838 1037 et
1865 979 2097 1037 carnali-

502 1087 673 1135 tatem
707 1080 761 1134 in
801 1093 861 1134 se
918 1078 1136 1149 penitus
1188 1084 1401 1131 necant.
1443 1074 1602 1129 Velut
1651 1075 1796 1129 enim
1836 1074 2099 1129 alterutro

502 1175 729 1230 vulnere
771 1172 1169 1229 interﬁciuntur
1187 1214 1201 1237 ,
1234 1169 1361 1225 dum
1388 1172 1527 1225 alter
1549 1169 1776 1225 alterum
1812 1170 1979 1224 verbo
2003 1168 2099 1224 Dei

501 1269 767 1341 percutit,
798 1276 854 1322 et
882 1265 1138 1336 quidquid
1169 1265 1222 1321 in
1260 1279 1319 1319 se
1357 1263 1649 1319 carnaliter
1685 1262 1846 1329 vivit,
1896 1263 2098 1317 exstin-

501 1362 639 1432 guit.
670 1361 814 1429 Qui,
835 1362 960 1431 quia
990 1372 1161 1427 nuper
1188 1355 1436 1412 conversi
1457 1398 1473 1424 ,
1500 1370 1531 1409 a
1560 1354 1788 1411 seculari
1817 1354 1927 1409 vita
1959 1352 2099 1408 ceci-

501 1450 722 1516 derant,
753 1449 1158 1504 Philistinorum
1195 1456 1324 1519 typo
1352 1446 1547 1518 signati
1578 1454 1722 1501 sunt.
1753 1446 1872 1515 Vel;
1888 1445 2097 1517 gladius

500 1543 723 1599 alterius
744 1543 809 1597 ad
847 1543 1154 1613 proximum
1186 1541 1445 1609 vertitur,
1486 1540 1702 1609 quando
1742 1554 1838 1609 per
1865 1554 2095 1595 conver-

500 1651 681 1691 surum
709 1634 1174 1700 exhortationem,
1205 1632 1445 1686 nondum
1488 1631 1737 1687 conversi
1779 1640 2096 1702 peccatores

498 1726 566 1780 ad
609 1726 893 1782 Dominum
938 1732 1359 1789 convertuntur;
1401 1723 1622 1793 quando
1669 1739 1778 1778 non
1819 1723 1993 1778 solum
2036 1723 2093 1778 hi

2203 522 2422 584 peccata
2442 530 2537 571 sua
2564 518 2839 587 operando
2862 519 3181 589 perficiunt;
3205 536 3325 577 cum
3351 523 3431 579 eis
3450 540 3584 582 vero
3612 543 3802 586 ascen-

2201 608 2355 676 dunt,
2385 624 2506 665 cum
2531 611 2815 681 pravitatis
2842 628 2952 668 sure
2976 614 3225 685 exempla
3254 615 3373 671 aliis
3398 616 3661 674 imitanda
3685 637 3803 691 pro-

2202 699 2345 755 ferre
2388 716 2495 756 non
2544 710 2811 757 metuunt.
2842 702 2983 770 Quid
3028 714 3112 760 est
3148 720 3279 776 ergo
3321 708 3470 779 quod
3513 712 3719 766 reverti
3750 722 3803 767 et

2202 806 2322 847 esse
2342 806 2462 847 cum
2492 792 2690 849 lsraele
2718 794 2997 863 dicuntur,
3036 796 3139 852 nisi
3170 799 3295 868 quia
3327 799 3465 855 tales
3490 801 3660 856 etiam
3682 804 3801 873 ple-

2200 899 2427 957 rumque
2458 887 2819 957 resipiscunt?
2846 887 3063 945 Reverti
3087 891 3231 945 enim
3263 906 3505 948 amorem
3531 894 3800 963 religiosa

2200 978 2323 1034 vita:
2360 994 2636 1037 resumere
2684 988 2787 1038 est.
2836 981 2906 1037 Et
2943 998 3067 1039 cum
3108 984 3309 1041 lsraele
3343 1001 3495 1054 esse,
3536 994 3622 1043 est
3661 988 3810 1049 intra.

2200 1080 2441 1127 sanctam
2486 1072 2786 1129 Ecclesiam
2830 1076 2885 1130 in
2923 1076 3204 1132 charitatis
3236 1078 3446 1135 unitate
3484 1081 3799 1150 persistere.

2201 1162 2281 1218 Ad
2324 1164 2430 1219 hoc
2476 1166 2676 1236 quippe
2708 1167 3125 1233 revertendum,
3162 1168 3323 1241 313
3362 1178 3424 1226 ut
3450 1186 3575 1227 cum
3601 1171 3802 1230 lsraele

2200 1268 2319 1312 esse
2341 1266 2695 1327 proponatur,
2727 1259 2852 1328 quia
2884 1259 3027 1315 nulla
3054 1270 3136 1316 est
3156 1262 3443 1318 conversio
3472 1266 3797 1334 peccatoris,

2198 1347 2244 1403 si
2272 1364 2566 1404 conversus
2608 1352 3016 1419 perseverantia
3065 1362 3249 1408 careat
3291 1353 3422 1410 boni
3469 1356 3689 1425 operis,
3742 1364 3799 1412 et

2199 1446 2403 1501 unitate
2441 1446 2740 1501 charitatis.
2784 1446 3041 1518 Sequitur
3073 1466 3087 1502 :

2270 1537 2445 1610 (Vers.
2477 1538 2591 1610 22.)
2633 1540 2826 1594 Omnes
2856 1557 3056 1613 quoque
3080 1540 3358 1607 Israelita,
3390 1543 3477 1613 qui
3502 1559 3558 1597 se
3577 1542 3798 1598 abscon-

2198 1622 2382 1687 derant
2422 1634 2475 1686 in
2521 1640 2694 1686 monte
2722 1631 3000 1701 Ephraim,
3052 1634 3318 1689 audientes
3364 1635 3501 1707 quod
3543 1638 3798 1707 fugissent

2196 1722 2507 1786 Philistiim,
2541 1724 2867 1777 sociaverant
2890 1741 2946 1778 se
2973 1741 3089 1779 cum
3116 1727 3223 1779 suis
3249 1726 3304 1779 in
3335 1726 3540 1796 prwlio.

495 1820 589 1890 qui
622 1828 876 1890 .praesunt
914 1818 1082 1873 verbo
1120 1816 1521 1886 prmdicationis
1558 1814 1693 1870 alios
1732 1814 2090 1881 lucrifaciunt,
2129 1829 2171 1887 Β
2270 1815 2359 1869 29.
2403 1814 2519 1869 Hoc
2560 1816 2778 1884 quidem
2810 1815 2970 1871 toties
3000 1815 3058 1870 fit
3109 1817 3323 1886 quoties
3358 1817 3644 1872 remotiori
3683 1820 3800 1873 vita:

494 1910 592 1965 sed
630 1910 919 1965 multitudo
954 1907 1292 1962 subditorum
1331 1913 1599 1977 quotquot
1642 1914 1870 1975 possunt
1916 1905 2099 1961 verbis

494 2010 552 2057 et
579 2002 841 2072 exemplis
876 2001 1172 2065 instruere,
1224 2006 1280 2055 et
1330 1999 1610 2070 prmsentis
1656 1999 1779 2054 vitae
1816 1998 2098 2054 desideriis

494 2102 759 2149 conantur
780 2092 925 2147 velut
955 2092 1267 2147 interfectos
1294 2091 1616 2160 subducere,
1645 2100 1702 2146 et
1727 2100 1942 2147 aeternae
1973 2092 2097 2146 vita:

492 2184 647 2238 vivos
675 2184 949 2238 exhibere.
982 2182 1110 2239 Haec
1135 2182 1351 2253 quidem
1376 2183 1522 2238 lucra
1552 2190 1957 2254 peremptorum
1980 2184 2093 2253 jam

493 2272 549 2327 in
580 2281 695 2328 tota
732 2274 972 2331 Ecclesia
1019 2291 1118 2346 per
1153 2276 1338 2331 orbem
1378 2276 1691 2331 universum
1729 2274 1918 2331 diﬂusa
1956 2293 2093 2333 con-

451 2351 454 2354 ’
495 2366 784 2435 spicimus,
830 2367 954 2439 quia
986 2369 1293 2439 quicunque
1321 2382 1420 2438 per
1441 2368 1677 2422 divinam
1720 2369 1947 2438 gratiam
1979 2370 2091 2439 jam

495 2458 611 2516 Deo
643 2461 855 2521 vivunt,
895 2461 1115 2517 alterna:
1142 2461 1421 2516 charitatis
1450 2476 1710 2516 mucrone
1739 2460 1865 2516 huic
1891 2462 2092 2518 mundo

494 2556 697 2610 mortui
724 2556 992 2611 videnlur.
1045 2555 1265 2612 Gladius
1314 2558 1515 2627 quippe
1556 2556 1979 2626 uniuscujusque
2024 2556 2093 2611 ad

492 2648 805 2719 proximum
838 2648 1099 2716 vertitur,
1142 2648 1267 2719 quia
1305 2663 1494 2703 omnes
1543 2647 1699 2703 electi
1731 2663 1790 2703 se
1821 2649 1874 2703 in
1906 2657 2092 2704 sancta

492 2737 735 2793 Ecclesia
769 2738 1007 2794 vicissim
1038 2738 1330 2806 roborant,
1367 2746 1423 2795 et
1449 2740 1517 2794 ad
1547 2740 1822 2795 cmlestem
1858 2742 2092 2810 patriam

491 2833 673 2888 studio
725 2833 948 2907 alterna;
990 2833 1391 2905 praedicationis
1439 2833 1796 2889 inﬂammant.
1841 2833 1910 2888 Et
1963 2835 2091 2905 quia

492 2926 899 2982 innumerabilis
925 2927 1153 2998 p0pulus
1181 2925 1424 2995 quotidie
1452 2924 1565 2981 Deo
1595 2926 1916 2994 acquiritur,
1950 2927 2093 2982 bene

489 3018 604 3074 illic
630 3018 904 3073 subditum
948 3026 1032 3073 est
1061 3036 1075 3071 :
1110 3016 1179 3070 Et
1208 3017 1374 3072 cazdes
1413 3034 1604 3087 magna
1633 3019 1807 3072 nimis.
1840 3018 2090 3088 Magnum

490 3111 682 3180 utique
711 3110 869 3165 nimis
898 3108 1008 3176 est;
1053 3109 1200 3179 quod
1238 3110 1293 3164 in
1330 3109 1701 3178 magnitudine
1741 3118 1921 3180 potest
1954 3126 2091 3180 quo-

2202 1906 2390 1976 dediti,
2421 1908 2487 1961 ad
2516 1906 2805 1977 qumreuda
2837 1908 3138 1963 animarum
3166 1910 3311 1963 lucra
3342 1909 3660 1979 intorquere
3688 1919 3799 1965 stu-

2200 1998 2345 2052 dium
2376 1997 2684 2065 dignantur.
2734 1996 2869 2052 Cum
2896 1998 3006 2054 suis
3045 2013 3282 2069 namque
3321 2014 3381 2054 se
3406 1999 3459 2053 in
3490 2000 3684 2070 praelia
3713 2018 3800 2056 so-

2196 2091 2361 2153 ciant,
2389 2106 2509 2146 cum
2538 2104 2666 2145 vera
2691 2098 2907 2145 (eterna
2937 2092 3061 2145 vita:
3084 2090 3279 2159 gaudia
3308 2106 3431 2145 cum
3462 2101 3677 2146 sancta:
3704 2091 3799 2148 Ec~

2196 2180 2373 2235 clesire
2394 2180 2703 2236 doctoribus
2726 2180 3040 2251 praedicant,
3066 2181 3378 2252 pariterque
3400 2196 3430 2235 a
3448 2191 3798 2252 peccatorum

2196 2274 2450 2329 cordibus
2480 2272 2742 2344 malignos
2784 2273 3005 2344 spiritus
3033 2273 3239 2343 fugant.
3292 2273 3396 2329 Sed
3441 2277 3791 2346 quaerendum

2195 2366 2355 2421 valde
2386 2374 2469 2421 est
2499 2366 2777 2436 quomodo
2808 2366 3053 2422 dicatur:
3086 2367 3362 2421 Audientes
3391 2368 3529 2440 quod
3550 2370 3799 2440 fugissent

2197 2456 2505 2513 Philistiim.
2542 2459 2806 2515 Praeclara
2840 2459 3059 2530 quidem
3087 2460 3313 2515 victoria
3345 2476 3453 2516 non
3482 2469 3571 2517 est
3590 2462 3797 2532 fugien-

2197 2558 2277 2605 tes
2319 2550 2557 2620 insequi,
2590 2551 2686 2606 sed
2714 2552 3032 2607 resistentes
3061 2551 3319 2621 elfugare.
3370 2552 3508 2620 Quid
3549 2564 3644 2613 .est
3674 2572 3797 2626 ergo

2194 2642 2339 2711 quod
2388 2643 2618 2697 dicitur:
2666 2644 2947 2699 Audientes
2992 2645 3130 2716 quod
3182 2646 3437 2717 fugissent
3484 2645 3794 2714 Philistiim,

2194 2737 2518 2791 sociaverant
2537 2753 2592 2791 se
2619 2753 2733 2791 cum
2760 2738 2865 2790 suis
2893 2738 2947 2792 in
2975 2739 3180 2809 prwtio,
3210 2738 3312 2793 nisi
3342 2739 3468 2808 quia
3497 2739 3586 2794 his
3613 2742 3789 2796 verbis

2195 2827 2437 2897 ejusdem
2475 2836 2698 2883 remotae
2731 2828 2856 2882 vita:
2886 2829 3263 2884 convenientia
3292 2829 3443 2885 lucra
3473 2830 3791 2900 signantur?

2193 2918 2313 2975 Mos
2337 2933 2571 2989 namque
2598 2919 2813 2974 illorum
2840 2919 3079 2974 virorum
3122 2934 3243 2975 esse
3270 2921 3443 2987 solet,
3477 2929 3539 2975 ut
3569 2924 3792 2979 verbum

2194 3014 2375 3085 potius
2404 3013 2808 3069 consulentibus
2837 3028 2897 3068 se
2925 3028 3086 3084 quam
3117 3014 3222 3069 sibi
3242 3014 3635 3072 obsistentibus
3665 3034 3791 3087 pro-

2194 3105 2394 3172 ferant,
2439 3105 2567 3176 quia
2605 3104 2706 3161 nisi
2746 3105 3002 3161 devotum
3043 3121 3141 3162 cor
3184 3106 3445 3162 auditoris
3473 3119 3789 3177 agnoscunt,

488 3204 871 3274 modocunque
924 3203 1195 3273 dignosci,
1241 3202 1337 3258 sed
1391 3202 1713 3259 excellentia
1778 3218 1887 3257 non
1944 3186 2160 3276 valet
2191 3201 2627 3272 przedicationem
2656 3215 2808 3256 suam
2838 3200 2991 3270 quasi
3015 3200 3067 3254 in
3084 3215 3315 3255 vacuum
3337 3202 3789 3273 perituramemit-

490 3296 895 3367 conlprehendi.
929 3294 1010 3351 Ad
1029 3296 1170 3351 hanc
1194 3295 1412 3366 quidem
1432 3309 1683 3363 magnam
1708 3292 1867 3349 nimis
1887 3294 2087 3349 caedem

490 3388 679 3445 oculos
721 3389 1021 3455 extulerat,
1072 3389 1164 3459 qui
1212 3387 1428 3444 dicebat
1479 3405 1492 3441 :
1537 3388 1672 3442 Mihi
1718 3397 1889 3442 autem
1931 3390 2086 3443 nimis

487 3480 820 3551 honori/irati
846 3490 965 3536 sunt
993 3482 1147 3535 amici
1176 3482 1287 3545 tui,
1330 3479 1503 3547 Deus,
1552 3481 1707 3534 nimis
1764 3483 2086 3553 confortatus

488 3580 565 3627 est
615 3574 937 3642 principatus
993 3589 1202 3636 eorum;
1262 3571 1598 3627 dinumerabo
1654 3588 1771 3635 eos,
1824 3580 1874 3625 et
1936 3589 2090 3644 super

488 3681 707 3718 arenam
755 3665 1233 3735 multiplicabuntur
1280 3664 1463 3736 (Psal.
1516 3681 1777 3731 cxxxvut,
1820 3665 1947 3736 17).
1976 3666 2085 3722 P0-

489 3766 597 3815 teSt
639 3757 801 3813 etiam
829 3773 1026 3827 magna
1057 3760 1214 3813 nimis
1243 3759 1416 3813 caedes
1453 3758 1715 3827 intelligi,
1748 3775 1855 3813 non
1909 3760 2084 3813 solum

488 3854 551 3902 ut
575 3848 746 3912 multi,
769 3848 862 3904 sed
888 3849 1051 3903 etiam
1074 3858 1134 3904 ut
1152 3851 1291 3907 bene
1312 3851 1579 3908 interfecti
1604 3855 1906 3909 videantur.
1931 3854 2085 3922 Quod

489 3941 709 4012 quidem
759 3942 814 3998 in
859 3944 1217 3999 conversione
1263 3952 1610 4013 peccatorum
1660 3944 1778 4001 ﬁeri
1823 3948 2081 4015 cernitur,

489 4050 617 4092 cum
644 4036 721 4093 sic
755 4037 1029 4108 praeterita
1069 4036 1362 4104 deserunt,
1405 4046 1465 4093 ut
1503 4038 1571 4093 ad
1612 4040 1799 4095 eadem
1846 4040 2083 4095 delecta-

486 4135 669 4183 menta
690 4144 966 4199 nunquam
994 4128 1335 4185 reviviscant.
1370 4128 1514 4185 Czedi
1554 4130 1742 4200 utique
1781 4130 2082 4201 peccatori-

484 4218 610 4286 bus,
641 4228 723 4276 est
748 4220 815 4275 ad
839 4228 1050 4291 tempus
1073 4236 1104 4275 a
1135 4222 1278 4291 turpi
1305 4221 1413 4275 vita
1431 4223 1692 4290 separari.
1719 4220 2085 4279 Vehementer

487 4326 650 4381 ergo,
681 4313 795 4369 sive
817 4313 975 4368 nimis
1003 4313 1163 4380 credi,
1192 4321 1277 4369 est
1314 4314 1632 4385 temporalis
1660 4315 1784 4371 vitae
1805 4314 2087 4372 illecebras

486 4404 730 4475 perfecte
757 4406 1030 4473 deserere,
1060 4415 1116 4462 et
1136 4406 1331 4462 futurae
1358 4408 1564 4478 gaudiis
1587 4409 1815 4466 inhiare.
1840 4410 2085 4479 Ipsorum

2190 3301 2308 3349 tere
2344 3292 2718 3362 dedignantur.
2771 3292 2929 3350 Prius
2959 3307 3090 3364 ergo
3114 3309 3277 3363 quam
3301 3309 3360 3349 se
3399 3296 3513 3350 suis
3532 3297 3590 3352 in
3612 3296 3792 3367 praelio

2192 3388 2419 3455 socient,
2470 3385 2777 3443 Philistzeos
2826 3386 3029 3457 fugisse
3071 3388 3332 3442 audiunt:
3367 3389 3492 3458 quia
3535 3404 3644 3445 non
3685 3398 3789 3447 tam

2192 3484 2438 3540 scelestis
2467 3483 2855 3539 convertendis
2882 3482 3190 3553 invigilant,
3222 3498 3386 3553 quam
3414 3485 3687 3539 conversis
3722 3483 3789 3541 ad

2192 3575 2532 3650 perfectioris
2562 3576 2686 3629 vitae
2713 3575 2927 3643 fastigia
2950 3575 3315 3632 sublevandis.
3345 3576 3467 3647 lpsa
3491 3586 3674 3634 autem
3699 3593 3791 3633 su-

2196 3669 2432 3726 blimitas
2460 3668 2585 3723 vitae
2627 3666 3000 3737 perfectioris,
3028 3667 3154 3738 quia
3182 3666 3400 3723 suaderi
3442 3682 3656 3737 magna:
3701 3682 3792 3725 ex-

2195 3762 2520 3820 hortationis
2559 3760 2834 3816 laboribus
2874 3759 3034 3826 solet,
3082 3760 3175 3829 qui
3228 3759 3429 3829 fugisse
3484 3758 3790 3819 Philistceos

2195 3854 2438 3917 audiunt,
2470 3850 2704 3922 prmliari
2733 3850 2928 3905 merito
2957 3850 3226 3906 dicuntur.
3262 3849 3459 3907 Hostes
3485 3851 3674 3922 itaque
3702 3851 3789 3907 fu-

2195 3948 2367 4017 giunt,
2400 3943 2494 4000 sed
2517 3958 2693 4014 nuper
2721 3940 3022 3997 absconditi
3051 3941 3382 4011 praeliantur,
3413 3943 3537 4015 quia
3566 3952 3789 4000 remota:

2195 4044 2318 4098 vita:
2342 4041 2443 4096 viri
2486 4055 2595 4095 non
2624 4038 2913 4109 dignantur
2959 4037 3129 4108 loqui,
3179 4038 3284 4093 nisi
3329 4039 3540 4097 devotis
3585 4041 3788 4097 audito-

2182 4137 2349 4201 ribus,
2368 4135 2461 4190 sed
2482 4133 2766 4203 loquentes
2780 4132 2905 4186 vita:
2920 4147 3081 4201 quam
3098 4132 3199 4203 ipsi
3221 4140 3428 4198 tenent,
3446 4133 3781 4190 altitudinem

2183 4242 2377 4297 magna
2416 4225 2706 4281 verborum
2734 4231 2898 4294 atque
2936 4224 3311 4295 exemplorum
3338 4239 3517 4294 pugna
3546 4225 3778 4281 suadere

2181 4321 2272 4375 vix
2302 4325 2551 4389 possunt.
2603 4314 2670 4369 Et
2710 4315 2839 4387 quia
2868 4328 3060 4383 magna
3091 4317 3239 4371 lucra
3267 4317 3673 4384 praedicationis
3708 4318 3786 4372 in~

2185 4412 2346 4481 firmi,
2374 4421 2430 4468 et
2454 4412 2759 4484 imperfecti
2787 4412 3047 4485 colligere
3078 4429 3186 4469 non
3216 4422 3466 4484 possunt,
3498 4415 3781 4484 sequitur:

486 4512 650 4602 vero,
689 4499 782 4569 qui
828 4504 1245 4569 convertuntur,
1287 4503 1415 4572 quia
1454 4502 1623 4557 multa
1654 4503 1943 4561 diversitas
1979 4513 2081 4570 est,
2107 4546 2164 4610 Β
2259 4504 2436 4575 (Vers.
2463 4504 2579 4575 22.)
2618 4504 2789 4559 Erant
2810 4522 2925 4559 cum
2957 4504 3096 4561 Saul
3122 4506 3269 4578 quasi
3306 4506 3479 4561 decem
3508 4508 3677 4561 millia
3714 4508 3785 4562 vi-

486 4590 733 4661 sequitur
761 4609 776 4645 :

561 4682 744 4755 (Vers.
776 4682 892 4757 21.)
925 4682 1033 4739 Sed
1059 4692 1109 4739 et
1137 4685 1380 4754 Hebraei,
1423 4689 1508 4759 qui
1539 4689 1745 4759 fuerant
1773 4705 1889 4744 cum
1911 4690 2082 4745 Phili-

485 4773 626 4827 stiim
656 4773 765 4851 lteri
792 4782 842 4828 et
877 4775 1247 4831 nudiustertius
1265 4817 1280 4843 ,
1327 4778 1765 4850 ascenderantque
1793 4797 1909 4835 cum
1931 4782 2004 4835 eis
2025 4782 2081 4836 in

486 4866 700 4935 castris,
732 4867 921 4922 reversi
940 4875 1092 4935 sunt,
1121 4875 1179 4920 ut
1202 4878 1371 4923 essent
1398 4885 1513 4924 cum
1553 4867 1757 4939 Israel,
1790 4881 1840 4925 et
1886 4872 1965 4927 his
1994 4874 2079 4944 qui

485 4967 636 5014 erant
664 4974 778 5011 cum
803 4957 937 5013 Saul
964 4968 1015 5011 et
1036 4957 1293 5013 Jonatha.

554 5046 645 5101 28.
675 5046 777 5115 Qui
800 5057 926 5104 sunt
953 5048 1192 5116 Hebraei,
1224 5050 1316 5119 qui
1358 5052 1571 5107 fuerant
1600 5068 1724 5107 cum
1767 5051 2076 5124 Philistmis,

483 5138 588 5193 nisi
628 5146 945 5208 peccatores
974 5155 1005 5194 a
1039 5141 1295 5211 religiosa
1340 5144 1755 5199 conversatione
1798 5145 1973 5215 lapsi?
2003 5146 2081 5203 De

484 5235 679 5303 quibus
709 5250 817 5290 non
843 5235 999 5290 valde
1027 5251 1187 5306 supra
1215 5236 1418 5293 dictum
1448 5246 1531 5294 est
1564 5258 1575 5293 :
1610 5240 1823 5297 Hebraei
1854 5246 2078 5299 transie-

484 5335 606 5381 runt
627 5325 929 5382 Iordanem.
957 5327 1165 5383 Hebraei
1190 5330 1407 5401 quidem
1431 5339 1557 5387 sunt
1572 5332 1761 5389 ordine
1780 5335 2078 5405 religionis,

484 5418 583 5474 sed
612 5434 733 5474 cum
758 5419 1041 5477 Philistzcis
1062 5428 1205 5487 sunt,
1237 5431 1293 5476 et
1313 5439 1433 5477 cum
1465 5426 1543 5479 eis
1561 5426 1881 5495 ascendunt,
1907 5442 2077 5497 quan-

486 5512 581 5570 diu
606 5527 705 5583 per
747 5514 1121 5583 suggestiones
1150 5515 1340 5572 noxias
1367 5515 1692 5585 illuduntur,
1724 5527 1780 5573 et
1808 5520 1863 5575 in
1910 5535 2079 5590 prava

486 5603 807 5675 operatione
833 5605 1139 5675 proficiunt.
1168 5606 1303 5662 Cum
1331 5607 1577 5678 malignis
1615 5609 1835 5679 quidem
1878 5612 2080 5682 Spiriti-

486 5696 590 5753 bus
617 5704 741 5751 sunt
764 5698 1043 5767 proposito
1068 5708 1126 5753 et
1145 5700 1426 5757 voluntate
1456 5705 1696 5774 peccati,
1728 5706 1823 5761 sed
1848 5721 1970 5761 cum
2001 5706 2080 5762 eis

489 5791 807 5863 ascendunt,
838 5791 964 5883 quia
991 5791 1121 5883 ipsis
1160 5793 1591 5879 impellentibus,
1626 5800 1680 5861 in
1707 5800 1987 5858 audaciam
2017 5815 2076 5858 se

2188 4614 2383 4653 rarum.

2258 4689 2376 4745 Non
2426 4688 2503 4743 ait
2551 4690 2741 4745 decem
2770 4689 2960 4755 millia,
3012 4688 3109 4745 sed
3157 4690 3311 4762 quasi
3358 4690 3549 4747 decem
3593 4692 3781 4747 millia.

2188 4778 2360 4851 Hujus
2385 4780 2619 4849 denique
2645 4780 2856 4836 numeri
2878 4781 3117 4850 perfecta
3138 4780 3401 4853 perfectio
3422 4782 3478 4837 in
3501 4789 3653 4838 terra
3679 4798 3783 4839 non

2186 4873 2478 4940 invenitur,
2502 4872 2600 4927 sed
2629 4872 2684 4927 in
2711 4870 2873 4928 cmlo.
2900 4872 3039 4939 Quia
3076 4873 3221 4928 enim
3249 4889 3444 4929 novem
3475 4882 3607 4930 sunt
3634 4875 3780 4931 ordi-

2186 4979 2284 5020 nes
2322 4963 2665 5033 angelorum,
2697 4972 2749 5018 et
2780 4962 2851 5018 ad
2878 4963 3095 5019 illorum
3133 4965 3452 5022 societatem
3481 4967 3783 5026 electorum

2182 5057 2275 5113 illa
2322 5058 2602 5113 hominum
2650 5057 2940 5113 multitudo
2985 5057 3308 5127 sustollitur,
3371 5059 3563 5116 decem
3613 5061 3779 5115 millia

2183 5151 2423 5207 virorum
2469 5151 2560 5206 illa
2589 5159 2734 5218 sunt,
2770 5166 2892 5221 quas
2917 5150 2971 5206 in
2999 5151 3206 5208 sanctis
3238 5152 3465 5222 angelis,
3512 5161 3569 5208 et
3598 5154 3780 5209 electis

2182 5242 2490 5298 hominibus
2530 5243 2585 5296 in
2625 5242 2714 5297 illa
2752 5249 2967 5298 aeterne
3014 5241 3202 5310 gloria:
3239 5243 3369 5298 sede
3411 5243 3775 5312 gratulantur.

2184 5335 2353 5403 Quasi
2390 5349 2518 5404 ergo
2559 5333 2750 5390 decem
2789 5334 2957 5391 millia
2994 5335 3234 5390 virorum
3265 5335 3354 5391 illa
3385 5344 3545 5404 sunt,
3575 5352 3697 5406 qua:
3724 5337 3775 5391 in

2186 5427 2343 5484 istius
2371 5426 2548 5481 adhuc
2568 5426 2752 5482 saeculi
2780 5426 2970 5481 exsilio
2993 5427 3169 5498 posita
3186 5467 3201 5492 ,
3232 5426 3376 5482 illius
3402 5428 3575 5482 beata:
3602 5428 3772 5484 socie-

2182 5517 2310 5574 tatis
2335 5517 2562 5573 formam
2586 5518 2638 5572 in
2660 5517 2900 5574 moribus
2920 5526 3299 5589 susceperunt.
3324 5519 3461 5587 Quia
3482 5520 3612 5576 item
3634 5521 3771 5575 illius

2182 5625 2429 5682 supernae
2452 5612 2574 5666 vitae
2596 5626 2783 5667 amore
2810 5620 3162 5681 peccatorum
3194 5612 3430 5669 tenebrw
3454 5612 3766 5682 relinquun-

2183 5714 2291 5774 tur,
2314 5710 2558 5780 sequitur
2584 5728 2597 5765 :

2256 5802 2432 5877 (Vers.
2466 5802 2582 5873 25.)
2619 5802 2693 5869 Et
2736 5804 2951 5866 saluauit
2974 5802 3230 5863 Dominus
3255 5803 3312 5860 in
3341 5802 3426 5860 die
3451 5802 3549 5859 illa
3576 5795 3759 5857 Israel.
