4052 6338
200 342 219 421 ,ί
264 363 360 421 577

1075 354 1141 412 IN
1178 354 1450 413 PRIMUM
1488 355 1729 414 REGUM
1768 353 2282 414 EXPOSITIONES.
2320 386 2394 401 —-
2430 354 2562 414 LIB.
2605 356 2671 413 ν.

3122 276 3186 296 ’ίις.

3428 357 3536 415 578

324 472 722 545 Contemplatio
744 472 957 544 quidem
980 472 1204 528 internae
1230 472 1366 529 lucis
1385 471 1662 544 splendida
1684 470 1842 529 valde
1866 475 1922 536 Α
1946 487 2108 529 omne
2146 473 2294 543 quod
2315 472 2697 541 blandiuntur,
2726 486 2822 530 eas
2850 471 3059 530 animas
3082 471 3275 544 quibus
3298 470 3537 531 delecta-

259 580 414 641 atque
443 567 736 625 clarissima
763 566 878 623 dies
898 574 1013 633 est,
1048 566 1104 621 in
1140 581 1247 637 qua
1285 565 1545 620 Dominus
1581 559 1839 620 Israelem

258 637 444 728 sal-vat,
495 660 621 731 quia
665 675 898 731 quorum
947 657 1116 716 corda
1153 658 1274 714 luce
1320 657 1492 713 intimi
1532 656 1839 727 splendoris

259 754 497 823 iri-adiat,
526 752 583 809 in
606 750 982 807 celsitudinem
1011 756 1283 822 perpetua:
1310 748 1499 806 salutis
1525 748 1689 804 levat.
1720 746 1843 803 Sal-

256 861 380 901 vare
424 843 626 916 quippe
668 843 722 898 in
770 842 855 899 die
897 842 988 898 illa
1036 841 1295 898 Dominus
1339 841 1553 908 dicitur,
1604 840 1731 908 quia
1770 839 1841 895 ad

254 948 465 997 aeterna:
495 938 621 992 vitae
649 951 888 993 amorem
920 951 1081 992 nemo
1110 934 1472 1002 succenditur,
1513 935 1600 991 cui
1638 935 1841 991 intimae

254 1030 385 1085 lucis
426 1028 685 1100 splendor
712 1027 1031 1084 occultatur.
1080 1027 1163 1083 Ad
1200 1028 1343 1084 hanc
1385 1027 1574 1083 salutis
1613 1028 1843 1099 gratiam

257 1137 360 1177 non
396 1121 572 1175 solum
602 1120 806 1187 electa,
838 1118 935 1174 sed
972 1119 1136 1175 etiam
1165 1118 1421 1190 despecta
1450 1133 1570 1189 quae
1594 1119 1846 1175 videntur

255 1212 436 1276 mundi
464 1212 807 1283 perveniunt.
838 1209 992 1266 Unde
1020 1219 1077 1266 et
1097 1211 1341 1267 subditur
1367 1230 1379 1265 τ

324 1304 503 1377 (Vers.
538 1302 658 1373 25.)
704 1302 891 1375 Pugna
921 1311 1093 1357 autem
1121 1305 1347 1375 pervenit
1376 1320 1534 1375 usque
1564 1303 1847 1358 Bethaven.

316 1396 411 1452 50.
453 1396 733 1451 Bethaven
759 1395 955 1451 dicitur
978 1395 1171 1451 domus
1202 1395 1425 1451 inutilis.
1471 1394 1619 1451 lianc
1646 1395 1849 1466 quippe

252 1487 498 1547 inutilem
546 1485 807 1542 Dominus
856 1487 909 1541 in
957 1486 1231 1557 parabolis
1282 1486 1606 1550 ostendens,
1660 1501 1848 1555 regem

249 1594 405 1641 servo
444 1578 501 1632 in
530 1577 730 1645 nuptiis
759 1586 787 1615 λ
831 1578 1233 1647 praecipientem
1262 1578 1572 1641 introducit,
1617 1577 1844 1633 dicens:

249 1670 353 1727 Exi
384 1674 486 1726 cito
507 1671 561 1724 in
584 1671 787 1739 plateas
816 1678 866 1724 et
892 1671 948 1723 in
974 1672 1110 1724 vicos
1137 1670 1387 1735 civitatis,
1414 1679 1462 1724 et
1490 1686 1741 1740 pauperes
1782 1684 1846 1723 ac

1943 565 2127 622 biliter
2152 566 2355 630 lavent,
2385 565 2620 636 perdere
2647 573 2932 622 conantur.
2962 564 3103 633 Quid
3122 574 3208 623 est
3235 581 3365 637 ergo
3390 569 3540 637 quod
3594 552 3629 657 ’ἦ

1944 659 2208 729 populum
2248 659 2491 729 adjurat,
2539 673 2609 715 ne
2638 674 2807 730 usque
2835 658 2901 714 ad
2931 673 3215 730 vesperum
3263 660 3537 728 comedat,
3616 728 3619 729 ν

1943 750 2122 807 donec
2160 750 2229 806 de
2257 751 2488 808 inimicis
2513 753 2625 807 suis
2653 751 2914 807 ultionem
2943 753 3158 806 sumat?
3208 750 3315 808 Sed
3345 760 3542 809 notan-

1946 841 2072 899 dum
2094 844 2219 913 quia
2242 843 2354 913 jam
2379 844 2602 901 devictis
2632 843 2875 901 hostibus
2896 843 2999 900 ista
3033 845 3375 916 loquebatur.
3400 846 3541 913 Quid

1946 952 2076 991 vero
2104 944 2190 991 est
2212 937 2501 996 comedere
2520 938 2835 1006 victoribus,
2861 938 2965 994 nisi
2995 938 3061 993 de
3083 947 3302 1009 peracto
3324 940 3542 996 virtutis

1950 1043 2116 1100 opere
2144 1029 2295 1085 cibos
2324 1045 2474 1085 vanze
2496 1030 2669 1086 laudis
2694 1032 3027 1087 delectanter
3047 1031 3335 1101 excipere?
3381 1033 3545 1089 Male-

1949 1123 2138 1187 dictus,
2189 1122 2383 1192 inquit,
2417 1125 2613 1189 omnis,
2646 1125 2733 1195 qui
2771 1134 2892 1180 ante
2932 1142 3199 1194 vesperum
3240 1127 3542 1195 comederit,

1950 1215 2077 1284 quia
2106 1214 2196 1285 qui
2221 1216 2383 1272 modo
2422 1232 2590 1273 vanas
2629 1217 2817 1273 laudes
2857 1228 3134 1287 gratanter
3158 1221 3389 1293 excipit,
3418 1230 3547 1279 tunc

1952 1314 2185 1361 aeternas
2206 1304 2481 1364 Creatoris
2502 1308 2691 1364 laudes
2718 1311 2933 1364 amittit.
2973 1310 3264 1381 Adjuratur
3294 1328 3424 1384 ergo
3448 1330 3549 1384 po-

1950 1399 2109 1469 pulus
2135 1412 2202 1454 ne
2226 1400 2497 1464 comedat,
2522 1400 2649 1469 quia
2674 1401 2956 1456 doctorum
2984 1411 3255 1472 praecepto
3274 1404 3546 1459 constrin-

1951 1491 2114 1560 gitur,
2144 1500 2207 1545 ut
2238 1491 2307 1547 de
2328 1492 2474 1547 bono
2502 1507 2667 1563 opere
2691 1493 2927 1548 inaniter
2954 1509 3227 1563 nunquam
3258 1496 3544 1565 glorietur.

1949 1583 2134 1639 Fortia
2158 1584 2298 1639 bene
2323 1585 2555 1641 vivendo
2576 1593 2721 1656 agat,
2756 1586 2851 1643 sed
2875 1586 3115 1656 quandiu
3134 1586 3351 1655 vixerit,
3377 1603 3545 1659 appe-

1947 1682 2066 1731 tere
2088 1676 2175 1744 .de
2205 1677 2515 1733 fortitudine
2565 1678 2750 1733 laudes
2797 1687 3007 1745 caveat,
3056 1685 3116 1733 ut
3160 1679 3368 1734 laudari
3411 1689 3546 1750 post

248 1764 461 1827 debiles,
494 1777 656 1817 ctecos
685 1778 748 1815 ac
770 1760 983 1815 claudos
1011 1760 1250 1815 introduc
1276 1760 1371 1813 huc
1395 1758 1548 1830 (Luc.
1584 1775 1693 1825 xw,
1724 1758 1838 1831 21).

1958 1777 2181 1824 mortem
2205 1769 2537 1825 :eternaliter
2566 1786 2675 1823 non
2705 1770 2934 1824 amittat.
2963 1770 3066 1837 Qui
3096 1771 3240 1825 enim
3269 1780 3397 1825 ante
3426 1786 3546 1827 ves-

248 1858 523 1928 Pauperes
569 1856 788 1926 quidem
819 1863 972 1921 sunt,
1024 1855 1117 1923 qui
1145 1854 1295 1909 verbi
1342 1853 1436 1908 Dei
1476 1856 1758 1909 thesauros
1787 1854 1845 1908 in

246 1948 419 2004 corde
462 1964 561 2005 suo
606 1946 771 2019 314
816 1946 1038 2001 minime
1085 1944 1406 2000 recondunt.
1456 1943 1669 1999 Debiles
1712 1959 1844 2000 vero

245 2048 395 2102 sunt,
426 2038 515 2107 qui
542 2037 789 2092 laborare
810 2037 941 2092 satis
968 2050 1067 2107 pro
1090 2044 1291 2091 acterna
1318 2036 1427 2089 vita
1454 2051 1563 2089 non
1593 2043 1843 2105 possunt.

244 2129 398 2188 Caeci
423 2144 548 2185 vero
574 2128 754 2183 idiota:
782 2141 847 2182 ac
873 2128 1145 2196 simplices
1172 2127 1540 2194 designantur,
1564 2126 1689 2197 quia
1716 2126 1845 2180 dum

243 2224 494 2280 cazlestia
524 2236 866 2293 nequaquam
907 2220 1127 2287 vident,
1160 2219 1364 2274 lumine
1402 2219 1597 2274 mentis
1636 2227 1844 2275 carent.

242 2316 442 2373 Claudi
480 2331 610 2371 vero
636 2324 795 2378 sunt,
824 2313 915 2383 qui
946 2327 1187 2381 gressum
1224 2311 1353 2366 boni
1384 2311 1563 2382 operis
1592 2309 1846 2380 perdide-

243 2419 396 2465 runt.
420 2409 546 2475 Sed,
580 2407 770 2480 Pugna
800 2407 1031 2477 pervenit
1052 2421 1211 2477 usque
1236 2404 1521 2470 Bethaven,
1548 2402 1672 2473 quia
1702 2416 1848 2472 szrpe

242 2502 468 2557 inutiles
496 2516 742 2571 persona:
772 2499 899 2555 dum
940 2498 1207 2577 sermonis
1238 2497 1335 2551 Dei
1357 2497 1500 2551 bello
1535 2496 1843 2566 capiuntur,

239 2594 294 2649 in
322 2592 451 2663 ejus
479 2593 711 2648 redacta:
734 2592 1013 2647 servitium
1042 2592 1204 2646 utiles
1235 2588 1389 2644 ﬁunt.
1420 2588 1698 2658 Pugnatur
1727 2589 1848 2660 qui-

238 2685 363 2741 dem
404 2700 527 2741 cum
548 2686 704 2741 c:ecis
730 2695 793 2740 ut
811 2685 1050 2750 videant,
1074 2700 1198 2741 cum
1219 2684 1425 2739 claudis
1450 2692 1508 2738 ut
1529 2684 1843 2747 subsistant,

237 2791 362 2832 cum
405 2776 730 2846 pauperibus
755 2783 817 2830 ut
844 2792 1055 2831 morum
1087 2777 1370 2831 thesauros
1401 2775 1689 2845 accipiant,
1723 2791 1847 2830 cum

240 2867 523 2923 debilibus
551 2874 611 2921 ut
639 2867 708 2921 ad
739 2869 903 2923 robur
930 2868 1059 2923 boni
1086 2868 1265 2938 operis
1296 2869 1697 2924 convalescant.
1748 2867 1849 2924 Us-

238 2972 350 3028 que
407 2975 535 3031 ergo
582 2958 856 3015 Bethaveu
906 2974 1082 3030 pugna
1125 2959 1457 3030 perducitur,
1507 2960 1725 3030 quando
1772 2960 1849 3016 illi

237 3058 568 3106 sanctorum
595 3051 977 3121 praedicatione
997 3052 1303 3121 capiuntur,
1328 3050 1418 3121 qui
1442 3052 1727 3106 utilitatem
1756 3053 1851 3106 ali-

236 3142 332 3196 cui
398 3141 751 3197 necessariam
791 3142 995 3199 habere
1020 3143 1220 3199 nullam
1252 3142 1586 3199 videbantur.
1613 3142 1766 3200 Unde
1794 3152 1850 3201 et

233 3233 385 3288 subd
400 3232 505 3287 itur
527 3247 543 3288 :

310 3326 512 3399 (Vers.
553 3325 669 3397 24.)
708 3325 782 3381 Et
809 3329 976 3384 omnis
1004 3328 1081 3383 vir
1109 3326 1282 3383 Israel
1300 3330 1529 3385 sociatus
1556 3337 1633 3385 est
1661 3329 1761 3384 sibi
1793 3330 1850 3384 in

236 3420 323 3474 die
354 3419 482 3473 illa.

307 3510 408 3565 '51.
453 3509 647 3565 Omnis
692 3510 909 3580 quidem
955 3511 1040 3565 vir
1086 3511 1427 3580 praedicatori
1482 3514 1848 3583 conjungitur,

237 3604 472 3674 quando
501 3600 743 3657 conditio
772 3602 1050 3656 hominum
1080 3602 1226 3658 nulla
1257 3602 1580 3673 relinquitur
1599 3643 1615 3668 ,
1646 3619 1714 3659 ex
1744 3619 1852 3675 qua

235 3692 505 3761 conversi
549 3691 619 3747 ad
660 3692 860 3748 bonam
891 3693 1360 3749 conversationem
1404 3694 1625 3749 minime
1650 3694 1852 3765 perdu-

236 3793 463 3842 cantur.
514 3782 625 3838 Sed
667 3783 761 3853 qui
789 3782 918 3838 Saul
952 3784 1230 3839 sociantur
1258 3784 1358 3839 viri
1388 3783 1517 3840 dicti
1546 3792 1695 3855 sunt,
1723 3786 1849 3856 quia

230 3881 662 3952 qualescunque
690 3879 745 3934 in
783 3880 983 3936 saeculo
1012 3896 1226 3947 sumus,
1258 3880 1315 3936 in
1340 3879 1438 3936 Dei
1466 3881 1853 3951 omnipotentis

230 3972 481 4027 servitio
508 3986 628 4028 esse
648 3970 818 4028 fortes
842 3971 1218 4028 admonemur.
1243 3972 1354 4027 Nisi
1376 3972 1477 4027 viri
1499 3973 1696 4028 etenim
1718 3988 1851 4044 prac-

234 4063 590 4121 dicatoribus
617 4081 959 4137 nequaquam
988 4067 1292 4133 sociantur,
1324 4068 1450 4138 quia
1477 4082 1601 4122 cum
1630 4069 1709 4124 eis
1737 4084 1851 4124 non

227 4156 614 4226 conveniunt,
645 4159 747 4214 nisi
777 4159 938 4215 fortia
964 4159 1066 4230 ipsi
1092 4167 1285 4229 agant,
1321 4176 1439 4231 qua:
1483 4160 1559 4215 illi
1604 4160 1849 4217 docendo

228 4249 497 4305 laudant.
528 4247 634 4305 Sed
663 4249 773 4321 jam
803 4250 1028 4307 devictis
1056 4251 1323 4318 hostibus,
1350 4251 1464 4320 jam
1486 4251 1589 4306 sibi
1620 4251 1851 4307 fortibus

226 4342 578 4412 conjunctis,
604 4342 733 4412 quid
754 4358 851 4399 rex
873 4349 1017 4414 agat,
1048 4351 1254 4398 attente
1275 4342 1719 4399 considerandum
1742 4352 1846 4398 est.

227 4434 514 4506 Sequitur
540 4451 556 4490 :

310 4526 508 4599 (Vere.
553 4526 669 4595 24.)
721 4526 791 4583 Et
837 4530 1100 4602 adjuravit
1148 4529 1281 4585 Saul
1318 4534 1588 4602 populum,
1636 4532 1849 4587 dicens:

228 4619 568 4677 Ha‘ledictus
588 4624 665 4677 vir
693 4622 780 4693 qui
804 4624 1079 4697 cpmederit
1106 4640 1265 4695 usque
1293 4625 1363 4677 ad
1386 4641 1669 4695 vesperum,
1690 4625 1851 4679 donec

226 4714 483 4769 ulciscar
507 4714 571 4768 de
597 4714 826 4769 inimicis
855 4717 999 4769 meis.

307 4805 411 4862 52.
456 4804 664 4862 Inimici
686 4807 1093 4877 praedicatorum
1122 4808 1199 4863 illi
1227 4816 1370 4875 sunt,
1396 4808 1463 4864 de
1482 4809 1676 4878 quibus
1703 4807 1854 4864 Psal-

226 4900 413 4956 mista
447 4898 738 4966 obsecrat,
768 4899 987 4955 dicens:
1037 4898 1201 4969 Eripe
1234 4917 1317 4953 me
1346 4901 1409 4954 de
1435 4901 1662 4955 inimicis
1691 4901 1849 4965 meis,

228 4992 390 5047 Deus
425 5008 595 5059 meus,
626 5002 678 5047 et
706 4992 771 5045 ab
790 4991 1177 5065 insurgen'tibus
1199 4994 1255 5047 in
1278 5009 1358 5046 me
1378 4991 1541 5047 libera
1565 5010 1646 5046 me
1678 4992 1852 5064 (Psal.

226 5104 373 5144 Lvm
396 5130 415 5153 ,
455 5086 532 5157 1).
581 5086 789 5143 Inimici
818 5088 1037 5156 quidem
1063 5087 1377 5144 sanctorum
1406 5096 1555 5143 recte
1594 5089 1855 5145 immundi

228 5181 480 5253 spiritus
508 5179 790 5246 dicuntur,
838 5180 962 5251 quia
1002 5180 1187 5236 mundi
1220 5179 1587 5235 blandimenta
1627 5195 1747 5249 quae
1778 5180 1857 5237 illi

227 5278 576 5341 suggerunt,
622 5271 878 5342 amplecti
906 5271 996 5327 isti
1043 5286 1240 5341 magno
1286 5271 1467 5328 studio
1495 5272 1850 5327 detestantur.

226 5364 383 5420 Nam
419 5362 621 5431 quibus
646 5364 822 5419 adhuc
850 5363 1050 5434 aliquid
1080 5364 1148 5420 de
1177 5364 1397 5433 maligni
1426 5363 1647 5434 spiritus
1672 5363 1855 5419 consi-

226 5456 325 5512 liis
358 5455 576 5525 placet,
606 5453 726 5524 ejus
754 5456 940 5524 utique
968 5455 1216 5511 inimicus
1243 5470 1348 5510 non
1379 5463 1481 5519 est,
1525 5455 1648 5525 quia
1677 5454 1858 5510 odisse

226 5546 505 5604 nondum
534 5547 719 5612 novit,
747 5546 902 5617 cujus
926 5546 1291 5601 blandimenta
1319 5562 1427 5600 non
1464 5544 1693 5615 respuit.
1742 5543 1853 5599 Ini-

224 5641 377 5698 mici
413 5638 589 5694 etiam
615 5648 929 5696 sanctorum
956 5638 1238 5705 dicuntur,
1269 5645 1330 5691 ut
1364 5652 1431 5691 ex
1456 5651 1614 5691 sacro
1637 5634 1855 5706 eloquio

231 5733 612 5801 detegantur.
658 5730 793 5786 Nam
839 5745 937 5802 per
982 5744 1142 5785 omne
1187 5728 1332 5798 quod
1388 5736 1699 5797 suggerunt,
1757 5743 1857 5798 per

310 5881 343 5913 η
388 5868 677 5928 Gussanv.
708 5884 834 5928 cum
856 5868 1056 5937 Vatic.,
1084 5867 1485 5942 praecipiendum
1513 5864 1821 5924 introducit.

1872 3102 1924 3169 ϐ

1951 1876 2143 1931 perum
2172 1861 2429 1932 populum
2472 1860 2797 1917 manducare
2834 1862 3137 1933 prohibuit,
3165 1862 3233 1916 ad
3263 1876 3552 1932 vesperum

1949 1953 2138 2022 utique
2154 1967 2275 2008 csse
2297 1951 2690 2008 comedendum
2704 1950 2995 2006 concessit.
3015 1948 3080 2003 Et
3102 1950 3225 2017 quia
3249 1950 3305 2004 in
3324 1965 3553 2019 vespere

1950 2044 2072 2100 ﬁnis
2100 2046 2209 2102 diei
2248 2053 2365 2108 est,
2400 2045 2455 2100 in
2498 2059 2784 2114 vesperum
2816 2042 3105 2099 comedunt
3145 2058 3232 2113 qui
3279 2043 3553 2098 abstinere

1951 2142 2079 2188 ante
2123 2148 2409 2205 vesperum
2457 2142 2707 2204 possunt,
2751 2133 2877 2203 quia
2912 2133 3005 2205 qui
3047 2132 3257 2187 laudari
3294 2132 3457 2187 modo
3485 2133 3556 2188 de

1956 2238 2151 2293 magna
2173 2226 2386 2281 actione
2414 2225 2675 2296 despicit,
2704 2241 2829 2280 cum
2859 2224 2928 2279 ad
2965 2224 3091 2279 vitae
3129 2222 3289 2280 linem
3315 2224 3552 2291 ducitur,

1956 2319 2176 2373 aeternis
2202 2319 2394 2388 dignus
2418 2319 2667 2375 laudibus
2694 2318 2985 2374 invenitur.
3014 2316 3131 2374 Hoc
3152 2325 3254 2386 est,
3287 2317 3427 2386 quod
3453 2316 3554 2374 Do-

1954 2408 2132 2464 minus
2169 2424 2228 2465 se
2257 2409 2505 2464 daturum
2541 2409 2730 2466 electis
2771 2409 2826 2464 in
2864 2407 3158 2476 Evangelia
3198 2410 3554 2479 repromittit,

1963 2499 2149 2555 dicens
2176 2518 2189 2554 :
2226 2501 2390 2575 Euge,
2419 2518 2562 2557 serve
2582 2502 2713 2557 bone
2740 2511 2789 2555 et
2808 2501 2998 2572 ﬁdelis,
3028 2502 3149 2572 quia
3166 2503 3223 2555 in
3250 2518 3418 2572 pauca
3450 2503 3555 2572 fui-

1955 2593 2023 2647 sti
2047 2592 2238 2664 ﬁdelis,
2269 2610 2426 2663 supra
2448 2593 2611 2647 multa
2633 2601 2682 2647 te
2703 2594 3035 2659 constituam,
3058 2594 3199 2646 intra
3221 2594 3277 2646 in
3302 2592 3555 2663 gaudium

1954 2683 2166 2738 Domini
2191 2686 2264 2738 tui
2289 2684 2505 2755 (Matth.
2530 2701 2658 2750 xxv,
2682 2682 2795 2756 25).
2823 2682 2961 2738 Hinc
2989 2684 3184 2738 iterum
3208 2683 3274 2737 ad
3291 2683 3556 2751 judicium

1951 2774 2192 2837 veniens,
2225 2775 2355 2829 dicit
2380 2793 2391 2827 :
2438 2774 2636 2842 Venite,
2665 2774 2917 2829 benedicti
2946 2773 3127 2828 Patris
3155 2774 3273 2839 mei,
3305 2775 3555 2844 percipite

1952 2882 2189 2937 regnum,
2220 2867 2382 2939 315
2412 2869 2549 2938 quod
2576 2866 2713 2920 vobis
2743 2874 2987 2934 paratum
3015 2873 3095 2919 est
3129 2882 3162 2918 a
3191 2866 3556 2920 constitutione

1955 2959 2135 3011 mundi
2167 2958 2327 3029 (Ibid.
2354 3000 2367 3023 ,
2404 2958 2518 3028 '54).
2572 2957 2723 3014 Tunc
2751 2957 2970 3028 quidem
2999 2958 3327 3013 de'inimicis
3351 2957 3556 3015 nostris

1956 3050 2299 3121 ulciscimur,
2343 3052 2470 3120 quia
2501 3065 2691 3107 omnes
2725 3059 2853 3107 tunc
2898 3050 3181 3106 diabolicae
3223 3050 3556 3106 tentatioucs

1957 3152 2309 3200 evanescunt.
2340 3143 2475 3211 Quia
2505 3144 2648 3199 enim
2678 3144 2819 3198 ultra
2849 3142 3155 3198 daemonum
3183 3142 3392 3197 insidia:
3425 3149 3550 3197 ten-

1958 3237 2124 3292 tando
2174 3236 2308 3291 nihil
2356 3237 2576 3300 obsunt,
2627 3250 2749 3291 cum
2782 3250 2880 3305 per
2903 3249 3120 3289 carnem
3160 3234 3440 3299 morimur,
3490 3234 3561 3292 de

1959 3328 2193 3385 inimicis
2214 3328 2413 3383 nostris
2435 3325 2768 3394 ulciscimur,
2789 3340 2926 3394 quos
2941 3324 3053 3394 jam
3074 3324 3223 3380 velut
3246 3324 3561 3381 interfectos

1960 3422 2178 3493 penitus
2203 3436 2310 3475 non
2341 3434 2620 3490 pavemus.
2673 3417 2773 3473 Vel
2799 3432 2929 3487 ergo
2958 3431 3130 3487 usque
3163 3417 3231 3472 ad
3270 3431 3559 3487 vesperum

1962 3511 2352 3567 comes-tionem
2376 3509 2695 3575 ditl‘erimus,
2717 3510 2764 3565 si
2785 3509 2957 3564 laudis
2984 3517 3183 3565 nostra:
3209 3510 3480 3581 prazconia
3502 3511 3560 3570 in

1962 3599 2068 3656 line
2086 3609 2318 3657 venturo
2342 3600 2511 3671 judici
2538 3614 2899 3657 reservemus.
2924 3599 3075 3656 Tunc
3094 3600 3310 3670 quidem
3338 3601 3559 3659 mandu-

1960 3691 2192 3747 candum
2241 3699 2345 3757 est,
2402 3692 2528 3762 quia
2558 3690 2653 3760 qui
2688 3690 2855 3761 judex
2883 3698 3017 3749 tunc
3053 3690 3224 3757 venit,
3252 3693 3416 3747 modo
3445 3692 3557 3749 dux

1962 3782 2134 3838 nostri
2157 3785 2429 3839 exercitus
2459 3782 2918 3839 commilitonibus
2946 3784 3297 3854 repromittit,
3327 3784 3514 3840 dicens
3538 3800 3554 3838 :

1958 3878 2146 3934 Faciet
2185 3879 2304 3934 illos
2334 3878 2683 3946 discumbere,
2712 3888 2762 3934 et
2794 3881 3051 3934 transiens
3082 3878 3399 3934 ministrabit
3442 3878 3555 3934 illis

1958 3967 2113 4043 (Luc.
2159 3986 2254 4037 xu,
2296 3970 2409 4041 57).
2464 3969 2617 4025 Tunc
2656 3971 2860 4041 quippe
2900 3970 3136 4026 victores
3187 3969 3553 4037 discumbunt,

1955 4063 2084 4134 quia
2113 4063 2340 4119 interna:
2362 4064 2562 4134 quietis
2592 4064 2705 4117 alta
2734 4062 2867 4117 sede
2896 4062 3118 4130 recepti,
3150 4060 3402 4129 perennis
3429 4059 3553 4113 vitae

1955 4155 2207 4211 laudibus
2229 4156 2591 4223 delectantur,
2607 4153 2823 4224 quando
2838 4152 2970 4223 ipsis
2991 4152 3295 4208 tacentibus
3311 4150 3556 4206 omnium

1956 4247 2225 4303 bonorum
2252 4262 2480 4317 operum
2508 4243 2780 4314 prieconia
2808 4243 3122 4308 concinunt,
3154 4249 3210 4297 et
3236 4240 3396 4296 simul
3422 4255 3553 4312 pro-

1958 4344 2207 4399 feruntur
2233 4343 2300 4397 ad
2336 4343 2562 4413 gloriam
2593 4356 2713 4413 qua:
2738 4341 2828 4398 hic
2854 4355 3049 4413 magna
3081 4342 3280 4397 virtute
3304 4341 3556 4398 fereban-

1881 4407 1934 4467 D
1960 4445 2049 4494 tur
2076 4438 2144 4492 ad
2164 4407 2424 4507 pugnain.
2449 4407 2708 4505 Sequi-tur
2732 4453 2746 4491 :

2026 4530 2202 4600 (Vers.
2231 4527 2322 4597 25,
2352 4528 2467 4597 26.)
2509 4526 2771 4600 Omneque
2800 4538 2953 4587 terra:
2978 4532 3157 4602 vulgus
3184 4531 3323 4585 venit
3351 4531 3408 4586 in
3437 4531 3548 4586 sal-

1961 4632 2085 4688 tum,
2109 4622 2165 4675 in
2184 4637 2283 4691 quo
2311 4628 2422 4673 erat
2446 4621 2548 4674 mel
2576 4637 2729 4692 super
2757 4623 2945 4693 faciem
2980 4622 3119 4690 agri.
3166 4621 3440 4694 Ingressus
3475 4628 3555 4675 est

1958 4714 2131 4784 itaque
2158 4710 2378 4781 populus
2406 4712 2616 4777 saltum,
2651 4720 2702 4765 et
2728 4714 2969 4783 apparuit
2999 4714 3166 4783 [luens
3188 4714 3287 4767 mel
3304 4754 3319 4779 ,
3353 4714 3555 4766 nullus-

1957 4819 2054 4874 que
2076 4802 2324 4874 applicuit
2349 4818 2561 4856 manum
2582 4819 2731 4857 suam
2761 4802 2829 4855 ad
2856 4818 2913 4858 os
2943 4820 3111 4857 suum.

2032 4895 2120 4949 55.
2166 4896 2367 4967 Saltus,
2396 4900 2627 4955 silvosus
2647 4907 2811 4968 atque
2846 4898 3081 4956 clivosus
3104 4898 3255 4952 locus
3276 4901 3380 4951 est.
3431 4893 3551 4962 Quo

1960 4986 2213 5043 nimirum
2236 4990 2455 5045 nomine
2478 4996 2605 5058 apte
2634 4989 2798 5044 corda
2822 4986 3159 5044 swcularium
3181 4984 3550 5054 designantur,

1962 5083 2089 5153 quia
2118 5084 2245 5141 dum
2268 5094 2383 5141 tota
2408 5085 2713 5142 intentione
2740 5084 2886 5141 curis
2906 5080 3266 5138 exterioribus
3288 5080 3549 5144 serviunt,

1961 5178 2110 5234 velut
2135 5179 2335 5236 silvosa
2366 5181 2506 5250 loca,
2536 5182 2681 5236 culta
2709 5180 2778 5235 ad
2803 5180 3040 5234 fructum
3065 5175 3193 5230 boni
3214 5174 3394 5245 operis
3415 5189 3553 5242 prae-

1962 5270 2249 5330 dicationis
2286 5288 2508 5329 vomere
2536 5288 2646 5329 non
2673 5280 2820 5327 sunt.
2861 5268 2963 5336 Qui
2995 5282 3125 5322 vero
3152 5266 3343 5335 vulgus
3371 5262 3553 5336 [Forte

1962 5360 2063 5432 leg.
2110 5361 2277 5434 vulgi]
2321 5365 2541 5419 nomine
2565 5364 2670 5418 hoc
2699 5362 2821 5417 loco
2850 5362 3157 5429 signantur,
3186 5357 3286 5412 nisi
3312 5355 3552 5425 religiosi

1962 5452 2064 5507 viri
2090 5461 2147 5509 et
2172 5454 2480 5525 simplices?
2510 5455 2691 5510 Terrae
2716 5453 2935 5523 quidem
2954 5450 3144 5519 vulgus
3165 5449 3359 5505 dicitur
3383 5466 3396 5502 :
3421 5447 3548 5517 quia

1963 5546 2019 5602 in
2048 5547 2191 5604 bono
2222 5562 2390 5619 opere
2414 5548 2595 5618 magni
2620 5554 2767 5612 sunt,
2790 5545 2887 5601 sed
2911 5553 3090 5599 tamen
3121 5542 3377 5597 altissima
3410 5556 3546 5599 cou-

1965 5640 2312 5710 templatione
2338 5641 2517 5709 magni
2537 5656 2647 5696 non
2665 5647 2811 5697 sunt.
2833 5637 3053 5696 Nobiles
3072 5636 3286 5709 quidem
3307 5635 3543 5699 actione,

1962 5731 2060 5789 sed
2083 5732 2277 5803 vulgus
2304 5746 2638 5791 summorum
2661 5732 2905 5790 virorum
2933 5729 3358 5802 comparatione.
3408 5724 3546 5794 Quid
