4052 6338
469 403 577 464 379

1685 391 1927 453 SANCTI
1967 386 2297 447 GREGORII
2334 389 2551 447 MAGNI

3647 389 3773 447 380

464 522 595 592 ergo
632 520 716 578 est
741 504 889 591 quod
913 503 1092 592 uulgus
1117 520 1269 574 terra
1305 515 1445 572 venit
1470 516 1527 569 in
1555 513 1765 577 saltum,
1801 509 1902 564 nisi
1932 508 2061 578 quia
2086 498 2138 571 Α
2164 510 2343 578 operis
2370 506 2496 564 vani
2519 507 2721 566 favoris
2748 513 2964 578 gustum
2995 505 3285 578 recipere?
3312 502 3420 561 Sed
3450 503 3575 576 quia
3604 520 3777 561 more

468 613 707 684 religiosi
735 622 790 669 et
819 606 1093 683 simplices
1122 611 1221 667 viri
1246 618 1343 682 per
1367 607 1613 678 exempla
1644 608 1907 661 bonorum
1936 616 2059 672 ope-

464 714 603 773 rum,
637 720 780 777 smpe
810 705 879 761 ad
907 705 1153 760 notitiam
1183 702 1519 760 saecularium
1542 698 1921 755 deducuntur?
1956 695 2061 751 Ubi

467 800 575 857 mel
608 802 661 856 in
692 806 822 870 agro
850 806 1104 869 apparet.
1137 797 1262 867 quia
1311 794 1377 851 de
1408 792 1657 863 exemplo
1699 791 1826 847 boni
1877 790 2058 857 operis

466 886 609 963 apud
634 890 919 947 saeculares
950 888 1247 954 inveniunt,
1282 892 1336 941 et
1364 880 1668 940 devotionis
1696 879 2055 949 latitudinem,

466 990 521 1039 et
542 982 772 1039 fructum
795 978 1185 1037 venerationis.
1216 976 1353 1046 Quid
1379 978 1521 1032 enim
1549 986 1631 1031 est
1656 982 1785 1046 ager
1811 977 1864 1031 in
1894 975 2053 1043 saltu,

460 1073 563 1130 nisi
594 1072 811 1128 devotio
843 1071 895 1126 in
928 1070 1132 1127 inculto
1154 1075 1207 1125 et
1237 1070 1594 1139 ineXpurgato
1617 1067 1782 1123 corde
1826 1066 2057 1123 srculaa

460 1158 642 1221 rium?
685 1158 749 1218 Et
779 1162 905 1233 quid
938 1160 1047 1218 mel
1088 1170 1250 1232 super
1277 1156 1471 1216 faciem
1516 1159 1649 1229 agri,
1682 1157 1786 1214 nisi
1828 1158 2057 1213 dulcedo

459 1250 703 1310 favoris?
744 1253 847 1321 Qui
895 1252 1088 1309 merito
1118 1256 1239 1322 post
1267 1252 1572 1321 ingressum
1604 1249 1747 1320 vulgi
1794 1261 2057 1321 apparere

461 1346 672 1411 dicitur,
708 1344 833 1418 quia
876 1343 1124 1400 videlicet
1169 1352 1361 1414 aspera
1402 1342 1741 1399 saecularium
1772 1341 1959 1409 corda,
2009 1339 2057 1396 si

459 1439 611 1511 prius
640 1437 1014 1506 religiosorum
1054 1434 1305 1504 exempla
1336 1442 1447 1490 non
1482 1432 1691 1497 vident,
1725 1446 1823 1488 nec
1868 1430 2053 1486 latitu-

460 1529 584 1587 dine
608 1528 908 1584 devotionis
933 1538 992 1582 se
1021 1522 1199 1581 valent
1227 1525 1553 1589 distendere,
1579 1538 1680 1579 nec
1704 1524 1893 1579 alienae
1922 1536 2051 1577 san-

459 1623 660 1680 etitatis
688 1620 915 1691 gloriam
944 1618 1260 1691 prxdicare.
1305 1617 1444 1675 Ante
1474 1619 1772 1687 ingressum
1811 1616 2057 1688 quidem,-

458 1720 662 1771 tantum
695 1714 864 1770 saltus
894 1723 993 1780 est,
1028 1726 1127 1769 nec
1157 1726 1346 1782 agrum
1373 1712 1557 1777 habet,
1591 1724 1691 1766 nec
1720 1708 1891 1764 ﬂuens
1919 1708 2047 1763 mel.

455 1808 587 1866 Post
612 1809 927 1879 ingressum
972 1818 1122 1871 vero.
1167 1813 1222 1861 et
1250 1804 1590 1860 latitudinem
1622 1803 1734 1871 agri
1782 1800 1964 1867 habet,
1998 1807 2055 1855 et
2084 1826 2133 1897 Β

462 1896 805 1959 dulcedinem
839 1898 1038 1968 mellis,
1070 1899 1196 1968 quia
1228 1912 1369 1968 sepe
1397 1898 1489 1969 qui
1520 1897 1777 1952 mundum
1808 1892 2051 1966 diligunt,

456 2004 771 2054 sanctorum
800 1994 1051 2064 exempla
1082 1990 1311 2048 ferventi
1339 2006 1524 2046 amore
1553 1988 1841 2060 recipiunt,
1872 1999 1931 2044 ut
1958 1989 2057 2043 bo-

459 2104 587 2144 num
613 2087 757 2157 quod
787 2085 993 2149 vident,
1019 2084 1119 2141 sibi
1151 2098 1259 2139 non
1282 2083 1457 2140 solum
1494 2084 1736 2153 placeat,
1768 2081 1864 2137 sed
1894 2081 2057 2137 etiam

458 2179 758 2252 przedicare
789 2177 1051 2233 attentius
1073 2178 1479 2247 concupiscant.
1510 2174 1626 2245 ipsa
1650 2184 1829 2229 tamen
1851 2182 2062 2229 sancto-

461 2278 582 2327 rum
613 2270 721 2325 vita
764 2262 1033 2323 laudanda
1064 2276 1177 2334 est,
1209 2273 1264 2321 et
1310 2268 1427 2322 laus
1456 2268 1556 2322 ista
1588 2266 1655 2320 ab
1685 2266 1762 2320 eis
1784 2309 1798 2333 ,
1828 2278 2056 2336 quorum

460 2363 563 2429 est,
597 2376 696 2433 per
723 2370 921 2417 vanam
950 2360 1178 2431 gloriam
1198 2350 1515 2414 nullatenus
1542 2358 1824 2429 capienda.
1874 2354 2056 2410 Videri

457 2459 668 2509 tantum
694 2451 874 2519 debet,
920 2452 1098 2522 excipi
1129 2466 1239 2507 non
1280 2450 1464 2519 debet,
1494 2457 1553 2505 ut
1578 2448 1863 2519 glorificari
1891 2447 2057 2503 Deum

456 2546 686 2619 quisque
716 2544 770 2600 in
798 2558 896 2601 suo
932 2558 1096 2615 opere
1128 2544 1379 2614 gaudeat,
1403 2544 1498 2601 sed
1525 2543 1592 2599 de
1621 2544 1716 2599 Dei
1748 2542 1921 2612 gratia
1966 2554 2059 2597 ex-

459 2639 579 2697 tolli
610 2646 941 2695 contemnat.
991 2635 1145 2694 Unde
1175 2647 1231 2694 et
1260 2644 1419 2695 caute
1455 2648 1771 2707 expressum
1802 2644 1901 2701 est,
1932 2635 2058 2703 quia

458 2730 637 2788 ﬂuens
666 2732 773 2787 mel
800 2746 962 2800 super
990 2730 1185 2787 faciem
1210 2731 1322 2800 agri
1347 2731 1614 2802 apparuit,
1643 2737 1700 2785 et
1741 2738 1917 2784 tamen
1944 2738 2059 2783 tua-

461 2832 593 2879 num
623 2838 745 2878 cum
772 2821 931 2877 melle
974 2822 1037 2876 ad
1069 2837 1131 2878 os
1176 2834 1337 2877 nemo
1380 2821 1655 2892 applicuit.
1708 2820 1810 2876 Mel
1838 2819 2056 2890 quidem

460 2904 599 2979 ﬂuit,
623 2913 745 2983 quia
768 2910 941 2967 dulcis
961 2910 1103 2966 fama
1119 2920 1429 2967 sanctorum
1449 2910 1679 2967 dulciter
1699 2911 2065 2981 velociterque

464 3002 651 3059 currit.
684 3001 794 3057 Sed
822 3016 1014 3057 manus
1045 3001 1115 3057 ad
1143 3012 1205 3058 os
1226 3003 1405 3057 nullus
1434 3002 1615 3067 ducit,
1649 3000 1775 3070 quia
1803 3002 1871 3056 de
1900 3008 2066 3069 opere

463 3082 613 3151 bono
639 3092 978 3149 dulcedinem
1007 3092 1180 3148 laudis
1210 3109 1317 3148 non
1349 3092 1564 3162 accipit.
1603 3088 1820 3147 Manum
1844 3090 2062 3161 quidem

463 3184 589 3242 eum
635 3184 797 3240 melle
845 3184 912 3239 ad
959 3196 1020 3239 os
1062 3182 1337 3254 applicare
1377 3191 1459 3239 est
1504 3181 1723 3238 laudem
1773 3182 1953 3252 operis
1981 3181 2065 3236 sui

461 3287 741 3352 gratanter
782 3278 1050 3349 accipere.
1109 3277 1372 3332 Decurrat
1401 3288 1529 3346 ergo
1557 3274 1686 3341 mel,
1719 3282 1777 3331 et
1806 3288 1966 3330 nemo
1998 3274 2064 3329 ad

464 3386 527 3430 os
555 3378 774 3428 manum
797 3370 1050 3443 applicet,
1078 3376 1138 3424 ut
1165 3374 1474 3424 sanctorum
1497 3365 1643 3422 fama
1663 3367 1893 3422 dulciter
1914 3364 2065 3434 ﬂuat,

464 3470 522 3520 ‘et
552 3464 697 3533 ipsus
724 3477 755 3517 a
782 3460 977 3532 quibus
1001 3456 1189 3517 deﬂuit
1220 3466 1329 3515 non
1360 3458 1604 3515 extollat.
1635 3454 1813 3523 Fluat,
1847 3465 1907 3512 ut
1934 3455 2069 3511 alios

465 3557 651 3625 Satiet,
681 3553 781 3610 sed
807 3568 916 3610 non
944 3562 1207 3620 sumatur,
1234 3564 1303 3609 ne
1332 3560 1563 3608 mortem
1592 3551 1865 3623 propinet.
1914 3547 2068 3605 Unde

468 3648 526 3707 et
546 3649 795 3706 subditur
820 3665 833 3701 :

543 3738 718 3813 (Vers.
742 3735 860 3808 ‘26.)
903 3734 1137 3790 Timebat
1156 3736 1291 3790 enim
1313 3735 1531 3807 populus
1546 3733 1922 3806 juramentum.

542 3826 704 3905 316
724 3829 1099 3886 Jutamentum
1132 3829 1272 3897 regis
1297 3837 1379 3883 est
1407 3845 1420 3879 :
1456 3824 1642 3881 Omnis
1663 3827 1749 3898 qui
1778 3840 1832 3880 se
1854 3826 2069 3892 exultat,

472 3921 837 3979 liumiliabitur‘
875 3912 1025 3992 (Luc.
1054 3926 1214 3985 XVlll,
1243 3915 1356 3989 14).
1380 3916 1514 3972 Item
1540 3915 1905 3987 jurameutum
1933 3915 2076 3986 regis

468 4022 571 4084 est,
616 4012 760 4084 quod
797 4019 985 4068 contra
1015 4008 1325 4082 bypocritas
1353 4008 1595 4078 profert,
1637 4007 1862 4062 dicens:
1906 4002 2073 4060 Amen

470 4109 586 4165 dico
608 4106 766 4173 vobis,
798 4110 1102 4176 receperunt
1127 4100 1411 4158 ntercedem
1434 4108 1582 4155 suam
1610 4096 1827 4170 (Matth.
1853 4115 1921 4166 vr,
1956 4098 2073 4171 l6).

469 4198 845 4257 Juramentum
893 4206 1023 4267 ergo
1069 4196 1304 4268 populus
1350 4194 1522 4259 timet,
1568 4193 1691 4263 quia
1727 4206 1798 4247 ne
1841 4199 2077 4249 teternas

476 4291 708 4358 amittat,
740 4288 1068 4358 temporales
1095 4288 1340 4356 recipere
1361 4285 1549 4341 laudes
1571 4292 1747 4341 cavet.
1770 4284 2031 4354 Sequitur
2059 4303 2072 4339 :

466 4386 469 4391 '
552 4380 728 4453 (Vers.
751 4378 870 4450 27.)
896 4376 1064 4435 Porro
1091 4376 1348 4434 Jonathas
1371 4388 1475 4432 non
1498 4378 1758 4443 audierat,
1785 4394 1899 4431 cum
1924 4378 2079 4449 adju-

2162 600 2457 659 electorum
2487 611 2706 673 peccat,
2738 615 2851 657 non
2875 599 3022 671 virga
3043 639 3059 666 ,
3082 598 3176 655 sed
3217 598 3564 654 extremitate
3592 597 3778 665 virgae

2162 695 2269 750 mel
2297 694 2478 751 levare
2513 692 2725 750 dicitur.
2773 691 2990 762 Virgam
3020 692 3220 763 quippe
3249 695 3305 745 et
3341 702 3558 743 manum
3596 686 3779 741 melle

2161 788 2377 859 plenam
2409 786 2479 841 ad
2506 800 2568 841 os
2596 792 2938 852 Convertunt,
2965 783 3053 854 qui
3073 783 3231 852 juxta
3254 780 3499 836 veritatis
3528 792 3730 834 vocem
3757 795 3772 829 :

2164 876 2356 935 Omnia
2394 894 2551 951 opera
2580 890 2673 932 sua
2698 877 2895 950 fa'ciunt
2915 918 2929 943 ,
2958 876 3025 930 ub
3051 874 3114 928 ab
3167 872 3459 930 hominibus
3485 871 3777 927 videantur

2163 968 2382 1046 (Matth.
2408 986 2560 1041 mu,
2586 968 2661 1041 5).
2692 969 2833 1024 Dum
2850 970 2991 1024 enim
3018 968 3135 1024 suis
3154 966 3400 1022 laudibus
3423 971 3777 1029 saturantm,

2161 1071 2268 1127 mel
2312 1084 2419 1126 non
2467 1069 2535 1124 a’d
2584 1076 2802 1124 tenuem
2843 1070 3063 1137 gustum
3107 1062 3307 1119 habent
3356 1062 3409 1115 in
3448 1058 3780 1117 summitate

2158 1164 2356 1233 virgae,
2388 1161 2485 1219 sed
2512 1162 2597 1218 Vel
2629 1163 2680 1217 in
2709 1169 2823 1217 tota
2852 1161 3030 1229 virga“,
3062 1158 3147 1214 vel
3179 1158 3231 1212 in
3262 1171 3424 1211 manu
3452 1153 3515 1209 ad
3540 1152 3781 1225 plenam

2161 1257 2535 1313 reiectionem.
2580 1256 2741 1310 Tales
2771 1253 2955 1324 utique
2986 1260 3159 1315 erant,
3193 1248 3388 1321 quibus
3418 1247 3690 1303 Dominus
3718 1245 3780 1299 in

2158 1347 2446 1418 Evangelio
2477 1347 2791 1418 exprobrat,
2824 1344 3009 1401 dicens
3038 1362 3049 1398 :
3088 1342 3357 1407 Quomodo
3400 1341 3613 1411 patestis
3644 1355 3780 1393 cre-

2161 1440 2310 1506 dere,
2342 1440 2563 1511 glOriam
2592 1437 2656 1492 ab
2686 1438 2900 1492 invicem
2939 1435 3277 1507 recipientes?
3328 1426 3507 1504 (10ml.
3547 1447 3610 1495 v,
3645 1428 3779 1499 44.)

2160 1528 2298 1599 Quid
2336 1540 2465 1599 ergo
2506 1538 2585 1585 est
2618 1529 2730 1584 htcc
2764 1529 2923 1599 virgae
2965 1527 3313 1592 estremitas,
3354 1522 3466 1578 nisi
3495 1522 3621 1594 quia
3650 1520 3786 1592 ple-

2160 1631 2391 1693 rumque
2422 1630 2476 1678 et
2506 1620 2792 1677 Dominum
2822 1618 3123 1689 gloriﬁcare
3154 1618 3205 1673 in
3234 1630 3332 1672 suo
3356 1630 3522 1686 opere
3546 1611 3787 1683 quidem

2159 1716 2371 1783 volunt,
2421 1722 2479 1769 et
2521 1722 2783 1783 apparere
2821 1711 2920 1782 ipsi
2952 1708 3255 1765 laudabiles
3299 1721 3419 1762 non
3454 1702 3786 1775 refugiunt?

2162 1807 2354 1864 Merito
2402 1807 2565 1878 igitur
2588 1822 2778 1862 vocem
2821 1806 3014 1877 patris,
3058 1818 3163 1875 qua
3206 1804 3473 1875 populum
3498 1800 3790 1869 adjuravit

2162 1892 2420 1956 Ionathas
2447 1914 2555 1953 non
2577 1898 2791 1955 audisse
2819 1898 3036 1964 dicitur,
3062 1896 3188 1966 quia
3212 1894 3328 1961 Dei,
3354 1894 3467 1950 sive
3493 1893 3606 1963 ejus
3630 1908 3789 1963 pra--

2163 1990 2422 2048 dicatoris
2450 1989 2617 2045 verba
2647 2000 2753 2044 non
2786 1987 2956 2055 audit,
3011 1987 3102 2057 qui
3146 2000 3208 2041 ca
3252 1985 3480 2055 implere
3522 1982 3787 2053 negligit.

2164 2080 2305 2152 Quid
2332 2098 2462 2138 vero
2492 2090 2604 2150 est,
2636 2081 2787 2151 quod
2821 2093 2889 2136 ex
2930 2088 3088 2149 gustu
3118 2079 3294 2134 mellis
3326 2075 3614 2133 illuminati
3646 2083 3791 2130 sunt

2165 2176 2307 2232 oculi
2336 2174 2602 2240 Jonatluc,
2635 2173 2739 2229 nisi
2763 2174 2888 2244 quia
2916 2174 3008 2244 qui
3036 2173 3159 2227 vani
3190 2170 3391 2228 favoris
3418 2182 3602 2224 auram
3636 2168 3792 2223 reci-

2165 2268 2340 2339 piunt,
2372 2283 2439 2322 ex
2477 2267 2668 2321 eodem
2695 2265 2763 2321 ad
2789 2267 2997 2336 agenda
3035 2264 3197 2321 fortia
3228 2262 3603 2321 roborantur?
3660 2260 3791 2318 Hoc

2165 2358 2382 2430 quidem
2405 2358 2527 2413 loco
2552 2372 2659 2413 non
2683 2355 2931 2413 dicuntdr
2953 2358 3129 2428 aperti
3147 2357 3310 2423 oculi,
3338 2366 3396 2412 ut
3418 2350 3793 2413 clausifuisse

2164 2451 2486 2515 sentiantur,
2536 2451 2630 2506 sed
2663 2456 2720 2505 ut
2744 2456 2998 2520 reparato
3028 2450 3213 2520 vigore
3250 2454 3515 2523 Corporis,
3568 2455 3642 2510 ad
3701 2456 3791 2510 vi-

2166 2546 2374 2602 dendos
2404 2545 2801 2616 intelligantur,
2832 2554 2887 2601 et
2915 2545 2983 2601 ad
3014 2545 3434 2615 exstinguendos
3463 2546 3657 2605 hostes
3692 2566 3789 2603 rc—

2165 2639 2358 2711 parati.
2394 2635 2549 2705 Quod
2579 2638 2831 2693 nimirum
2856 2639 3012 2693 elatis
3036 2638 3256 2693 omnino
3281 2639 3552 2703 convenit,
3582 2642 3690 2709 qui
3717 2656 3790 2696 ex

2169 2744 2236 2790 eo
2266 2732 2471 2802 majora
2502 2739 2556 2786 ct
2584 2731 2742 2787 fortia
2775 2738 2975 2801 agunt,
3008 2744 3113 2799 quo
3143 2728 3431 2785 laudabilia
3471 2746 3645 2802 Opera
3687 2747 3791 2787 sua

2170 2824 2349 2882 ell'erri
2380 2825 2739 2895 conspiciunt.
2785 2822 2893 2880 Sed
2932 2840 3075 2894 smpe
3106 2824 3283 2879 minor
3323 2823 3441 2880 zelo
3486 2824 3793 2881 cliaritatis

2170 2918 2518 2987 accenditur,
2553 2919 2647 2989 qui
2679 2918 3055 2989 delinquentes
3092 2934 3317 2988 magnos
3348 2921 3492 2976 Viros
3523 2920 3588 2974 ad
3626 2920 3790 2976 Scri-

2168 3022 2451 3084 pturarum
2479 3012 2799 3068 memoriam
2828 3012 3089 3068 reducere
3115 3021 3364 3068 conatur.
3405 3008 3560 3068 Unde
3588 3020 3654 3067 et
3687 3028 3789 3069 se-

2096 3142 2141 3209 c
2170 3109 2391 3209 “"53"”

2246 3200 2424 3271 (Vers.
2471 3196 2588 3269 28.)
2631 3197 3070 3272 Respondensque
3114 3216 3247 3255 unus
3297 3199 3359 3255 de
3388 3201 3605 3271 populo,
3656 3201 3787 3256 ait:

2171 3291 2526 3363 Jurejurando
2558 3291 2869 3345 constrinxit
2900 3301 3049 3361 pater
3086 3300 3202 3344 tuus
3242 3293 3517 3362 populum,
3552 3290 3742 3348 dicens
3769 3309 3789 3346 :

2174 3381 2488 3438 Maledicta:
2518 3382 2594 3436 vir
2622 3382 2711 3453 qui
2734 3381 3013 3436 comederit
3033 3399 3219 3453 panem
3251 3380 3421 3437 hodie.

2245 3473 2335 3530 55.
2378 3472 2590 3528 Patrem
2621 3474 2821 3543 quippe
2849 3472 3128 3543 adjurasse
3154 3474 3434 3544 populum,
3467 3483 3523 3529 et
3543 3472 3792 3531 maledi-

2174 3572 2321 3621 uum
2368 3564 2657 3635 protulisse
2700 3563 2902 3630 retulit,
2954 3564 3080 3634 quia
3109 3581 3230 3619 cum
3274 3567 3455 3620 minor
3496 3575 3793 3622 errantem

2172 3658 2288 3713 vult
2315 3672 2409 3729 pm
2428 3658 2593 3711 latum
2617 3655 2848 3725 dirigere
2870 3696 2883 3721 ,
2910 3672 3017 3711 non
3046 3656 3206 3712 debet
3232 3672 3422 3727 aspere
3453 3657 3794 3727 objurgare,

2174 3749 2266 3807 sed
2282 3749 2505 3805 dulciter
2519 3757 2679 3818 atque
2696 3746 2969 3803 humiliter
2984 3749 3049 3803 ad
3063 3749 3327 3819 majorum
3348 3758 3548 3805 statuta
3564 3762 3803 3807 nmmo-

2175 3840 2344 3895 randa
2368 3837 2645 3894 reducere.
2671 3837 2829 3894 Unde
2859 3839 2986 3894 dicit
3014 3857 3027 3893 :
3072 3837 3427 3912 Jurejurando
3460 3843 3799 3898 constrinxit

2178 3940 2326 4002 pater
2356 3938 2469 3983 tuus
2498 3931 2765 4001 populum.
2799 3928 2869 3984 Ut
2899 3930 3042 3985 enim
3074 3946 3196 3985 eum
3229 3932 3458 3989 dulciter
3481 3932 3799 3989 admoneat

2180 4034 2301 4080 cum
2348 4022 2439 4092 qui
2480 4020 2831 4092 jurejurando
2876 4022 3131 4092 populum
3179 4023 3522 4089 constrinxit,
3560 4033 3800 4093 patrem

2179 4112 2295 4182 ejus
2340 4127 2457 4168 esse
2507 4114 2755 4169 asseruit.
2801 4108 2967 4180 Quasi
3017 4115 3160 4169 enim
3189 4114 3306 4168 aliis
3350 4113 3539 4169 verbis
3589 4112 3751 4169 dicat
3781 4134 3799 4168 :

2180 4202 2358 4261 Tanto
2388 4202 2636 4261 dilectius
2662 4200 2826 4260 debes
2856 4205 3121 4275 majorum
3155 4204 3396 4259 instituta
3426 4217 3801 4271 conservare,

2183 4306 2388 4369 quanto
2419 4312 2606 4353 eorum
2638 4297 2816 4353 locum
2860 4296 3025 4353 altius
3050 4295 3249 4353 videris
3286 4310 3385 4368 per
3414 4297 3806 4353 successionis

2185 4393 2501 4464 dignitatem
2530 4394 2782 4449 retinere.
2816 4392 3154 4449 Constricttis
3182 4394 3344 4448 etiam
3368 4391 3602 4463 populus
3627 4393 3806 4463 jure-

479 4442 623 4552 raret
670 4480 819 4543 pater
852 4442 972 4541 ejus
1018 4470 1296 4541 papulum,
1347 4469 1678 4541 extenditque
1731 4442 2067 4523 summitatem

2189 4442 2501 4464 _-,,-.--_-----
2530 4442 2782 4449 ----------
2822 4442 3152 4449 ------.---_-
3187 4442 3344 4448 ---π-
3370 4442 3597 4463 r-,._-_-
3627 4442 3713 4463 ,--
3738 4442 3768 4450 -

2183 4484 2415 4553 jurando
2463 4484 2634 4555 patris
2663 4482 2942 4550 asseritur,
2992 4493 3052 4538 ut
3082 4499 3190 4539 non
3232 4483 3503 4551 loquentis
3532 4496 3811 4552 persona

477 4564 637 4635 virga!
663 4566 816 4633 quam
846 4560 1069 4615 habebat
1085 4561 1141 4614 in
1172 4568 1345 4625 manu,
1370 4568 1419 4615 et
1436 4561 1657 4615 induxit
1674 4562 1728 4615 in
1752 4568 1867 4630 [avo
1888 4560 2076 4625 mellis,

481 4662 535 4710 et
571 4655 820 4710 convertit
860 4668 1077 4708 manum
1102 4666 1251 4708 suam
1295 4654 1369 4707 ad
1406 4668 1462 4709 os
1489 4667 1661 4719 suum,
1702 4658 1753 4707 et
1796 4652 2079 4708 illuminati

478 4753 602 4801 sunt
624 4743 761 4800 Oculi
789 4744 922 4812 ejus.

2188 4575 2478 4639 humilitas,
2511 4574 2603 4630 sed
2632 4584 2863 4631 ostensa:
2904 4574 3197 4631 auctoritas
3237 4575 3589 4629 attendatur:
3636 4583 3702 4631 ut
3756 4580 3811 4634 si

2186 4666 2523 4735 suggerentis
2562 4664 2698 4722 ordo
2736 4664 3055 4737 despicitur,
3088 4662 3258 4733 illius,
3290 4666 3457 4739 317
3488 4666 3595 4737 qui
3628 4678 3813 4724 mon-

2186 4764 2408 4820 stratur,
2442 4757 2703 4813 celsitudo
2736 4757 3008 4812 timeatur.
3041 4756 3213 4825 Quem
3245 4765 3422 4813 tamen
3451 4764 3672 4826 patrem
3704 4766 3814 4816 as-

553 4836 642 4892 54.
686 4837 835 4904 Quos
861 4837 915 4891 in
947 4836 1053 4891 hoc
1083 4836 1204 4892 loco
1230 4835 1511 4902 Jouathas,
1542 4836 1644 4891 nisi
1674 4835 1794 4891 illos
1821 4836 2075 4904 insinuat,

480 4930 573 4999 qui
622 4929 792 4985 verbo
839 4936 901 4985 et
944 4943 1110 4999 opere
1157 4930 1338 4999 magni
1364 4937 1521 4999 sunt,
1552 4929 1646 4986 sed
1677 4937 1854 4984 tamen
1899 4930 2078 4984 stulio

477 5023 984 5094 circumspectionis
1006 5023 1187 5091 magni
1214 5037 1324 5076 non
1353 5023 1522 5077 sunt?
1548 5020 1671 5076 Alta
1696 5020 1915 5091 quidem
1941 5036 2074 5090 prte-

479 5114 684 5183 dicant,
715 5113 876 5170 fortia
901 5121 1176 5181 exercent,
1208 5114 1304 5170 sed
1332 5114 1388 5169 in
1417 5113 1734 5169 humilitatis
1762 5114 2081 5183 circumspe-

481 5206 664 5263 ctione
702 5216 761 5260 se
798 5220 909 5260 non
938 5204 1166 5260 viriliter
1192 5210 1397 5260 tenent.
1445 5205 1585 5272 Quid
1611 5214 1695 5261 est
1732 5205 1903 5272 enim,
1933 5206 2079 5276 quod

480 5299 689 5368 virgam
717 5302 867 5352 tenet
886 5297 940 5349 in
969 5306 1162 5361 manu,
1196 5295 1296 5350 nisi
1325 5296 1449 5363 quia
1478 5297 1781 5368 disciplina,
1813 5311 1917 5366 qua
1947 5306 2079 5367 pec-

486 5402 615 5443 care
641 5388 776 5443 alios
805 5385 1082 5457 prohibet,
1110 5386 1462 5457 semetipsum
1486 5401 1595 5442 non
1626 5390 1888 5444 coercet?
1920 5388 2080 5458 Virga

488 5479 709 5549 quidem
737 5492 844 5547 qua
875 5479 1083 5549 parvuli
1110 5477 1295 5536 solent
1316 5478 1515 5548 corripi
1534 5517 1549 5545 ,
1576 5492 1762 5536 sermo
1789 5482 2082 5538 correctio-

490 5571 578 5627 nis
624 5576 806 5639 potest
834 5578 959 5640 apte
987 5570 1281 5641 designari.
1330 5570 1650 5628 Praedicatio
1694 5586 1821 5642 ergo
1864 5581 1920 5629 et
1945 5588 2082 5645 opus

492 5666 721 5733 bonum,
753 5664 900 5735 virga
944 5675 999 5720 et
1027 5676 1220 5722 manus
1248 5673 1350 5721 est.
1401 5664 1541 5735 Quid
1582 5675 1665 5724 est
1694 5668 1852 5737 igitur
1880 5668 2084 5737 virgam

495 5756 815 5824 extendere,
846 5766 899 5813 et
925 5764 1148 5812 manum
1171 5760 1240 5815 ad
1258 5773 1324 5815 os
1344 5772 1466 5815 cum
1499 5761 1658 5816 melle
1682 5777 1958 5828 revocare,
1984 5762 2085 5818 nisi

496 5855 610 5904 tam
660 5849 727 5907 de
774 5850 1168 5921 pra-dicationis
1215 5853 1403 5924 verbo,
1434 5868 1595 5923 quam
1642 5854 1711 5912 dc
1738 5857 1915 5915 studio
1957 5856 2087 5916 boni

2186 4847 2337 4912 serit,
2370 4856 2430 4902 ut
2458 4854 2723 4919 prazcepta
2751 4848 3020 4917 majorum
3049 4855 3103 4903 et
3122 4846 3300 4903 timori
3330 4860 3447 4904 esse
3467 4846 3720 4905 debeant
3748 4863 3817 4907 et

2187 4939 2381 4996 amori.
2405 4937 2561 4995 Dicat
2589 4950 2718 5010 ergo
2747 4956 2761 4992 :
2791 4935 3144 5011 Jurejurando
3166 4940 3481 4995 constrinxit
3494 4949 3652 5011 pater
3673 4950 3815 4998 tuus

2184 5031 2449 5104 populum,
2472 5031 2685 5086 dicens:
2715 5028 3026 5085 Maledicta:
3048 5031 3137 5102 qui
3163 5033 3442 5088 comederit
3469 5036 3663 5104 pdﬁem
3698 5036 3819 5089 ἢο-

2187 5125 2285 5179 die.
2334 5124 2486 5191 Quod
2524 5124 2634 5179 tale
2675 5132 2760 5180 est
2789 5138 2854 5180 ac
2876 5124 2921 5180 si
2943 5124 3128 5179 dicat:
3172 5122 3371 5181 Eorum
3402 5136 3452 5181 te
3480 5142 3818 5184 memorem

2186 5231 2308 5273 esse
2326 5217 2470 5282 volo,
2504 5232 2623 5286 qua:
2644 5225 2759 5284 tua,
2789 5222 2898 5272 non
2925 5231 3042 5272 mea
3071 5225 3215 5282 sunt,
3246 5218 3371 5286 quia
3403 5217 3527 5289 dum
3559 5218 3812 5275 culmen

2184 5307 2447 5377 majorum
2470 5310 2700 5376 obtines,
2730 5325 2915 5366 eorum
2941 5309 3087 5380 leges
3100 5311 3258 5379 quasi
3280 5310 3640 5367 hmreditario
3656 5311 3817 5381 jure

2188 5415 2407 5457 servare
2436 5401 2619 5458 debes.
2655 5400 2816 5458 Panis
2855 5418 2985 5459 vero
3014 5404 3234 5459 nomine
3261 5404 3419 5459 favor
3445 5403 3825 5464 adulantium

2186 5503 2337 5548 recte
2364 5494 2707 5564 exprimitur,
2736 5495 2860 5565 quia
2891 5503 3129 5551 mentem
3175 5497 3400 5553 vanitati
3430 5499 3713 5552 intentam
3759 5511 3829 5556 et

2189 5583 2347 5639 satiat
2375 5592 2429 5637 et
2450 5584 2743 5653 confortat,
2774 5586 2899 5642 dum
2930 5587 3071 5643 hanc
3102 5587 3167 5641 ad
3191 5586 3397 5657 agenda
3427 5597 3543 5657 quac
3574 5585 3829 5649 laudari

2189 5673 2441 5738 debeant,
2472 5676 2829 5733 valentiorem
2862 5678 3059 5734 reddit.
3092 5679 3245 5746 Quod
3277 5680 3495 5750 quidem
3523 5694 3832 5750 arrogan~

2191 5763 2335 5821 tibus
2379 5765 2537 5822 valde
2585 5769 2876 5824 convenire
2917 5772 3177 5837 cemitur,
3220 5770 3310 5840 qui
3343 5771 3413 5825 ad
3451 5770 3831 5840 loquendum

2189 5856 2420 5930 prolatis
2441 5859 2692 5923 laudibus
2716 5863 3044 5923 animantur.
3090 5861 3162 5923 Et
3188 5864 3313 5935 quia
3349 5877 3609 5936 arrogans
3638 5880 3835 5937 pm
