4052 6338
294 451 386 511 58f

1108 437 1171 492 IN
1211 432 1475 492 PRIMUM
1512 426 1752 489 BEGUM
1791 424 2305 487 EX-POSITIONES.
2342 453 2414 467 —
2447 425 2578 483 LIB.
2624 425 2688 483 V.

3448 427 3561 485 582

292 569 494 626 dicator
542 560 705 617 habet
742 555 947 615 similes
991 554 1094 611 sibi
1121 552 1364 610 subditos
1399 550 1574 608 laudis
1615 549 1870 623 cupidos,
1897 551 1952 614 Α
1978 545 2142 613 Quasi
2187 546 2332 601 enim
2368 545 2607 616 praedam
2634 544 2977 603 inimicorum
3002 546 3167 623 facit,
3206 545 3333 601 dum
3376 559 3474 616 ea,
3503 546 3563 601 iu

388 657 531 711 nitur
554 656 571 708 ξ

290 673 531 729 sequitur
554 673 571 708 :

359 749 547 820 (Vere.
576 742 694 814 28.)
720 740 997 815 Defecerat
1014 746 1185 794 autem
1209 736 1449 810 populus.

356 840 452 897 56.
484 835 622 906 Quid
649 843 732 892 est
760 834 826 890 ad
864 826 1096 889 litteram
1123 831 1375 897 deﬁcere,
1406 828 1507 885 nisi
1535 828 1828 885 lassescere
1848 826 1875 883 Τ

288 936 390 1006 qui
420 934 565 990 enim
594 931 779 987 laudes
820 920 1163 983 wansitorlas
1189 924 1257 979 de
1299 922 1455 980 Verbi
1493 921 1877 994 praedicatione

285 1027 591 1097 requirunt,
614 1021 869 1078 deﬁciunt
897 1030 1017 1074 cum
1039 1017 1346 1083 laudantur,
1369 1016 1499 1085 quia
1521 1011 1670 1070 nullo
1689 1014 1873 1084 vigore

285 1118 449 1178 verba
496 1116 805 1190 proferunt,
836 1124 954 1184 quae
1003 1124 1115 1166 non
1162 1109 1370 1165 laudari
1418 1114 1666 1164 cernunt.
1710 1106 1877 1163 Velut

288 1212 432 1269 enim
476 1210 833 1266 lassescentes
874 1202 1132 1260 deficiunt
1176 1202 1302 1256 dum
1348 1200 1585 1271 despecti
1627 1196 1874 1255 obmute-

283 1312 469 1362 scum.
488 1300 598 1358 Sed
627 1308 686 1356 et
711 1300 838 1356 dum
868 1306 977 1354 non
997 1296 1309 1362 comedunt,
1345 1294 1593 1350 videntur
1619 1292 1869 1360 deficere,

285 1395 412 1467 quia
436 1393 485 1449 si
511 1391 720 1448 licitum
747 1389 1013 1446 haberent
1037 1387 1213 1443 cibum
1242 1384 1462 1451 favoris,
1509 1382 1660 1441 velut
1686 1381 1876 1438 refecti

281 1496 339 1545 et
358 1486 529 1542 fortes
546 1485 959 1553 insequerentur
979 1480 1109 1536 vitia
1132 1477 1514 1550 praedicatione
1528 1476 1700 1531 verbi.
1723 1475 1879 1532 Unde

284 1587 341 1635 et
387 1575 690 1645 arrogantis
733 1571 1104 1645 praedicatoris
1132 1569 1306 1627 forma
1333 1568 1656 1636 ostenditur,
1695 1583 1795 1640 per
1820 1566 1874 1623 id

280 1669 428 1742 quod
455 1668 800 1739 sulijunctum
827 1674 948 1723 est:
1478 1740 1481 1741 ν

353 1762 533 1834 (Vere.
559 1758 648 1827 29,
678 1759 797 1830 50.)
842 1758 1089 1828 Dicitque
1115 1756 1377 1812 Jonatltos
1404 1770 1424 1810 :
1456 1756 1699 1811 Turbaeit
1728 1765 1874 1827 pater

279 1870 421 1909 tum
452 1862 661 1906 terram.
698 1849 917 1905 Vidistis
943 1850 1081 1902 enim
1118 1848 1251 1917 ipsi,
1283 1847 1406 1919 quia
1434 1846 1713 1900 illuminati
1753 1855 1872 1900 sunt

1969 638 2165 710 quibus
2185 637 2409 695 occultis
2429 637 2675 696 hostibus
2692 638 2814 708 quis
2828 637 3129 709 pmvaluit,
3147 637 3219 693 ad
3238 636 3559 693 memoriam

1969 730 2139 787 ducit.
2164 729 2238 786 Ea
2262 745 2479 801 quoque
2505 730 2573 786 ad
2598 730 2937 786 saturitatem
2964 728 3237 797 comedit,
3275 728 3367 798 qui
3394 729 3549 797 quasi

1968 839 2067 882 sua
2096 826 2298 881 virtute
2340 825 2455 880 hate
2489 824 2708 891 fecerit,
2756 839 2817 881 se
2846 824 3080 879 inaniter
3106 832 3163 879 et
3207 823 3558 879 vehementer

1968 917 2199 974 extollit.
2244 917 2386 973 Dicit
2418 930 2547 986 ergo
2578 935 2592 969 :
2624 914 2831 982 Quanto
2856 917 3027 988 inopis
3055 918 3102 971 si
3130 916 3433 972 comedisset
3470 933 3565 986 po«

1970 1012 2119 1083 putus
2146 1010 2380 1081 prde
2398 1010 2726 1065 inimicorum
2752 1024 2983 1076 suorum,
3023 1022 3198 1066 nonne
3224 1011 3396 1081 major
3420 1012 3565 1081 facta

1971 1106 2155 1177 fuisset
2179 1104 2337 1175 plaga
2354 1105 2411 1157 in
2437 1101 2721 1158 Philistilm
2737 1102 2762 1156 2
2781 1101 2944 1169 Quasi
2970 1100 3306 1158 dicentium
3328 1116 3394 1157 ex
3415 1100 3565 1156 brevi

1973 1201 2136 1264 gustu
2171 1194 2388 1260 favoris,
2424 1201 2603 1249 tantus
2638 1194 2912 1264 profectus
2937 1193 3043 1259 sit,
3074 1193 3205 1263 quid
3242 1192 3399 1247 electi
3429 1207 3565 1263 prtu-

1970 1287 2191 1343 ilatores
2220 1286 2482 1355 facerent,
2522 1287 2567 1341 si
2611 1286 2802 1355 plenas
2828 1299 3054 1356 operum
3082 1285 3270 1341 laudes
3296 1285 3472 1341 licitas
3500 1298 3566 1340 ac

1966 1380 2141 1452 justas
2163 1381 2462 1436 haberent?
2501 1379 2762 1449 Sequitur
2790 1397 2803 1432 :

2042 1473 2226 1544 (ἵετε.
2262 1471 2379 1541 5i.)
2410 1471 2793 1528 Psrcussmmt
2816 1484 2940 1544 ergo
2964 1470 3265 1528 Philistum
3290 1471 3348 1527 in
3374 1470 3565 1526 dieillo

1971 1583 2007 1620 ο
2026 1565 2254 1638 Magnis
2278 1579 2438 1638 usque
2464 1566 2523 1619 in
2551 1566 2708 1620 Aion.
3058 1562 3059 1565 “

2047 1654 2139 1709 58.
2179 1654 2305 1710 Dies
2332 1654 2532 1709 mentis
2569 1662 2653 1709 est
2695 1652 2950 1724 splendor
2981 1652 3317 1711 eruditionis.
3347 1652 3454 1709 Sed
3492 1653 3569 1710 illi

1972 1762 2111 1817 quos
2133 1753 2447 1815 arrogantes
2476 1744 2750 1810 erudiunt,
2779 1744 2907 1813 quia
2934 1744 3231 1801 ambitione
3258 1745 3573 1816 temporalis

1973 1838 2157 1908 gloriae
2173 1836 2563 1901 accenduntur,
2581 1834 2981 1890 simulationem
3006 1835 3138 1893 lucis
3154 1836 3449 1906 accipiunt,
3462 1851 3570 1894 non

278 1949 420 2007 oculi
445 1949 567 2012 mei,
598 1962 660 2001 eo
688 1943 824 2016 quod
845 1941 1158 2014 gestaverint
1180 1936 1447 2009 paululum
1473 1937 1538 1991 de
1564 1937 1715 1991 melle
1738 1939 1869 2003 isto;
1908 1942 1947 2002 Β
1973 1932 2281 1987 veritatem.
2306 1928 2442 1984 Dum
2471 1942 2601 1997 ergo
2639 1926 2756 1983 dics
2785 1926 2877 1981 illa
2906 1926 3124 1996 dicitur,
3153 1928 3283 1999 quid
3323 1928 3467 1984 aliud
3495 1928 3569 1984 si-

278 2050 474 2112 ψακιο
501 2038 671 2106 magis
697 2038 743 2090 si
781 2033 1085 2089 comedisset
1114 2029 1332 2102 populus
1366 2028 1600 2098 praedam
1636 2030 1876 2083 inimico-

278 2150 402 2189 rum
439 2142 644 2189 suorum
682 2144 841 2201 quam
879 2126 1090 2198 reperit,
1120 2139 1293 2179 nonae
1320 2122 1491 2193 major
1531 2122 1670 2193 facta
1697 2120 1879 2192 fuisset

278 2227 445 2297 plaga
469 2226 521 2278 in
550 2220 874 2277 ΡΙιὶιηὶοεὶἱωῖ

355 2318 450 2372 37.
482 2315 623 2383 Quid
650 2321 733 2371 est
778 2312 929 2369 enim
964 2309 1113 2380 quod
1160 2307 1413 2364 turbasse
1435 2312 1637 2361 terram
1666 2312 1878 2375 patrem

275 2409 659 2479 reprehendit,
684 2407 789 2463 nisi
812 2404 936 2476 quia
964 2402 1198 2474 majores
1224 2408 1427 2457 statuta
1456 2414 1553 2455 sua
1578 2414 1672 2469 per
1696 2398 1870 2468 impe-

274 2504 465 2560 ritiam
502 2498 812 2558 confudisse
846 2496 1155 2566 redarguit?
1197 2492 1379 2549 Terrae
1406 2490 1625 2562 quidem
1653 2488 1877 2544 nomine

271 2594 623 2651 nbditorum
645 2591 917 2647 humilitas
944 2590 1277 2659 designatur,
1318 2598 1442 2655 qua
1468 2584 1720 2639 nimirum
1750 2591 1870 2637 tur-

271 2687 405 2745 bari
450 2686 725 2752 cemitur,
785 2682 1001 2753 quando
1050 2687 1270 2736 errante
1314 2686 1593 2748 pastorum
1632 2674 1867 2745 judicio,

271 2777 589 2850 tranquillae
641 2776 887 2833 veritatis
930 2772 1177 2830 ordinem
1222 2768 1475 2825 deserere
1532 2766 1767 2822 videtur.
1815 2763 1881 2819 Et

272 2870 412 2941 quia
457 2869 587 2924 dum
634 2866 850 2923 favores
914 2864 1196 2920 hominum
1246 2866 1564 2931 arrogantes
1608 2857 1880 2912 inhianter

272 2962 550 3027 ambiunt,
576 2968 633 3015 et
661 2959 765 3015 hoc
789 2958 997 3013 licitum
1018 2971 1139 3012 esse
1167 2968 1415 3009 asserere
1435 2959 1729 3015 conantur,
1756 2963 1880 3019 pro-

269 3056 458 3113 tectus
480 3053 685 3112 suosin
716 3051 1085 3109 testimonium
1113 3046 1439 3120 perducunt.
1485 3043 1703 3100 Vidistis
1721 3043 1879 3108 enim,

272 3149 350 3204 ait
370 3187 390 3212 ,
418 3149 537 3217 quia
552 3146 837 3201 illuminari
862 3152 983 3199 sunt
1011 3143 1147 3198 oculi
1175 3141 1301 3209 mei,
1322 3155 1382 3196 eo
1402 3139 1540 3212 quod
1568 3136 1881 3210 gustaverim

269 3240 555 3313 pallulam
574 3241 637 3296 de
658 3239 810 3295 aselle
834 3239 957 3293 isto.
986 3236 1150 3304 Quasi
1179 3235 1326 3291 dicat
1353 3251 1369 3287 :
1399 3231 1483 3288 Ex
1508 3230 1668 3286 laude
1695 3229 1882 3299 subje-

1978 2031 2193 2093 gnatur,
2226 2020 2331 2076 nisi
2376 2020 2500 2090 quia
2527 2033 2672 2089 stepe
2717 2018 3347 2099 proposito_temporalis
3386 2019 3571 2089 gloriae

1974 2114 2133 2171 fortia
2168 2115 2285 2170 fieri
2334 2112 2679 2169 viderentur?
2725 2108 2784 2166 In
2822 2110 2913 2166 die
2953 2124 3191 2180 namque
3232 2109 3363 2180 illa,
3412 2109 3463 2164 id
3491 2118 3574 2169 est

1975 2206 2222 2263 doctrina
2242 2247 2259 2274 ,
2303 2205 2388 2260 vel
2417 2203 2667 2274 exemplo
2694 2203 3050 2274 superborum
3078 2202 3409 2272 percutiunt,
3442 2201 3569 2270 quia

1975 2299 2044 2355 ad
2071 2298 2181 2354 hoc
2205 2297 2507 2353 ministerio
2533 2295 2933 2367 praedicationis
2963 2295 3283 2363 inserviunt,
3306 2303 3365 2349 ut
3387 2294 3571 2366 splen-

1975 2391 2166 2446 dorem
2209 2390 2398 2459 gloria
2426 2388 2743 2459 temporalis
2765 2386 3152 2459 adipiscantur.
3206 2386 3276 2442 Et
3303 2387 3427 2456 quia
3454 2402 3571 2442 om-

1976 2485 2137 2546 nibus
2166 2484 2507 2539 innotescere
2532 2483 2793 2553 cupiunt,
2817 2481 2985 2537 dicit:
3015 2480 3060 2534 Α
3080 2479 3307 2553 ﬂagitiis
3335 2496 3496 2551 usque
3514 2481 3572 2535 in

1976 2578 2135 2633 Aion.
2165 2575 2424 2646 Magmas,
2452 2584 2511 2630 ut
2552 2575 2669 2644 jam
2692 2574 2823 2629 satis
2852 2574 3057 2630 dictum
3098 2581 3185 2631 est
3198 2614 3219 2641 ,γ
3266 2573 3569 2639 humilitas,

1979 2669 2120 2724 Aion
2139 2652 2280 2724 'vero
2306 2669 2474 2723 frater
2500 2682 2655 2723 meus
2684 2680 2921 2723 mmrens
2946 2666 3357 2736 interpretatur.
3389 2664 3576 2720 Humi-

1980 2759 2060 2816 les
2090 2768 2272 2816 autem
2300 2758 2407 2814 hoc
2450 2758 2605 2824 loco,
2648 2758 2827 2828 pusilli
2867 2773 2933 2813 ac
2969 2758 3241 2827 sinplices
3288 2758 3343 2813 in
3386 2765 3575 2814 sancta

1979 2851 2221 2907 Ecclesia
2252 2850 2623 2919 designantur.
2652 2848 2887 2905 Marene
2923 2863 3054 2904 vero
3082 2848 3249 2904 frater
3274 2864 3411 2918 quos
3438 2848 3578 2904 alios

1979 2943 2236 3008 insinuat,
2266 2941 2366 2998 nisi
2394 2954 2490 2997 eos
2518 2954 2655 3010 quos
2679 2940 2935 2996 Dominus
2964 2939 3020 2994 in
3045 2938 3336 3009 Evangelio
3363 2940 3572 2996 collau-

1981 3035 2096 3101 dat,
2124 3035 2343 3090 dicens:
2375 3032 2525 3088 Beati
2568 3033 2654 3104 qui
2683 3031 2885 3103 lugent,
2910 3032 3155 3104 quoniam
3192 3032 3297 3103 ipsi
3324 3032 3572 3087 consola-

1982 3126 2209 3182 buntur?
2233 3124 2448 3198 (Matth.
2464 3140 2519 3189 v,
2537 3122 2615 3195 5.)
2639 3122 2739 3190 Qui
2763 3121 3025 3192 enimjam
3044 3122 3360 3193 temporalia
3387 3131 3577 3179 cuncta

1984 3219 2137 3274 novit
2156 3218 2456 3286 despicere,
2471 3224 2525 3270 et
2540 3215 2609 3270 ad
2622 3222 2827 3271 aeterna
2842 3214 3049 3284 magnis
3065 3212 3347 3269 desideriis
3366 3213 3575 3269 anhela-

267 3306 499 3389 ciorum
526 3333 705 3395 crevi,
734 3330 859 3385 dum
883 3345 994 3383 non
1038 3343 1157 3384 esse
1188 3326 1369 3382 minor
1397 3324 1649 3380 laudibus
1677 3321 1877 3378 studui.
1906 3314 1957 3385 α
1984 3311 2204 3379 rc,dum
2220 3310 2404 3364 horret
2425 3308 2595 3364 teneri
2616 3307 2671 3362 in
2685 3322 2935 3377 corpore,
2948 3314 3001 3362 et
3015 3306 3181 3376 gemit
3198 3307 3252 3361 in
3267 3306 3575 3361 illateternae

270 3424 416 3484 Nam
443 3433 501 3481 et
544 3425 842 3481 electorum
879 3421 1295 3493 praedicatorum
1323 3434 1445 3475 mos
1468 3432 1589 3474 esse
1615 3416 1790 3480 solet,
1820 3421 1882 3468 ut

273 3518 406 3574 dum
437 3530 501 3573 se
528 3514 737 3570 laudari
762 3512 1129 3576 considerant,
1152 3511 1257 3565 hoc
1276 3508 1420 3578 quod
1448 3508 1516 3562 de
1543 3521 1604 3562 se
1632 3506 1762 3561 foris
1784 3520 1882 3559 au-

274 3609 471 3671 diunt,
499 3618 621 3659 esse
648 3603 851 3658 viribus
881 3599 1232 3658 contendant.
1262 3598 1330 3652 Et
1368 3597 1575 3652 idcirco
1604 3594 1883 3668 paululum

276 3701 465 3760 mellis
493 3713 555 3754 se
580 3698 841 3753 Jonathas
868 3695 1170 3752 comedisse
1193 3693 1382 3749 retulit
1422 3711 1436 3747 :
1465 3694 1593 3763 quia
1622 3705 1884 3760 arrogans

280 3794 485 3863 linguae
522 3788 741 3845 favores
781 3802 841 3843 so
882 3786 1137 3856 excipere
1183 3786 1409 3841 licenter
1450 3790 1606 3853 putat
1646 3782 1716 3837 ad
1762 3782 1884 3837 vitae

283 3886 618 3957 protectum,
650 3896 759 3938 non
789 3879 858 3935 ad
893 3878 1252 3935 intentionem
1278 3877 1548 3934 vanitatis.
1576 3875 1684 3932 Sed
1710 3876 1886 3932 omni-

284 3992 361 4032 no
388 3973 535 4030 aliud
561 3980 645 4029 est
672 3970 848 4027 laudis
873 3970 1143 4042 praconia
1172 3970 1415 4026 moribus
1437 3968 1721 4038 adaequare
1746 3980 1882 4023 cou-

289 4067 546 4135 tendere,
588 4065 732 4122 aliud
775 4064 963 4120 laudes
1006 4071 1301 4135 appetere,
1340 4071 1401 4119 ut
1448 4064 1501 4117 in
1533 4063 1723 4120 iisdem
1763 4063 1881 4117 lau-

284 4160 453 4217 dibus
475 4158 779 4230 profectum
798 4159 920 4214 vitae
947 4158 1119 4226 possit
1146 4156 1411 4213 invenire.
1443 4156 1655 4212 Laudes
1680 4156 1883 4227 quippe

284 4264 419 4309 suas
456 4251 699 4306 moribus
734 4262 1021 4320 exaquare
1047 4259 1336 4315 conantur,
1383 4249 1475 4318 qui
1522 4249 1667 4319 ipsas
1695 4247 1885 4303 laudes

286 4344 618 4415 despiciunt,
649 4343 744 4414 qui
778 4342 988 4398 laudari
1016 4341 1085 4396 ab
1126 4342 1441 4398 hominibus
1478 4354 1755 4410 nunquam
1783 4357 1882 4397 vo-

287 4438 431 4492 lunt.
464 4435 737 4502 Quantum
782 4440 930 4490 certe
972 4433 1029 4488 in
1058 4433 1139 4489 eis
1167 4440 1252 4489 est
1295 4432 1503 4488 laudari
1540 4432 1888 4488 vehementer

287 4530 587 4601 refugiunt,
617 4527 714 4585 sed
739 4528 865 4599 quia
893 4544 1003 4583 non
1033 4535 1259 4598 possunt
1296 4527 1517 4583 omnino
1555 4525 1791 4596 ellugere
1818 4541 1887 4581 ne

287 4624 604 4689 laudentur,
628 4631 893 4677 conantur
917 4632 1036 4676 esse
1064 4619 1211 4689 quod
1239 4617 1486 4673 audiunt.
1510 4617 1615 4674 Sed
1647 4617 1884 4688 quidam,

1982 3403 2107 3457 vitae
2132 3400 2317 3455 laetitia
2343 3399 2585 3455 nondum
2613 3413 2756 3465 esse,
2786 3397 2953 3453 frater
2981 3412 3132 3453 mens
3161 3411 3397 3452 maerens
3424 3404 3576 3451 recte

1983 3496 2312 3550 nominatur.
2336 3493 2525 3549 Frater
2544 3494 2780 3563 quidem,
2826 3493 2951 3561 quia
2974 3492 3174 3548 Christi
3211 3492 3450 3548 cobtcres
3468 3491 3578 3561 jam

1984 3602 2107 3646 esse
2136 3588 2321 3657 etrapit,
2354 3588 2418 3641 ad
2448 3586 2602 3657 cujus
2646 3585 3010 3641 beatissimam
3040 3584 3185 3640 illam
3215 3593 3379 3653 atque
3417 3583 3576 3638 laetis-

1984 3682 2177 3738 simam
2204 3679 2574 3735 hazreditatem
2613 3677 2742 3734 totis
2768 3676 3053 3733 desideriis
3090 3674 3410 3746 ingemiscit.
3441 3674 3576 3731 Mte-

1984 3787 2111 3828 rens
2140 3778 2319 3826 autem
2360 3769 2577 3837 dicitur,
2612 3776 2672 3824 ut
2698 3768 3058 3839 perfectorem
3099 3766 3275 3823 luctus
3303 3765 3578 3822 inenarra-

1983 3865 2108 3921 bilis
2135 3879 2255 3920 esse
2280 3863 2610 3934 designetur.
2640 3862 2873 3919 Munere
2900 3869 3083 3917 autem
3122 3876 3232 3917 non
3274 3860 3577 3930 quomodo~

1985 3956 2137 4023 libet,
2160 3956 2255 4012 sed
2284 3955 2733 4013 aifectuosissime
2760 3954 2894 4011 flere
2912 3962 3015 4012 est.
3030 3954 3167 4021 Quia
3187 3953 3327 4008 enim
3348 3952 3581 4023 Spiritus

1986 4049 2160 4104 sancti
2189 4048 2364 4117 gratia
2384 4046 2578 4117 repleti
2597 4054 2747 4112 sunt,
2774 4044 2841 4099 ad
2864 4044 3011 4098 illam
3034 4041 3255 4097 fletuum
3279 4043 3580 4099 ubertatem

1985 4150 2351 4213 pervenerunt
2378 4154 2541 4210 quam
2572 4138 2820 4207 egregius
2847 4134 3042 4191 doctor
3072 4133 3294 4196 asserit,
3349 4132 3536 4187 dicens
3561 4146 3578 4184 :

1988 4232 2114 4305 Ipse
2143 4242 2313 4287 autem
2337 4230 2567 4299 Spiritus
2597 4225 2825 4299 postulat
2845 4241 2939 4295 pro
2968 4222 3114 4278 nobis
3141 4219 3416 4290 gemitibus
3439 4221 3581 4274 iner~

1988 4327 2241 4381 rubillbus
2264 4324 2443 4397 (Rern.
2462 4336 2577 4384 vm,
2598 4318 2711 4389 36).
2732 4316 2962 4373 Mmrens
2987 4316 3150 4370 etiam
3178 4314 3345 4369 frater
3364 4313 3576 4381 dicitur,

1990 4421 2118 4491 quia
2172 4414 2525 4484 Redemptori
2581 4413 2636 4467 in
2689 4424 2883 4480 magna
2938 4409 3306 4465 familiaritate
3356 4408 3581 4480 perfecti

1989 4515 2189 4585 quique
2212 4506 2488 4579 conjuncti
2517 4515 2660 4562 sunt.
2690 4504 2863 4574 Quem
2893 4505 3038 4562 enim
3084 4504 3427 4575 singulariter
3472 4503 3581 4558 Re-

1991 4605 2241 4673 demptor
2263 4599 2454 4668 diligit,
2472 4613 2632 4667 quem
2652 4597 2910 4666 singulari
2940 4596 3199 4668 dignitate
3224 4596 3292 4651 ad
3307 4603 3581 4668 perpetua:

288 4715 455 4773 bonis
471 4715 706 4771 ostende
717 4713 991 4785 operibus,
1003 4688 1208 4767 ideirco
1228 4709 1435 4765 laudari
1460 4710 1665 4775 volunt,
1687 4717 1749 4763 ut
1769 4708 1886 4762 lau—

1992 4693 2319 4753 htereditatis
2347 4690 2741 4763 possessionem
2770 4690 2967 4756 nutrit,
2999 4705 3123 4745 cum
3159 4688 3324 4744 frater
3348 4689 3467 4758 ejus
3490 4703 3579 4741 as-

290 4808 409 4865 dati
436 4808 610 4877 majus
630 4804 997 4863 conscendant
1016 4804 1072 4858 in
1095 4817 1231 4875 opus
1250 4803 1483 4857 virtutis.
1506 4801 1620 4869 Qua
1645 4797 1889 4870 profecto

290 4898 735 4974 praesumptionis
764 4911 875 4953 sua
912 4894 1269 4949 aestimatione
1299 4893 1588 4955 falluntur,
1635 4890 1759 4960 quia
1799 4888 1891 4958 qui

296 4993 353 5047 in
384 4990 624 5045 minimis
651 4988 843 5044 laudes
867 4984 1094 5057 appetit,
1121 4999 1245 5038 cum
1264 4985 1471 5052 majora
1489 4998 1651 5053 opera
1682 4983 1890 5054 fecerit,

294 5082 585 5138 ardentius
612 5088 670 5136 et
696 5078 851 5134 valde
877 5075 1086 5131 avidius
1117 5073 1303 5130 laudes
1330 5072 1540 5143 quaerit.
1571 5071 1635 5125 Et
1663 5070 1892 5129 fortasse

294 5174 426 5231 ideo
450 5182 577 5245 post
603 5180 814 5244 patrem
840 5169 1100 5227 Jonathas
1126 5183 1236 5225 non
1262 5167 1441 5239 potuit
1485 5180 1733 5236 regnare,
1764 5166 1890 5237 quia

294 5266 425 5321 illos
450 5267 699 5335 signabat
724 5264 817 5335 qui
858 5263 987 5319 dum
1025 5278 1161 5317 vane
1198 5277 1257 5318 se
1285 5260 1551 5316 extollunt
1597 5274 1725 5314 vero
1753 5259 1889 5314 deti-

297 5359 477 5415 ciunt.
500 5357 719 5413 Addidit
738 5369 953 5425 quoque
979 5352 1372 5418 ratiocinando,
1401 5360 1454 5406 et
1480 5350 1611 5407 dicit
1639 5368 1650 5403 :
1685 5350 1890 5415 Quanto

298 5450 471 5521 magis
498 5450 545 5503 si
572 5447 875 5503 comedisset
904 5444 1121 5515 populus
1159 5442 1392 5513 prwdam
1415 5442 1741 5496 inimicorum
1766 5457 1890 5495 suo-

298 5560 449 5612 rum,
490 5561 659 5599 nonne
699 5541 869 5612 major
909 5542 1049 5611 facta
1079 5539 1258 5609 fuisse!
1286 5538 1445 5609 plaga
1482 5538 1536 5592 in
1568 5535 1891 5590 Philistiim?

302 5620 481 5692 Mollis
506 5635 783 5709 paululum
826 5633 881 5687 in
920 5630 1083 5698 virga
1107 5630 1417 5684 summitate
1442 5636 1682 5697 gustare,
1717 5634 1799 5683 est
1828 5625 1894 5681 de

304 5730 479 5799 318
528 5727 786 5785 dcctrine
841 5720 1088 5778 facundia
1152 5721 1599 5790 qualitercunqne
1653 5718 1890 5788 gloriari.

267 5819 556 5895 _Pr.edam
604 5836 737 5875 vero
784 5817 1123 5873 inimicorum
1172 5813 1489 5880 comedere,
1559 5819 1644 5867 cst
1687 5811 1898 5866 virtutis

300 5921 480 5981 opera
502 5927 596 5985 per
617 5909 937 5971 memoriam
957 5917 1223 5979 repetere,
1248 5913 1305 5962 et
1330 5902 1619 5962 recolendo
1639 5903 1894 5973 gaudere.

1992 4792 2211 4857 seritur,
2262 4785 2519 4857 singulari
2567 4799 2792 4840 numero
2838 4782 3159 4839 declaratur.
3211 4780 3365 4837 Unde
3414 4789 3471 4835 et
3513 4779 3581 4835 ad

1993 4883 2216 4956 Moysen
2257 4879 2411 4950 quasi
2456 4876 2783 4945 singularem
2811 4875 3040 4929 amicum
3070 4873 3198 4928 dicit
3227 4891 3240 4926 :
3271 4870 3409 4925 Novi
3442 4881 3488 4924 te
3513 4887 3580 4925 ex

1994 4977 2200 5033 contine
2230 4970 2425 5045 (Exod.
2461 4983 2658 5033 χχχιιι,
2691 4966 2803 5037 12).
2832 4964 2970 5019 Hinc
2995 4975 3078 5019 est
3105 4962 3249 5032 quod
3280 4962 3348 5017 de
3372 4960 3583 5017 Joanne

1995 5073 2053 5127 in
2082 5066 2372 5136 Evangelia
2400 5063 2594 5120 dicitur
2617 5081 2631 5115 :
2660 5061 2763 5142 Hic
2798 5069 2875 5116 est
2902 5058 3186 5130 discipulus
3211 5057 3299 5111 ille
3326 5070 3474 5128 quem
3498 5053 3581 5105 di-

1995 5166 2185 5237 ligebat
2212 5162 2364 5217 Iesus
2394 5160 2574 5230 (Jom.
2606 5172 2724 5225 χιι,
2756 5155 2870 5226 $0).
2901 5154 3003 5221 Qui
3032 5151 3176 5208 enim
3206 5164 3395 5205 omnes
3423 5146 3581 5237 disci-

1994 5236 2153 5330 polos
2197 5255 2353 5311 valde
2400 5252 2685 5323 diligebat,
2735 5249 2865 5305 dum
2910 5247 3053 5300 hunc
3098 5242 3319 5310 diligere
3362 5236 3578 5304 dicitur,

1994 5353 2163 5408 frater
2205 5350 2463 5419 singulari
2493 5361 2718 5403 nuner
2764 5344 3181 5399 demonstratur.
3229 5336 3291 5390 In
3318 5334 3405 5390 die
3434 5332 3524 5387 illa
3550 5346 3581 5386 a

1995 5444 2219 5515 Magmis
2249 5458 2418 5512 usque
2456 5442 2507 5494 in
2539 5439 2675 5493 Aion
2704 5435 3004 5491 Philistccos
3033 5436 3346 5497 arrogantes
3388 5440 3581 5495 percu-

1996 5536 2157 5599 tiunt,
2187 5531 2313 5603 quia
2344 5541 2402 5584 ut
2436 5530 2614 5585 lucem
2638 5526 2822 5595 glorise
2859 5520 3133 5581 saecularis
3157 5515 3443 5587 accipiant,
3471 5531 3581 5571 nou

1996 5627 2174 5683 solum
2218 5623 2458 5695 parvulis
2488 5634 2649 5691 parva
2680 5617 3005 5690 praedicant,
3054 5610 3150 5667 sed
3176 5610 3283 5666 alta
3308 5622 3431 5679 qua
3458 5623 3579 5678 per-

1996 5718 2250 5775 fectiores
2276 5721 2591 5786 agnoscant.
2624 5711 2690 5765 Et
2716 5710 2841 5780 quia
2863 5725 2985 5764 cum
3014 5706 3115 5764 sibi
3145 5720 3240 5775 per
3268 5700 3580 5758 intentionis

1997 5810 2402 5882 perversitatem
2434 5805 2630 5860 obsunt
2671 5801 2943 5859 nonnullis
2989 5800 3044 5855 in
3073 5797 3288 5853 Christo
3318 5792 3573 5866 parvulis,

1999 5905 2239 5976 pluribus
2267 5901 2427 5959 etiam
2468 5896 2875 5977 pcrfectioribus
2920 5901 3148 5965 prosunt
3192 5885 3498 5961 loquendo,
3542 5896 3574 5945 a
