4052 6338
476 412 579 469 583

2422 328 2473 365 ιέ

1697 398 1941 459 SANCTI
1982 350 2315 454 cnecomi
2350 350 2560 452 usus]
3664 401 3765 460 δεμ

471 530 699 602 Magmis
739 544 912 601 usque
939 528 996 584 in
1026 526 1162 583 Aion
1191 541 1301 583 non
1332 537 1605 597 pugnare,
1657 504 1753 577 sed
1782 527 2069 591 percutere
2103 519 2147 579 Α
2173 515 2371 571 tollunt
2398 515 2543 586 quod
2564 516 2759 586 aliquis
2786 524 2982 587 sponte
3012 532 3121 573 non
3153 517 3359 572 tribuit.
3391 517 3650 589 Sequitur
3677 539 3690 573 :

472 625 740 682 dicuntur.
766 624 1071 679 Philistaaos
1088 621 1304 692 quidem
1332 624 1639 689 percutere,
1654 623 1737 671 est
1757 615 2061 669 daemonum

472 716 710 781 insidias,
732 716 820 771 vel
842 715 1095 769 vitiorum
1118 710 1458 785 tyrannidem
1479 711 1547 764 ab
1569 709 1865 764 electorum
1895 706 2060 761 corde

471 810 756 883 perimere.
786 808 894 864 Sed
924 822 1065 878 saepe
1096 805 1221 861 elati
1249 805 1503 863 doctores
1532 802 1650 857 aliis
1696 818 1793 872 per
1834 800 2058 855 verbum

469 909 714 972 prosunt,
746 908 804 956 et
850 897 1096 971 ejusdem
1142 897 1295 953 verbi
1343 896 1529 951 laudes
1573 894 1747 949 nullas
1790 893 2061 963 accipiunt

469 1008 604 1064 quas
642 993 1052 1063 concupiscunt.
1086 988 1239 1044 Unde
1288 996 1343 1043 ct
1390 987 1701 1056 frequenter
1728 984 1959 1049 accidit,
2001 991 2062 1039 ut

469 1084 596 1139 dum
624 1082 832 1137 laudari
864 1088 921 1137 et
948 1080 1128 1135 etlerri
1156 1094 1214 1134 se
1236 1080 1399 1151 319
1425 1094 1535 1133 non
1570 1077 1940 1142 considerant,
1969 1090 2068 1131 ve-

468 1173 549 1230 lut
574 1174 781 1244 fatigati
822 1172 1031 1244 magnis
1060 1172 1337 1228 laboribus
1374 1171 1771 1227 obmutescunt.
1801 1167 1978 1235 Quare
2008 1177 2065 1225 et

468 1267 714 1322 subditur
743 1281 756 1319 :

544 1358 719 1429 (Vers.
751 1356 865 1427 5i.)
896 1355 1232 1428 Defatigatus
1261 1364 1339 1409 est
1367 1364 1539 1409 autem
1564 1353 1783 1426 populus
1811 1354 1987 1408 nimis.

542 1449 659 1506 Mos
687 1464 904 1520 quoque
929 1464 1047 1505 esse
1077 1450 1346 1504 elatorum
1366 1447 1506 1503 solet
1533 1454 1594 1501 ut
1619 1462 1743 1501 cum
1770 1447 1837 1501 ab
1867 1461 2055 1501 eorum

428 1602 431 1605 η
469 1540 714 1596 laudibus
742 1540 919 1609 lingua
941 1540 1115 1595 aliena
1139 1540 1280 1604 silet,
1315 1540 1599 1593 aestimatio
1620 1552 1719 1593 sua
1740 1552 1848 1591 non
1878 1536 2057 1592 sileat.

470 1636 789 1693 Tacentibus
816 1634 1031 1705 quidem
1061 1633 1179 1688 aliis
1220 1633 1478 1700 clamant,
1533 1631 1659 1701 quia
1687 1630 2061 1685 mstimationis

466 1746 576 1787 suae
599 1729 868 1800 praeconia
898 1729 950 1783 in
980 1729 1146 1784 corde
1174 1733 1413 1798 portant.
1445 1724 1593 1781 Bene
1617 1737 1746 1793 ergo
1774 1724 1842 1779 de
1866 1724 2061 1781 eodem

465 1824 666 1895 populo
692 1823 942 1879 subditur
971 1840 984 1876 :

537 1916 724 1989 (Vers.
771 1915 894 1986 '52.)
947 1913 1017 1968 Et
1054 1930 1226 1969 versus
1266 1911 1487 1984 populus
1534 1911 1604 1964 ad
1642 1911 1902 1982 prwdam,
1946 1910 2064 1965 tulit

464 2026 597 2075 oves,
624 2018 671 2062 et
702 2009 868 2073 boves,
893 1991 953 2060 et
972 2005 1177 2070 vitulos,
1209 2014 1258 2058 et
1286 2011 1574 2058 mactavere
1600 2004 1657 2057 in
1683 2010 1845 2072 terra,
1888 2019 2060 2058 come-

463 2101 637 2170 ditque
656 2099 875 2169 populus
904 2113 1017 2149 cum
1044 2097 1319 2167 sanguine.

538 2189 623 2243 59.
657 2188 797 2243 Oves
822 2187 1037 2257 quidem
1067 2186 1225 2250 tollit,
1254 2185 1346 2256 qui
1377 2185 1701 2241 innocentiae
1728 2200 1840 2241 suae
1869 2199 2060 2240 causas

466 2281 793 2351 multiplices
830 2281 896 2335 ad
921 2280 1219 2335 elationem
1262 2278 1473 2333 recolit.
1518 2278 1694 2335 Boves
1725 2278 1777 2332 in
1823 2278 2057 2348 praedam

464 2375 637 2436 tollit,
669 2372 889 2441 quando
922 2371 1135 2426 labores
1164 2370 1562 2441 praedicationis,
1605 2386 1714 2425 suae
1742 2371 1977 2438 cogitat,
2009 2378 2066 2426 et

464 2464 725 2537 quidquid
750 2464 868 2519 aliis
898 2464 1189 2533 loquendo,
1222 2463 1370 2518 velut
1399 2470 1599 2519 terram
1618 2463 1917 2518 excolendo
1938 2479 2064 2533 pro-

462 2558 614 2625 fecit,
647 2557 997 2612 memorando
1027 2563 1337 2611 coacervat.
1368 2556 1581 2611 Vitulos
1619 2555 1789 2622 tollit,
1824 2572 1947 2611 cum
1989 2556 2061 2611 de

462 2668 531 2707 eo
558 2650 833 2706 extollitur
858 2650 1005 2721 quod
1036 2650 1334 2720 compressi
1356 2657 1536 2705 motus
1560 2649 1794 2705 lascivia:
1820 2650 1888 2704 ad
1912 2652 2063 2705 men-1

465 2753 574 2801 tem
607 2743 955 2799 reducuntur.
989 2742 1126 2809 Quia
1156 2743 1301 2798 enim
1332 2742 1440 2797 duo
1470 2741 1525 2795 in
1571 2757 1765 2811 magna
1791 2742 2064 2811 justorum

461 2838 620 2893 laude
655 2844 922 2908 praecepta
965 2841 1126 2901 sunt;
1172 2834 1425 2891 videlicet
1453 2834 1711 2905 splendor
1756 2834 2058 2901 charitatis,

458 2947 583 2988 cum
612 2931 735 2985 luce
764 2930 892 2985 boni
921 2930 1131 2999 operis,
1166 2929 1297 2983 dum
1323 2928 1684 2983 aestimatione
1710 2942 1806 2982 sua
1832 2928 2062 2996 quisque

462 3035 726 3089 arrogans
753 3020 1047 3085 extollitur,
1082 3029 1137 3075 et
1162 3035 1322 3087 oves,
1352 3027 1408 3074 et
1434 3021 1631 3075 vitulos
1660 3020 1853 3075 tollere
1879 3020 2063 3089 perhi-

462 3116 641 3170 betur.
673 3112 813 3168 Oves
842 3114 1061 3183 quidem
1092 3114 1144 3167 in
1175 3114 1484 3168 innocentia
1513 3114 1777 3168 bonorum
1805 3128 2056 3183 operum,

466 3207 661 3261 vitulos
699 3221 831 3261 vero
872 3205 927 3259 in
967 3205 1389 3260 mortiﬁcatione
1436 3206 1798 3275 corporalium
1846 3206 2056 3275 passio-

463 3311 609 3354 num.
642 3298 845 3367 Quibus
875 3299 1124 3354 nimirum
1156 3299 1324 3354 boves
1353 3299 1579 3354 inseruit
1598 3341 1615 3367 ,
1657 3300 1785 3368 quia
1815 3298 2058 3369 perfecte

462 3408 569 3447 non
608 3393 905 3457 extollitur,
952 3392 1045 3461 qui
1091 3406 1151 3446 se
1200 3392 1473 3446 infirmum
1515 3398 1569 3446 et
1621 3380 1977 3461 impotentem
2010 3392 2063 3448 in

462 3494 617 3558 parte
647 3486 827 3555 aliqua
859 3484 1279 3554 contemplatur.
1315 3482 1540 3552 Magnus
1564 3484 1785 3552 quidem
1814 3484 1957 3553 apud
2003 3500 2063 3541 se

463 3576 572 3646 iam
602 3585 685 3631 est
713 3576 1072 3631 aestimatione
1099 3575 1371 3646 pudicitia:
1399 3583 1455 3629 et
1483 3574 1611 3630 boni
1640 3575 1848 3645 operis,
1880 3575 1978 3630 sed
2008 3574 2063 3629 in

464 3666 605 3721 fastu
634 3666 911 3736 amplioris
939 3667 1191 3721 elationis
1217 3681 1277 3721 se
1301 3666 1497 3733 elevat,
1523 3666 1650 3721 dum
1681 3666 1981 3736 perfectum
2004 3682 2064 3722 se

466 3759 657 3814 recolit
698 3759 751 3811 in
784 3758 972 3814 labore
999 3758 1418 3828 prmdicationis.

536 3848 643 3903 Sed
672 3850 788 3904 haec
817 3849 996 3904 omnia
1042 3848 1107 3902 ad
1136 3863 1297 3917 quem
1326 3848 1487 3902 finem
1525 3849 1905 3919 perducantur,
1936 3852 2064 3906 sub-

465 3952 756 4014 sequenter
780 3942 1086 4014 expositum
1118 3953 1203 3998 est
1231 3959 1244 3996 :
1278 3940 1349 3996 Et
1381 3951 1670 3998 mactavere
1714 3946 1770 3998 in
1814 3955 1969 4000 terra.
2002 3945 2060 4001 ln

466 4042 608 4090 terra
633 4050 782 4101 oves,
812 4043 869 4089 et
913 4035 1101 4100 boves,
1136 4042 1193 4089 et
1221 4034 1421 4089 vitulos
1448 4042 1710 4101 mactare,
1744 4045 1827 4091 est
1854 4037 1922 4092 de
1954 4038 2064 4092 vir-

464 4133 639 4181 tutum
665 4124 1019 4192 conscientia,
1070 4126 1177 4180 ima
1208 4134 1264 4181 et
1301 4124 1505 4180 carnali
1535 4124 1719 4180 lmtitia
1764 4126 2059 4183 exsultare.

468 4216 619 4273 Unde
648 4225 703 4273 et
725 4232 821 4287 per
846 4216 1041 4271 Oscam
1062 4216 1130 4271 de
1159 4216 1316 4271 elatis
1342 4225 1397 4272 et
1421 4217 1800 4286 arrogantibus
1819 4218 2017 4273 dicitur
2044 4237 2058 4273 :

469 4309 724 4365 Victimas
761 4309 1125 4381 demergebant
1154 4311 1211 4363 in
1259 4309 1576 4379 profundum
1606 4307 1754 4380 (Ose.
1787 4325 1843 4378 v,
1872 4309 1950 4380 2).
2001 4309 2059 4364 In

465 4400 791 4473 profundum
835 4401 1053 4470 quidem
1100 4401 1344 4456 victimas
1372 4408 1638 4471 mergunt,
1689 4400 1780 4471 qui
1812 4402 2063 4457 cmlestcs

467 4498 730 4579 virtutum
757 4497 961 4553 hostias
989 4514 1098 4553 non
1129 4498 1185 4552 in
1214 4498 1412 4553 cmlum
1439 4514 1536 4567 per
1564 4498 1861 4568 gratiarum
1890 4502 2060 4557 actio-

468 4605 602 4646 nem.
631 4590 941 4659 sublevant,
973 4591 1067 4646 sed
1100 4590 1168 4645 ad
1214 4600 1408 4645 terram
1449 4608 1547 4661 per
1575 4593 1876 4663 appetitum
1910 4612 2061 4651 vanae

467 4684 642 4743 laudis
672 4684 946 4740 inclinant.
984 4684 1139 4740 Unde
1164 4693 1219 4739 et
1245 4685 1385 4740 bene
1411 4685 1695 4740 subditur:
1730 4687 2061 4761 Comeditque

467 4776 687 4850 papulas
717 4792 832 4829 cum
863 4776 1136 4847 sanguine.
1170 4773 1362 4829 Mentis
1400 4775 1552 4830 cibus
1582 4775 1791 4831 interna
1820 4776 1935 4845 ejus
1964 4779 2059 4833 la:-

468 4870 584 4923 titia
610 4878 712 4924 est.
741 4866 879 4935 Quid
910 4876 994 4922 est
1021 4880 1151 4935 ergo
1173 4865 1460 4922 comedere
1490 4883 1613 4922 cum
1644 4868 1924 4936 sanguine,
1956 4869 2060 4925 nisi

471 4961 537 5015 ab
568 4962 779 5017 interno
806 4959 1050 5032 appetitu
1096 4959 1291 5015 mentis
1318 4960 1673 5015 intentionem
1703 4961 1826 5015 vani
1861 4961 2061 5018 favoris

472 5068 812 5122 nequaquam
837 5054 1160 5109 removere?
1188 5050 1349 5107 Velut
1377 5053 1521 5107 enim
1548 5053 1766 5122 sanguis
1788 5052 2062 5125 abjicitur,

471 5162 592 5201 cum
614 5160 766 5200 mens
792 5162 821 5201 a
844 5146 1036 5215 gaudio
1065 5145 1194 5201 boni
1217 5146 1398 5216 operis
1429 5147 1788 5203 intentionem
1820 5160 2066 5204 removet

472 5240 744 5295 vanitatis.
767 5237 1085 5311 Hujusmodi
1112 5241 1255 5295 enim
1277 5256 1432 5297 mens
1457 5243 1626 5298 lmtari
1650 5244 1703 5297 in
1733 5243 1874 5298 bono
1900 5259 2066 5313 opere

471 5334 641 5398 novit,
672 5334 797 5403 quia
827 5334 1263 5404 appropinquare
1282 5334 1594 5390 coelestibus
1618 5349 1718 5405 per
1737 5349 1901 5404 opera
1926 5334 2067 5389 bona

473 5424 703 5491 gaudet,
736 5440 855 5494 quae
900 5426 954 5480 in
1009 5426 1209 5482 eisdem
1239 5428 1496 5499 operibus
1543 5428 1711 5483 videri
1750 5428 1816 5482 ad
1847 5437 2067 5499 tempus

472 5516 687 5585 refugit.
720 5517 854 5570 Cum
895 5520 1157 5587 sanguine
1199 5535 1328 5591 ergo
1359 5522 1665 5589 comedere,
1695 5530 1778 5577 est
1807 5521 2061 5591 gaudium

473 5609 604 5665 boni
646 5612 825 5679 operis
853 5626 1068 5668 sumere
1096 5617 1418 5683 permixtum
1448 5616 1698 5671 vanitatis
1738 5616 2055 5671 intentione.

476 5703 629 5772 Quod
658 5704 909 5759 nimirum
939 5721 1063 5762 cum
1112 5710 1179 5765 ab
1205 5711 1323 5766 aliis
1354 5711 1600 5777 offertur,
1647 5710 1805 5767 elatis
1832 5712 2061 5781 simplex

474 5799 626 5854 cibus
651 5808 768 5866 est;
799 5816 924 5855 cum
950 5816 1081 5857 vero
1110 5806 1271 5862 nullis
1300 5808 1674 5875 laudantibus,
1727 5808 2060 5864 conscientia

473 5892 833 5963 superborum
860 5894 1189 5966 intumescit,
1220 5902 1371 5971 quasi
1404 5917 1501 5973 per
1527 5902 1765 5973 praedam
1792 5904 2060 5961 violenter

2243 606 2430 679 (Vers.
2446 608 2537 676 55,
2554 608 2669 681 54.)
2688 608 2744 664 Ν
2747 612 3009 667 untiauere
3031 619 3198 665 autem
3218 611 3348 666 Saul
3373 611 3600 668 dicentes
3627 617 3761 681 quod

2167 700 2383 773 papulas
2429 710 2664 772 peccaret
2711 702 2964 770 Domino,
3014 706 3285 761 comedens
3331 723 3446 760 cum
3490 711 3763 779 sanguine.

2170 794 2271 859 Qui
2311 795 2404 860 ait,
2430 796 2757 866 prwvaricati
2797 798 2942 852 estis.
2994 797 3194 853 Volvite
3236 800 3304 852 ad
3340 817 3423 853 me
3441 801 3558 871 jam
3583 819 3767 856 saxum

2168 886 2386 956 grande.
2420 885 2494 940 Et
2522 887 2657 941 dixit
2679 888 2812 943 Saul
2837 904 2856 942 :
2886 888 3260 962 Dispergimini
3279 893 3337 945 in
3364 891 3569 964 vulgus,
3602 903 3651 947 et
3682 895 3766 947 di—

2165 975 2266 1030 cite
2290 976 2363 1029 eis
2383 983 2439 1029 ut
2460 975 2684 1030 adducat
2704 980 3049 1051 unusquisque
3069 979 3245 1035 bovem
3265 997 3434 1047 suum,
3453 991 3503 1036 et
3531 984 3768 1048 arietem,

2165 1075 2217 1121 et
2260 1068 2477 1122 occidite
2505 1085 2660 1137 super
2696 1069 2855 1124 istum
2893 1071 3146 1142 lapidem,
3191 1082 3243 1128 et
3270 1075 3555 1143 vescimini,
3588 1086 3637 1130 et
3665 1093 3771 1132 non

2165 1158 2444 1230 peccabitis
2474 1159 2702 1215 Domino
2730 1177 2849 1217 cum
2874 1164 3131 1233 sanguine
3158 1164 3501 1221 comedentes.

2237 1274 2326 1329 40.
2370 1273 2795 1333 Praedicatorum
2824 1286 3027 1334 sancta:
3072 1278 3326 1336 Ecclesia:
3354 1282 3637 1354 proprium
3663 1293 3769 1355 est,

2164 1382 2222 1431 et
2246 1382 2585 1445 perpetratas
2612 1376 2796 1447 culpas
2840 1378 3271 1449 reprehendere,
3303 1388 3359 1434 et
3403 1381 3638 1451 qualiter
3673 1396 3764 1438 re-

2168 1468 2450 1540 prehensae
2488 1468 2647 1523 vitari
2704 1469 2973 1536 debeant,
3022 1472 3772 1544 monstrare.vReprebenm

2168 1563 2386 1633 quidem
2412 1563 2778 1631 innotescunt,
2805 1564 2900 1620 sed
2927 1564 2973 1620 si
2993 1564 3153 1620 vitari
3183 1567 3517 1633 nesciantur,
3541 1576 3774 1625 ostensa

2167 1663 2506 1726 repetuntur.
2539 1654 2679 1723 Quid
2710 1656 2765 1711 in
2794 1656 2897 1712 hac
2939 1657 3217 1726 sanguinis
3261 1659 3621 1729 comestione,
3671 1660 3774 1716 nisi

2168 1744 2347 1801 latens
2368 1745 2617 1800 elationis
2640 1746 2791 1800 virus
2811 1745 3151 1802 ostenditur?
3172 1746 3418 1803 Latentia
3440 1757 3623 1804 autem
3646 1749 3774 1805 vitia

2094 1856 2142 1915 Β
2170 1836 2275 1892 nisi
2304 1837 2550 1907 exposita
2594 1852 2705 1892 non
2746 1844 3022 1893 curantur.
3056 1835 3129 1892 Ut
3174 1853 3303 1908 ergo
3353 1839 3773 1909 praedicatorum

2173 1942 2355 1983 mores
2384 1928 2547 1999 320
2570 1928 2825 1994 insinuet,
2849 1927 2979 1983 Saul
3004 1929 3154 1999 prius
3174 1930 3585 2000 praevaricatum
3611 1929 3775 1987 fuisse

2170 2021 2431 2093 populum
2461 2021 2680 2088 asserit,
2725 2021 3005 2077 deindein
3036 2022 3213 2093 lapide
3257 2024 3428 2080 occidi
3459 2040 3583 2095 quae
3627 2040 3776 2079 man-

2169 2114 2371 2171 ducent
2414 2114 2663 2169 animalia
2704 2114 2961 2185 praacipit.
2989 2114 3099 2172 Sed
3127 2132 3349 2183 saxum,
3378 2117 3494 2172 sive
3533 2115 3771 2187 lapidem

2169 2206 2444 2271 novimus,
2478 2205 2602 2275 quia
2642 2206 2785 2261 hunc
2811 2204 3012 2261 Paulus
3043 2207 3310 2275 ostendit,
3342 2208 3531 2263 dicens
3560 2227 3575 2262 :
3614 2207 3773 2263 Petra

2170 2304 2341 2349 autem
2361 2304 2472 2349 erat
2502 2294 2738 2350 Christus
2768 2296 2821 2369 (I
2844 2294 2965 2351 Cor.
2990 2314 3044 2363 x,
3075 2297 3155 2367 4).
3188 2297 3348 2369 Lapis
3373 2314 3506 2353 vero
3536 2298 3605 2353 ad
3631 2314 3771 2368 prte-

2172 2389 2469 2445 dicatorem
2527 2389 2803 2457 volvitur,
2857 2404 2981 2445 cum
3037 2405 3221 2445 coram
3274 2405 3341 2445 eo
3391 2389 3773 2460 Redemptoris

2170 2480 2419 2551 exempla
2450 2487 2838 2535 memorantur.
2886 2479 3111 2537 Devolvi
3155 2481 3320 2536 etiam
3362 2480 3584 2549 dicitur,
3614 2488 3677 2536 ut
3703 2496 3771 2537 ex

2171 2572 2319 2628 omni
2365 2579 2521 2641 parte
2547 2572 2815 2627 videatur.
2844 2570 3077 2629 Grandis
3100 2588 3233 2629 vero
3272 2573 3449 2630 dictus
3478 2582 3601 2641 est,
3644 2574 3771 2645 quia

2172 2679 2267 2735 per
2295 2664 2576 2719 Danielem
2618 2679 2869 2720 crescere
2911 2666 3247 2737 perhibetur,
3289 2675 3345 2722 et
3374 2682 3594 2723 omnem
3627 2667 3772 2723 orbis

2174 2754 2364 2811 faciem
2394 2756 2620 2826 implere
2673 2757 2838 2827 (Dan.
2882 2757 2965 2829 ιι).
3015 2758 3133 2815 Νοη
3163 2775 3293 2831 ergo
3340 2760 3772 2831 quomodolibet,

2170 2854 2263 2908 sed
2290 2854 2357 2907 ab
2378 2862 2611 2922 utroque
2638 2854 2811 2909 latere
2837 2853 3115 2910 revolutus
3140 2855 3417 2926 aspicitur,
3442 2863 3502 2910 ut
3526 2857 3598 2910 ab
3621 2870 3771 2909 arro-

2168 2949 2421 3020 gantibus
2444 2949 2810 3019 conspiciatur
2836 2948 3000 3015 Deus,
3033 2956 3091 3004 et
3116 2964 3303 3005 eorum
3330 2950 3641 3018 arrogantia
3670 2948 3769 3005 de-

2168 3042 2452 3112 priutatur.
2484 3039 2676 3094 Videat
2705 3054 2836 3109 ergo
2877 3054 3138 3111 arrogans
3165 3055 3326 3111 quam
3355 3048 3552 3109 potens
3578 3040 3631 3094 in
3655 3041 3769 3096 vir-

2168 3140 2284 3188 tute
2304 3175 2317 3199 ,
2354 3147 2517 3202 quam
2547 3132 2791 3187 sublimis
2837 3132 2892 3187 in
2924 3132 3227 3203 majestate,
3279 3147 3441 3202 quam
3470 3132 3689 3187 humilis
3717 3132 3772 3192 in

2170 3227 2382 3307 virtute,
2410 3226 2743 3296 Redemptor
2771 3236 2954 3283 noster
2980 3228 3248 3299 apparuit.
3288 3227 3423 3282 Nam
3447 3244 3626 3287 caecos
3655 3229 3768 3283 illu-

2168 3322 2411 3387 minans,
2453 3335 2624 3390 azgros
2671 3336 2871 3377 sanans
2912 3320 3130 3393 (Matth.
3171 3320 3271 3393 Ix),
3313 3324 3667 3393 praecipiebat
3712 3330 3769 3378 ut

2166 3411 2312 3480 quod
2362 3420 2616 3481 potenter
2646 3413 2849 3481 egisset
2890 3413 3094 3467 nemini
3142 3412 3433 3469 diceretur.
3479 3414 3542 3468 In
3588 3423 3769 3470 monte

2166 3503 2528 3572 resplenduit,
2552 3502 2772 3559 Patrem
2800 3504 3165 3560 testimonium
3193 3520 3303 3561 sua:
3326 3506 3619 3561 divinitatis
3637 3520 3764 3576 pro-

2169 3594 2336 3659 duxit,
2387 3603 2443 3649 et
2488 3606 2670 3651 tamen
2703 3596 2978 3666 discipulis
3007 3597 3083 3651 ait
3116 3614 3129 3651 :
3162 3595 3377 3651 Nemini
3420 3597 3660 3653 dixeritis
3688 3602 3765 3653 ai-

2165 3687 2363 3739 sionem
2393 3686 2527 3740 hanc
2544 3729 2561 3755 ,
2594 3688 2755 3741 donec
2780 3686 2952 3741 Filius
2973 3688 3196 3743 hominis
3224 3705 3256 3741 a
3284 3690 3503 3743 mortuis
3528 3698 3767 3757 resurgat

2168 3774 2387 3846 (Matth.
2422 3792 2554 3841 xvu,
2586 3774 2664 3846 9).
2697 3775 2762 3830 Et
2798 3777 3032 3833 fortasse
3075 3778 3278 3834 idcirco
3308 3788 3626 3847 resurgente
3658 3778 3766 3848 jam

2167 3867 2417 3936 Domino,
2451 3869 2519 3923 ad
2548 3879 2960 3925 monumentum
2990 3870 3215 3940 angelus
3254 3870 3537 3941 apparuit,
3582 3871 3677 3940 qui
3704 3870 3767 3925 ab

2167 3958 2285 4029 ejus
2304 3960 2445 4015 ostio
2467 3960 2704 4030 lapidem
2726 3960 2976 4015 revolvit.
3004 3960 3156 4016 Tunc
3178 3962 3381 4032 quippe
3412 3961 3767 4017 revolvendus

2168 4060 2287 4107 erat
2314 4052 2469 4122 lapis,
2502 4054 2626 4122 quia
2654 4052 2901 4111 Christus
2929 4068 3092 4109 verus
3120 4052 3283 4109 homo
3314 4063 3369 4110 et
3399 4063 3595 4125 potens
3632 4053 3769 4109 Deus

2169 4150 2296 4215 post
2320 4145 2734 4199 resurrectionis
2753 4146 2979 4214 gloriam
3001 4152 3118 4200 erat
3138 4144 3535 4215 agnoscendus.
3562 4144 3622 4201 Si
3643 4159 3766 4214 ergo

2171 4250 2334 4290 unam
2362 4243 2570 4305 partem
2601 4236 2792 4306 lapidis
2820 4237 3033 4307 aspexit
3063 4238 3261 4303 elatus,
3291 4238 3476 4293 volvat
3515 4237 3766 4309 lapidem,

2170 4334 2227 4382 et
2253 4327 2412 4381 aliam
2444 4325 2645 4381 videat.
2679 4327 2797 4383 Non
2824 4330 3275 4400 qualitercunque
3299 4330 3537 4399 lapidem
3566 4330 3764 4396 videat,

2170 4420 2297 4491 quia
2320 4436 2429 4476 non
2453 4429 2539 4475 est
2560 4428 2804 4476 mortuus
2829 4420 3097 4486 Christus,
3122 4423 3219 4479 sed
3246 4423 3551 4478 revolutum
3573 4424 3641 4479 ab
3667 4440 3763 4478 an-

2170 4512 2313 4582 gelo,
2344 4512 2471 4582 quia
2492 4528 2522 4566 a
2548 4513 2777 4568 mortuis
2802 4516 3121 4569 resurrexit.
3151 4513 3397 4584 Aspiciat
3421 4530 3552 4585 ergo
3580 4514 3765 4569 facun-

2170 4604 2312 4659 diam
2344 4606 2747 4674 prmdicationis
2776 4607 2923 4675 hinc,
2953 4615 3010 4663 et
3036 4608 3239 4675 volvat,
3285 4616 3342 4663 et
3368 4608 3600 4662 miretur
3623 4607 3763 4661 illinc

2169 4700 2516 4769 splendorem
2543 4702 2884 4756 humilitatis.
2918 4701 3113 4757 Videat
3154 4703 3431 4773 signorum
3462 4702 3762 4773 potentiam

2168 4793 2316 4860 hinc,
2331 4802 2385 4848 et
2411 4794 2535 4849 inde
2554 4794 2734 4850 videat
2760 4796 2887 4864 quia
2915 4797 3007 4864 qui
3034 4796 3248 4851 virtutis
3277 4796 3522 4866 potentia
3552 4795 3761 4860 claruit,

2170 4891 2416 4946 eamdem
2447 4891 2705 4946 virtutem
2752 4898 3026 4961 praecepto
3064 4891 3262 4946 silentii
3309 4889 3621 4947 occultavit.
3661 4890 3762 4946 Sed

2170 4982 2298 5037 dum
2344 4982 2493 5037 videt
2538 4990 2749 5052 partem
2794 4982 3089 5047 humilem,
3136 4982 3311 5036 videat
3358 4990 3414 5035 et
3457 4981 3760 5036 sublimem.

2173 5074 2313 5129 Ecce
2341 5074 2558 5128 humilis
2588 5090 2716 5144 pars
2742 5074 2935 5144 lapidis
2959 5074 3217 5138 cernitur,
3248 5073 3371 5141 quia
3393 5073 3553 5129 dicit:
3580 5074 3763 5128 Humi-

2170 5166 2312 5220 liavit
2361 5167 2722 5237 semetipsum,
2776 5167 2945 5236 factus
2976 5163 3215 5220 obediens
3254 5181 3412 5236 usque
3451 5165 3523 5218 ad
3552 5176 3762 5221 mortem

2172 5255 2395 5327 (Philip.
2438 5274 2506 5321 ιι,
2539 5258 2616 5326 8).
2650 5256 2757 5312 Sed
2795 5259 2837 5311 si
2887 5257 2988 5311 ista
3020 5272 3146 5327 pars
3181 5256 3438 5322 volvitur,
3470 5257 3645 5312 altera
3683 5274 3760 5311 re-

2173 5350 2403 5413 velatur,
2421 5350 2544 5418 quia
2567 5349 2684 5418 subj
2694 5350 2908 5416 ungitur
2925 5366 2937 5402 :
2957 5347 3180 5419 Propter
3199 5348 3336 5416 quod
3354 5346 3497 5402 Deus
3520 5349 3759 5402 exultavit

2167 5440 2399 5508 illum,et
2420 5441 2627 5496 donavit
2644 5441 2723 5495 iili
2742 5455 2929 5494 nomen
2952 5439 3085 5512 quod
3114 5448 3191 5493 est
3213 5456 3368 5510 super
3388 5456 3541 5494 omne
3553 5456 3754 5494 nomen.

2169 5533 2250 5587 Ad
2279 5533 2685 5603 praedicatorem
2706 5544 2836 5599 ergo
2861 5531 3090 5603 lapidem
3120 5530 3408 5594 volvimus,
3433 5545 3559 5584 cum
3582 5542 3758 5584 coram

2166 5628 2284 5699 ipso
2319 5625 2694 5695 Redemptoris
2730 5626 2905 5680 nostri
2946 5625 3272 5697 potentiam,
3314 5635 3371 5679 et
3403 5624 3756 5679 humilitatem

2165 5734 2552 5784 memoramus;
2578 5734 2699 5774 cum
2727 5719 2855 5773 etin
2877 5718 3129 5790 operibus
3158 5733 3280 5774 eum
3301 5716 3630 5772 attendimus
3658 5716 3756 5770 hu-

2164 5813 2369 5880 milem,
2392 5822 2448 5867 et
2476 5828 2542 5869 ex
2564 5813 2869 5869 humilitate
2890 5814 2941 5869 in
2962 5812 3099 5868 cwlo
3119 5812 3425 5868 sublimem.
3443 5811 3501 5867 ln
3520 5812 3624 5868 hoc
3639 5810 3752 5882 qui~

2166 5907 2285 5963 dent
2308 5907 2487 5979 lapide
2505 5908 2625 5975 bos,
2657 5915 2715 5965 et
2744 5909 2884 5967 aries
2909 5908 3206 5976 occidatur,
3231 5914 3292 5965 ut
3319 5908 3376 5964 in
3404 5908 3557 5965 omni
3583 5908 3749 5963 bomt'
