4052 6338
265 348 365 413 585
1102 346 1168 404 IN
1206 344 1475 406 PRIMUM
1515 338 1755 402 RECUM
1795 336 2308 398 EXPOSITIONES.
2347 368 2419 381 —
2454 339 2586 397 LIB.
2628 337 2693 396 ν.

3434 341 3540 398 586

265 485 391 528 num
416 479 615 538 genere
644 457 892 520 elationis
918 461 1110 519 vitium
1153 463 1352 520 Christi
1388 462 1844 533 contemplatione
1870 458 1921 519 Α
1949 456 2217 527 copiosius
2258 456 2445 527 incipit
2479 470 2578 526 pro
2606 454 2865 511 dilatione
2910 451 3192 510 mercedis.
3237 450 3371 519 Quia
3415 468 3546 524 ergo

265 570 549 620 mactetur.
575 558 652 615 Ibi
678 559 879 631 quippe
906 558 1083 623 omnis
1111 559 1329 629 sanguis
1356 557 1677 623 edunditur,
1720 554 1846 625 quia

264 656 353 727 qui
380 652 631 724 exemplo
657 651 855 709 Christi
901 652 1205 720 instruitur,
1233 667 1428 722 magna
1456 653 1599 720 agit,
1642 648 1736 705 sed
1780 648 1848 703 de

264 748 367 803 illis
394 745 601 815 magnis
625 744 879 814 operibus
903 760 963 800 se
990 759 1099 800 non
1116 743 1345 799 extollit.
1370 741 1616 802 Pascitur
1630 739 1849 811 quidem

264 839 447 895 lmtitia
494 837 625 893 boni
666 837 863 907 operis,
912 837 1008 894 sed
1046 851 1154 892 non
1199 843 1512 892 cruentatur
1554 834 1706 890 cibus
1733 831 1850 901 ejus

264 933 527 1001 sanguine
550 946 701 986 vanae
727 930 919 987 laudis.
952 929 1087 984 Nam
1116 930 1251 1000 lapis
1284 930 1373 984 ille
1406 929 1451 984 si
1478 929 1530 983 in
1557 928 1736 984 verbis
1757 942 1847 982 rc-

1948 548 2121 619 prima
2169 549 2467 603 electorum
2517 548 2865 617 compunctio
2911 561 2980 601 ex
3024 546 3219 601 timore
3266 544 3544 612 nascitur,

1949 638 2077 693 dum
2124 653 2225 709 per
2269 646 2454 711 typum
2502 639 2643 708 regis
2689 648 2747 694 et
2791 638 3017 709 populi,
3065 636 3449 709 praedicatores
3493 644 3553 694 et

1949 745 2124 801 nuper
2150 731 2401 787 conversi
2428 731 2628 787 subditi
2655 732 3023 801 designantur,
3072 732 3243 786 altare
3273 739 3404 786 tunc
3436 731 3553 800 pri-

1951 837 2100 876 mum
2129 821 2257 877 Saul
2283 822 2576 880 aediﬁcasse
2621 824 2835 879 dicitur.
2886 822 2993 878 Sed
3021 837 3089 878 ex
3117 822 3344 878 aliorum
3374 822 3556 893 profe-

1953 922 2047 970 ctu
2075 930 2218 986 saepe
2266 917 2459 972 doctor
2487 916 2555 971 ad
2584 917 2809 971 aliorum
2840 916 2992 972 lucra
3021 914 3401 987 consequentia
3429 930 3556 971 suc-
3636 952 3639 953 ν

266 1029 519 1093 volvitur,
545 1025 675 1080 dicit
700 1043 715 1078 :
750 1025 811 1080 Si
839 1042 995 1094 opera
1025 1040 1129 1079 non
1156 1025 1389 1095 fecissem
1412 1025 1467 1078 in
1487 1024 1584 1091 eis,
1616 1039 1733 1095 qua:
1753 1038 1850 1076 ne-

1982 1005 2222 1059 .enditur.
2252 1004 2406 1061 Unde
2435 1015 2491 1061 et
2518 1006 2764 1062 subditur
2788 1025 2802 1060 :
3623 1007 3640 1063 ἦ

265 1137 343 1173 mo
374 1120 510 1173 alius
540 1118 683 1188 fecit,
712 1124 975 1187 peccatum
1002 1132 1109 1171 non
1137 1117 1383 1170 haberent
1412 1114 1593 1200 (loan.
1616 1130 1707 1181 xv,
1733 1113 1849 1186 24).

264 1210 375 1264 Sed
422 1209 549 1279 quia
595 1207 660 1263 de
705 1208 886 1263 verbis
924 1223 1034 1263 non
1072 1208 1294 1273 tumuit,
1331 1208 1556 1262 volvens
1584 1201 1692 1273 se,
1737 1206 1849 1260 ait:

2029 1098 2210 1163 (Vers.
2256 1098 2372 1168 56.)
2410 1097 2481 1152 Et
2528 1099 2660 1153 dixit
2708 1098 2881 1154 Saul:
2907 1098 3178 1154 Irruamus
3206 1115 3360 1170 super
3389 1096 3560 1153 Phili-

1954 1190 2097 1244 stiim
2124 1199 2293 1254 nocte,
2323 1199 2373 1244 et
2394 1200 2647 1245 vastemus
2670 1208 2786 1245 eum
2807 1208 3065 1263 usquequo
3091 1192 3356 1246 illucescat
3384 1206 3559 1255 mane,

264 1301 376 1372 Ego
403 1316 509 1356 non
547 1314 721 1371 qua-ro
749 1300 970 1371 gloriam
1011 1317 1178 1355 meam
1223 1298 1403 1371 (Joan.
1426 1316 1551 1368 vut,
1584 1297 1696 1371 50).
1748 1298 1856 1356 Bos
1957 1290 2007 1334 ετ
2034 1297 2138 1335 ηοη
2161 1282 2513 1352 "linquamus
2542 1283 2609 1341 άθ
2632 1282 2706 1337 θίδ
2734 1284 2921 1339 virum-

265 1407 394 1462 crgo
437 1400 495 1447 et
521 1391 661 1446 aries
701 1392 756 1446 in
805 1391 984 1461 lapide
1026 1392 1313 1457 occiditur,
1342 1392 1557 1463 quando
1601 1391 1855 1463 exemplo

268 1480 643 1551 Redemptoris
692 1481 868 1537 omnis
920 1491 1147 1537 cornuta
1214 1483 1378 1538 elatio
1436 1484 1855 1551 condemnatur;

266 1573 483 1641 quando
521 1573 731 1629 electus
759 1573 1004 1643 quilibet,
1038 1582 1095 1630 et
1121 1576 1259 1630 bene
1288 1574 1416 1643 agit,
1442 1582 1497 1630 et
1526 1576 1727 1646 optime
1755 1575 1859 1631 do-

267 1671 384 1731 cet,
412 1663 508 1718 sed
554 1678 657 1720 nec
682 1663 791 1718 vita
831 1679 955 1720 eum
1001 1664 1160 1733 erigit
1204 1666 1444 1735 propria,
1478 1680 1583 1721 nec
1626 1665 1859 1721 eruditio

2028 1375 2119 1431 42.
2159 1374 2277 1430 Hoc
2323 1391 2488 1447 supra
2526 1378 2658 1432 satis
2706 1378 3014 1448 expositum
3053 1386 3156 1445 est,
3200 1378 3296 1434 sed
3341 1378 3465 1448 quia
3509 1376 3566 1435 in

1958 1473 2143 1533 nocte,
2173 1482 2452 1537 usquequo
2480 1467 2761 1524 illucescat
2784 1468 2920 1535 dies,
2952 1479 3234 1540 percutere
3265 1470 3567 1525 Pbilistaeos

1962 1556 2189 1627 appetit,
2235 1558 2339 1613 hoc
2373 1562 2618 1629 profecto
2650 1559 2905 1629 insinuat,
2938 1561 3065 1630 quia
3111 1577 3181 1616 ne
3225 1561 3279 1615 in
3330 1562 3569 1616 futurum

1966 1664 2170 1705 nocere
2216 1649 2488 1706 daemones
2534 1652 2786 1721 possint,
2835 1669 2865 1707 a
2919 1653 3173 1709 cordibus
3221 1661 3570 1723 peccatorum

266 1756 465 1812 aliena.
510 1757 570 1813 In
598 1759 767 1814 ariete
805 1757 1003 1830 quippe
1043 1760 1211 1814 robur
1260 1760 1493 1832 propriae
1540 1760 1863 1816 innocentia:
1887 1753 1939 1826 ιτ
1966 1737 2460 1832 Ψοάομβξβθηθηάί
2490 1749 2546 1795 ei
2574 1741 2874 1811 Perimendi
2902 1751 3046 1797 δυηί·
3077 1742 3197 1821 NE“
3219 1742 3436 1811 quidem
3460 1744 3572 1801 Vita

266 1850 605 1919 exprimitur,
658 1851 711 1905 in
757 1851 897 1907 bove
923 1859 1101 1907 autem
1131 1852 1303 1917 labor,
1352 1859 1407 1907 et
1436 1850 1694 1907 fortitudo
1721 1867 1861 1922 prae-

266 1939 578 1997 dicationis.
607 1940 707 2008 Qui
754 1943 808 1996 in
850 1951 1004 2013 petra
1034 1943 1385 2010 occiduntur;
1437 1952 1497 1998 ut
1529 1945 1609 1999 sic
1635 1946 1861 2000 electam

269 2040 510 2088 mentem
538 2032 824 2102 gaudendo
850 2033 1113 2099 reﬁciant,
1133 2042 1193 2089 ut
1219 2036 1267 2090 ei
1296 2035 1522 2090 mixtum
1545 2036 1599 2089 in
1620 2050 1679 2091 se
1708 2049 1867 2091 cruo-

1968 1828 2086 1885 haec
2116 1830 2331 1899 dicitur,
2359 1846 2479 1887 cum
2506 1839 2720 1887 aeterna:
2749 1842 3113 1903 comparatur.
3144 1834 3276 1888 Nam
3306 1835 3400 1905 qui
3428 1834 3574 1892 illam
3611 1861 3615 1865 η

1969 1920 2134 1975 vitam
2164 1923 2521 1993 contemplari
2541 1924 2702 1993 digne
2727 1924 2982 1994 potuerit,
3008 1925 3149 1979 illius
3169 1926 3578 1995 comparatione

1975 2013 2235 2084 quidquid
2266 2014 2355 2069 hic
2382 2014 2619 2070 lucidum
2649 2016 2908 2082 cernitur,
2935 2015 3111 2071 noctis
3131 2015 3428 2071 obscuritas
3459 2030 3579 2071 esse

268 2136 393 2178 rem
422 2125 670 2180 carnibus
701 2141 810 2181 non
854 2126 1190 2196 impendam.
1244 2124 1359 2182 Hoc
1397 2127 1616 2197 quidem
1662 2129 1867 2184 electus
1968 2104 2262 2175 judicatur.
2296 2106 2570 2162 lllucescit
2608 2115 2789 2162 autem
2816 2107 2931 2162 dies
2959 2106 3072 2172 illa,
3104 2106 3320 2176 quando
3366 2107 3423 2162 in
3473 2106 3580 2163 ﬁne

267 2212 597 2281 praedicator
625 2231 735 2271 non
760 2216 938 2271 solum
969 2217 1228 2286 loquitur,
1251 2218 1345 2273 sed
1369 2220 1531 2274 etiam
1556 2221 1864 2290 persuadet.

270 2302 432 2361 Unde
458 2316 513 2362 et
542 2307 786 2363 subditur
812 2326 827 2362 :

341 2397 524 2467 (Vers.
551 2398 665 2471 54.)
696 2400 927 2455 Adduxit
955 2403 1129 2473 itaque
1154 2404 1375 2475 populus
1403 2407 1751 2478 unusquisque
1779 2405 1870 2461 bo-

263 2507 384 2545 vem
413 2491 469 2544 in
498 2508 657 2544 manu
682 2508 797 2559 sua,
824 2509 985 2564 usque
1010 2493 1080 2546 ad
1121 2504 1341 2561 noctem,
1373 2505 1422 2549 et
1450 2496 1745 2551 occiderunt
1775 2496 1869 2551 ibi.

338 2581 435 2635 41.
480 2581 681 2638 Bovem
713 2583 766 2638 in
796 2599 960 2639 manu
990 2585 1282 2655 adducere,
1322 2596 1405 2644 est
1443 2598 1726 2658 peccatum
1756 2589 1871 2644 ela-

264 2673 439 2729 tionis
467 2675 798 2743 ptenitentiae
828 2673 1120 2733 alilictione
1158 2678 1360 2734 delere.
1393 2679 1527 2734 Dum
1556 2681 1700 2735 enim
1731 2696 1864 2751 ope-

262 2765 449 2820 rando
478 2766 637 2836 321
668 2766 846 2834 delet,
875 2766 1025 2837 quod
1055 2768 1416 2839 superbiendo
1447 2769 1700 2840 deliquit,
1748 2786 1868 2826 ma-

262 2857 533 2911 ctandum
560 2858 755 2911 bovem
784 2859 836 2911 in
865 2857 1044 2928 lapide
1072 2874 1168 2929 per
1188 2875 1407 2917 manum
1435 2860 1603 2915 ducit.
1626 2860 1764 2927 Quid
1789 2872 1871 2915 est

263 2957 483 3012 autem,
496 2950 640 3019 quod
653 2950 782 3005 dicit
798 2968 811 3003 :
829 2950 1000 3023 Usque
1009 2953 1079 3005 ad
1092 2962 1309 3018 noctem,
1326 2954 1425 3008 nisi
1438 2954 1559 3023 quia
1574 2963 1628 3010 et
1644 2970 1873 3025 peccare

1973 2200 2135 2270 hujus
2182 2201 2307 2257 vitae
2354 2202 2541 2257 electis
2591 2202 2872 2259 animabus
2907 2217 2969 2259 se
3006 2203 3199 2273 aperit.
3248 2201 3308 2257 In
3356 2216 3581 2271 egressu

1974 2295 2175 2365 quippe
2222 2310 2321 2350 suo
2359 2296 2426 2350 de
2470 2310 2701 2365 corpore
2738 2296 2911 2352 electa
2954 2296 3134 2351 anima
3172 2296 3581 2351 illucescentem

1975 2387 2077 2442 sibi
2108 2389 2465 2443 aeternitatem
2494 2388 2663 2458 videt,
2693 2390 2819 2459 quia
2861 2389 3040 2446 lucem
3082 2390 3365 2461 praesentis
3401 2388 3581 2450 saeculi

1976 2483 2131 2550 quasi
2162 2483 2412 2538 tenebras
2444 2498 2550 2537 non
2581 2484 2813 2553 aspexit.

2049 2574 2139 2629 45.
2182 2574 2320 2642 Quid
2347 2590 2477 2630 vero
2509 2583 2592 2631 est
2639 2576 2781 2646 quod
2818 2575 3013 2631 dicitur
3043 2594 3055 2629 :
3086 2576 3158 2630 Et
3185 2593 3289 2632 non
3316 2576 3583 2648 relinque-

1976 2684 2092 2721 mus
2120 2683 2185 2721 ea:
2214 2669 2286 2721 eis
2316 2668 2519 2722 cirum?
2561 2668 2668 2723 Sed
2711 2668 2884 2724 omnis
2922 2668 3224 2725 Philistztus
3264 2670 3347 2724 vir
3383 2668 3584 2728 vastari

1978 2761 2159 2827 debet,
2210 2762 2467 2830 parvulus
2512 2762 2690 2817 omnis
2740 2777 3081 2831 nequaquam
3128 2764 3327 2819 vastari
3380 2771 3579 2833 potest.

1979 2856 2151 2913 Nemo
2183 2858 2325 2913 enim
2374 2858 2492 2913 sine
2538 2866 2787 2929 peccato,
2815 2858 2917 2913 nisi
2946 2858 3095 2914 solus
3120 2859 3283 2913 Deus.
3316 2858 3431 2913 Viri
3459 2871 3588 2926 ergo

1982 2950 2236 3018 capitalia
2280 2950 2508 3006 crimina
2539 2959 2593 3006 et
2620 2950 2749 3006 vitia
2778 2950 3097 3021 principalia
3147 2957 3290 3005 sunt.
3321 2948 3430 3004 Sed
3463 2958 3589 3007 tunc

260 3056 395 3097 non
418 3041 565 3108 licet,
594 3042 691 3099 sed
717 3042 899 3099 delere
924 3052 1143 3114 peccata
1168 3061 1337 3115 usque
1363 3047 1431 3103 ad
1456 3056 1684 3103 mortem
1706 3049 1874 3104 licet?
1981 3041 2250 3110 Virorum,
2300 3042 2353 3097 id
2395 3050 2479 3098 est
2518 3043 2735 3098 fortium
2779 3043 2998 3099 nomine
3044 3041 3414 3111 designantur,
3466 3057 3587 3096 cum

264 3132 474 3201 Usque
501 3132 566 3187 ad
592 3142 810 3191 noctem
840 3150 969 3205 ergo
992 3136 1158 3194 boves
1184 3138 1457 3195 mactandi
1487 3149 1650 3210 sunt,
1680 3157 1788 3197 non
1817 3142 1873 3197 in

259 3230 472 3288 nocte,
499 3225 623 3293 quia
648 3226 776 3282 dum
802 3228 1031 3283 vivimus
1048 3271 1062 3296 ,
1096 3239 1321 3300 peccata
1348 3232 1529 3288 delere
1556 3234 1875 3303 ptenitendo

257 3333 593 3388 possumus,
626 3328 750 3391 post
786 3330 1020 3377 mortem
1057 3321 1388 3381 fructuosam
1417 3340 1579 3394 agere
1610 3329 1876 3398 poeniten-

257 3411 422 3467 tiam
450 3427 559 3469 non
595 3413 859 3470 valemus.
908 3415 1057 3473 Bene
1085 3426 1267 3475 autem
1294 3420 1349 3474 in
1378 3421 1571 3476 eodem
1602 3422 1724 3477 loco
1752 3423 1879 3477 sub-

252 3502 432 3560 ditur
456 3521 469 3557 :

1978 3146 2331 3206 peccatorum
2378 3136 2479 3191 sibi
2529 3136 2691 3191 corda
2730 3136 3043 3205 subjiciunt.
3088 3134 3236 3190 Bene
3283 3150 3412 3205 ergo
3455 3134 3590 3188 dici~

1981 3225 2260 3283 tueron
2299 3227 2647 3299 relinquamus
2698 3244 2763 3281 ea:
2810 3228 2883 3280 eis
2930 3226 3115 3290 virum,
3167 3224 3292 3293 quia
3341 3225 3587 3279 conversi

1980 3328 2298 3391 peccatores
2343 3328 2652 3375 sanctorum
2700 3318 3112 3388 praedicatorum
3152 3318 3382 3372 consilio
3424 3316 3585 3371 fortia

1986 3429 2213 3485 quaeque
2242 3422 2485 3485 peccata,
2532 3422 2587 3467 et
2629 3413 2754 3466 \itia
2781 3412 3059 3477 deserunt,
3105 3411 3197 3467 sed
3227 3410 3431 3464 nullum
3461 3424 3589 3479 pec-

1985 3514 2165 3563 catum
2195 3516 2288 3560 aut
2316 3507 2505 3561 vitium
2529 3506 2733 3561 habere
2763 3521 2872 3559 non
2898 3512 3142 3574 possunt.
3172 3505 3333 3575 322
3357 3501 3590 3557 Possunt

155 5470 161 5475 η
258 5444 467 5501 etiam
498 5444 667 5501 altare
694 5450 1037 5519 compunctio
1066 5449 1294 5522 dicitur,
1340 5455 1467 5525 quia
1495 5456 1756 5514 incensat.
1790 5458 1901 5515 Sed

335 3593 540 3668 (Vers.
574 3593 688 3664 55.)
726 3594 1038 3666 AEdiﬁcavit
1082 3607 1252 3653 autem
1282 3599 1416 3656 Saul
1444 3601 1608 3658 altare
1639 3603 1884 3660 Domino.

336 3686 446 3741 41.
492 3684 627 3751 Quia
676 3685 801 3741 dum
846 3696 1162 3759 peccatores
1200 3701 1604 3762 convertuntur,
1636 3697 1787 3765 quasi
1820 3713 1889 3752 ex

257 3777 556 3850 lapidibus
603 3778 824 3834 Cteleste
871 3780 1154 3837 aedificium
1184 3783 1495 3839 fabricatur.
1529 3785 1595 3841 Et
1621 3788 1743 3856 quia
1776 3790 1889 3859 ple-

259 3871 447 3939 rique
491 3868 705 3924 codices
747 3869 949 3927 habent
978 3889 993 3929 :
1020 3872 1246 3944 Tumque
1291 3878 1515 3947 primum
1560 3882 1709 3949 capit
1756 3878 1891 3935 Saul

261 3960 585 4029 aediﬁcare,
627 3970 811 4032 potest
847 3965 1030 4022 altaris
1077 3970 1295 4025 nomine
1337 3976 1683 4043 compunctio
1713 3978 1892 4033 cordis

266 4050 544 4119 intelligi.
592 4051 815 4120 Quando
861 4057 1004 4112 enim
1049 4074 1149 4130 per
1197 4060 1418 4118 verbum
1467 4064 1707 4123 doctoris
1738 4084 1889 4123 com-

263 4142 519 4215 punctio
546 4146 719 4202 cordis
747 4149 989 4219 erigitur,
1020 4151 1272 4207 nimirum
1302 4154 1472 4209 altare
1507 4156 1735 4212 Domino
1761 4158 1893 4213 tedi-

264 4235 508 4291 ﬁcatur.
538 4234 603 4291 Et
630 4240 859 4309 primum
886 4242 1209 4299 aedificatum
1239 4244 1451 4314 dicitur,
1475 4250 1598 4317 quia
1625 4258 1707 4305 est
1736 4266 1888 4307 com-

262 4328 517 4400 punctio
547 4331 765 4387 amoris.
800 4330 951 4389 Unde
979 4343 1034 4390 et
1063 4335 1115 4390 in
1147 4337 1496 4394 tabernaculo
1523 4341 1742 4397 foederis
1782 4343 1890 4400 duo

263 4421 486 4518 altaria
518 4421 690 4518 lieri‘a
720 4423 948 4481 Domino
989 4427 1136 4497 jussa
1177 4439 1340 4497 sunt,
1381 4432 1657 4491 adolendis
1683 4437 1890 4495 scilicet
1924 4490 1973 4518 η
2070 4446 2245 4518 (vers.
2279 4445 2395 4514 '56.)
2434 4442 2584 4497 Dixit
2619 4444 2879 4514 populus:
2906 4442 3103 4510 Omne,
3132 4443 3270 4515 quod
3307 4444 3495 4500 bonum
3522 4457 3594 4501 est

263 4515 737 4585 thymiamatibus
781 4535 971 4590 unum,
1021 4523 1249 4579 alterum
1295 4527 1671 4585 comburendae
1713 4534 1892 4589 carnis
1922 4490 2243 4595 Din‘oculis
2273 4490 2396 4602 tuis:
2428 4537 2531 4606 fac.

265 4608 497 4679 (Exod.
528 4627 694 4677 xxvn,
726 4613 953 4687 xxxvn).
983 4614 1221 4672 Primum
1266 4620 1435 4676 altare
1481 4621 1609 4679 foris
1639 4636 1774 4693 erat,
1806 4642 1895 4682 se—
1974 4691 1987 4704 ι
2072 4628 2162 4682 44.
2202 4625 2353 4681 Oculi
2380 4624 2793 4696 praedicatorum
2819 4636 2945 4681 sunt
2974 4627 3197 4682 intuitus
3220 4626 3466 4681 rationis.
3497 4626 3596 4690 Qui

264 4704 531 4759 cundum
558 4706 695 4760 intra
722 4716 906 4765 sancta
937 4718 1265 4767 sanctorum.
1298 4713 1480 4770 Altare
1508 4732 1635 4787 ergo
1660 4720 1893 4788 primum
2001 4734 2132 4789 ergo
2172 4716 2396 4772 arbitrio
2443 4714 2681 4769 doctoris
2726 4717 3117 4786 committitur,
3164 4716 3346 4773 dicere
3372 4717 3421 4771 ei
3450 4723 3599 4770 recte

266 4797 648 4864 compunctio
672 4798 879 4857 timoris
901 4811 1003 4872 est,
1036 4803 1205 4860 altare
1228 4808 1522 4863 secundum
1549 4814 1892 4880 compunctio
1998 4812 2318 4886 perhibetur
2342 4828 2354 4863 :
2382 4806 2549 4863 Omne
2578 4808 2714 4881 quod
2742 4808 2931 4864 bonum
2958 4819 3033 4864 est
3062 4810 3117 4863 in
3144 4810 3309 4864 oculis
3337 4811 3457 4873 tuis,
3490 4811 3598 4879 fac.

264 4891 523 4945 amoris.
570 4891 703 4947 lllud
752 4895 950 4965 quippe
990 4907 1209 4966 peccata
1250 4899 1544 4968 iungentium
1592 4913 1704 4971 est,
1752 4905 1894 4961 istud
2001 4904 2165 4971 Quasi
2195 4902 2496 4969 dicatzQui
2524 4917 2623 4956 nos
2645 4901 2714 4956 de
2736 4901 2960 4957 rationis
2978 4909 3178 4956 nostrae
3206 4900 3598 4956 illuminatione

263 4999 431 5038 vero
473 4983 539 5037 ad
581 4994 784 5042 mterna
820 4988 1013 5057 gaudia
1054 4991 1183 5047 totis
1210 4991 1490 5047 desideriis
1539 4995 1893 5065 inhiantium;
2004 4998 2331 5063 difﬁdimus,
2388 4995 2616 5051 rationis
2665 5003 2768 5050 tua:
2819 4994 2925 5049 luci
2972 4993 3399 5063 committimus,
3456 4996 3599 5064 quod

260 5073 444 5129 illius
492 5074 714 5144 lapides,
762 5080 1178 5149 recogitationes
1217 5091 1583 5153 peccatorum,
1629 5085 1791 5157 hujus
1817 5090 1897 5144 la-
2004 5092 2163 5147 nobis
2210 5090 2397 5146 deesse
2439 5088 2763 5159 judicamus.
2814 5086 2921 5143 Sed
2959 5088 3064 5143 hoc
3090 5086 3235 5156 quod
3264 5087 3399 5142 dixit
3428 5090 3597 5143 Saul:

260 5164 497 5236 pides,
541 5168 918 5226 meditationes
961 5174 1276 5242 perennium
1326 5175 1662 5244 gaudiorum.
1714 5180 1901 5239 Altare
2006 5183 2279 5238 Irruamus
2319 5199 2472 5253 super
2508 5180 2821 5246 Philistiim,
2864 5188 3044 5250 potest
3080 5179 3305 5248 intelligi
3334 5181 3459 5250 quia
3490 5196 3599 5237 non

261 5272 434 5327 ergo
465 5257 694 5325 primum
726 5261 918 5317 doctor
944 5263 1193 5333 aediﬁcat,
1223 5268 1437 5337 quando
1466 5269 1650 5340 culpas
1677 5274 1902 5342 exponit
2007 5274 2304 5330 deliberata
2333 5273 2577 5345 protulit,
2610 5272 2704 5329 sed
2735 5272 2842 5327 hoc
2870 5271 3137 5338 dicendo,
3170 5287 3238 5325 an
3268 5280 3411 5327 esset
3439 5287 3602 5343 super

259 5366 437 5420 quas
467 5348 592 5404 dum
638 5353 692 5408 in
737 5369 796 5410 se
834 5364 1089 5426 peccator
1115 5360 1326 5430 aspicit,
1356 5361 1676 5432 ingemiscit.
1706 5364 1900 5423 Merito
2006 5366 2292 5424 Philistiim
2324 5366 2631 5420 irruendum
2657 5363 2944 5420 consuluit.
2976 5361 3129 5429 Quod
3160 5371 3341 5419 autem
3370 5364 3600 5434 populus

2005 5460 2117 5516 cito
2156 5475 2435 5515 assensum
2463 5460 2709 5531 prazbnit,
2758 5460 2863 5514 hoc
2889 5459 3034 5528 quod
3065 5458 3312 5516 videmus
3340 5460 3600 5531 insinuat,

2006 5552 2135 5621 quia
2181 5551 2423 5607 nonnulli
2464 5550 2600 5605 intra
2647 5558 2891 5607 sanctam
2937 5549 3255 5617 Ecclesiam,
3304 5560 3599 5623 antequam

2007 5648 2176 5703 verba
2212 5647 2481 5718 majorum
2527 5645 2854 5716 intelligant,
2893 5645 3146 5717 probant.
3188 5647 3601 5719 Nam-protinus

2009 5741 2256 5799 Subditur
2281 5760 2294 5796 :

2086 5833 2259 5907 (Vet‘s.
2287 5831 2375 5901 56,
2402 5829 2516 5901 57.)
2551 5826 2620 5885 Et
2648 5833 2721 5889 ait
2752 5833 3005 5890 Sacerdos
3030 5850 3048 5892 :
3070 5833 3384 5890 Accedamus
3412 5831 3509 5885 huc
3534 5828 3604 5883 ad

2024 5976 2065 5987 εκ

1984 3612 2182 3654 cavere
2226 3598 2471 3663 crimina,
2502 3598 2595 3655 sed
2625 3598 2805 3654 omnia
2833 3614 2941 3653 non
2971 3605 3198 3667 possunt
3248 3598 3417 3652 vitare
3459 3612 3591 3667 pec-

1987 3696 2130 3745 cata.
2163 3688 2395 3745 Possunt
2422 3690 2550 3744 vitia
2582 3690 2947 3758 exstinguere,
2975 3687 3072 3743 sed
3092 3703 3161 3743 ne
3190 3687 3371 3757 aliquo
3400 3703 3589 3742 eorum

1989 3781 2481 3851 quomodocunquc
2510 3781 2810 3851 pulsentur,
2854 3795 2961 3835 non
2992 3777 3287 3850 praevalent
3314 3792 3594 3836 exercere.

1989 3871 2132 3929 Dicit
2160 3888 2291 3943 ergo
2321 3890 2333 3926 :
2358 3871 2484 3927 Non
2512 3873 2867 3944 relinquamus
2897 3888 2961 3925 ex
2986 3872 3059 3924 eis
3089 3871 3274 3939 virum,
3304 3870 3428 3939 quia
3460 3883 3586 3938 prte-

1990 3965 2259 4021 dicatorcs
2285 3973 2483 4020 sanctae
2512 3962 2765 4020 Ecclesiae
2795 3971 2849 4018 et
2876 3962 3007 4017 vitia
3033 3978 3132 4018 nos
3163 3961 3439 4017 eradicare
3461 3975 3586 4029 prae-

1996 4059 2238 4129 cipiunt;
2264 4060 2356 4115 sed
2381 4059 2506 4113 dum
2530 4058 2689 4113 fortia
2714 4065 2767 4112 et
2793 4056 3107 4126 principalia
3130 4055 3183 4108 in
3202 4053 3357 4108 nobis
3380 4060 3576 4107 necant

1994 4168 2156 4223 agere
2184 4160 2459 4223 nequeunt
2508 4159 2564 4205 ut
2593 4149 2836 4219 quaedam
2867 4162 3055 4203 eorum
3085 4162 3180 4217 per
3231 4155 3445 4201 tenuem
3477 4160 3589 4199 mo-

1995 4252 2111 4299 tum
2160 4257 2501 4313 nequaquam
2548 4242 2755 4296 vivant.
2807 4237 2877 4292 Et
2926 4237 2994 4293 de
3049 4238 3236 4311 populi
3288 4236 3593 4294 o‘bedientia

1994 4334 2343 4404 subjungens,
2376 4332 2450 4386 ait
2478 4348 2492 4383 :

255 5550 421 5591 cum
460 5532 550 5588 diu
579 5552 678 5607 pro
708 5541 945 5609 peccatis
972 5541 1081 5596 suis
1107 5546 1473 5618 unusquisque
1497 5554 1896 5623 compungitur,

252 5626 620 5701 paenitendo
660 5633 871 5703 proiicit
913 5635 981 5690 ad
1029 5654 1184 5693 usum
1229 5642 1549 5701 securitatis.
1594 5645 1727 5701 Nam
1777 5656 1901 5718 post

258 5721 615 5779 afﬂictionis
644 5733 886 5798 tempora
908 5730 1099 5788 ardere
1126 5732 1312 5805 incipit
1336 5735 1401 5790 ad
1426 5745 1681 5795 aeternam
1710 5741 1895 5811 vitam,

255 5828 332 5878 et
370 5817 487 5887 qui
515 5821 659 5890 prius
686 5822 903 5907 lugebat
930 5842 1028 5898 pro
1056 5842 1258 5898 pavore
1298 5832 1576 5902 supplicii,
1623 5833 1750 5890 flere
1786 5838 1896 5906 jam
