4052 6338
494 375 602 441 387

1712 353 1953 419 SANCTI
1992 341 2318 409 CRECORII
2356 340 2576 401 MAGNI

492 495 797 565 Dominum.
830 488 900 545 Et
926 483 1179 548 consuluit
1210 480 1340 541 Scal
1370 477 1667 541 Dominum,
1701 472 1910 533 dicens:
1943 462 2084 565 Num
2109 465 2157 527 Α
2187 457 2401 565 quidem
2447 452 2649 565 electis.
2676 456 2763 565 ut‘
2785 448 3066 565 vincant;
3085 440 3582 565 sed
3624 442 3779 565 quasi

496 559 773 661 persequar
802 567 1128 645 Philistiim?
1156 575 1225 661 Et
1251 590 1355 639 non
1384 568 1648 646 respondit
1675 567 1720 625 ei
1747 563 2001 625 Dominus
2030 559 2084 612 in

486 682 583 739 .die
609 680 722 735 illa.

571 773 660 829 45.
698 768 836 840 Quid
867 775 947 826 est
984 764 1127 845 quod
1177 756 1505 827 consulentis
1550 752 1693 825 regis
1738 749 1922 845 verba,
1968 759 2086 845 quin

500 835 742 940 populus
759 861 965 931 laudat,
994 835 1248 914 Sacerdos
1269 851 1335 909 ad
1356 849 1636 909 Dominum
1660 858 1778 902 esse
1802 835 2087 940 delerenda

502 932 803 1020 denuntiat,
849 950 952 1009 nisi
996 948 1122 1019 quia
1153 946 1379 1002 obscura
1404 950 1461 997 et
1486 950 1674 1007 magna
1704 932 1945 1001 negotia,
1971 940 2089 1020 quae

502 1017 1029 1118 simplices’latent,
1081 1050 1353 1105 nunquam
1408 1032 1547 1087 bene
1599 1028 1992 1118 disponuntur,
2045 1017 2091 1075 si

500 1112 694 1198 eorum
725 1137 927 1197 exitum
956 1134 1014 1199 io
1046 1128 1283 1189 sacrario
1312 1123 1508 1182 mentis
1538 1119 1718 1177 subtili
1747 1112 2095 1175 meditatione

504 1247 612 1289 non
654 1227 976 1301 quaerimus?
1015 1222 1095 1279 Ad
1132 1219 1416 1279 Dominum
1458 1214 1657 1291 quippe
1699 1208 1980 1272 accedere,
2013 1210 2097 1259 est

507 1320 624 1391 ejus
651 1319 985 1373 voluntatem
1028 1318 1233 1369 secreta
1256 1303 1715 1377 contemplatione
1742 1308 2093 1391 cognoscere:

509 1382 578 1467 Et
622 1412 760 1467 bene
807 1420 1055 1473 accessus
1090 1402 1289 1465 dicitur
1312 1438 1330 1468 ,
1382 1398 1507 1468 quia
1538 1396 1604 1451 ab
1635 1388 1995 1453 exterioribus
2032 1382 2100 1438 ad

512 1504 721 1557 interna
762 1499 1066 1563 tendimus,
1107 1491 1325 1563 quando
1365 1488 1544 1559 operis
1583 1483 1754 1543 nostri
1795 1480 1997 1539 exitum
2046 1476 2103 1535 in

516 1594 695 1649 divina
729 1591 1005 1647 voluntate
1040 1597 1368 1656 cognoscere
1397 1588 1683 1643 tentamus.
1717 1574 1847 1631 Nam
1885 1571 1976 1647 qui
2006 1584 2102 1625 oc-

512 1682 655 1739 culta
685 1691 740 1737 et
768 1681 952 1735 intima
985 1676 1195 1751 quatrit,
1237 1683 1291 1729 et
1320 1671 1590 1729 exteriora
1636 1682 1743 1725 non
1791 1662 2009 1729 deserit,
2042 1673 2105 1714 ea

510 1791 629 1846 quae
659 1775 828 1831 nescit
855 1773 1003 1833 adire
1030 1784 1141 1827 non
1172 1765 1396 1823 invenit.
1451 1760 1680 1828 Quando
1724 1770 1861 1825 ergo
1888 1770 1920 1809 a
1950 1751 2106 1812 nobis

510 1868 578 1924 de
605 1866 831 1924 occultis
868 1864 1031 1921 rebus
1073 1858 1356 1919 consilium
1384 1852 1661 1925 quieritur,
1706 1848 1773 1905 ad
1820 1846 2104 1903 Dominum

511 1959 853 2022 accedamus,
898 1963 956 2009 ut
985 1961 1114 2009 tunc
1159 1950 1377 2007 demum
1405 1942 1547 2014 quod
1577 1940 1840 2011 agendum
1871 1944 1953 1991 est
1978 1950 2108 2005 pro-

510 2058 766 2122 ponatur,
794 2060 915 2103 cum
945 2044 999 2101 in
1029 2042 1207 2111 divina
1231 2038 1508 2097 voluntate
1548 2030 1908 2103 cognoscitur.
1942 2024 2106 2083 Multa

516 2117 662 2198 enim
690 2138 939 2194 videntur
961 2136 1101 2195 bona
1126 2147 1243 2191 esse
1269 2138 1324 2186 et
1351 2144 1458 2187 non
1488 2132 1631 2185 sunt.
1663 2123 1923 2191 Pleraque
1944 2117 2109 2175 etiam

513 2230 758 2287 facienda
790 2236 934 2299 sunt,
984 2226 1078 2282 sed
1128 2224 1308 2281 utilius
1356 2220 1488 2274 ﬁunt
1526 2218 1570 2273 si
1610 2227 1849 2282 congruo
1879 2207 2111 2299 tempori

516 2298 881 2380 reserventur.
916 2318 1169 2389 Quaedam
1208 2329 1425 2388 quoque
1454 2312 1544 2375 alii
1573 2310 1751 2367 facere
1778 2306 1997 2370 debent,
2028 2298 2118 2363 alii

521 2431 654 2470 vero
684 2431 788 2470 non
820 2412 1038 2468 debent.
1070 2410 1198 2479 Qua:
1227 2408 1477 2464 nimirum
1508 2404 1553 2460 si
1580 2404 1783 2459 electus
1812 2398 2036 2470 quilibet
2062 2396 2118 2455 in

519 2515 731 2562 secreto
768 2503 1132 2560 meditationis
1160 2501 1345 2555 videre
1373 2495 1610 2567 negligit,
1645 2510 1705 2551 ea
1738 2492 1923 2562 utique
1969 2496 2117 2543 recto

520 2605 710 2660 ordine
757 2618 866 2658 non
909 2599 1166 2671 disponit.
1210 2596 1253 2651 E
1301 2602 1488 2651 contra
1517 2599 1698 2647 autem
1730 2589 1818 2661 qui
1847 2586 2119 2641 discutere

521 2712 607 2762 ea,
638 2674 724 2751 vel
753 2707 913 2764 agere
941 2690 1250 2747 meditando
1280 2683 1581 2747 consuevit,
1614 2698 1719 2739 non
1752 2680 1924 2736 solum
1955 2691 2118 2745 agen-

524 2788 613 2854 da,
650 2784 744 2842 sed
772 2786 934 2841 etiam
964 2782 1180 2838 vitanda
1208 2776 1509 2851 cognoscit.
1546 2773 1697 2837 llnde
1724 2780 1779 2829 et
1805 2772 1943 2827 bene
1983 2767 2119 2827 dici-

529 2885 663 2934 tur:

486 2952 491 2959 i
597 2970 774 3041 (Vers.
808 2970 923 3040 57.)
966 2966 1233 3023 Consuluit
1276 2963 1407 3020 Saul
1445 2962 1755 3030 Dominum,
1798 2968 1846 3013 et
1876 2973 1978 3012 non
2008 2970 2119 3009 res-

526 3062 709 3133 pondit
735 3062 781 3114 ei
811 3060 1063 3114 Dominus
1092 3060 1148 3113 in
1179 3058 1262 3112 die
1294 3058 1403 3111 illa.

599 3152 688 3206 46.
730 3151 854 3206 Dies
884 3158 965 3206 est
994 3149 1251 3219 cogitatio
1282 3146 1494 3211 mentis,
1517 3160 1634 3214 qur
1658 3142 1798 3195 bona
1830 3146 2045 3210 putatur
2074 3144 2128 3192 et

2186 551 2427 613 viventes
2453 544 2673 611 deserit,
2706 549 2766 607 ut
2794 557 2915 601 cum
2943 540 3136 610 quibus
3164 550 3377 608 semper
3400 544 3665 615 pugnent.
3690 536 3777 599 in-

2187 643 2423 699 veniant.
2458 639 2612 709 Quod
2648 647 2825 695 tamen
2872 635 2916 691 si
2964 634 3086 690 ideo
3135 630 3355 695 dicitur.
3385 628 3511 701 quia
3542 627 3781 689 leuantur:

2188 738 2346 810 culpa
2377 737 2600 803 celatur,
2638 747 2866 807 magnus
2898 732 3057 791 timor
3084 727 3321 802 pruinis
3366 724 3644 791 incutitur.
3692 724 3783 779 Fi-

2190 831 2292 888 lius
2322 831 2537 902 quidem
2576 834 2787 900 peccat,
2835 832 2891 880 et
2936 823 3077 895 patri
3106 820 3221 890 ejus
3246 818 3663 891 responsionem
3688 831 3786 872 ne-

2192 931 2301 993 gat.
2362 921 2510 981 Unus
2558 920 2723 976 etiam
2776 916 3065 991 deliquisse
3116 912 3457 982 cognoscitur
3484 951 3501 979 ,
3550 907 3649 966 sed
3693 922 3787 977 pro

2192 1016 2353 1072 unius
2381 1015 2538 1087 culpa
2570 1010 2777 1082 insequi
2808 1010 2993 1071 hostes
3023 1021 3147 1065 suos
3176 1004 3355 1065 cuncti
3380 1001 3786 1077 pertimescunt.

2198 1109 2336 1183 Quid
2367 1110 2420 1165 in
2452 1090 2554 1167 hoc
2600 1106 2741 1167 laeto
2787 1104 3045 1172 signatur,
3078 1099 3181 1158 nisi
3208 1097 3333 1173 quia
3358 1100 3585 1175 peccata
3612 1089 3794 1148 subdi-
3833 1092 3849 1167 α’

2198 1210 2375 1258 torum
2408 1215 2512 1253 non
2543 1198 2717 1257 solum
2764 1196 2884 1261 sibi,
2915 1192 3008 1249 sed
3038 1192 3199 1247 etiam
3230 1188 3463 1260 praelatis
3508 1195 3566 1249 et
3611 1198 3795 1240 secum

2200 1291 2561 1349 communiter
2611 1287 2913 1349 viventibus
2956 1284 3202 1345 nocent?
3251 1280 3384 1353 Quia
3439 1294 3569 1337 vero
3623 1276 3799 1339 latens

2203 1383 2318 1437 h1rc
2365 1380 2520 1449 culpa
2551 1394 2581 1433 a
2613 1391 2740 1449 rege
2768 1375 3052 1435 discutitur
3073 1412 3089 1443 ,
3130 1372 3408 1429 videamus
3430 1368 3544 1440 jam
3573 1382 3675 1439 qua
3702 1381 3794 1420 su-

2205 1472 2471 1535 blimitate
2509 1471 2729 1527 latentia
2760 1484 2983 1542 quaeque
3008 1466 3411 1543 perqnirantur.
3451 1462 3586 1523 Nam
3622 1460 3796 1530 sequi-

2205 1572 2330 1620 tur:

2279 1655 2471 1728 (Vers.
2510 1654 2615 1720 58,
2664 1652 2752 1711 59.
2772 1654 2790 1723 )
2829 1652 3101 1724 Λρμιὶεαιε
3147 1650 3244 1705 huc
3284 1650 3551 1711 uniuersos
3584 1646 3801 1717 angulos

2206 1745 2407 1819 populi,
2442 1753 2491 1797 et
2520 1744 2717 1810 scitote,
2751 1752 2799 1795 et
2828 1741 2992 1797 videte
3020 1758 3110 1811 per
3138 1756 3285 1811 quem
3330 1738 3581 1795 acciderit
3628 1751 3803 1807 pecco-

2211 1844 2316 1889 tum
2343 1836 2437 1888 hoc
2468 1833 2640 1897 hodie.
2692 1834 2819 1886 Vivit
2857 1831 3108 1889 Dominus
3137 1831 3363 1889 salvator
3407 1828 3651 1896 Israelis,
3691 1826 3805 1896 quia

2210 1930 2253 1982 si
2284 1946 2376 1999 per
2400 1927 2683 1982 Jonatltam
2714 1929 2911 1998 factum
2942 1936 3036 1989 est,
3070 1924 3259 1997 absque
3288 1924 3601 1985 retractione
3628 1920 3807 1995 [Forte

2210 2018 2478 2093 legendum
2506 2016 2892 2073 retractatione
2917 2017 2998 2069 hic
3028 2023 3074 2069 et
3102 2009 3227 2086 ἐπῇ]
3256 2012 3519 2073 morietur.

2284 2108 2372 2165 48.
2413 2108 2620 2179 Quibus
2648 2108 2900 2163 nimirum
2933 2106 3111 2161 verbis
3141 2103 3451 2161 ordinatum
3480 2100 3641 2158 valde
3667 2100 3804 2170 judi-

2215 2201 2284 2255 cii
2308 2200 2552 2253 ordinem
2572 2197 2981 2265 demonstravit,
3005 2196 3132 2267 quia
3154 2196 3309 2267 culpa
3327 2196 3478 2269 prius
3493 2193 3807 2253 invenienda

2222 2302 2329 2357 est,
2359 2290 2554 2344 deinde
2586 2303 2742 2358 pmna
2788 2288 3092 2357 irroganda.
3127 2287 3258 2345 Nam
3305 2286 3491 2359 judicii
3520 2286 3657 2345 ordo
3685 2299 3810 2341 con-

2221 2380 2476 2446 funditur,
2509 2382 2551 2436 si
2584 2389 2709 2436 ante
2741 2381 2970 2443 inventae
3009 2380 3178 2450 culpa:
3214 2379 3603 2447 discussiouem
3640 2377 3813 2450 prole-

2223 2485 2392 2529 iatur.
2446 2475 2523 2533 Ne
2573 2476 2716 2529 enim
2768 2484 2895 2529 ante
2947 2474 3334 2537 discussionern
3390 2472 3589 2539 feriat,
3644 2471 3811 2527 dicit:

2221 2567 2490 2637 Applicale
2520 2567 2613 2619 lruc
2642 2568 2906 2620 universos
2957 2566 3180 2639 angulos
3209 2566 3407 2634 populi,
3450 2573 3498 2619 et
3538 2564 3729 2629 uidete,
3773 2570 3817 2615 et

2218 2660 2398 2714 scitote
2417 2676 2511 2731 per
2537 2677 2682 2732 quem
2712 2659 2957 2713 acciderit
2985 2658 3077 2712 hoc
3104 2666 3371 2727 peccatum
3400 2656 3574 2719 hodie,
3603 2653 3676 2708 Et
3700 2653 3818 2724 quia

2223 2751 2438 2821 cognita
2482 2750 2640 2823 culpa
2688 2751 2954 2813 austerius
3002 2746 3239 2807 ferienda
3271 2756 3370 2815 est,
3398 2748 3567 2817 jurat,
3596 2746 3816 2803 dicens:

2232 2842 2369 2896 Vivit
2404 2840 2681 2908 Dominus,
2737 2842 2857 2913 quia
2898 2842 2941 2895 si
2983 2857 3073 2907 per
3118 2838 3403 2894 Jonatham
3444 2838 3614 2909 ﬁliuni
3660 2851 3819 2893 meum

2226 2937 2419 3008 factum
2479 2942 2595 2999 est,
2652 2934 2843 3005 absque
2898 2935 3208 2991 retractione
3263 2934 3526 2993 morietur.
3584 2929 3824 2989 Tractari

2226 3029 2442 3100 quidem
2471 3027 2671 3085 diutius
2715 3027 2896 3097 debet,
2930 3036 2985 3081 ut
3013 3027 3319 3091 inveniatur
3345 3026 3521 3097 culpa,
3547 3023 3647 3080 sed
3678 3031 3825 3093 posta

2226 3136 2387 3189 quam
2438 3120 2656 3174 inventa
2706 3126 2810 3185 est,
2842 3118 2895 3172 in
2946 3133 3009 3187 ea
3056 3118 3209 3185 vivus
3237 3116 3429 3186 aliquis
3458 3115 3690 3185 relinqui
3716 3129 3824 3183 non

531 3262 638 3301 non
669 3242 1030 3315 cognoscitur.
1082 3241 1216 3295 Nam
1264 3239 1389 3293 dum
1431 3237 1628 3292 bonam
1654 3250 1714 3289 se
1744 3249 1861 3288 esse
1888 3231 2121 3296 simulat,

2232 3215 2411 3270 debet.
2465 3213 2683 3285 Absque
2714 3212 3042 3269 retractione
3086 3212 3373 3285 perimitur
3393 3251 3408 3276 ,
3441 3211 3534 3281 qui
3562 3209 3747 3273 vivae
3769 3208 3821 3263 in

470 3394 473 3395 ν
533 3338 685 3410 quasi
713 3338 885 3393 lucem
915 3344 1115 3408 portat.
1146 3333 1205 3389 ln
1231 3333 1318 3388 die
1362 3346 1489 3405 ergo
1521 3330 1609 3384 illa
1639 3329 1896 3385 Dominus
1926 3342 2121 3389 consu-

530 3434 662 3487 lenti
690 3446 748 3486 se
777 3446 884 3485 non
914 3426 1213 3497 respondit,
1245 3425 1371 3497 quia
1396 3423 1616 3478 verbum
1666 3420 1761 3475 Dei
1813 3434 1935 3475 cum
1984 3416 2123 3479 mala

531 3522 919 3579 deliberatione
949 3519 1238 3575 convenire
1277 3533 1383 3573 non
1424 3521 1622 3589 potest.
1674 3511 1777 3568 Per
1807 3525 2124 3581 responsum

533 3615 747 3681 quidem
777 3612 926 3667 verbi
958 3610 1261 3682 patefacere
1290 3609 1526 3665 solemus
1555 3620 1769 3661 sensum
1796 3604 1997 3660 intima:
2036 3617 2129 3661 vo-

536 3704 781 3757 luntatis.
825 3705 880 3757 In
921 3703 1008 3756 illa
1046 3702 1207 3769 igitur
1243 3701 1330 3753 die
1376 3698 1631 3754 Dominus
1660 3712 1764 3751 non
1797 3694 2084 3765 respondet
2115 3710 2128 3746 :

539 3797 665 3865 quia
704 3795 1045 3864 omnipotens
1082 3791 1222 3847 Deus
1260 3792 1312 3845 in
1358 3790 1605 3845 simulata
1644 3789 1984 3858 cogitationis
2015 3787 2133 3843 luce

542 3899 649 3940 non
677 3884 936 3946 cernitur,
977 3882 1068 3955 qui
1122 3896 1334 3953 semper
1363 3882 1413 3935 in
1442 3880 1686 3936 claritate
1714 3878 1952 3933 veritatis
1984 3879 2133 3933 inve-

540 3978 705 4031 nitur.
742 3976 809 4031 Et
834 3974 1151 4041 notandum,
1177 3973 1301 4046 quia
1327 3973 1415 4044 qui
1439 3971 1730 4029 accedendi
1756 3970 1819 4024 ad
1850 3970 2131 4025 Dominum

542 4070 823 4126 consilium
868 4067 1071 4134 tribuit,
1104 4066 1357 4125 sacerdos
1386 4064 1499 4119 fuit.
1532 4062 1667 4130 Quid
1696 4063 1835 4117 enim
1875 4062 2130 4130 sanctius,

541 4176 703 4229 quam
726 4159 1005 4215 consilium
1035 4155 1324 4212 accedendi
1349 4155 1415 4209 ad
1440 4153 1641 4207 Deum?
1664 4150 1982 4206 Sacerdotes
2006 4166 2133 4222 ergo

544 4254 705 4309 toties
747 4268 961 4317 sumus,
995 4250 1205 4321 quoties
1248 4248 1503 4305 fratribus
1539 4246 1680 4300 bona
1726 4242 1948 4299 consilia
1980 4244 2138 4299 mini-

547 4352 798 4399 stramus.
827 4342 1044 4396 Sacrins
1070 4340 1210 4395 enim
1243 4338 1371 4392 nihil
1399 4336 1511 4391 dari
1544 4342 1741 4406 potest,
1769 4349 1929 4406 quam
1960 4334 2011 4389 id
2043 4350 2138 4406 per

458 4424 465 4427 ’
549 4433 691 4501 quod
720 4433 946 4499 quisque
995 4433 1071 4484 ire
1102 4429 1167 4483 ad
1194 4429 1527 4483 conditorem
1570 4428 1751 4483 debet.
1803 4427 1911 4482 Nos
1958 4435 2136 4481 autem

549 4520 674 4588 quia
715 4520 961 4575 ordinem
1000 4517 1291 4587 spiritualis
1328 4532 1517 4586 pugna:
1560 4517 1931 4584 describimus,
1979 4517 2137 4589 323

552 4611 867 4665 continuare
897 4610 1078 4680 priora
1108 4608 1455 4677 sequentibus
1483 4610 1759 4666 debemus.

624 4702 710 4756 47.
753 4700 991 4756 Verbum
1028 4700 1247 4769 quidem
1286 4700 1411 4754 Saul
1449 4700 1579 4766 fuit,
1626 4710 1685 4756 ut
1725 4700 1805 4756 sic
1842 4699 2141 4754 Philistrcos

554 4803 811 4865 vastaret,
841 4804 901 4847 ut
938 4809 1007 4849 ex
1046 4794 1109 4849 iis
1140 4794 1313 4848 virum
1344 4811 1449 4850 non
1489 4795 1837 4865 relinqueret.
1885 4793 2036 4860 Quod
2068 4792 2144 4848 sic

555 4894 717 4948 etiam
759 4890 982 4959 intelligi
1032 4897 1240 4959 potest;
1292 4890 1415 4957 quia
1464 4890 1537 4943 ita
1580 4891 1797 4945 volebat
1844 4888 2143 4943 Ρὴὶιὶειποε

554 4982 837 5053 perimere,
888 4988 948 5036 ut
988 4995 1175 5035 eorum
1221 4979 1396 5034 nullus
1439 4979 1577 5033 ultra
1620 4995 1839 5035 movere
1867 4978 2005 5035 bella
2047 4993 2143 5049 po-

558 5074 765 5127 tuisset.
800 5072 989 5141 Magna
1016 5071 1231 5141 quidem
1262 5071 1376 5125 haec
1405 5069 1519 5124 dies
1547 5069 1743 5125 mentis
1781 5078 1880 5135 est,
1932 5083 2035 5138 qua
2067 5068 2144 5122 sic

553 5172 757 5219 aeterna
779 5172 1109 5232 quaeruntur,
1136 5169 1195 5215 ut
1220 5160 1530 5229 temporalis
1552 5159 1719 5215 hostis
1743 5158 1916 5213 nullus
1942 5172 1970 5210 a
2002 5156 2147 5212 caade

556 5256 908 5326 relinquatur.
940 5253 1047 5308 Sed
1075 5254 1200 5321 quia
1231 5252 1361 5309 nulli
1391 5251 1707 5306 conceditur
1749 5250 1829 5305 sic
1878 5257 2148 5318 tempora-

556 5344 679 5401 liter
707 5345 947 5411 vincere,
994 5351 1053 5397 ut
1079 5358 1186 5398 non
1212 5342 1408 5397 debeat
1434 5340 1581 5395 omni
1608 5347 1851 5409 tempore
1888 5351 2145 5409 pugnare,

564 5433 757 5489 merito
782 5433 979 5489 dicitur
1004 5448 1016 5484 :
1044 5429 1167 5487 Non
1194 5430 1458 5501 respondit
1486 5431 1533 5483 ei
1563 5428 1816 5483 Dominus
1842 5428 1897 5482 in
1927 5428 2010 5481 die
2029 5428 2143 5482 illa.

564 5523 914 5594 Respondere
951 5524 1048 5581 Dei
1088 5540 1195 5579 non
1237 5524 1410 5579 solum
1460 5522 1632 5577 intimi
1679 5521 1829 5576 verbi
1876 5522 1991 5590 ejus
2043 5529 2144 5587 est,

562 5620 659 5675 sed
688 5618 871 5687 gratiae
896 5628 950 5673 et
978 5619 1231 5673 muneris.
1263 5618 1488 5685 Quando
1516 5618 1657 5673 enim
1702 5616 1930 5685 benigne
1954 5629 2148 5671 conce-

564 5710 645 5769 dit
685 5710 828 5778 quod
869 5712 956 5779 pie
1002 5711 1228 5780 petitur,
1280 5710 1604 5780 respondere
1648 5708 1978 5780 perhibetur.
2031 5706 2146 5761 Non

566 5813 698 5871 ergo
726 5800 1016 5870 respondet
1055 5800 1307 5858 Dominus
1338 5803 1390 5858 in
1420 5802 1506 5858 die
1535 5801 1622 5857 illa
1647 5842 1663 5870 ,
1712 5800 1837 5871 quia
1886 5796 2149 5871 permittit

2230 3313 2477 3376 peccato,
2511 3306 2693 3359 statim
2726 3314 2783 3358 ut
2812 3304 3130 3367 innotuerit,
3170 3302 3509 3374 prohibetur.
3552 3300 3664 3357 Sed
3694 3298 3823 3356 istud

2228 3398 2434 3466 absque
2463 3397 2809 3460 retractione,
2843 3395 3055 3450 scilicet
3100 3396 3383 3465 perimere,
3416 3392 3621 3461 absque
3651 3400 3824 3447 retra-

2227 3492 2411 3547 ctione
2464 3504 2572 3543 non
2620 3495 2733 3553 est,
2776 3487 2902 3556 quia
2939 3485 3106 3541 multa
3147 3484 3584 3541 consideratione
3646 3495 3827 3551 passos

2227 3587 2440 3652 utitur,
2496 3592 2553 3636 ut
2589 3582 2769 3653 culpa,
2819 3596 2977 3650 quam
3023 3577 3369 3647 retractando
3409 3576 3643 3642 invenit,
3684 3573 3827 3630 feriri

2234 3682 2443 3751 absque
2472 3678 2818 3743 retractione,
2853 3684 2907 3731 et
2936 3674 3206 3744 exstingui
3236 3671 3498 3731 velociter
3526 3670 3720 3743 possit.

2308 3774 2395 3830 49.
2456 3771 2609 3839 Quod
2639 3771 2681 3825 si
2708 3770 2859 3840 juxta
2901 3767 3177 3823 historiam
3225 3764 3381 3836 hujus
3424 3763 3643 3839 paterni
3682 3761 3826 3832 jura-

2233 3867 2403 3923 menti
2424 3865 2634 3937 pondus
2656 3862 2998 3927 attendimus,
3024 3868 3077 3914 et
3099 3859 3237 3914 illius
3259 3856 3519 3928 temporis
3538 3854 3827 3918 fervorem,

2237 3969 2291 4015 et
2318 3958 2475 4027 hujus
2505 3968 2750 4027 teporem
2781 3955 2985 4024 pariter
3012 3961 3353 4027 contuemur.
3380 3950 3601 4025 Antiqui
3626 3949 3827 4006 ctenim

2234 4059 2436 4121 patres,
2472 4056 2529 4102 ut
2558 4047 2667 4101 Deo
2699 4046 2995 4116 placerent,
3026 4044 3090 4098 ad
3123 4051 3349 4105 mortem
3380 4042 3500 4096 liliis
3532 4042 3699 4105 etiam
3728 4054 3828 4096 non

2240 4138 2553 4209 parcebant.
2608 4136 2714 4192 Nos
2762 4146 2941 4189 autem
2995 4149 3089 4188 eos
3131 4149 3266 4202 quos
3294 4132 3590 4191 secundum
3616 4144 3830 4189 carnem

2238 4233 2522 4301 diligimus,
2556 4230 2719 4284 etiam
2770 4227 2915 4282 tenui
2962 4226 3253 4297 asperitate
3298 4225 3586 4280 verborum
3631 4223 3833 4293 insequi

2240 4322 2660 4402 non‘audemus.
2702 4318 2845 4374 Ecce
2875 4320 2966 4390 qui
2997 4317 3063 4372 ad
3093 4330 3314 4387 regnum
3346 4316 3511 4375 lilium
3550 4316 3833 4375 nutriebat,

2239 4415 2404 4470 dicit:
2434 4412 2568 4478 Quia
2613 4413 2657 4469 si
2701 4429 2791 4483 per
2827 4428 2940 4465 eum
2979 4419 3246 4479 peccatum
3287 4410 3481 4481 factum
3520 4416 3620 4472 est,
3652 4408 3834 4475 absque

2240 4506 2549 4560 retractione
2602 4504 2866 4557 morietur.
2923 4500 3031 4556 Nos
3080 4508 3368 4571 peccantes
3418 4500 3697 4565 cernimus
3726 4541 3740 4563 ,
3786 4504 3834 4552 et

2168 4624 2216 4684 Β
2243 4597 2525 4667 objurgare
2552 4607 2839 4666 peccantes
2868 4601 2961 4646 aut
2986 4591 3254 4657 nolumus,
3306 4599 3398 4649 aut
3428 4591 3701 4649 timemus.
3737 4590 3834 4641 Cur

2244 4705 2371 4758 ergo
2415 4689 2518 4743 hoc
2561 4686 2807 4757 iacimus,
2849 4686 2950 4740 nisi
2989 4685 3113 4754 quia
3156 4684 3319 4747 Deum
3360 4684 3499 4743 sicut
3528 4683 3606 4739 illi
3638 4696 3834 4757 nequa—

2244 4798 2402 4857 quam
2450 4781 2757 4850 diligimus?
2808 4778 2941 4833 Nam
2998 4777 3229 4849 Moyses,
3280 4786 3337 4839 ut
3382 4776 3520 4833 bene
3564 4785 3835 4848 peccatum

2242 4873 2557 4928 idololatrize
2595 4871 2923 4937 vindicaret,
2957 4867 3168 4923 Levitas
3202 4867 3385 4938 viginti
3434 4867 3537 4933 tria
3566 4867 3736 4920 millia
3766 4864 3835 4923 vi-

2242 4982 2424 5023 rorum
2469 4965 2627 5035 jussit
2666 4962 2931 5019 occidere.
2975 4959 3035 5016 In
3077 4962 3225 5031 cujus
3274 4960 3520 5015 nimirum
3571 4960 3835 5014 exercita-

2249 5058 2393 5113 tione
2423 5058 2583 5112 cedis
2622 5056 2757 5110 dixit
2784 5072 2795 5108 ε
2820 5053 2880 5109 Si
2911 5055 3021 5123 quis
3053 5064 3126 5108 cst
3160 5051 3387 5119 Domini,
3413 5052 3672 5123 jungatur
3700 5050 3834 5104 mihi.

2248 5149 2420 5204 Ponat
2447 5150 2522 5203 vir
2548 5149 2776 5220 gladium
2806 5163 2958 5217 super
2985 5146 3151 5217 femur
3197 5161 3364 5199 suum.
3408 5136 3437 5196 1
3444 5153 3486 5196 te
3516 5152 3565 5196 et
3594 5142 3757 5195 redite
3785 5140 3836 5193 de

2247 5252 2398 5313 portu
2428 5258 2583 5314 usque
2610 5240 2675 5293 ad
2701 5250 2923 5309 portam,
2956 5247 3005 5291 et
3026 5238 3224 5291 occidat
3261 5237 3604 5307 unusquisque
3635 5237 3835 5305 [mtrem

2251 5354 2421 5409 suum,
2448 5346 2496 5390 et
2519 5338 2757 5400 amicum,
2781 5342 2828 5388 et
2857 5333 3150 5403 proximum
3181 5328 3377 5401 (Exod.
3412 5343 3577 5391 xxxii,
3610 5326 3698 5391 26,
3731 5322 3832 5391 Ξῖ).

2247 5431 2409 5498 Quasi
2440 5430 2582 5485 dicat
2610 5446 2620 5481 :
2644 5427 2701 5482 ln
2746 5427 2852 5481 hoc
2900 5423 3403 5493 ostendetquisque
3429 5420 3594 5499 324,
3620 5418 3743 5487 quia
3773 5414 3833 5469 sit

2247 5519 2552 5588 Domini,.si
2581 5534 2677 5588 pro
2698 5517 2812 5586 ejus
2840 5531 3023 5569 amore
3051 5513 3218 5581 fratri,
3248 5514 3518 5595 proximo,
3552 5511 3637 5565 vel
3669 5510 3833 5562 amico

2249 5628 2356 5667 non
2386 5613 2574 5683 parcit.
2610 5607 2747 5663 Dicit
2776 5622 2905 5677 ergo
2934 5606 3060 5661 Saul
3088 5606 3153 5660 de
3184 5604 3291 5660 lilio
3324 5624 3335 5658 :
3362 5604 3496 5671 Quia
3529 5601 3717 5672 absque
3756 5614 3832 5652 re-

2251 5704 2501 5756 lractiene
2529 5702 2795 5763 morietur,
2829 5698 2954 5769 quia
3001 5698 3157 5752 nobis
3180 5696 3288 5765 jam
3337 5696 3434 5750 sub
3465 5690 3833 5762 Redemptoris

2246 5794 2422 5867 gratia
2448 5792 2769 5861 viventibus,
2799 5776 2902 5847 eisi
2931 5798 3076 5845 mors
3104 5804 3212 5844 non
3239 5787 3546 5861 decernitur
3574 5780 3831 5858 corporis,
