4052 6338
374 350 379 353 “
460 344 567 413 591

1664 362 1910 424 SANCTI
1946 360 2276 423 GREGORII
2315 360 2531 421 MAGNI

3637 370 3748 427 392

527 484 597 541 Et
614 482 743 556 quia
770 484 886 558 ipsa
915 480 1078 539 etiam
1104 477 1263 552 culpa
1289 493 1399 536 non
1432 475 1591 538 facile
1619 495 1651 537 a
1688 494 1797 551 quo
1826 480 1897 537 sit
1924 494 2048 551 per-
2075 482 2126 544 Α
2150 484 2270 532 tans
2299 478 2498 550 gustavi
2538 477 2593 532 in
2641 470 2935 530 summitate
2979 478 3157 547 virga,
3206 486 3321 549 qua:
3346 486 3460 533 erat
3486 480 3545 535 in
3584 498 3746 538 manu

457 586 669 651 petrata
697 578 1065 649 cognoscitur,
1094 576 1341 645 sequitur
1370 592 1386 630 :

535 671 716 744 (Vers.
744 670 864 741 ⁴42.)
904 668 973 723 Et
1002 670 1075 723 ait
1103 668 1276 724 Saal:
1309 666 1500 723 Mittite
1525 673 1714 722 sortem
1732 668 1870 722 inter
1898 682 1978 721 me
2003 673 2056 721 et

452 766 624 838 ﬁlium
652 781 843 820 meum.
874 762 947 817 Et
972 771 1152 835 captus
1179 769 1255 817 est
1278 760 1558 817 Jonathas.

531 858 616 913 55.
657 858 759 925 Qui
787 865 963 914 sortes
990 856 1230 922 mittunt,
1264 868 1362 927 per
1388 853 1675 910 visibilium
1706 868 1888 909 rerum
1919 866 2052 907 con-

453 948 692 1017 jecturas
742 947 964 1002 latentia
1011 961 1152 1018 saepe
1190 944 1616 1015 deprehendunt.
1661 942 1752 999 Sic
1796 943 2049 999 nimirum

454 1036 619 1094 Jonas
647 1039 854 1108 fugiens
881 1038 1122 1093 noscitur
1149 1036 1292 1109 (Jan.
1322 1038 1361 1107 ι)
1386 1054 1401 1101 ;
1434 1037 1511 1091 sic
1541 1035 1793 1091 Matthias
1814 1034 2050 1105 Aposto-

452 1128 538 1186 lus
567 1130 877 1201 Apostolica
915 1129 1230 1185 celsitudine
1271 1129 1466 1198 dignus
1513 1126 1783 1183 invenitur
1815 1128 1950 1198 (Act.
1982 1125 2046 1197 ι).

451 1222 641 1281 Sortes
661 1238 790 1293 ergo
806 1224 1110 1295 spirituales
1129 1222 1394 1293 ponimus,
1419 1221 1636 1291 quando
1658 1236 1756 1292 per
1776 1221 2048 1277 exteriora

452 1315 605 1385 signa
634 1330 882 1385 operum,
926 1315 992 1370 ad
1033 1314 1368 1369 occultorum
1398 1313 1649 1367 notitiam
1678 1311 2044 1382 pervenimus.

449 1404 583 1461 Sors
624 1408 767 1462 enim
818 1404 1239 1475 uniuscujusque
1286 1404 1503 1475 propria
1550 1413 1635 1460 est
1676 1404 2039 1459 conversatio.

451 1492 610 1551 Unde
657 1496 711 1551 in
754 1496 1030 1566 Sapientia
1074 1495 1291 1565 reprobi
1322 1495 1545 1550 dicunt:
1595 1493 1910 1549 Coronemus
1950 1510 2046 1550 nos

446 1587 601 1653 rosis,
632 1595 904 1659 antequam
940 1593 1265 1640 marcescant
1292 1602 1312 1650 ;
1341 1585 1538 1639 nullum
1577 1594 1785 1655 pratum
1812 1585 1879 1639 sit
1907 1584 2045 1656 quod

445 1691 553 1730 non
580 1683 903 1747 pertranseat
944 1676 1155 1729 luxuria
1200 1683 1412 1741 nostra;
1461 1676 1647 1745 ubique
1691 1675 2042 1745 relinquamus

444 1768 596 1837 signa
625 1766 840 1831 laetitite,
863 1767 1106 1839 quoniam
1127 1765 1237 1819 hwc
1264 1774 1340 1819 est
1368 1782 1491 1836 pars
1512 1775 1713 1827 nostra,
1750 1773 1799 1817 et
1829 1764 1937 1819 haec
1964 1773 2044 1818 est

2153 588 2290 638 mea,
2319 572 2585 643 paululum
2608 570 2797 637 mellis,
2827 579 2879 625 et
2902 586 3017 625 ecce
3036 572 3249 626 morior.

2227 662 2314 719 55.
2354 664 2495 733 Quid
2535 671 2619 719 est
2656 663 2801 734 quod
2847 664 2968 718 ait:
3018 662 3248 719 Gustans
3292 667 3531 735 gustavi?
3566 665 3747 737 Quare

2154 772 2265 815 non
2314 757 2452 813 dixit
2501 756 2797 826 superius:
2847 754 3074 811 Gustans
3116 759 3315 829 gustavi
3362 760 3633 830 paululum
3682 766 3748 820 de

2153 852 2303 906 melle
2332 852 2470 917 isto;
2515 865 2640 905 cum
2668 849 2841 905 dixit:
2882 848 3101 905 Vidistis
3127 853 3250 924 quia
3295 851 3579 910 illuminati
3624 868 3747 911 sunt

2153 944 2287 999 oculi
2315 945 2434 1009 mei,
2460 958 2521 997 eo
2548 941 2684 1015 quod
2710 943 3019 1015 gustaverim
3046 944 3312 1015 paululum
3333 946 3398 1000 de
3425 949 3579 1003 melle
3604 950 3747 1005 isto?

2150 1031 2261 1089 Sed
2295 1034 2511 1104 quidam
2558 1032 2685 1089 dum
2730 1043 2952 1105 peccata
2981 1035 3338 1103 conﬁtentur,
3385 1051 3453 1093 ea
3490 1040 3745 1095 nimirum

2150 1126 2469 1196 quibusdam
2497 1127 2721 1183 vocibus
2768 1127 3050 1192 minuunt,
3096 1127 3225 1183 dum
3267 1144 3328 1184 se
3365 1145 3477 1186 non
3518 1146 3587 1187 ex
3629 1143 3744 1188 toto

2149 1213 2331 1269 animo
2355 1214 2690 1269 commisisse
2714 1215 3027 1271 ostendunt.
3061 1216 3100 1270 E
3128 1224 3324 1272 contra
3367 1226 3548 1274 autem
3581 1221 3740 1278 electi

2148 1305 2249 1361 viri
2279 1306 2497 1375 quando
2526 1320 2587 1362 se
2614 1306 2682 1362 de
2724 1306 2960 1362 minimis
2984 1316 3273 1375 accusant;
3313 1323 3378 1365 ea
3417 1310 3604 1381 utique
3629 1329 3739 1369 non

2148 1397 2301 1467 quasi
2340 1412 2525 1468 parva,
2551 1397 2647 1453 sed
2680 1398 2835 1467 quasi
2860 1412 3054 1469 magna
3091 1400 3462 1470 pronuntiant.
3492 1399 3631 1469 Quid
3652 1413 3735 1459 est

2145 1487 2364 1544 dicere:
2406 1487 2635 1543 Gustans
2674 1492 2914 1561 gustavi,
2965 1491 3065 1548 nisi
3091 1492 3236 1561 quod
3282 1491 3414 1549 foris
3452 1502 3734 1562 peccatum

2146 1581 2386 1646 exercui,
2417 1596 2613 1651 magno
2640 1584 3095 1655 concupiscentiae
3121 1585 3315 1640 ardore
3338 1586 3646 1656 complevi?
3672 1586 3739 1643 Et

2144 1670 2274 1740 quid
2299 1680 2382 1727 est
2406 1682 2532 1743 post
2557 1674 2769 1744 peccati
2804 1675 3201 1731 confessionem
3230 1676 3411 1732 dicere
3432 1713 3450 1741 ,
3494 1675 3699 1734 Moriar
3719 1718 3735 1746 ,

2144 1757 2250 1815 nisi
2276 1769 2505 1816 mortem
2531 1776 2564 1816 a
2589 1777 2649 1817 se
2676 1763 2988 1833 paenitendo
3009 1773 3065 1819 et
3090 1764 3400 1821 conﬁtendo
3426 1766 3731 1836 expellere,

439 1874 555 1914 sors
583 1868 763 1914 nostra
796 1859 951 1930 (Sap.
998 1873 1055 1923 ιι,
1101 1856 1179 1927 8).
1227 1854 1270 1908 Ε
1300 1864 1489 1910 contra
1532 1864 1712 1909 autem
1757 1853 2041 1911 Psalmista
2079 1866 2116 1923 Β
2144 1858 2202 1906 et
2224 1851 2507 1923 expulsam
2535 1852 2766 1909 timere?
2794 1853 2953 1920 Quod
2982 1855 3199 1924 quidem
3228 1856 3447 1927 preprie
3488 1867 3575 1913 est
3623 1859 3734 1915 ele-

439 1964 718 2027 precatur,
751 1954 937 2009 dicens
968 1969 981 2005 :
1024 1950 1187 2022 326
1216 1949 1395 2004 Portio
1421 1967 1569 2015 mea,
1601 1949 1845 2016 Domine,
1888 1950 1953 2003 sit
1980 1950 2037 2003 in

442 2053 581 2100 terra
625 2047 899 2100 viventium
930 2041 1103 2112 (Psal.
1131 2056 1273 2108 cxu,
1323 2040 1399 2112 6).
1433 2040 1587 2107 Quod
1628 2040 1793 2096 etiam
1838 2039 2037 2096 Paulus

439 2136 784 2203 denuntians,
813 2136 889 2190 ait
916 2152 929 2188 :
963 2132 1161 2190 Nostra
1189 2135 1507 2189 conversatio
1533 2135 1586 2187 in
1618 2132 1757 2187 cwlis
1780 2141 1858 2187 est
1882 2131 2037 2203 (Phi-

439 2228 533 2297 lip.
566 2243 643 2293 m,
675 2227 787 2299 ΞΟ).
819 2228 1017 2285 Doctor
1044 2242 1172 2298 ergo
1198 2228 1351 2298 quasi
1388 2227 1720 2297 singulorum
1749 2234 1923 2283 sortes
1949 2233 2035 2280 te-

444 2329 570 2387 net,
600 2319 726 2375 dum
774 2320 1194 2391 uniuscujusque
1238 2320 1707 2376 conversationem
1751 2318 1916 2374 videt.
1963 2317 2034 2373 Et

439 2410 568 2466 dum
611 2412 769 2482 culpa
797 2412 1057 2481 noscitur,
1098 2420 1154 2468 et
1190 2413 1270 2467 rei
1313 2426 1545 2482 persona
1588 2411 1849 2477 nescitur,
1882 2408 2039 2481 quasi

439 2510 614 2559 sortes
641 2503 826 2573 mittit,
856 2503 981 2559 dum
1002 2504 1221 2561 modum
1250 2505 1506 2561 facinoris
1533 2514 1813 2574 comparat
1849 2519 2037 2573 perso-

438 2609 524 2651 na:
571 2596 911 2665 negligentis.
965 2595 1071 2652 Sed
1101 2605 1157 2653 et
1202 2597 1344 2653 forte
1391 2597 1604 2667 culpam
1644 2596 2029 2667 deprehendit,

436 2687 565 2743 dum
590 2687 821 2759 quodam
851 2688 1004 2757 signo
1046 2688 1370 2759 conjectura:
1409 2688 1656 2760 pervenit
1700 2688 1768 2743 ad
1811 2688 2035 2743 eviden-

435 2786 547 2835 tem
577 2781 816 2837 criminis
841 2781 1146 2837 veritatem.
1175 2782 1517 2851 Negligenter
1546 2781 1760 2852 quidem
1784 2783 2030 2853 prmemi-

435 2880 550 2937 net,
577 2872 669 2942 qui
698 2872 1110 2929 commissorum
1134 2874 1237 2929 sibi
1265 2873 1502 2929 ﬁdelium
1532 2874 1706 2929 nescit
1733 2883 1787 2929 et
1815 2874 2031 2930 fortitu-

431 2962 614 3019 dinem
643 2972 698 3019 et
726 2964 1113 3020 inﬁrmitatem.
1146 2964 1316 3021 Nosse
1339 2966 1483 3021 enim
1514 2965 1678 3021 debet
1706 2965 1875 3021 fortes
1896 2966 2029 3021 sub-

432 3054 598 3122 ditos,
629 3056 824 3126 quibus
850 3058 959 3112 sint
982 3056 1269 3112 virtutibus
1299 3056 1438 3126 apti,
1466 3056 1663 3125 quibus
1692 3056 1892 3111 inﬁrmi
1919 3057 2031 3112 sint

432 3146 578 3203 Vitiis
625 3162 721 3217 per
765 3147 1150 3217 negligentiam
1199 3146 1453 3217 proximi.
1498 3145 1676 3201 Nosse
1712 3146 1874 3202 debet
1909 3162 2029 3216 qua:

432 3238 692 3293 virtutum
719 3238 936 3296 devotio
966 3239 1101 3295 istos
1125 3240 1347 3307 excitet,
1369 3255 1489 3310 qua:
1512 3238 1725 3295 illorum
1754 3240 2029 3310 negligen-
2054 3265 2101 3331 ο

433 3330 559 3385 tiam
589 3331 820 3401 qualitas
847 3331 1104 3389 vitiorum
1134 3333 1333 3389 turbet.
1363 3332 1528 3400 Quasi
1557 3346 1689 3401 ergo
1715 3333 1768 3387 in
1795 3334 2027 3389 exterio-

427 3421 579 3479 ribus
608 3433 783 3480 sortes
809 3424 1144 3494 singulorum
1176 3432 1344 3493 tenet,
1383 3424 1509 3479 dum
1550 3424 1808 3494 prtevidet
1832 3424 2026 3494 quibus

425 3506 504 3567 illi
537 3522 763 3583 possunt
787 3515 934 3571 vitiis
972 3515 1149 3581 obrui,
1196 3515 1390 3585 quibus
1432 3515 1519 3571 isti
1566 3515 1853 3571 virtutibus
1882 3515 2027 3570 exal-

427 3604 553 3657 tari.
584 3604 759 3661 Causa
785 3606 948 3676 igitur
974 3607 1191 3678 cognita
1215 3645 1232 3673 ,
1279 3607 1432 3677 quasi
1470 3607 1706 3664 sortibus
1732 3607 1883 3677 signa
1918 3607 2021 3663 im-

428 3694 631 3764 primit,
662 3695 792 3752 dum
832 3699 1066 3768 patentis
1112 3699 1285 3768 culpze
1323 3708 1509 3756 notam
1558 3698 1699 3756 illius
1736 3715 2023 3756 conversa-

430 3785 563 3841 tioni
593 3788 926 3856 ascribimus,
960 3790 1053 3861 qui
1080 3805 1176 3861 per
1204 3791 1587 3860 negligentiam
1615 3806 1840 3861 pronus,
1865 3800 1920 3848 et
1942 3792 2021 3847 vi-

431 3878 587 3934 cinus
616 3879 683 3933 ad
706 3879 835 3935 illud
856 3880 1064 3938 facinus
1085 3882 1503 3954 perpetrandum
1530 3890 1657 3939 ante
1684 3883 1850 3939 fuisse
1870 3883 2022 3940 vide-

428 3969 608 4025 batur.
645 3970 751 4027 Sed
778 3972 1091 4043 conjectura
1141 3974 1258 4030 haec
1279 3973 1545 4030 habeatur
1567 3973 1634 4028 ad
1668 3974 2024 4046 indagandum

429 4063 750 4131 veritatem,
798 4065 1013 4129 nonad
1051 4066 1131 4122 rei
1167 4067 1400 4124 inventae
1428 4064 1807 4124 certitudinem
1829 4106 1848 4136 ,
1895 4068 2024 4139 quia

426 4152 537 4209 illic
558 4155 741 4210 statim
765 4156 1038 4213 subditum
1067 4165 1152 4214 est
1178 4175 1192 4212 :
1900 4158 1909 4162 ”

501 4267 677 4338 (Vers.
712 4270 827 4341 43.)
871 4272 1017 4329 Dixit
1044 4283 1215 4330 autem
1242 4274 1377 4332 ιςαηί
1399 4276 1469 4331 ad
1485 4276 1805 4336 Ionatham:
1834 4279 2022 4335 Indica

425 4362 552 4415 mihi
580 4363 701 4434 quid
729 4365 935 4435 feceris.

498 4472 588 4528 54.
630 4473 767 4542 Quid
793 4485 876 4533 est
901 4479 1045 4536 enim
1074 4482 1219 4551 quod
1242 4492 1431 4554 captus
1460 4486 1827 4558 interrogatur
1852 4528 1869 4555 ,
1919 4488 2022 4545 nisi

426 4565 553 4634 quia
584 4567 786 4637 culpae,
826 4584 945 4638 quae
982 4571 1151 4640 signis
1186 4582 1282 4629 aut
1317 4576 1645 4647 conjecturis
1673 4579 2024 4651 deprehensa:

422 4654 694 4723 videntur,
724 4658 980 4716 ferienda:
1008 4660 1182 4719 adhuc
1210 4681 1319 4721 non
1345 4669 1515 4723 sunt?
1543 4670 1707 4738 Quasi
1737 4670 1881 4726 enim
1904 4670 2016 4740 jam
2046 4697 2095 4760 ι)

421 4745 618 4801 vulnus
648 4756 891 4819 tenetur,
920 4753 1015 4808 sed
1043 4754 1217 4811 adhuc
1260 4765 1460 4813 tectum
1490 4770 1591 4816 est.
1643 4761 2017 4833 Discooperia-

422 4846 511 4893 tur
540 4855 693 4910 ergo,
725 4851 783 4898 ut
812 4846 1014 4903 mederi
1041 4848 1240 4916 valeat,
1276 4860 1331 4907 et
1358 4855 1556 4909 curari.
1589 4854 1874 4925 Cogendus
1895 4858 2015 4928 qui-

423 4929 547 4986 dem
575 4942 667 4987 aut
694 4937 1062 4997 admonendus
1087 4950 1193 5012 est,
1235 4953 1292 5000 ut
1320 4947 1554 5017 culpam,
1586 4964 1707 5019 qua:
1729 4949 1840 5019 jam
1866 4952 2016 5006 velut

422 5024 601 5092 palam
625 5031 883 5101 cernitur,
913 5034 1259 5094 conﬁteatur.
1289 5039 1430 5095 Dicit
1457 5056 1585 5109 ergo
1610 5060 1624 5097 :
1672 5042 1859 5099 Indica
1887 5045 2015 5099 milii

422 5117 548 5185 quid
576 5119 781 5191 feceris,
813 5125 937 5193 quia
965 5128 1173 5184 crimen
1202 5133 1346 5200 quod
1369 5133 1570 5203 apertis
1592 5136 1911 5205 quibusdam
1938 5138 2016 5193 iu-

422 5204 573 5263 diciis
602 5214 867 5281 noscitur,
894 5227 1019 5274 ante
1042 5219 1395 5289 judicandum
1420 5239 1527 5279 non
1556 5204 1639 5281 est
1664 5241 1824 5296 quam
1855 5244 2012 5299 aper-

420 5299 623 5359 tissime
652 5304 1074 5367 demonstretur.
1104 5311 1169 5368 Et
1197 5315 1327 5383 quia
1356 5316 1652 5374 electorum
1681 5330 2011 5392 estpeccare

421 5396 477 5481 et
504 5392 836 5464 resipiscere,
864 5401 1049 5471 culpas
1074 5413 1406 5476 perpetrare,
1437 5416 1494 5464 et
1518 5419 1856 5481 perpetratas
1878 5429 2009 5471 con-

422 5476 625 5536 ﬁtendo
651 5485 922 5557 detegere,
954 5493 1232 5563 sequitur:

494 5592 673 5664 (Vers.
703 5598 820 5671 45.)
853 5600 932 5658 °Et
955 5606 1196 5664 indicavit
1233 5612 1282 5667 ei
1308 5611 1590 5687 Jonathas,
1619 5625 1669 5671 et
1708 5616 1784 5671 ait
1817 5634 1830 5671 :
1872 5614 2009 5673 Gus-

2143 1950 2387 2011 ctorum,
2433 1944 2528 2013 qui
2563 1955 2786 2014 peccata
2815 1962 2913 2001 sua
2941 1947 3197 2003 deserunt
3226 1966 3239 2002 :
3272 1957 3328 2003 et
3368 1957 3550 2005 tamen
3578 1951 3695 2008 haec
3717 1994 3734 2021 ,

2140 2035 2295 2105 quasi
2335 2052 2445 2092 non
2489 2036 2736 2108 deserta,
2786 2039 3192 2109 pertimescunt.
3235 2038 3300 2094 Et
3326 2042 3542 2111 quidem
3586 2045 3736 2113 puris

2138 2126 2610 2197 confessionibus,
2655 2138 2711 2185 et
2748 2132 2982 2187 austeris
3028 2132 3361 2203 pmnitentia:
3405 2134 3735 2191 cruciatibus

2136 2217 2340 2290 delent,
2366 2220 2459 2277 sed
2488 2221 2643 2291 quasi
2669 2238 2777 2277 non
2801 2222 2977 2278 deleta
3002 2224 3353 2279 vehementer
3388 2226 3601 2282 timent.
3625 2227 3736 2283 Sed

2138 2312 2271 2384 quid
2300 2323 2420 2381 est,
2452 2314 2597 2384 quod
2625 2316 2741 2369 ait:
2776 2314 2843 2369 In
2885 2318 3180 2371 summitate
3216 2318 3413 2389 νίν-9ιεῖ
3460 2320 3566 2374 nisi
3606 2321 3730 2390 quia

2140 2406 2267 2462 dum
2297 2424 2396 2463 nos
2422 2407 2731 2465 conﬁtendo
2755 2409 3107 2480 insequimur,
3136 2410 3380 2481 proferre
3406 2421 3599 2468 contra
3630 2430 3730 2469 nos

2138 2499 2478 2555 mendacium
2507 2517 2617 2556 non
2645 2500 2921 2558 debemus.
2946 2502 3239 2559 Peccatum
3267 2505 3485 2575 quidem
3514 2505 3569 2559 in
3598 2521 3725 2561 con-

2136 2588 2371 2645 fessione
2416 2592 2754 2662 prodendum
2782 2602 2904 2660 est,
2946 2595 3042 2650 sed
3075 2597 3533 2665 augmentandum
3574 2614 3730 2653 men-

2134 2678 2292 2736 dacio
2339 2696 2446 2735 non
2494 2690 2598 2737 est.
2647 2681 2779 2739 Tale
2806 2684 3026 2754 quidem
3053 2686 3215 2742 debet
3252 2702 3372 2743 esse
3410 2688 3466 2742 in
3515 2685 3732 2747 confes-

2131 2770 2307 2838 sione,
2336 2770 2495 2840 quale
2524 2770 2626 2828 fuit
2662 2774 2716 2828 in
2747 2789 2933 2845 opere.
2980 2773 3051 2829 Ut
3078 2791 3207 2846 ergo
3238 2777 3400 2832 ardor
3431 2780 3727 2849 concupis-

2131 2859 2321 2914 centia:
2348 2860 2487 2916 bene
2512 2862 2793 2932 prodatur,
2827 2864 2957 2919 dicit
2984 2882 3000 2918 :
3034 2864 3259 2921 Gustans
3294 2870 3531 2938 gustavi;
3572 2867 3730 2944 Et’ut

2129 2951 2360 3019 qualitas
2382 2952 2499 3022 ejus
2527 2962 2807 3024 appareat,
2830 2955 3077 3011 subditur
3107 2975 3119 3010 :
3161 2956 3228 3011 In
3252 2960 3407 3030 327
3431 2962 3728 3014 summitate

2126 3046 2306 3113 virgae,
2336 3044 2491 3114 quasi
2520 3045 2663 3101 dicat
2692 3063 2705 3099 :
2751 3046 3023 3103 Audacter
3061 3046 3423 3105 inﬂammatus
3451 3050 3586 3117 feci,
3627 3050 3725 3105 sed

2129 3133 2237 3190 hoc
2264 3135 2387 3191 feci.
2416 3134 2486 3190 Et
2512 3137 2636 3205 quia
2681 3135 2820 3193 ﬁlius
2848 3139 2988 3208 regis
3023 3138 3330 3209 conﬁtetur,
3377 3142 3553 3199 dicit:
3598 3140 3726 3208 Qui:

2130 3234 2244 3280 erat
2270 3226 2326 3281 in
2357 3244 2515 3282 manu
2541 3245 2675 3283 mea.
2721 3229 2880 3299 Virga
2918 3228 3165 3288 Jonathm
3200 3233 3571 3303 prmdicatoris
3596 3235 3722 3293 doc-

2134 3317 2330 3373 trinam
2353 3326 2514 3389 atque
2538 3319 2875 3390 disciplinam
2905 3322 3101 3391 signat.
3126 3322 3259 3390 Qua:
3291 3325 3346 3380 in
3374 3341 3541 3381 manu
3570 3335 3721 3382 tene-

2132 3420 2243 3477 tur,
2271 3411 2488 3482 quando
2518 3428 2627 3468 non
2655 3414 2830 3470 solum
2851 3414 3031 3483 docet,
3062 3417 3160 3473 sed
3180 3419 3325 3488 quod
3350 3418 3515 3475 docet
3537 3460 3553 3487 ,
3585 3434 3719 3490 ope-

2129 3503 2301 3560 rando
2330 3515 2569 3561 exercet.
2601 3505 2740 3573 Quid
2770 3516 2855 3564 est
2880 3523 3011 3579 ergo
3031 3550 3046 3577 ,
3092 3511 3238 3580 quod
3266 3511 3381 3565 ait:
3417 3509 3548 3576 Quae
3567 3519 3674 3567 erat
3694 3551 3714 3578 ,

2130 3613 2261 3666 non,
2293 3598 2423 3663 Quae
2450 3609 2528 3655 est
2556 3602 2612 3655 in
2644 3618 2803 3656 manu
2831 3605 2987 3659 mea?
3018 3604 3120 3663 nisi
3148 3604 3273 3675 quia
3309 3607 3719 3664 mstimationem

2128 3688 2427 3746 electorum
2456 3692 2727 3762 insinuat,
2774 3694 2865 3765 qui
2894 3695 3058 3751 etiam
3104 3711 3228 3753 cum
3270 3714 3437 3769 prava
3476 3699 3719 3755 commit-

2127 3787 2270 3848 tunt,
2300 3783 2699 3851 praedicationis
2727 3787 3026 3844 ministerio
3067 3806 3127 3846 se
3162 3790 3412 3860 indignos
3451 3792 3717 3849 arbitran-

2127 3880 2233 3928 tur.
2253 3874 2534 3946 Dicitergo
2565 3894 2579 3931 :
2613 3878 2681 3933 ιη
2703 3883 2997 3938 summitate
3022 3884 3198 3957 virga,
3221 3903 3336 3957 qua:
3354 3897 3469 3941 erat
3488 3888 3539 3943 in
3562 3904 3716 3943 manu

2128 3982 2263 4021 mea.
2295 3967 2459 4035 Quasi
2487 3970 2672 4029 dicat:
2702 3971 2781 4030 De
2827 3975 2919 4033 illo
2946 3978 3262 4049 superbiens
3308 3983 3529 4052 peccavi
3552 4021 3571 4049 ,
3612 3999 3715 4055 quo

2125 4061 2402 4130 peccando
2428 4079 2516 4120 me
2542 4064 2822 4137 indignum
2844 4067 2969 4126 ieci.
2995 4069 3127 4125 Erat
3153 4086 3283 4142 ergo
3312 4073 3367 4128 in
3389 4089 3555 4130 manu
3576 4090 3713 4143 mea,

2125 4161 2183 4210 et
2209 4170 2319 4211 non
2345 4165 2450 4228 est,
2474 4160 2602 4229 quia
2632 4162 2732 4217 etsi
2762 4162 3051 4233 aliquando
3078 4164 3181 4221 feci
3204 4165 3350 4237 quod
3378 4166 3566 4236 docui,
3588 4168 3709 4223 illud

2124 4243 2270 4314 quod
2296 4248 2575 4317 operando
2600 4253 2747 4306 tenui
2776 4253 3136 4323 superbiendo
3170 4256 3346 4312 amisi.
3372 4255 3527 4314 Nunc
3557 4258 3713 4327 igitur

2124 4341 2321 4399 timore
2349 4347 2667 4414 perterritus
2687 4347 2817 4403 dicit
2843 4368 2857 4403 :
2884 4348 3023 4405 Ecce
3065 4354 3280 4408 morior.
3310 4351 3379 4407 Et
3407 4354 3534 4423 quia
3574 4353 3710 4410 idem

2125 4444 2302 4492 metus
2327 4438 2614 4507 aliquando
2642 4440 2820 4497 divina
2848 4443 3201 4515 inspiratione
3226 4447 3394 4502 menti
3424 4448 3710 4514 incutitur,

2126 4526 2413 4597 aliquando
2440 4533 2861 4590 comminatione
2888 4535 3190 4606 doctorum,
3220 4538 3465 4595 subditur
3489 4558 3503 4593 :

2194 4640 2374 4714 (Vers.
2397 4642 2513 4716 44.)
2551 4643 2622 4700 Et
2649 4648 2725 4701 ait
2749 4647 2882 4703 Saul
2907 4664 2925 4703 :
2954 4648 3085 4705 Hart:
3112 4651 3274 4723 feriat
3305 4651 3435 4707 mihi
3458 4650 3617 4722 Deus,
3659 4658 3711 4707 et

2120 4732 2231 4788 lucc
2253 4735 2453 4803 addat;
2483 4739 2603 4809 quia
2630 4748 2795 4795 morte
2821 4742 3076 4810 morieris,
3107 4742 3357 4799 Jonatlza.

2118 4827 2378 4899 Sequitur
2402 4847 2415 4884 :

2191 4942 2378 5014 (Vers.
2430 4941 2547 5016 45.)
2597 4943 2849 5020 Dimilque
2893 4949 3113 5021 populus
3158 4951 3227 5005 ad
3269 4950 3404 5005 Saul
3445 4968 3460 5005 :
3502 4950 3711 5023 Ergone

2114 5032 2373 5091 Ionathas
2400 5038 2668 5105 morietur,
2698 5043 2786 5111 qui
2835 5043 2959 5113 fecit
2984 5044 3205 5098 salutem
3244 5061 3491 5115 magnam
3529 5046 3585 5099 in
3623 5043 3709 5097 Is-

2114 5129 2271 5183 rael?
2298 5127 2415 5184 Hoc
2444 5133 2593 5202 nefas
2633 5140 2729 5188 est.
2772 5132 2909 5187 Vivit
2940 5133 3226 5200 Dominus,
3266 5137 3311 5190 si
3341 5137 3585 5190 ceciderit
3623 5151 3710 5187 ca-

2118 5219 2272 5288 pillus
2293 5221 2357 5276 de
2379 5225 2546 5293 capite
2570 5225 2681 5295 ejus
2710 5229 2766 5279 in
2792 5233 3025 5291 terram;
3055 5231 3174 5300 quia
3197 5245 3311 5282 cum
3333 5227 3443 5307 Deo
3466 5235 3706 5298 Operatus

2116 5319 2194 5363 est
2213 5312 2383 5368 hodie.
2413 5312 2677 5372 Liberavit
2703 5334 2825 5389 ergo
2848 5318 3070 5391 populus
3102 5317 3412 5387 Ionatham,
3445 5337 3508 5375 ne
3537 5333 3699 5376 mare-

2114 5412 2276 5458 retur.

2187 5525 2276 5583 56.
2316 5526 2455 5595 Quid
2485 5540 2569 5587 est
2606 5545 2736 5602 ergo
2770 5575 2787 5603 ,
2816 5533 2962 5603 quod
3009 5532 3138 5590 dicit
3163 5552 3179 5596 ;
3209 5532 3423 5609 Ergone
3449 5533 3701 5591 Janathas

2116 5623 2383 5689 morietur,
2426 5623 2531 5680 nisi
2559 5625 2688 5696 quia
2714 5633 2743 5665 ι
2788 5624 2925 5684 alius
2950 5625 3019 5687 de
3044 5627 3236 5686 eadem
3265 5629 3427 5702 culpa
3466 5638 3697 5685 morere-

494 5829 524 5862 ι
557 5822 619 5881 In
648 5825 768 5883 aliis
805 5831 1017 5890 excusis
1044 5834 1269 5912 legitur,
1315 5843 1437 5915 quia
1468 5843 1612 5900 aliud
1639 5860 1657 5902 :
1685 5843 1842 5913 Quod
1867 5847 2104 5908 retinere
2129 5866 2237 5910 non
2268 5849 2557 5919 potuimus.
