4052 6338
237 405 335 464 595

1062 405 1131 463 IN
1169 404 1434 464 PRIMUM
1472 399 1713 463 REGUM
1754 399 2270 460 EXPOSITIONES.
2312 433 2381 445 —--
2419 402 2550 459 LIB.
2597 403 2661 460 V.

3406 404 3514 462 394

236 525 352 580 tur?
381 516 584 590 Quibus
612 519 862 576 nimirum
891 520 1069 578 verbis
1097 521 1282 593 populi
1335 523 1490 578 nobis
1519 521 1817 578 ostenditur
1842 521 1896 582 Α
1920 517 2186 588 insinuat,
2227 517 2409 574 dicens
2448 536 2462 574 :
2509 519 2594 574 Sit
2621 534 2789 574 sermo
2830 527 3034 575 vester:
3063 516 3195 586 Est,
3231 527 3308 575 est
3327 563 3342 589 ,
3373 538 3477 576 non
3496 566 3512 591 ,

235 617 401 671 virtus
430 629 636 684 magna:
669 613 1009 669 discretionis
1033 655 1048 680 ,
1095 613 1220 683 quia
1264 614 1316 668 in
1347 613 1642 670 electorum
1688 628 1819 667 exa-

233 709 374 764 mine
404 723 513 763 non
542 706 715 762 solum
737 706 1013 777 culparum
1039 720 1213 761 causae
1235 707 1521 776 pensanda:
1548 713 1694 774 sunt,
1725 703 1820 760 sed

235 803 388 857 etiam
421 801 611 855 merita
643 814 1012 870 personarum.
1037 797 1193 865 Quod
1219 807 1405 869 aperte
1430 799 1512 853 his
1537 799 1716 854 verbis
1733 813 1819 854 os-

234 894 489 960 tenditur,
524 893 649 964 quia
679 909 786 947 non
816 893 937 948 ideo
963 891 1224 947 Jonathas
1259 907 1367 947 non
1396 893 1689 950 moriturus
1735 907 1821 947 as-

231 986 444 1052 seritur,
473 985 599 1054 quia
629 992 746 1040 erat
772 984 912 1040 ﬁlius
942 984 1118 1054 regis,
1162 985 1255 1040 sed
1276 984 1403 1054 quia
1427 985 1480 1039 in
1508 983 1674 1040 Israel
1700 996 1820 1037 ma-

232 1091 389 1148 gnam
419 1077 651 1132 salutem
701 1076 846 1132 fecit.
895 1074 1030 1130 Cum
1075 1089 1206 1145 ergo
1249 1074 1428 1144 magni
1455 1074 1556 1130 viri
1583 1074 1821 1142 cadunt,

231 1169 502 1224 communi
550 1167 752 1238 judicio
805 1166 1053 1223 tradendi
1109 1182 1218 1222 non
1264 1175 1420 1232 sunt,
1471 1165 1597 1237 quia
1642 1165 1822 1236 priora

232 1275 392 1330 opera
421 1267 822 1330 promerentur,
863 1268 922 1313 ut
949 1258 1312 1328 posteriorum
1343 1257 1581 1329 gravitas
1612 1257 1821 1328 levige-

229 1359 334 1407 tur.
363 1351 480 1422 Ipsa
510 1360 691 1406 autem
716 1351 887 1420 culpae
916 1350 1168 1420 levigatio
1199 1365 1308 1405 non
1353 1350 1673 1419 acceptione
1695 1363 1820 1420 per-

229 1459 374 1501 sonae
399 1443 734 1500 decernenda
757 1451 860 1510 est,
891 1444 987 1498 sed
1013 1450 1264 1512 respectu
1295 1442 1494 1512 prioris
1521 1442 1665 1509 vitae,
1689 1440 1818 1510 quia

230 1534 299 1590 ad
327 1536 718 1590 absolutionem
761 1534 905 1590 illius
955 1543 1156 1589 sancta:
1200 1531 1454 1589 Ecclesiae
1498 1532 1646 1587 lucra
1687 1546 1820 1600 pen-

228 1626 395 1682 Sanda
423 1633 586 1692 sunt,
636 1640 744 1681 non
775 1624 1006 1680 carnalis
1046 1621 1260 1679 affectio
1311 1621 1661 1677 admittenda.
1712 1620 1820 1675 Sed

229 1717 355 1786 quid
399 1717 616 1785 mirum,
645 1718 690 1772 si
718 1717 786 1773 ad
814 1717 1211 1773 absolutionem
1251 1715 1558 1785 peccatoris
1595 1714 1816 1784 propria

1921 626 2045 665 non.
2065 609 2243 665 Nolite
2263 612 2446 682 jurare
2462 629 2553 684 per
2575 613 2774 679 costum,
2794 630 2956 686 neque
2977 631 3067 684 per
3087 623 3276 667 terram
3296 612 3508 683 (Matth.

1921 718 1972 767 v,
2000 703 2113 773 ⁵57).
2161 702 2203 757 Ε
2235 713 2422 758 contra
2453 713 2634 760 autem
2679 705 2917 774 reprobi,
2959 713 3016 759 et
3063 704 3261 760 incauti
3292 705 3513 775 quidem

1921 796 2069 856 sunt,
2099 796 2154 843 ct
2177 789 2395 844 discreti
2427 806 2535 845 non
2563 798 2706 845 sunt.
2731 790 2864 845 Nam
2884 805 3027 861 sa-pe
3054 805 3112 846 se
3138 799 3353 846 acturos
3375 792 3514 846 mala

1923 880 2324 949 repromittunt,
2353 888 2408 937 et
2437 896 2693 937 revocare
2722 881 3008 952 promissa,
3040 883 3192 951 quasi
3221 881 3517 953 perjurium

1923 969 2213 1038 incursuri,
2243 988 2353 1028 non
2381 981 2649 1043 satagunt.
2679 972 2816 1029 Hinc
2849 982 2953 1043 est,
2983 973 3132 1044 quod
3163 973 3406 1030 Herodes
3435 973 3519 1028 in-

1921 1069 2080 1118 caute
2101 1061 2336 1131 juravit,
2384 1073 2439 1120 et
2466 1065 2727 1120 nefarium
2751 1065 3128 1136 jusjurandum
3156 1066 3300 1136 quod
3331 1075 3521 1136 protu-

1920 1151 2003 1222 lit,
2030 1154 2083 1208 in
2100 1157 2450 1224 praecursoris
2466 1156 2679 1213 Domini
2702 1166 2878 1213 morte
2894 1158 3187 1229 complevit
3208 1156 3404 1229 (Marc.
3416 1156 3517 1229 vi).

1918 1245 2075 1301 Canti
2106 1261 2237 1318 ergo
2276 1249 2330 1304 in
2361 1251 2561 1307 nostris
2599 1251 3041 1322 dispositionibus
3071 1266 3192 1309 esse
3228 1252 3522 1320 debemus,

1919 1340 2017 1396 sed
2064 1342 2110 1397 si
2139 1343 2282 1398 cauti
2322 1358 2444 1399 esse
2490 1344 2842 1415 negligimus,
2894 1344 3353 1416 praetermittenda
3398 1349 3527 1400 sunt

1925 1434 2222 1504 proposita,
2253 1450 2360 1490 non
2382 1435 2674 1505 implenda.
2709 1437 2800 1493 Sic
2828 1437 3029 1508 quippe
3058 1452 3090 1492 a
3127 1435 3408 1508 proposito
3429 1436 3525 1491 de-

1926 1530 2117 1586 sistere
2147 1547 2253 1587 non
2283 1540 2367 1588 est
2388 1533 2577 1588 vitium
2606 1533 2838 1590 levitatis
2857 1575 2873 1601 ,
2915 1534 3009 1589 sed
3037 1534 3210 1588 virtus
3239 1533 3524 1589 discretio-

1930 1621 2032 1675 nis.
2061 1620 2260 1677 Tamen
2274 1621 2459 1691 jurare
2480 1640 2600 1694 quae
2627 1625 2934 1681 revocanda
2960 1633 3088 1680 sunt
3107 1631 3164 1679 et
3184 1623 3521 1692 detestanda,

1930 1716 2150 1770 omnino
2180 1717 2476 1772 cavendum
2506 1726 2628 1787 est,
2674 1726 2728 1773 et
2767 1719 3118 1775 vehementer
3153 1717 3482 1774 horrendum
3507 1759 3523 1785 ,

224 1809 418 1862 merita
448 1807 828 1877 suﬁragantur,
859 1809 1077 1878 quando
1107 1809 1160 1861 in
1188 1807 1327 1862 sacri
1356 1806 1558 1876 eloquii
1588 1805 1822 1861 auctori-
1852 1829 1902 1890 Β
1930 1805 2055 1875 quia
2078 1822 2200 1861 cum
2230 1806 2337 1861 tale
2370 1806 2754 1877 jusjurandum
2793 1823 2902 1865 non
2940 1809 3226 1878 impletur,
3272 1825 3380 1865 non
3409 1824 3526 1865 om-

226 1905 337 1955 tate
369 1901 653 1967 discamus,
689 1899 815 1968 quia
849 1900 938 1953 alii
962 1915 1060 1970 pro
1083 1899 1202 1955 aliis
1227 1899 1444 1954 liberati
1467 1898 1638 1952 sunt?
1673 1897 1823 1951 Alio-

222 2006 346 2048 rum
387 1989 603 2061 quidem
643 1991 788 2046 bono
832 2005 999 2060 opere
1033 1989 1124 2044 alii
1176 1989 1518 2058 adjuvantur,
1569 1988 1712 2042 sicut
1755 1987 1823 2042 ad

222 2092 544 2152 peccantem
593 2096 773 2151 regem
829 2081 1178 2136 Salomonem
1224 2095 1254 2134 a
1302 2079 1533 2134 Domino
1580 2078 1819 2133 dicitur:

225 2171 370 2236 Quia
414 2189 515 2226 non
544 2172 810 2226 custodisti
836 2180 1093 2241 prtecepta
1142 2186 1287 2238 mea,
1336 2169 1662 2240 disrumpens
1687 2171 1826 2224 scin-

223 2261 352 2316 dam
379 2280 586 2334 regnum
618 2272 758 2316 tuum
781 2303 796 2329 ,
845 2270 892 2315 et
917 2261 1048 2315 dabo
1085 2261 1217 2314 illud
1267 2277 1411 2316 servo
1454 2271 1558 2316 tuo.
1595 2259 1825 2316 'Verum-

224 2363 402 2408 tamen
432 2357 486 2408 in
516 2356 694 2409 diebus
722 2355 822 2408 tuis
852 2371 953 2408 non
979 2354 1172 2424 faciam
1198 2361 1406 2425 propter
1432 2352 1602 2408 Dauid
1628 2364 1828 2423 patrem

229 2454 396 2512 tuum,
425 2446 515 2500 sed
535 2447 597 2500 de
620 2462 776 2500 manu
803 2446 904 2516 filii
930 2447 1001 2499 tui
1029 2446 1264 2501 scindam
1289 2446 1420 2501 illud
1448 2444 1573 2520 (ΙΙΙ
1596 2445 1727 2516 Reg.
1752 2463 1824 2513 x1,

221 2535 249 2591 1
265 2538 341 2607 l).
370 2536 506 2593 Hinc
529 2547 610 2593 est
633 2538 778 2608 quod
808 2552 917 2592 non
944 2537 1116 2592 solum
1137 2545 1347 2608 patrum
1370 2552 1536 2608 opera
1562 2536 1683 2593 ﬁliis
1702 2552 1829 2607 pro-

221 2638 376 2696 sunt,
407 2629 503 2685 sed
531 2630 695 2685 etiam
721 2630 866 2685 cives
895 2645 996 2700 pro
1034 2631 1240 2686 civibus
1271 2630 1580 2686 liberandos
1607 2631 1828 2700 agnovi-

219 2739 367 2780 mus.
399 2722 715 2778 Evertendze
739 2723 957 2794 quidem
986 2722 1239 2779 Sodomae
1267 2739 1328 2780 se
1356 2725 1605 2795 promisit
1634 2723 1819 2779 Domi-

217 2828 322 2870 nus
352 2830 600 2884 parcere,
630 2815 678 2870 si
714 2815 769 2869 in
795 2830 859 2870 ea
886 2821 1094 2870 tantum
1123 2815 1310 2871 decem
1333 2814 1511 2885 justos
1553 2816 1822 2871 inveniret

219 2904 387 2978 (Gen.
416 2907 592 2976 xvm).
614 2905 912 2962 Jerusalem
942 2921 1157 2975 quoque
1179 2906 1374 2976 respici
1404 2905 1824 2963 misericorditer

216 2995 444 3062 dicitur,
495 2998 620 3068 quia
667 2998 942 3069 aliquanta
991 2997 1132 3052 bona
1177 3013 1344 3069 opera
1398 3000 1451 3054 in
1501 3014 1564 3054 ea
1605 2998 1824 3055 inventa

214 3097 382 3148 Sunt.
432 3089 566 3146 Hinc
606 3100 690 3149 est
729 3091 874 3163 quod
917 3091 1038 3149 Heli
1064 3091 1174 3146 vita
1212 3093 1432 3164 propria
1471 3093 1650 3162 justus
1675 3132 1691 3159 ,
1726 3093 1824 3150 sed

216 3185 556 3240 auctoritate
586 3187 842 3255 pastorali
888 3187 1144 3242 remissus
1169 3227 1187 3255 ,
1232 3203 1265 3242 a
1303 3187 1420 3244 viro
1449 3187 1546 3244 Dei
1577 3188 1783 3244 audivit
1810 3208 1821 3242 :

216 3273 370 3330 Pars
399 3291 587 3346 magna
607 3277 787 3331 domus
820 3285 918 3331 tute
938 3278 1205 3345 morietur,
1236 3295 1352 3332 cum
1378 3278 1447 3332 ad
1477 3279 1674 3334 uirilem
1702 3287 1831 3334 teta-

221 3375 328 3422 tem
361 3371 1069 3437 pervenerit;.verumtamen
1099 3387 1204 3425 non
1250 3373 1487 3443 auferam
1523 3373 1728 3443 penitus
1766 3387 1832 3426 ea:

218 3467 270 3514 te
294 3461 473 3514 virum
494 3459 558 3513 ab
589 3461 743 3515 altari
767 3479 878 3516 meo
911 3461 963 3532 (Ι
988 3461 1121 3534 Reg.
1153 3479 1210 3529 ιι,
1237 3462 1350 3534 55);
1382 3471 1443 3519 ut
1468 3479 1621 3520 sacra
1649 3464 1832 3534 Scrip-

217 3560 348 3608 tura
384 3552 475 3607 hic
505 3563 695 3621 aperte
723 3562 1070 3621 monstraret,
1105 3563 1160 3610 et
1185 3571 1286 3626 pro
1313 3556 1668 3614 dissolutione
1703 3573 1829 3628 per-

217 3657 470 3707 cussum,
511 3650 566 3696 et
601 3659 699 3712 pro
744 3644 1014 3714 praeterita
1044 3646 1460 3702 conversatione
1501 3656 1829 3718 respectum.

215 3731 330 3788 Sed
367 3733 577 3802 percuti
623 3732 853 3789 fortasse
880 3749 948 3789 ex
993 3744 1147 3807 parte
1191 3736 1386 3807 potuit,
1418 3738 1545 3808 quia
1590 3737 1833 3807 qualem-

217 3841 445 3896 cunque
471 3828 593 3883 vitae
632 3829 1028 3886 immunditiam
1076 3833 1282 3888 habuit.
1329 3833 1406 3888 De
1441 3833 1673 3889 Jonatha
1702 3849 1830 3906 ergo

217 3916 378 3974 bene
403 3918 593 3974 dicitur
620 3937 634 3976 :
663 3920 874 3993 Ergone
898 3922 1157 3979 Jonathas
1184 3926 1453 3994 morietur,
1485 3927 1572 3998 qui
1601 3927 1725 3999 fecit
1752 3944 1833 3981 sa-

221 4007 397 4063 lutem
425 4009 552 4064 hanc
586 4029 833 4083 magnam
856 4016 911 4069 in
941 4015 1161 4072 Israel?
1190 4017 1308 4073 Hoc
1346 4021 1496 4090 nefas
1535 4027 1649 4085 est;
1697 4019 1832 4074 Vivit

219 4097 520 4171 Dominus,
538 4105 581 4158 si
606 4107 846 4162 ceciderit
875 4110 1094 4177 capillus
1118 4110 1181 4165 de
1208 4112 1380 4181 capite
1402 4112 1514 4183 ejus
1540 4113 1598 4167 in
1617 4124 1826 4192 terram,

221 4194 358 4263 quia
384 4211 500 4249 cum
527 4196 637 4254 Deo
670 4201 831 4272 328
858 4214 1101 4272 operatus
1128 4213 1204 4258 est
1242 4204 1416 4259 hodie.
1448 4204 1613 4272 Quasi
1641 4193 1785 4262 dicat
1811 4225 1824 4260 ε

221 4284 339 4351 Qui
374 4301 566 4356 magna
612 4306 779 4362 opera
821 4292 970 4360 fecit,
1002 4296 1206 4351 absolvi
1249 4312 1318 4352 ex
1355 4304 1472 4352 toto
1513 4297 1674 4366 digne
1701 4313 1829 4368 pro-

223 4377 454 4431 meruit.
488 4378 622 4445 Quia
650 4382 810 4451 igitur
840 4384 893 4439 in
917 4386 1295 4442 Ecclesiastica
1318 4401 1566 4454 censura,
1595 4387 1698 4443 etsi
1718 4403 1826 4443 non

225 4474 319 4521 est
350 4471 594 4540 acceptio
621 4488 994 4544 personarum,
1028 4487 1111 4533 est
1150 4487 1330 4534 tamen
1371 4478 1630 4534 discretio
1658 4479 1831 4548 ,meri-

225 4565 437 4626 torum,
471 4572 597 4632 apte
623 4566 890 4622 conclusit
917 4570 1267 4636 sententiam,
1298 4570 1483 4626 dicens
1510 4587 1525 4632 ;
1569 4568 1832 4626 Liberavit

226 4665 363 4723 ergo
393 4651 677 4711 Ionatham
706 4662 946 4731 populus,
975 4679 1040 4716 ne
1066 4672 1368 4718 moreretur.

307 4741 405 4798 5'7.
446 4745 564 4812 Quo
594 4748 647 4803 in
676 4749 800 4808 loco
824 4756 1120 4810 notandum
1146 4764 1228 4811 est
1257 4757 1382 4825 quia
1417 4771 1513 4812 rex
1550 4756 1631 4813 bis
1662 4756 1834 4826 jusju-

1929 1897 2059 1953 nino
2084 1898 2242 1969 culpa
2268 1898 2490 1964 vitatur,
2522 1899 2617 1955 sed
2644 1899 2825 1956 minor
2849 1900 3085 1970 eligitur.
3117 1901 3376 1969 Sequitur
3401 1917 3415 1954 :

1953 2011 1962 2020 “
2004 2009 2181 2080 (Vers.
2225 2009 2338 2082 46.)
2391 2009 2720 2081 Recessitque
2768 2010 2921 2079 Saul,
2967 2028 3061 2066 nec
3102 2020 3399 2080 persecutus
3452 2017 3536 2067 est

1931 2101 2240 2158 Philistiim.

2003 2215 2092 2272 58.
2132 2215 2270 2270 Cum
2294 2214 2543 2271 Jonathae
2571 2216 2730 2288 culpa
2769 2217 3056 2287 reperitur,
3087 2231 3211 2272 cum
3258 2215 3534 2286 jusjuran-

1933 2305 2062 2361 dum
2090 2321 2187 2362 rex
2217 2323 2326 2362 non
2355 2307 2648 2377 perfecisse
2685 2309 3049 2378 cognoscitur,
3079 2321 3295 2362 cessare
3339 2306 3534 2364 Philis-

1935 2404 2066 2452 taeos
2094 2399 2346 2470 persequi
2373 2399 2711 2469 perhibetur,
2745 2399 2872 2470 quia
2902 2398 3028 2455 dum
3056 2399 3274 2470 propria
3304 2398 3534 2455 inﬁrmi~

1935 2500 2045 2549 tate
2074 2502 2316 2564 pastores
2338 2495 2713 2566 deprimuntur
2737 2533 2754 2562 ,
2798 2495 2947 2551 lucra
2972 2496 3202 2550 aliorum
3248 2496 3538 2565 exquirere

1933 2585 2146 2641 fortiter
2188 2595 2482 2657 nequeunt.
2531 2587 2760 2644 Cessare
2801 2589 3003 2644 etenim
3041 2590 3295 2659 persequi
3342 2588 3540 2646 Philis—
3572 2652 3591 2669 ﬂ

1933 2684 2086 2742 taeos,
2112 2686 2193 2732 est
2219 2678 2284 2731 ad
2301 2686 2515 2749 tempus
2532 2679 2664 2733 vitia
2691 2679 2919 2734 aliorum
2942 2678 3171 2749 insequi,
3195 2680 3537 2749 praedicando
3580 2747 3596 2764 ἢ

1930 2765 2209 2823 desistere.
2239 2767 2394 2824 Prius
2432 2769 2576 2824 enim
2619 2783 2742 2825 esse
2769 2769 3158 2824 intendendum
3183 2770 3431 2838 judicant
3461 2769 3531 2825 ad

1930 2861 2364 2930 puriﬁcationem
2402 2877 2555 2917 suam
2576 2906 2590 2930 ,
2622 2862 2818 2917 deinde
2857 2863 3069 2931 purgati
3109 2862 3439 2930 vigilandum
3471 2862 3541 2918 ad

1931 2950 2160 3006 salutem
2189 2951 2440 3018 alienam,
2469 2953 2595 3022 quia
2626 2953 2753 3007 dum
2786 2953 2949 3008 silent
2976 2952 3295 3022 semetipsos
3329 2968 3537 3024 praepa-

1931 3053 2094 3112 rant,
2139 3053 2198 3100 ut
2224 3047 2380 3117 quasi
2405 3063 2503 3117 per
2530 3047 2908 3117 paenitentiam
2937 3061 3087 3102 suam
3120 3046 3190 3101 ad
3219 3046 3372 3103 lucra
3402 3047 3539 3104 alio-

1851 3162 1902 3228 c
1932 3153 2053 3193 rum
2082 3139 2296 3195 fortiter
2333 3147 2578 3208 surgant.
2625 3137 2692 3193 Et
2717 3140 2844 3209 quia
2873 3154 3020 3209 Saepe
3048 3139 3173 3193 dum
3203 3138 3398 3193 doctor
3437 3137 3541 3194 sibi

1936 3230 2184 3286 conscius
2212 3229 2352 3295 silet,
2385 3229 2707 3300 quibusdam
2741 3229 2858 3298 ejus
2883 3229 3112 3284 subditis
3137 3228 3358 3299 maligni
3385 3228 3540 3300 spiri-

1934 3332 2040 3389 tus,
2069 3323 2233 3391 impia
2261 3321 2600 3392 suggerendo
2626 3336 2737 3377 non
2760 3322 2941 3376 silent.
2967 3320 3266 3390 Sequitur:

2004 3434 2184 3506 (Vers.
2213 3433 2331 3504 46.)
2371 3434 2540 3490 Porro
2573 3433 2861 3490 Philistiim
2883 3434 3058 3488 abiere
3087 3434 3143 3486 in
3165 3433 3282 3488 loca
3307 3449 3424 3488 sua.

2003 3542 2093 3599 59.
2135 3543 2462 3600 Tacentibus
2507 3543 2727 3616 quidem
2765 3543 3114 3613 doctoribus,
3167 3544 3223 3599 in
3269 3544 3394 3600 loca
3440 3559 3539 3600 sua

1936 3638 2211 3695 daemones
2237 3640 2466 3708 abeunt;
2519 3641 2644 3711 quia
2672 3655 2770 3711 per
2798 3648 3080 3711 pastorum
3107 3639 3384 3696 silentium
3424 3655 3539 3695 non

1933 3742 2182 3806 pereunt,
2217 3735 2318 3790 nisi
2367 3734 2493 3804 quia
2541 3735 2608 3790 ad
2652 3735 2822 3790 vitam
2863 3743 3124 3791 aeternam
3169 3731 3539 3804 praedestinati

1936 3842 2045 3883 non
2071 3834 2215 3883 sunt.
2249 3824 2392 3881 Loca
2420 3827 2621 3882 etenim
2652 3825 2959 3882 dwmonum
3002 3835 3128 3883 sunt
3153 3867 3170 3895 ,
3201 3826 3328 3896 quia
3359 3824 3542 3880 divina

1933 3919 2269 3991 praescientia
2296 3921 2348 3974 in
2375 3921 2741 3977 habitaculum
2763 3921 2860 3976 Dei
2890 3919 3238 3992 praeordinati
3260 3934 3370 3975 non
3391 3924 3542 3974 sunt.

1937 4011 2072 4068 Ilinc
2102 4023 2184 4070 est
2213 4015 2355 4085 quod
2381 4015 2800 4087 praedicantibus
2833 4015 3022 4085 primis
3059 4014 3380 4069 doctoribus
3405 4013 3540 4067 dici-

1937 4111 2024 4158 tur
2055 4122 2068 4157 :
2102 4103 2388 4158 Credebant
2428 4114 2675 4178 quotquot
2707 4105 3067 4174 prtedestinati
3106 4113 3258 4156 erant
3287 4104 3357 4156 ad
3381 4104 3542 4156 vitam

1936 4207 2183 4253 aeternam
2211 4199 2356 4272 (Act.
2389 4216 2511 4267 xm,
2541 4198 2657 4268 48).
2689 4196 2826 4252 Hinc
2853 4196 3052 4252 Paulus
3075 4198 3150 4251 ait
3181 4215 3194 4251 :
3231 4197 3370 4264 Quos
3400 4212 3541 4266 pra:-

1937 4292 2117 4356 scivit,
2149 4300 2199 4344 et
2226 4291 2644 4360 prwdestinavit,
2677 4301 2725 4344 et
2758 4307 2882 4362 quos
2905 4291 3313 4361 prwdestinavit,
3344 4293 3543 4346 vocavit

1938 4380 2124 4454 (Rom.
2157 4397 2286 4449 vni,
2335 4380 2459 4453 50).
2507 4381 2646 4437 Hinc
2685 4390 2769 4437 est
2815 4383 2960 4453 quod
3005 4384 3254 4440 volentes
3305 4383 3543 4456 apostoli

1937 4477 2165 4532 transire
2194 4476 2249 4530 in
2295 4477 2508 4545 Asiam,
2561 4494 2593 4533 a
2634 4477 2838 4550 Spiritu
2868 4489 3058 4538 sancto
3106 4481 3363 4553 prohibiti
3411 4489 3542 4537 sunt

1936 4567 2074 4635 (Act.
2107 4568 2241 4635 xvr).
2275 4567 2378 4634 Qui
2407 4583 2536 4640 ergo
2579 4587 2686 4627 non
2713 4559 3082 4642 “praedestinati
3110 4584 3268 4643 sunt,
3300 4576 3415 4632 sive
3444 4591 3542 4630 au-

1935 4659 2088 4715 diant
2118 4661 2402 4715 doctorum
2427 4663 2591 4718 verba
2611 4704 2625 4730 ,
2660 4663 2772 4719 sive
2816 4683 2928 4722 non
2967 4667 3222 4735 audiant,
3270 4667 3455 4724 vocari
3486 4667 3540 4719 in

1939 4753 2036 4810 Dei
2071 4754 2441 4810 habitaculum
2481 4766 2786 4825 nequeunt,
2827 4760 2951 4829 quia
2989 4775 3087 4830 per
3129 4762 3445 4830 nequitiam,
3486 4758 3542 4812 in

228 4838 472 4895 randum
496 4843 910 4902 ’interfectionis
972 4846 1216 4902 Jonathae
1264 4849 1510 4918 superius
1566 4849 1830 4919 protulit,
1861 4862 2044 4951 una
2097 4855 2225 4904 sunt
2271 4856 2398 4902 ante
2453 4848 2899 4905 constitutionem
2949 4852 3133 4907 mundi
3190 4851 3538 4921 praecogniti,

229 4943 406 5000 quem
455 4941 633 4991 tamen
688 4937 861 4993 victus
917 4938 1101 5008 populi
1152 4941 1404 4994 instantia
1453 4956 1561 4995 non
1610 4942 1824 4997 occidit.

230 5019 386 5087 Quid
414 5033 497 5079 est
517 5027 660 5096 quod
689 5027 911 5097 juravit,
945 5037 1001 5085 et
1026 5029 1320 5098 juramenti
1351 5031 1707 5087 assertionem
1737 5047 1834 5087 ne-

227 5127 515 5184 quaquam
534 5122 828 5183 ,servavit?
873 5121 980 5177 Sed
1022 5138 1089 5178 ex
1118 5123 1220 5177 hac
1245 5138 1306 5178 re
1336 5122 1444 5178 duo
1485 5123 1640 5178 nobis
1669 5123 1833 5178 docu-

231 5217 431 5264 menta
457 5215 800 5282 proveniunt,
833 5223 894 5270 ut
917 5217 1062 5272 cauti
1101 5217 1338 5285 scilicet,
1372 5226 1428 5272 et
1470 5217 1688 5273 discreti
1717 5231 1837 5273 esse

233 5299 560 5361 debeamus.
589 5307 748 5363 Cauti
787 5309 1031 5378 quidem,
1072 5327 1142 5367 ne
1183 5311 1457 5380 juremus,
1491 5311 1748 5379 discreti,
1791 5313 1837 5369 si

235 5405 410 5460 agere
437 5410 689 5464 perversa
711 5399 974 5468 juramus.
1003 5399 1104 5468 Qui
1133 5403 1275 5458 enim
1300 5403 1484 5472 jurare
1513 5413 1687 5473 cavet,
1717 5421 1838 5474 per-

228 5481 432 5554 jurare
475 5490 696 5545 omnino
724 5506 834 5546 non
871 5501 1069 5563 potest.
1121 5494 1228 5550 Sed
1256 5511 1379 5551 cum
1419 5496 1560 5552 male
1593 5497 1840 5567 juratur,

230 5576 444 5645 justius
491 5580 869 5651 jusjurandum
917 5586 1203 5643 dimittitur
1254 5605 1415 5659 quam
1468 5595 1845 5664 compleantur

235 5669 474 5726 crimina
503 5689 624 5743 quae
648 5675 918 5746 jurantur.
959 5678 1042 5736 Sit
1086 5696 1217 5751 ergo
1245 5686 1609 5757 unusquisque
1654 5695 1844 5745 cautus

236 5769 541 5832 antequam
559 5767 720 5838 juret,
744 5780 804 5827 ut
825 5781 918 5828 aut
945 5789 1014 5831 ne
1033 5775 1253 5832 omnino
1275 5777 1440 5847 juret,
1465 5787 1557 5834 aut
1577 5779 1843 5838 facturum

235 5866 308 5908 se
343 5856 482 5914 mala
511 5875 620 5918 non
636 5861 802 5932 juret.
831 5865 1032 5926 (lautos
1060 5869 1279 5938 quidem
1302 5886 1401 5929 nos
1431 5887 1552 5929 esse
1587 5871 1846 5933 Dominus

555 6043 566 6047 _
659 5960 935 6064 Parﬂot.
983 5965 1277 6055 LXXIX.

1939 4940 2116 4995 locum
2143 4941 2197 4994 in
2225 4955 2285 4996 se
2315 4941 2561 5009 malignis
2591 4940 2869 5010 spiritibus
2895 4951 3242 5012 paraverunt.
3276 4941 3421 4996 Bene
3443 4939 3542 5010 igi-

1939 5039 2055 5099 tur,
2108 5032 2234 5087 dum
2278 5033 2490 5104 insequi
2532 5033 2835 5090 Philistacos
2876 5036 3038 5107 329
3081 5050 3296 5091 cessare
3341 5035 3541 5107 [Forte

1940 5122 2162 5194 cessari]
2194 5123 2406 5193 dicitur,
2437 5125 2491 5180 in
2520 5126 2638 5182 loca
2659 5141 2755 5182 sua
2784 5125 3057 5182 daemones
3077 5127 3272 5182 abiisse
3296 5126 3540 5182 referun—
3599 5187 3609 5196 ί

1941 5225 2051 5284 tur,
2095 5218 2220 5286 quia
2262 5219 2553 5288 aliquando
2591 5220 2688 5275 Dei
2727 5220 3127 5291 dispensatione
3169 5220 3424 5281 doctores
3451 5227 3538 5274 ta—
3609 5281 3617 5286 _

1945 5317 2091 5374 cent,
2125 5317 2184 5363 ut
2223 5309 2328 5364 illis
2358 5312 2657 5366 tacentibus
2700 5312 2754 5366 hi
2794 5313 2884 5381 qui
2917 5311 3128 5366 Domini
3163 5327 3272 5367 non
3314 5320 3459 5378 sunt,
3504 5325 3538 5366 a

1946 5402 2101 5457 malis
2141 5403 2414 5472 spiritibus
2451 5403 2800 5472 recipiantur.
2844 5402 2973 5471 Sed,
3004 5413 3061 5458 ut
3093 5402 3222 5467 dixi,
3265 5417 3387 5457 cum
3416 5409 3540 5474 post

1946 5497 2160 5566 culpam
2208 5505 2454 5567 pastores
2506 5504 2704 5561 tacent,
2753 5498 3074 5567 semetipsos
3124 5496 3430 5564 humiliant,
3480 5504 3543 5552 ut

1946 5593 2162 5665 purgati
2205 5593 2260 5647 in
2307 5592 2662 5648 ministerium
2710 5590 3108 5662 praedicationis
3136 5599 3387 5662 potenter
3414 5605 3539 5646 sur-

1949 5693 2094 5756 gant.
2125 5684 2265 5740 Dum
2305 5692 2506 5753 tacent,
2539 5683 2906 5740 inﬁrmitatem
2950 5698 3102 5740 suam
3142 5691 3393 5756 pensant,
3441 5680 3539 5737 sed

1949 5780 2342 5839 considerando
2380 5780 2731 5853 semetipsos,
2777 5788 2966 5837 contra
2995 5781 3239 5838 occultos
3268 5782 3452 5836 hostes
3480 5788 3542 5831 se

1949 5875 2177 5934 validius
2205 5875 2480 5933 roborant.
2519 5872 2664 5933 Unde
2684 5883 2740 5936 et
2765 5875 2907 5938 bene
2934 5874 3276 5948 subjung'itur
3303 5891 3316 5926 :

3082 5977 3156 6038 13
