4052 6338
498 369 608 428 395

1708 347 1961 407 SANCTI
1998 342 2333 404 GREGORII
2367 345 2584 405 MAGNI

3683 336 3795 395 596

568 482 749 552 (Vera.
774 476 891 548 £7.)
914 477 984 531 At
1010 472 1165 544 Soet,
1193 470 1501 543 conﬁrmato
1527 483 1685 539 regno
1715 482 1870 536 super
1898 464 2090 535 Israel,
2116 467 2171 527 Δ
2196 464 2359 523 noxia
2392 462 2708 535 reprobant,
2741 468 2797 518 et
2824 458 3166 534 reprobando
3191 458 3543 532 triumphant.
3572 456 3799 515 Cunctis

500 575 760 650 pugnabat
778 589 872 643 per
897 571 1163 624 circuitum
1186 573 1367 620 contra
1392 563 1631 617 inimicos
1658 560 1790 630 ejus.

571 669 661 725 60.
691 665 1009 730 Debilitatur
1036 658 1251 732 quidem
1292 672 1549 727 regnum,
1580 653 1795 727 quando
1840 661 2087 725 pastores

497 764 549 819 in
585 758 853 829 aliquibus
880 754 1054 826 culpis
1096 751 1315 807 cadunt.
1361 748 1471 805 Sed
1508 748 1686 804 debile
1737 743 2086 803 conﬁrmatur

495 870 618 914 cum
646 866 746 924 per
780 848 1205 909 satisfactionem
1233 843 1561 916 poenitentia
1597 841 1665 896 ad
1704 856 1843 912 opus
1878 852 2086 909 magnae

492 947 709 1004 virtutis
731 945 1031 1015 eriguntur.
1064 938 1133 994 Et
1158 952 1320 1009 super
1339 934 1507 992 Israel
1534 934 1844 991 conﬁrmari
1867 932 2088 1003 dicitur,

493 1041 621 1109 quia
652 1038 784 1095 dum
824 1035 896 1092 ad
938 1034 1063 1090 vita:
1087 1030 1425 1088 altitudinem
1452 1025 1701 1099 proﬁcit,
1755 1042 1852 1081 eos
1891 1026 2091 1096 quibus

493 1129 814 1200 praeeminet
840 1124 1060 1192 ordine,
1090 1122 1258 1179 vincit
1282 1119 1718 1177 conversatione.
1765 1116 2091 1173 Videntibus

495 1223 666 1278 Deum
698 1220 951 1292 praelatus
978 1228 1079 1287 est,
1108 1216 1204 1273 sed
1229 1230 1396 1286 supra
1439 1214 1608 1270 Deum
1637 1212 1882 1268 videntes
1922 1211 2094 1267 extol-

494 1315 642 1380 litur,
680 1329 802 1369 cum
830 1326 943 1382 prae
978 1310 1189 1366 ceteris
1222 1308 1278 1364 in
1308 1307 1491 1363 divina
1540 1304 1830 1361 assumitur
1856 1311 2095 1359 contem-

494 1408 758 1476 platione.
783 1405 975 1462 Merito
997 1418 1125 1474 ergo
1145 1402 1342 1458 dicitur
1361 1419 1374 1454 :
1416 1399 1688 1471 Pugnabat
1708 1406 1893 1454 contra
1912 1413 2093 1452 omnes

496 1508 515 1531 ιι
546 1498 783 1553 inimicos
821 1498 972 1569 ejus,
1011 1503 1061 1551 et
1087 1509 1389 1567 quocunque
1413 1509 1470 1548 se
1493 1490 1718 1547 vertebat
1763 1490 2042 1560 superabat
2071 1504 2092 1544 :

494 1592 621 1662 quia
631 1593 721 1663 qui
735 1601 937 1649 aeterna
952 1591 1112 1647 altius
1122 1590 1408 1661 conspicit,
1426 1588 1583 1645 facile
1592 1585 2095 1657 conteritquidquid

493 1682 561 1739 de
588 1682 787 1739 intimis
804 1682 908 1737 sibi
937 1682 1005 1736 ad
1026 1695 1257 1751 pugnam
1287 1682 1457 1737 venit.
1480 1679 1619 1746 Quia
1640 1679 1783 1734 enim
1811 1678 1959 1733 nulla
1988 1684 2092 1732 ter-

490 1789 623 1830 rena
655 1773 759 1830 sibi
786 1772 895 1841 jam
921 1772 1170 1842 placent,
1208 1771 1304 1841 qui
1346 1784 1444 1838 per
1470 1782 1724 1837 magnam
1764 1767 2092 1822 charitatem

492 1881 654 1935 super
694 1864 882 1932 Israel,
909 1862 963 1917 id
987 1872 1072 1918 est
1104 1863 1161 1916 in
1186 1860 1496 1918 coelestibus
1524 1866 1737 1928 regnat,
1770 1873 2094 1929 quocunque
2125 1846 2171 1909 Β

490 1970 551 2012 se
578 1955 770 2022 vertit,
801 1960 1041 2025 superat.
1066 1952 1205 2019 Quid
1236 1950 1380 2007 enim
1409 1950 1535 2005 huic
1563 1948 1829 2019 malignus
1868 1948 2091 2018 spiritus

492 2055 769 2116 suggerat,
798 2046 892 2117 qui
921 2054 1139 2102 terrena
1186 2045 1333 2100 nulla
1359 2044 1699 2109 considerat,
1726 2045 1819 2115 qui
1848 2042 1970 2099 L'cta
1996 2056 2094 2101 sae

493 2138 600 2195 culi
627 2138 772 2193 nulla
798 2137 910 2206 jam
940 2140 1127 2193 amat?
1156 2137 1368 2206 Pugnat
1392 2137 1610 2203 doctor,
1643 2136 1768 2191 dum
1796 2136 2091 2208 praedicat,

493 2231 587 2287 sed
609 2238 847 2301 superat,
867 2231 991 2301 quia
1014 2229 1159 2300 quod
1177 2230 1525 2300 pra-dicando
1546 2228 1802 2300 prohibet
1822 2226 1889 2283 de
1911 2228 2097 2283 mundi

493 2322 857 2378 delectatione
886 2323 1235 2392 contingere,
1263 2320 1694 2377 conversationis
1733 2320 1933 2375 virtute
1976 2334 2097 2391 per-

492 2408 809 2470 suadet.'Et
837 2414 959 2484 quia
987 2426 1223 2483 pugnare
1258 2413 1315 2469 in
1350 2412 1579 2468 circuitu
1624 2420 1816 2467 contra
1848 2410 2098 2465 inimicos

493 2503 713 2571 dicitur,
742 2517 951 2574 magna:
983 2504 1156 2561 laudis
1192 2504 1311 2574 ejus
1336 2504 1565 2560 victoria
1601 2506 1720 2559 esse
1762 2500 2096 2557 demonstra-

493 2605 601 2654 tur.
636 2594 713 2650 Ex
739 2595 887 2652 omni
916 2592 1131 2665 quidem
1156 2603 1313 2667 parte
1335 2594 1636 2665 perfectum
1660 2607 1780 2650 esse
1804 2590 2092 2649 doctorem

492 2687 673 2755 docet,
705 2688 797 2758 qui
825 2700 895 2743 ex
924 2688 1073 2743 omni
1093 2696 1249 2759 parte
1278 2686 1602 2743 fortissimos
1629 2684 1793 2741 habet
1822 2685 2091 2741 inimicos.

490 2780 629 2837 Dum
659 2794 791 2852 ergo
816 2782 1017 2852 ubique
1056 2783 1195 2838 verti
1240 2790 1295 2838 et
1322 2795 1581 2853 superare
1624 2781 1852 2848 dicitur,
1894 2788 2099 2851 quanta

490 2874 609 2945 ejus
638 2875 807 2945 gloria
838 2876 1200 2946 praedicatur?
1229 2874 1370 2943 Quid
1419 2881 1504 2931 est
1533 2886 1664 2945 ergo
1702 2873 1849 2944 quod
1897 2874 1951 2929 in
1989 2874 2097 2930 cir-

493 2968 640 3022 cuitu
672 2968 860 3024 hostes
878 2967 1082 3024 habere
1104 2966 1323 3035 dicitur,
1349 2967 1451 3023 nisi
1474 2970 1599 3038 quia
1628 2968 1849 3037 maligni
1879 2967 2100 3038 spiritus

2192 577 2322 632 ergo
2350 554 2596 617 sensibus
2632 558 2868 614 victores
2897 567 3051 628 sunt,
3082 559 3173 629 qui
3201 575 3298 634 per
3325 574 3515 617 eorum
3545 554 3789 631 aliquem

2191 656 2348 715 subdi
2370 654 2621 725 malignis
2669 654 2947 725 spiritibus
2974 654 3185 711 nolunt.
3234 653 3342 712 Sed
3370 664 3426 712 et
3473 652 3603 713 dum
3645 652 3799 711 cordi

2194 749 2374 821 inepta
2405 748 2663 817 cogitatio
2693 745 2939 814 oﬁ‘ertur,
2981 748 3155 805 hostis
3198 746 3292 819 qui
3334 748 3658 821 reprobatur
3695 749 3801 804 eli-

2194 843 2358 899 ditur.
2388 841 2491 910 Qui
2532 842 2678 897 enim
2719 841 2884 897 noxia
2929 855 3157 913 qumque
3186 840 3404 911 abjicit,
3451 839 3665 896 hostem
3698 858 3800 910 po-

2196 940 2373 989 tenter
2402 933 2619 1004 premit.
2647 930 2713 989 Et
2742 932 2871 1002 quia
2917 931 3047 988 item
3091 932 3215 989 laeta
3260 934 3583 1000 contemnit,
3617 942 3675 987 et
3702 934 3806 987 ad-

2194 1042 2352 1083 versa
2394 1043 2505 1084 non
2546 1026 2763 1095 metuit,
2795 1040 2913 1098 quae
2958 1024 3177 1096 reliquit
3222 1025 3513 1097 aliquando
3539 1040 3807 1097 perversa

2197 1134 2307 1177 non
2334 1120 2553 1190 repetit,
2585 1127 2643 1175 et
2670 1118 2739 1174 ad
2768 1117 3012 1175 cmlestia
3041 1116 3317 1173 ferventer
3344 1117 3547 1187 currit,
3588 1117 3806 1183 hostes,

2196 1229 2334 1283 quos
2359 1213 2414 1268 in
2445 1213 2673 1269 circuitu
2700 1212 2925 1282 patitur,
2955 1225 3215 1281 superare
3242 1208 3571 1267 declaratur.
3601 1207 3662 1265 In
3691 1209 3812 1279 qui-

2197 1305 2300 1362 bus
2322 1303 2569 1377 profecto
2591 1303 2935 1370 adversariis,
2966 1303 3090 1373 quia
3120 1300 3326 1358 insidirc
3361 1301 3621 1372 opposita:
3648 1301 3813 1371 quin-

2199 1416 2306 1472 que
2336 1399 2709 1472 corporalibus
2732 1398 2982 1454 seusibus
3010 1397 3383 1467 designantur,
3415 1402 3543 1468 apte
3565 1410 3659 1467 per
3677 1395 3815 1465 qui-

2198 1494 2410 1552 narium
2440 1506 2726 1548 numerum
2754 1490 3154 1560 exprimuntur.

2270 1586 2451 1658 (Vers.
2486 1584 2580 1653 b7)
2611 1582 2805 1638 Contra
2835 1580 3015 1648 Moab,
3044 1580 3217 1650 inquit
3230 1570 3328 1649 ,‘et
3362 1578 3505 1651 ﬁlios
3535 1577 3763 1634 Ammon
3790 1618 3815 1651 ,

2198 1690 2249 1735 et
2277 1677 2466 1743 Edam,
2490 1686 2541 1729 et
2568 1690 2743 1746 regem
2769 1672 2936 1739 Suba,
2966 1681 3017 1726 et
3044 1670 3370 1728 Philistwos.
3418 1660 3433 1674 ’

2270 1772 2360 1827 62.
2402 1771 2506 1839 Qui
2551 1772 2698 1828 enim
2743 1772 2982 1842 quinque
3024 1770 3267 1840 gentium
3316 1768 3537 1825 nomina
3584 1769 3820 1840 posuit,

2197 1866 2479 1936 oppositas
2518 1864 2762 1934 quinque
2802 1862 3050 1918 sensibus
3082 1860 3328 1933 corporis
3356 1861 3575 1918 fraudes
3601 1861 3819 1918 daemo-

2197 1973 2325 2013 num
2352 1955 2677 2025 designavit.
2708 1952 2821 2011 Sed
2847 1954 2974 2023 quia
2999 1954 3190 2010 doctor
3214 1970 3321 2010 non
3344 1953 3819 2026 solum1vivendo,

2200 2052 2301 2109 sed
2326 2052 2496 2108 etiam
2524 2050 2778 2106 docendo
2805 2048 3055 2114 dimicat,
3082 2062 3208 2104 cum
3249 2056 3438 2104 contra
3467 2048 3650 2103 omnia
3680 2047 3822 2103 vitia

2200 2144 2464 2214 disputat,
2491 2157 2617 2198 eum
2644 2155 2711 2196 ea
2746 2140 2897 2195 verbi
2933 2138 3114 2209 gladio
3143 2139 3199 2193 in
3227 2137 3537 2193 auditorum
3578 2152 3821 2209 suorum

2200 2235 2471 2291 mentibus
2496 2240 2676 2299 necat,
2706 2231 2961 2287 nimirum
2996 2229 3052 2285 in
3076 2228 3308 2285 circuitu
3336 2235 3392 2283 et
3419 2241 3665 2297 pugnare
3693 2242 3821 2282 cer-

2204 2332 2371 2396 nitur,
2400 2338 2457 2384 et
2479 2339 2809 2397 quomque
2836 2339 2897 2381 se
2920 2323 3084 2379 vertit
3110 2335 3388 2392 superare.
3429 2320 3540 2375 Sed
3562 2320 3825 2390 quaedam

2202 2423 2510 2494 specialiter
2525 2419 2899 2486 nominantur,
2912 2432 3032 2487 quae
3052 2414 3538 2485 sibiprincipaliter
3552 2416 3785 2470 obstant
3802 2433 3816 2468 :

2201 2516 2399 2571 Contra
2432 2512 2615 2582 Moab,
2646 2511 2843 2582 inquit,
2883 2518 2933 2565 et
2962 2509 3105 2580 {itios
3140 2508 3385 2574 Ammon,
3414 2505 3604 2573 Edoni,
3648 2516 3702 2561 et
3732 2524 3829 2561 τοι

2201 2626 2317 2682 gem
2332 2608 2499 2673 Seba,
2514 2616 2572 2663 et
2590 2604 2912 2661 Philistum.
2936 2601 3119 2668 Moab,
3132 2615 3199 2656 ex
3221 2612 3374 2670 patre
3392 2598 3823 2668 interpretatur,

2203 2702 2455 2764 Ammon,
2488 2698 2720 2770 populus
2758 2695 3032 2762 mmroris,
3072 2692 3267 2761 Edoni,
3296 2690 3465 2757 natis,
3510 2689 3683 2757 Suba,
3722 2693 3826 2750 in-

2196 2807 2382 2860 censa,
2424 2790 2541 2846 sive
2586 2795 2935 2851 convertens,
2985 2783 3315 2850 Philistirus,
3348 2781 3545 2854 poculo
3578 2781 3823 2839 cadens.

2203 2881 2348 2949 Quid
2376 2881 2523 2937 enim
2545 2879 2629 2935 his
2658 2877 2970 2935 nominibus
3000 2874 3103 2931 nisi
3129 2872 3331 2943 gradus
3358 2870 3387 2911 δ
3417 2872 3664 2943 pessimae
3687 2873 3830 2928 vita:

2198 2971 2560 3043 exprimitur?
2589 2968 2647 3024 In
2672 2968 2831 3024 Moab
2877 2966 3102 3038 quippe,
3150 2965 3245 3036 qui
3287 2978 3356 3020 ex
3385 2971 3541 3034 patre
3582 2963 3825 3034 dicitur,

495 3056 747 3112 omnibus
775 3056 1021 3113 sensibus
1060 3059 1259 3114 nostris
1283 3056 1646 3113 insidiantur?
1664 3054 1801 3113 Nam
1827 3056 2099 3127 loquendo
2199 3058 2637 3135 concupiscentia
2656 3060 2991 3130 designatur.
3015 3056 3076 3113 ln
3096 3065 3281 3112 mente
3302 3055 3519 3127 quidem
3544 3056 3829 3126 reproba,

495 3149 653 3217 alios,
680 3150 816 3206 alios
862 3149 1096 3205 videndo
1126 3149 1422 3221 decipiunt.
1472 3148 1621 3205 Alios
1666 3164 1767 3220 per
1817 3148 2056 3203 auditum
2080 3188 2096 3216 ,
2122 3158 2175 3226 ο
2203 3157 2384 3227 quiaa
2411 3154 2625 3210 dimoto
2654 3153 2895 3224 ponitur,
2914 3150 3070 3222 quasi
3094 3165 3126 3205 a
3153 3158 3306 3220 patre
3332 3157 3642 3219 generatur.
3665 3147 3830 3214 Quid

493 3241 630 3297 alios
659 3256 757 3312 per
778 3249 991 3311 gustum
1016 3240 1099 3297 vel
1123 3240 1378 3298 olfactum
1404 3240 1616 3297 fallunt.
1638 3240 1788 3298 Alios
1813 3240 1975 3296 etiam
2000 3255 2100 3311 per
2204 3265 2336 3309 γαιο
2378 3262 2476 3319 per
2504 3247 2766 3314 Ammon,
2797 3245 2890 3316 qui
2918 3242 3154 3315 populus
3190 3242 3442 3299 mirareris
3480 3241 3830 3310 interpreta—

492 3334 745 3404 insidias,
775 3332 1130 3399 illecebrosae?
1169 3332 1544 3390 delectationis
1611 3332 1699 3390 vel
1761 3331 2101 3401 cogitationis
2202 3351 2311 3407 ων,
2354 3337 2682 3405 ostendam,
2728 3336 2837 3393 nisi
2877 3334 3184 3406 frequentia
3222 3334 3486 3390 malorum
3536 3348 3775 3405 operum
3800 3336 3831 3391 Ξ

491 3426 808 3497 pertrahere
836 3424 905 3480 ad
933 3425 1302 3481 immundities
1343 3433 1617 3494 satagunt.
1652 3422 1787 3478 Aliis
1827 3423 1961 3478 foris
2000 3422 2101 3477 ob-

488 3535 679 3576 scaena
698 3518 960 3586 oﬁ'erunt,
985 3534 1113 3588 quae
1136 3520 1335 3577 mentis
1356 3519 1751 3575 deliberatione
1778 3522 2093 3585 sequantur.

492 3610 600 3666 Sed
628 3620 687 3666 ut
712 3612 915 3669 rectius
958 3611 1101 3668 hunc
1126 3612 1412 3668 circuitum
1441 3613 1904 3676 demonstremus,
1954 3609 2097 3665 hunc

490 3704 623 3759 dum
645 3704 715 3759 ad
740 3704 863 3759 laeta
888 3706 1241 3773 pertrahunt,
1275 3706 1353 3761 eis
1378 3706 1534 3774 quasi
1562 3704 1628 3760 ad
1658 3704 1937 3759 dexteram
1968 3702 2099 3762 iusi-

494 3794 614 3849 dias
631 3802 859 3864 ponunt.
899 3793 1056 3851 Illum
1082 3795 1211 3851 dum
1239 3811 1338 3866 per
1365 3797 1593 3853 adversa
1622 3794 1884 3864 dejiciunt
1901 3833 1916 3861 ,
1942 3793 2097 3863 quasi

497 3900 528 3941 a
560 3886 692 3942 lava
740 3894 897 3957 parte
938 3886 1333 3956 constringunt.
1385 3886 1495 3943 Nos
1537 3886 1664 3942 dum
1710 3885 1778 3941 ad
1823 3886 2096 3957 praeterita

498 3976 897 4035 oblectamenta
927 3978 1179 4050 invitant,
1203 3979 1357 4049 quasi
1379 3995 1410 4035 a
1431 3987 1579 4037 retro
1604 3978 1965 4050 praecipitant.
1988 3976 2097 4035 Illis

492 4070 651 4139 quasi
674 4070 743 4127 ab
764 4071 1026 4127 anteriori
1052 4081 1209 4142 parte
1251 4072 1501 4138 obviant,
1528 4072 1658 4141 quia
1685 4087 1828 4143 saepe
1856 4070 2098 4128 inﬁrmo-

494 4175 615 4217 rum
644 4163 916 4219 mentibus
946 4162 1205 4220 districtre
1230 4164 1658 4220 conversationis
1695 4173 1751 4220 et
1793 4165 1916 4219 vita:
1969 4164 2092 4220 lon-

497 4255 795 4324 gitudinem
818 4257 972 4325 quasi
990 4258 1326 4313 consulendo
1349 4264 1673 4313 monstrant.
1698 4256 1781 4313 Ab
1803 4266 1929 4313 ante
1948 4258 2093 4315 enim

498 4349 745 4415 veniunt,
776 4349 903 4419 quia
931 4349 1205 4418 proﬁcisci
1236 4348 1303 4405 ad
1339 4350 1536 4407 cretum
1582 4349 1792 4405 animas
1823 4365 1932 4404 non
1968 4364 2093 4420 per-

500 4438 742 4495 mittunt.
798 4440 860 4495 In
900 4440 1127 4496 circuitu
1173 4455 1303 4511 ergo
1352 4443 1600 4499 inimicos
1640 4442 1923 4509 habemus,
1968 4444 2096 4513 quia

2203 3431 2339 3500 Quia
2366 3429 2511 3486 enim
2540 3430 2708 3484 multa
2750 3435 2906 3496 sunt,
2936 3426 3171 3498 populus
3220 3426 3438 3495 dicitur,
3468 3435 3523 3482 et
3564 3425 3689 3495 quia
3742 3427 3833 3484 ad

2202 3527 2388 3581 aeterni
2410 3524 2588 3580 luctus
2608 3520 3025 3578 amaritudinem
3054 3520 3349 3591 reprobum
3368 3534 3834 3589 unumquemque

2198 3616 2537 3688 perducunt,
2565 3614 2818 3671 maeroris
2839 3612 3071 3685 populus
3094 3621 3243 3669 recte
3279 3613 3606 3668 nominatur.
3640 3609 3834 3669 Edon

2202 3724 2356 3779 vero,
2383 3708 2480 3778 qui
2519 3706 2671 3762 rufus
2709 3705 2924 3789 dicitur,
2956 3705 3087 3776 quid
3129 3706 3235 3761 nisi
3275 3705 3538 3776 peccandi
3581 3703 3832 3759 nimium

2203 3799 2473 3857 fervorem
2496 3798 2776 3853 insinuat?
2806 3793 2963 3855 Prius
2992 3798 3135 3852 enim
3162 3812 3389 3868 peccare
3418 3797 3648 3866 quisque
3674 3808 3833 3851 con-

2203 3892 2403 3960 suevit,
2426 3890 2619 3946 deinde
2640 3904 2737 3961 per
2761 3905 2920 3946 usum
2948 3889 3208 3960 peccandi
3234 3888 3449 3960 prolicit
3475 3889 3530 3943 in
3550 3902 3836 3956 augmen-

2204 3991 2319 4040 tum
2344 3982 2594 4050 fervoris,
2628 3990 2685 4037 ut
2709 3996 2939 4054 peccare
2958 3982 3157 4053 saepius
3182 3980 3399 4048 audeat,
3430 3988 3484 4033 et
3511 3980 3636 4045 hoc,
3666 3980 3833 4050 quod

2206 4073 2455 4129 audendo
2486 4073 2800 4144 ingeminat,
2832 4087 3046 4146 semper
3076 4072 3273 4127 iterare
3306 4070 3585 4125 ardentius
3614 4084 3836 4126 concu-

2206 4166 2399 4235 piscat.
2429 4164 2547 4231 Quo
2595 4163 2851 4218 nimirum
2883 4161 3142 4233 peccandi
3182 4163 3377 4216 ardore
3408 4160 3600 4229 agitur,
3646 4169 3710 4213 ut
3775 4163 3838 4217 in

2206 4264 2388 4312 mente
2415 4254 2647 4326 reproba
2674 4254 2931 4325 quidquid
2963 4252 3177 4309 virtutis
3219 4249 3460 4307 autboni
3501 4252 3686 4322 operis
3744 4254 3840 4308 vi-

2204 4349 2330 4416 r-uit,
2360 4348 2727 4405 comburatur.
2757 4346 2981 4403 Incensa
3005 4360 3135 4418 ergo
3160 4354 3289 4417 post
3331 4341 3499 4401 Edom
3540 4342 3599 4401 in
3653 4346 3839 4416 spiri-

2208 4442 2340 4499 tuali
2367 4442 2509 4499 bello
2552 4440 2912 4509 describitur,
2941 4440 3068 4511 quia
3116 4439 3192 4494 ita
3236 4446 3321 4494 est
3341 4438 3569 4510 perditae
3622 4440 3840 4497 mentis

501 4538 652 4599 ante,
681 4538 851 4597 retro,
898 4530 955 4586 in
998 4531 1280 4590 dexteram
1323 4543 1378 4590 et
1417 4536 1693 4591 sinistram
1739 4536 2094 4605 malignorum
2123 4553 2178 4614 D
2206 4550 2383 4599 casus,
2413 4542 2473 4588 ut
2518 4548 2641 4588 cum
2694 4530 2967 4587 ferventer
3012 4529 3153 4585 mala
3200 4543 3531 4600 congregare
3582 4532 3839 4599 nititur,

498 4623 790 4693 spirituum
817 4626 1373 4697 eertamenpatimur.
1406 4625 1560 4684 Unde
1594 4636 1648 4683 et
1676 4628 1867 4684 beatus
1907 4626 2101 4684 Petrus

499 4714 780 4783 apostolus
808 4732 909 4771 nos
937 4717 1270 4784 cohortatur,
1294 4718 1481 4775 dicens
1507 4738 1520 4772 :
1570 4719 1910 4774 Adversarius
1940 4728 2102 4775 vester

500 4803 767 4871 diabolus,
801 4814 1046 4880 tauquam
1074 4808 1153 4863 leo
1181 4810 1389 4881 rugiens
1406 4850 1422 4877 ,
1454 4808 1666 4876 circuit,
1695 4826 1927 4881 quarens
1952 4826 2101 4883 quem

500 4900 740 4964 devoret;
772 4900 853 4954 cui
882 4901 1102 4955 resistite
1132 4903 1291 4973 fortes
1320 4904 1375 4956 in
1404 4902 1512 4974 ﬁde
1543 4900 1595 4973 (I
1620 4902 1769 4957 Petr.
1796 4918 1849 4967 v,
1878 4902 1954 4972 8).

575 4989 664 5044 6i.
687 4990 792 5046 Sed
813 4991 928 5060 jam
958 4991 1086 5049 belli
1105 4993 1393 5049 circuitum
1424 4993 1695 5061 novimus,
1721 4993 1956 5063 qualiter
2000 5008 2103 5065 per

503 5079 783 5134 circuitum
812 5096 968 5152 reges
1010 5083 1261 5152 vincant,
1294 5084 1592 5140 videamus.
1624 5084 1683 5138 In
1732 5085 1958 5141 circuitu
1986 5085 2099 5155 qui-

501 5172 624 5226 dem
652 5171 897 5237 vincunt,
923 5173 1015 5242 qui
1046 5173 1303 5243 linguam,
1326 5182 1483 5240 etus,
1511 5181 1567 5229 et
1597 5174 1806 5245 oculos,
1831 5184 1889 5231 et
1917 5175 2098 5231 omnia

502 5263 750 5333 corporis
784 5264 1027 5321 membra
1051 5266 1120 5321 ab
1147 5264 1332 5321 illicita
1358 5265 1575 5322 actione
1603 5268 1933 5324 custodiunt.
1960 5266 2096 5325 Dum

503 5355 646 5409 enim
695 5355 929 5425 linguam
957 5357 1195 5427 perfecte
1224 5374 1321 5429 per
1344 5359 1615 5414 silentium
1643 5361 1918 5428 muniunt,
1948 5363 2101 5431 quasi

506 5445 559 5500 in
588 5463 691 5502 una
720 5461 876 5518 parte
903 5451 1135 5509 victores
1163 5461 1307 5520 sunt,
1340 5462 1395 5509 et
1422 5452 1549 5508 dum
1578 5454 1760 5510 vident
1789 5456 1960 5511 oculis
1979 5471 2100 5527 qum

509 5542 891 5611 concupiscere
911 5542 1291 5615 dedignantur,
1309 5562 1374 5600 ex
1396 5546 1499 5601 alia
1521 5557 1675 5616 parte
1688 5547 1921 5605 victores
1942 5546 2096 5604 ﬁunt.

508 5626 665 5700 Saepe
698 5630 860 5687 etiam
886 5633 1025 5693 mala
1047 5634 1275 5691 audiunt
1297 5636 1463 5709 330
1489 5644 1542 5693 et
1572 5636 1861 5709 repellunt,
1893 5647 1947 5695 et
1975 5638 2099 5710 quia

586 5836 611 5867 ἰ
640 5826 800 5886 Deest
826 5830 1123 5902 superabat,
1148 5834 1201 5890 in
1224 5834 1391 5893 Gilot.
1417 5847 1472 5894 et
1499 5837 1671 5896 Vatic.

2199 4626 2356 4682 bonis
2403 4625 2650 4681 omnibus
2679 4625 2831 4696 quasi
2876 4639 2973 4694 per
3010 4624 3445 4681 combustionem
3492 4623 3736 4693 perdtis
3769 4632 3834 4679 et

2199 4717 2437 4773 redactis
2455 4716 2525 4771 ad
2545 4716 2772 4771 nihilum
2795 4715 3076 4786 spolietur.
3107 4715 3257 4771 Suba
3288 4716 3451 4772 etiam
3483 4726 3841 4773 convertens

2200 4810 2413 4877 dicitur,
2441 4810 2567 4879 quia
2591 4817 2647 4865 et
2692 4806 2920 4865 formam
2965 4808 3062 4862 Dei
3091 4808 3158 4863 de
3200 4810 3437 4878 reproba
3479 4818 3674 4867 mente
3702 4810 3839 4867 fer-

2198 4918 2331 4959 vens
2357 4911 2640 4975 peccatum
2671 4901 2831 4969 tollit,
2865 4909 2919 4955 et
2946 4901 3085 4957 hanc
3107 4899 3174 4955 ad
3204 4908 3467 4972 apostaue
3496 4904 3682 4971 angeli
3710 4905 3844 4963 for-

2199 5012 2344 5052 mam
2374 4996 2586 5066 redigit.
2616 4994 2694 5050 De
2719 4993 2954 5065 quajam
2984 5010 3081 5063 per
3110 4992 3346 5050 divinam
3368 4997 3711 5051 sententiam
3746 4997 3845 5055 di-

2199 5088 2380 5145 citur:
2411 5086 2541 5143 Cum
2578 5088 2769 5142 venerit
2809 5088 2996 5157 impius
3054 5088 3110 5142 in
3149 5087 3466 5158 profundum
3516 5091 3802 5149 maiorm
3824 5134 3844 5159 ,

2199 5180 2478 5236 contemnit
2500 5178 2681 5253 (Prov.
2704 5195 2867 5245 avni,
2901 5178 2981 5249 5).
3003 5178 3249 5249 Superba
3271 5179 3487 5252 quidem
3520 5197 3683 5237 mens
3708 5184 3850 5253 iam

2200 5277 2382 5333 divina
2424 5274 2677 5331 mandata
2725 5274 2981 5345 despicit,
3030 5283 3086 5331 et
3111 5278 3457 5348 semetipsum
3500 5278 3852 5337 carnalibus

2203 5371 2483 5429 desideriis
2511 5369 2713 5427 subdit.
2745 5367 2877 5436 Quis
2904 5384 3034 5440 ergo
3056 5379 3141 5427 est
3160 5388 3255 5426 rex
3278 5370 3441 5438 Suba,
3466 5371 3569 5426 nisi
3599 5370 3727 5429 ille.
3774 5376 3855 5429 de

2205 5476 2313 5531 quo
2340 5462 2410 5517 ad
2442 5462 2661 5517 beatum
2688 5456 2793 5516 Job
2821 5475 2853 5515 a
2900 5460 3129 5516 Domino
3169 5461 3401 5519 dicitur:
3454 5460 3573 5532 Ipse
3600 5472 3685 5515 αι
3738 5482 3857 5519 αντ

2203 5572 2359 5628 super
2385 5556 2651 5612 universos
2678 5554 2820 5628 ﬁlios
2850 5552 3104 5627 superbia:
3135 5552 3277 5626 (Job.
3304 5570 3415 5624 xu,
3443 5553 3523 5625 2).
3549 5552 3855 5613 Phiiistai

2208 5664 2359 5718 vero,
2389 5648 2482 5720 qui
2505 5647 2701 5721 poculo
2729 5648 2959 5716 cadunt,
2989 5648 3082 5720 qui
3109 5658 3259 5717 sunt,
3285 5647 3393 5707 nisi
3428 5647 3519 5718 qui
3546 5650 3853 5708 omnibus

2274 5840 2302 5881 ιι
2333 5840 2501 5901 Giiot.
2530 5852 2587 5902 et
2614 5841 2814 5915 Vane,
2852 5845 3087 5917 mm
3106 5844 3440 5920 αρήω.
