  <div class='ocr_page' id='page_1' title='image "/cluster/home/n/w/nwhite01/storage/ocr_20150623/79/hvd.32044015469414/204.png"; bbox 0 0 4052 6338; ppageno 0'>
   <div class='ocr_carea' id='block_1_1' title="bbox 344 405 447 463">
    <p class='ocr_par' dir='ltr' id='par_1_1' title="bbox 344 405 447 463">
     <span class='ocr_line' id='line_1_1' title="bbox 344 405 447 463; baseline -0.039 0"><span class='ocrx_word' id='word_1_1' title='bbox 344 405 447 463; x_wconf 73' lang='lat'><strong>397</strong></span> 
     </span>
    </p>
   </div>
   <div class='ocr_carea' id='block_1_2' title="bbox 1158 386 2749 459">
    <p class='ocr_par' dir='ltr' id='par_1_2' title="bbox 1158 386 2749 459">
     <span class='ocr_line' id='line_1_2' title="bbox 1158 386 2749 459; baseline -0.001 -4"><span class='ocrx_word' id='word_1_2' title='bbox 1158 401 1224 459; x_wconf 83' lang='lat' dir='ltr'><strong>IN</strong></span> <span class='ocrx_word' id='word_1_3' title='bbox 1262 390 1525 457; x_wconf 76' lang='lat' dir='ltr'><strong>PRIMUM</strong></span> <span class='ocrx_word' id='word_1_4' title='bbox 1566 390 1804 454; x_wconf 73' lang='lat' dir='ltr'><strong>REGUM</strong></span> <span class='ocrx_word' id='word_1_5' title='bbox 1843 386 2359 454; x_wconf 75' lang='lat' dir='ltr'><strong>EXPOSITIONES.</strong></span> <span class='ocrx_word' id='word_1_6' title='bbox 2400 429 2472 440; x_wconf 91' lang='lat'><strong><em>—</em></strong></span> <span class='ocrx_word' id='word_1_7' title='bbox 2510 398 2640 453; x_wconf 86' lang='lat' dir='ltr'><strong>LIB.</strong></span> <span class='ocrx_word' id='word_1_8' title='bbox 2680 396 2749 454; x_wconf 68' lang='grc' dir='ltr'><strong>ν.</strong></span> 
     </span>
    </p>
   </div>
   <div class='ocr_carea' id='block_1_3' title="bbox 3519 399 3624 461">
    <p class='ocr_par' dir='ltr' id='par_1_3' title="bbox 3519 399 3624 461">
     <span class='ocr_line' id='line_1_3' title="bbox 3519 399 3624 461; baseline -0.01 0"><span class='ocrx_word' id='word_1_9' title='bbox 3519 399 3624 461; x_wconf 77' lang='lat'><strong>598</strong></span> 
     </span>
    </p>
   </div>
   <div class='ocr_carea' id='block_1_4' title="bbox 338 504 3626 593">
    <p class='ocr_par' dir='ltr' id='par_1_4' title="bbox 338 504 3626 593">
     <span class='ocr_line' id='line_1_4' title="bbox 338 504 3626 593; baseline -0 -15"><span class='ocrx_word' id='word_1_10' title='bbox 338 519 660 593; x_wconf 65' lang='lat' dir='ltr'><strong>supradictis</strong></span> <span class='ocrx_word' id='word_1_11' title='bbox 687 514 841 575; x_wconf 84' lang='lat' dir='ltr'><strong>malis</strong></span> <span class='ocrx_word' id='word_1_12' title='bbox 866 516 1002 574; x_wconf 82' lang='lat' dir='ltr'><strong>ebrii</strong></span> <span class='ocrx_word' id='word_1_13' title='bbox 1046 517 1218 573; x_wconf 71' lang='lat' dir='ltr'><strong>sunt?</strong></span> <span class='ocrx_word' id='word_1_14' title='bbox 1260 513 1362 583; x_wconf 85' lang='lat' dir='ltr'><strong>Qui</strong></span> <span class='ocrx_word' id='word_1_15' title='bbox 1401 514 1480 571; x_wconf 87' lang='lat' dir='ltr'><strong>sic</strong></span> <span class='ocrx_word' id='word_1_16' title='bbox 1508 511 1749 572; x_wconf 86' lang='lat' dir='ltr'><strong>coelestia</strong></span> <span class='ocrx_word' id='word_1_17' title='bbox 1790 512 1929 571; x_wconf 77' lang='lat' dir='ltr'><strong>obll-</strong></span> <span class='ocrx_word' id='word_1_18' title='bbox 1958 512 2011 578; x_wconf 75' lang='grc' dir='ltr'>Α</span> <span class='ocrx_word' id='word_1_19' title='bbox 2038 517 2121 569; x_wconf 86' lang='lat' dir='ltr'><strong>tus</strong></span> <span class='ocrx_word' id='word_1_20' title='bbox 2158 510 2375 583; x_wconf 88' lang='lat' dir='ltr'><strong>quidem</strong></span> <span class='ocrx_word' id='word_1_21' title='bbox 2403 510 2579 569; x_wconf 81' lang='lat' dir='ltr'><strong>cordis</strong></span> <span class='ocrx_word' id='word_1_22' title='bbox 2622 504 2814 567; x_wconf 87' lang='lat' dir='ltr'><strong>intenti</strong></span> <span class='ocrx_word' id='word_1_23' title='bbox 2859 510 3198 586; x_wconf 86' lang='lat' dir='ltr'><strong>coelestibus,</strong></span> <span class='ocrx_word' id='word_1_24' title='bbox 3228 525 3419 576; x_wconf 80' lang='lat' dir='ltr'><strong>contra</strong></span> <span class='ocrx_word' id='word_1_25' title='bbox 3444 521 3626 577; x_wconf 84' lang='lat' dir='ltr'><strong>carnis</strong></span> 
     </span>
    </p>
   </div>
   <div class='ocr_carea' id='block_1_5' title="bbox 336 609 1928 680">
    <p class='ocr_par' dir='ltr' id='par_1_5' title="bbox 336 609 1928 680">
     <span class='ocr_line' id='line_1_5' title="bbox 336 609 1928 680; baseline -0.004 -9"><span class='ocrx_word' id='word_1_26' title='bbox 336 616 637 680; x_wconf 80' lang='lat' dir='ltr'><strong>viscantur,</strong></span> <span class='ocrx_word' id='word_1_27' title='bbox 668 620 725 667; x_wconf 91' lang='lat' dir='ltr'><strong>ut</strong></span> <span class='ocrx_word' id='word_1_28' title='bbox 754 612 822 667; x_wconf 83' lang='lat' dir='ltr'><strong>ad</strong></span> <span class='ocrx_word' id='word_1_29' title='bbox 845 613 960 668; x_wconf 69' lang='lat' dir='ltr'><strong>haec</strong></span> <span class='ocrx_word' id='word_1_30' title='bbox 993 611 1249 680; x_wconf 85' lang='lat' dir='ltr'><strong>evigilare</strong></span> <span class='ocrx_word' id='word_1_31' title='bbox 1278 616 1371 664; x_wconf 86' lang='lat' dir='ltr'><strong>aut</strong></span> <span class='ocrx_word' id='word_1_32' title='bbox 1391 609 1503 678; x_wconf 79' lang='lat' dir='ltr'><strong>vix,</strong></span> <span class='ocrx_word' id='word_1_33' title='bbox 1534 616 1627 665; x_wconf 87' lang='lat' dir='ltr'><strong>aut</strong></span> <span class='ocrx_word' id='word_1_34' title='bbox 1650 622 1928 679; x_wconf 84' lang='lat' dir='ltr'><strong>nunquam</strong></span> 
     </span>
    </p>
   </div>
   <div class='ocr_carea' id='block_1_6' title="bbox 338 700 1928 773">
    <p class='ocr_par' dir='ltr' id='par_1_6' title="bbox 338 700 1928 773">
     <span class='ocr_line' id='line_1_6' title="bbox 338 700 1928 773; baseline -0.003 -10"><span class='ocrx_word' id='word_1_35' title='bbox 338 706 643 763; x_wconf 88' lang='lat' dir='ltr'><strong>videantur.</strong></span> <span class='ocrx_word' id='word_1_36' title='bbox 676 702 780 759; x_wconf 83' lang='lat' dir='ltr'><strong>Per</strong></span> <span class='ocrx_word' id='word_1_37' title='bbox 805 703 963 759; x_wconf 84' lang='lat' dir='ltr'><strong>Moab</strong></span> <span class='ocrx_word' id='word_1_38' title='bbox 991 712 1119 773; x_wconf 83' lang='lat' dir='ltr'><strong>ergo</strong></span> <span class='ocrx_word' id='word_1_39' title='bbox 1147 701 1581 771; x_wconf 78' lang='lat' dir='ltr'><strong>concupiscentia</strong></span> <span class='ocrx_word' id='word_1_40' title='bbox 1624 700 1801 758; x_wconf 88' lang='lat' dir='ltr'><strong>carnis</strong></span> <span class='ocrx_word' id='word_1_41' title='bbox 1828 714 1928 758; x_wconf 77' lang='lat' dir='ltr'><strong>ex-</strong></span> 
     </span>
    </p>
   </div>
   <div class='ocr_carea' id='block_1_7' title="bbox 332 790 1927 870">
    <p class='ocr_par' dir='ltr' id='par_1_7' title="bbox 332 790 1927 870">
     <span class='ocr_line' id='line_1_7' title="bbox 332 790 1927 870; baseline -0.003 -16"><span class='ocrx_word' id='word_1_42' title='bbox 332 798 608 870; x_wconf 79' lang='lat' dir='ltr'><strong>primitur,</strong></span> <span class='ocrx_word' id='word_1_43' title='bbox 650 810 749 868; x_wconf 87' lang='lat' dir='ltr'><strong>per</strong></span> <span class='ocrx_word' id='word_1_44' title='bbox 776 794 1027 860; x_wconf 85' lang='lat' dir='ltr'><strong>Ammon,</strong></span> <span class='ocrx_word' id='word_1_45' title='bbox 1072 793 1325 864; x_wconf 81' lang='lat' dir='ltr'><strong>frequens</strong></span> <span class='ocrx_word' id='word_1_46' title='bbox 1365 802 1493 851; x_wconf 84' lang='lat' dir='ltr'><strong>usus</strong></span> <span class='ocrx_word' id='word_1_47' title='bbox 1538 790 1692 848; x_wconf 70' lang='lat' dir='ltr'><strong>malae</strong></span> <span class='ocrx_word' id='word_1_48' title='bbox 1730 806 1927 865; x_wconf 81' lang='lat' dir='ltr'><strong>opera-</strong></span> 
     </span>
    </p>
   </div>
   <div class='ocr_carea' id='block_1_8' title="bbox 336 883 1929 960">
    <p class='ocr_par' dir='ltr' id='par_1_8' title="bbox 336 883 1929 960">
     <span class='ocr_line' id='line_1_8' title="bbox 336 883 1929 960; baseline -0.003 -14"><span class='ocrx_word' id='word_1_49' title='bbox 336 890 500 946; x_wconf 88' lang='lat' dir='ltr'><strong>tionis</strong></span> <span class='ocrx_word' id='word_1_50' title='bbox 525 905 539 957; x_wconf 89' lang='lat'><strong>;</strong></span> <span class='ocrx_word' id='word_1_51' title='bbox 569 902 666 960; x_wconf 90' lang='lat' dir='ltr'><strong>per</strong></span> <span class='ocrx_word' id='word_1_52' title='bbox 693 883 878 953; x_wconf 85' lang='lat' dir='ltr'><strong>Edom,</strong></span> <span class='ocrx_word' id='word_1_53' title='bbox 908 887 1165 960; x_wconf 76' lang='lat' dir='ltr'><strong>peccandi</strong></span> <span class='ocrx_word' id='word_1_54' title='bbox 1199 885 1394 943; x_wconf 78' lang='lat' dir='ltr'><strong>ardens</strong></span> <span class='ocrx_word' id='word_1_55' title='bbox 1433 883 1757 942; x_wconf 84' lang='lat' dir='ltr'><strong>desiderium</strong></span> <span class='ocrx_word' id='word_1_56' title='bbox 1782 903 1797 954; x_wconf 90' lang='lat'><strong>;</strong></span> <span class='ocrx_word' id='word_1_57' title='bbox 1829 896 1929 958; x_wconf 89' lang='lat' dir='ltr'><strong>per</strong></span> 
     </span>
    </p>
   </div>
   <div class='ocr_carea' id='block_1_9' title="bbox 334 975 1925 1048">
    <p class='ocr_par' dir='ltr' id='par_1_9' title="bbox 334 975 1925 1048">
     <span class='ocr_line' id='line_1_9' title="bbox 334 975 1925 1048; baseline -0.001 -13"><span class='ocrx_word' id='word_1_58' title='bbox 334 980 501 1046; x_wconf 90' lang='lat' dir='ltr'><strong>Suba,</strong></span> <span class='ocrx_word' id='word_1_59' title='bbox 525 981 757 1035; x_wconf 73' lang='lat' dir='ltr'><strong>vastatio</strong></span> <span class='ocrx_word' id='word_1_60' title='bbox 777 986 834 1035; x_wconf 83' lang='lat' dir='ltr'><strong>et</strong></span> <span class='ocrx_word' id='word_1_61' title='bbox 853 978 1153 1036; x_wconf 74' lang='lat' dir='ltr'><strong>combustio</strong></span> <span class='ocrx_word' id='word_1_62' title='bbox 1173 978 1462 1045; x_wconf 85' lang='lat' dir='ltr'><strong>virtutum;</strong></span> <span class='ocrx_word' id='word_1_63' title='bbox 1480 992 1578 1048; x_wconf 90' lang='lat' dir='ltr'><strong>per</strong></span> <span class='ocrx_word' id='word_1_64' title='bbox 1601 975 1925 1047; x_wconf 74' lang='lat' dir='ltr'><strong>Philistaeos,</strong></span> 
     </span>
    </p>
   </div>
   <div class='ocr_carea' id='block_1_10' title="bbox 331 1068 1927 1142">
    <p class='ocr_par' dir='ltr' id='par_1_10' title="bbox 331 1068 1927 1142">
     <span class='ocr_line' id='line_1_10' title="bbox 331 1068 1927 1142; baseline -0.002 -12"><span class='ocrx_word' id='word_1_65' title='bbox 331 1074 535 1130; x_wconf 90' lang='lat' dir='ltr'><strong>oblivio</strong></span> <span class='ocrx_word' id='word_1_66' title='bbox 560 1072 882 1130; x_wconf 62' lang='lat' dir='ltr'><strong>caelestium.</strong></span> <span class='ocrx_word' id='word_1_67' title='bbox 924 1071 1061 1127; x_wconf 85' lang='lat' dir='ltr'><strong>Cum</strong></span> <span class='ocrx_word' id='word_1_68' title='bbox 1092 1082 1223 1140; x_wconf 88' lang='lat' dir='ltr'><strong>ergo</strong></span> <span class='ocrx_word' id='word_1_69' title='bbox 1253 1070 1455 1128; x_wconf 89' lang='lat' dir='ltr'><strong>electus</strong></span> <span class='ocrx_word' id='word_1_70' title='bbox 1482 1068 1673 1127; x_wconf 90' lang='lat' dir='ltr'><strong>doctor</strong></span> <span class='ocrx_word' id='word_1_71' title='bbox 1695 1071 1927 1142; x_wconf 88' lang='lat' dir='ltr'><strong>aliquem</strong></span> 
     </span>
    </p>
   </div>
   <div class='ocr_carea' id='block_1_11' title="bbox 331 1164 1929 1236">
    <p class='ocr_par' dir='ltr' id='par_1_11' title="bbox 331 1164 1929 1236">
     <span class='ocr_line' id='line_1_11' title="bbox 331 1164 1929 1236; baseline -0.004 -12"><span class='ocrx_word' id='word_1_72' title='bbox 331 1168 567 1224; x_wconf 83' lang='lat' dir='ltr'><strong>educere</strong></span> <span class='ocrx_word' id='word_1_73' title='bbox 580 1167 649 1222; x_wconf 93' lang='lat' dir='ltr'><strong>de</strong></span> <span class='ocrx_word' id='word_1_74' title='bbox 662 1176 930 1222; x_wconf 83' lang='lat' dir='ltr'><strong>tantorum</strong></span> <span class='ocrx_word' id='word_1_75' title='bbox 942 1165 1258 1236; x_wconf 83' lang='lat' dir='ltr'><strong>laqueorum</strong></span> <span class='ocrx_word' id='word_1_76' title='bbox 1277 1164 1453 1220; x_wconf 89' lang='lat' dir='ltr'><strong>medio</strong></span> <span class='ocrx_word' id='word_1_77' title='bbox 1473 1165 1697 1235; x_wconf 89' lang='lat' dir='ltr'><strong>appetit,</strong></span> <span class='ocrx_word' id='word_1_78' title='bbox 1716 1171 1929 1233; x_wconf 66' lang='lat' dir='ltr'><strong>quantae</strong></span> 
     </span>
    </p>
   </div>
   <div class='ocr_carea' id='block_1_12' title="bbox 331 1255 1929 1330">
    <p class='ocr_par' dir='ltr' id='par_1_12' title="bbox 331 1255 1929 1330">
     <span class='ocr_line' id='line_1_12' title="bbox 331 1255 1929 1330; baseline -0.006 -11"><span class='ocrx_word' id='word_1_79' title='bbox 331 1262 547 1319; x_wconf 82' lang='lat' dir='ltr'><strong>virtutis</strong></span> <span class='ocrx_word' id='word_1_80' title='bbox 575 1269 849 1318; x_wconf 81' lang='lat' dir='ltr'><strong>certamen</strong></span> <span class='ocrx_word' id='word_1_81' title='bbox 878 1259 1034 1330; x_wconf 73' lang='lat'><strong>331</strong></span> <span class='ocrx_word' id='word_1_82' title='bbox 1064 1257 1265 1315; x_wconf 84' lang='lat' dir='ltr'><strong>sumit?</strong></span> <span class='ocrx_word' id='word_1_83' title='bbox 1293 1255 1361 1312; x_wconf 87' lang='lat' dir='ltr'><strong>Et</strong></span> <span class='ocrx_word' id='word_1_84' title='bbox 1388 1257 1511 1327; x_wconf 87' lang='lat' dir='ltr'><strong>quia</strong></span> <span class='ocrx_word' id='word_1_85' title='bbox 1546 1255 1613 1312; x_wconf 90' lang='lat' dir='ltr'><strong>de</strong></span> <span class='ocrx_word' id='word_1_86' title='bbox 1652 1255 1799 1312; x_wconf 91' lang='lat' dir='ltr'><strong>omni</strong></span> <span class='ocrx_word' id='word_1_87' title='bbox 1824 1255 1929 1311; x_wconf 89' lang='lat' dir='ltr'><strong>hoc</strong></span> 
     </span>
    </p>
   </div>
   <div class='ocr_carea' id='block_1_13' title="bbox 330 1342 1928 1426">
    <p class='ocr_par' dir='ltr' id='par_1_13' title="bbox 330 1342 1928 1426">
     <span class='ocr_line' id='line_1_13' title="bbox 330 1342 1928 1426; baseline -0.006 -16"><span class='ocrx_word' id='word_1_88' title='bbox 330 1352 655 1426; x_wconf 82' lang='lat' dir='ltr'><strong>perditionis</strong></span> <span class='ocrx_word' id='word_1_89' title='bbox 678 1351 849 1422; x_wconf 84' lang='lat' dir='ltr'><strong>gradu</strong></span> <span class='ocrx_word' id='word_1_90' title='bbox 870 1365 969 1422; x_wconf 89' lang='lat' dir='ltr'><strong>per</strong></span> <span class='ocrx_word' id='word_1_91' title='bbox 992 1348 1275 1407; x_wconf 87' lang='lat' dir='ltr'><strong>doctorum</strong></span> <span class='ocrx_word' id='word_1_92' title='bbox 1298 1346 1535 1403; x_wconf 81' lang='lat' dir='ltr'><strong>laborem</strong></span> <span class='ocrx_word' id='word_1_93' title='bbox 1567 1342 1634 1402; x_wconf 89' lang='lat' dir='ltr'><strong>ad</strong></span> <span class='ocrx_word' id='word_1_94' title='bbox 1666 1346 1928 1417; x_wconf 84' lang='lat' dir='ltr'><strong>poeniten-</strong></span> 
     </span>
    </p>
   </div>
   <div class='ocr_carea' id='block_1_14' title="bbox 331 1436 1931 1515">
    <p class='ocr_par' dir='ltr' id='par_1_14' title="bbox 331 1436 1931 1515">
     <span class='ocr_line' id='line_1_14' title="bbox 331 1436 1931 1515; baseline -0.006 -13"><span class='ocrx_word' id='word_1_95' title='bbox 331 1445 466 1503; x_wconf 86' lang='lat' dir='ltr'><strong>tiam</strong></span> <span class='ocrx_word' id='word_1_96' title='bbox 498 1446 748 1509; x_wconf 85' lang='lat' dir='ltr'><strong>redeunt,</strong></span> <span class='ocrx_word' id='word_1_97' title='bbox 780 1457 1106 1515; x_wconf 89' lang='lat' dir='ltr'><strong>quocunque</strong></span> <span class='ocrx_word' id='word_1_98' title='bbox 1130 1455 1189 1497; x_wconf 90' lang='lat' dir='ltr'><strong>se</strong></span> <span class='ocrx_word' id='word_1_99' title='bbox 1214 1441 1378 1496; x_wconf 85' lang='lat' dir='ltr'><strong>vertit</strong></span> <span class='ocrx_word' id='word_1_100' title='bbox 1401 1452 1657 1510; x_wconf 87' lang='lat' dir='ltr'><strong>superare</strong></span> <span class='ocrx_word' id='word_1_101' title='bbox 1681 1436 1931 1507; x_wconf 85' lang='lat' dir='ltr'><strong>perhibe-</strong></span> 
     </span>
    </p>
   </div>
   <div class='ocr_carea' id='block_1_15' title="bbox 331 1527 1927 1601">
    <p class='ocr_par' dir='ltr' id='par_1_15' title="bbox 331 1527 1927 1601">
     <span class='ocr_line' id='line_1_15' title="bbox 331 1527 1927 1601; baseline -0.007 -8"><span class='ocrx_word' id='word_1_102' title='bbox 331 1546 441 1594; x_wconf 84' lang='lat' dir='ltr'><strong>tur.</strong></span> <span class='ocrx_word' id='word_1_103' title='bbox 471 1532 817 1592; x_wconf 68' lang='lat' dir='ltr'><strong>Pradicendo</strong></span> <span class='ocrx_word' id='word_1_104' title='bbox 856 1534 1055 1590; x_wconf 89' lang='lat' dir='ltr'><strong>etenim</strong></span> <span class='ocrx_word' id='word_1_105' title='bbox 1103 1528 1388 1601; x_wconf 88' lang='lat' dir='ltr'><strong>aliquando</strong></span> <span class='ocrx_word' id='word_1_106' title='bbox 1435 1527 1927 1599; x_wconf 83' lang='lat' dir='ltr'><strong>concupiscentiam</strong></span> 
     </span>
    </p>
   </div>
   <div class='ocr_carea' id='block_1_16' title="bbox 332 1617 1929 1696">
    <p class='ocr_par' dir='ltr' id='par_1_16' title="bbox 332 1617 1929 1696">
     <span class='ocr_line' id='line_1_16' title="bbox 332 1617 1929 1696; baseline -0.008 -12"><span class='ocrx_word' id='word_1_107' title='bbox 332 1629 390 1684; x_wconf 87' lang='lat' dir='ltr'><strong>in</strong></span> <span class='ocrx_word' id='word_1_108' title='bbox 434 1626 662 1696; x_wconf 73' lang='lat' dir='ltr'><strong>alicujus</strong></span> <span class='ocrx_word' id='word_1_109' title='bbox 688 1625 853 1682; x_wconf 81' lang='lat' dir='ltr'><strong>corde</strong></span> <span class='ocrx_word' id='word_1_110' title='bbox 898 1622 1172 1688; x_wconf 78' lang='lat' dir='ltr'><strong>interficit,</strong></span> <span class='ocrx_word' id='word_1_111' title='bbox 1218 1617 1504 1691; x_wconf 87' lang='lat' dir='ltr'><strong>aliquando</strong></span> <span class='ocrx_word' id='word_1_112' title='bbox 1554 1632 1709 1675; x_wconf 84' lang='lat' dir='ltr'><strong>usum</strong></span> <span class='ocrx_word' id='word_1_113' title='bbox 1746 1630 1929 1686; x_wconf 74' lang='lat' dir='ltr'><strong>prava:</strong></span> 
     </span>
    </p>
   </div>
   <div class='ocr_carea' id='block_1_17' title="bbox 328 1707 1930 1789">
    <p class='ocr_par' dir='ltr' id='par_1_17' title="bbox 328 1707 1930 1789">
     <span class='ocr_line' id='line_1_17' title="bbox 328 1707 1930 1789; baseline -0.006 -15"><span class='ocrx_word' id='word_1_114' title='bbox 328 1717 686 1789; x_wconf 76' lang='lat' dir='ltr'><strong>operationis.</strong></span> <span class='ocrx_word' id='word_1_115' title='bbox 716 1714 876 1772; x_wconf 81' lang='lat' dir='ltr'><strong>Modo</strong></span> <span class='ocrx_word' id='word_1_116' title='bbox 905 1715 1026 1770; x_wconf 93' lang='lat' dir='ltr'><strong>illos</strong></span> <span class='ocrx_word' id='word_1_117' title='bbox 1050 1712 1232 1779; x_wconf 85' lang='lat' dir='ltr'><strong>trahit,</strong></span> <span class='ocrx_word' id='word_1_118' title='bbox 1271 1712 1364 1783; x_wconf 88' lang='lat' dir='ltr'><strong>qui</strong></span> <span class='ocrx_word' id='word_1_119' title='bbox 1391 1711 1445 1767; x_wconf 91' lang='lat' dir='ltr'><strong>in</strong></span> <span class='ocrx_word' id='word_1_120' title='bbox 1475 1723 1629 1765; x_wconf 89' lang='lat' dir='ltr'><strong>usum</strong></span> <span class='ocrx_word' id='word_1_121' title='bbox 1669 1707 1930 1780; x_wconf 83' lang='lat' dir='ltr'><strong>peccandi</strong></span> 
     </span>
    </p>
   </div>
   <div class='ocr_carea' id='block_1_18' title="bbox 328 1800 1929 1877">
    <p class='ocr_par' dir='ltr' id='par_1_18' title="bbox 328 1800 1929 1877">
     <span class='ocr_line' id='line_1_18' title="bbox 328 1800 1929 1877; baseline -0.006 -11"><span class='ocrx_word' id='word_1_122' title='bbox 328 1811 680 1876; x_wconf 77' lang='lat' dir='ltr'><strong>transierant,</strong></span> <span class='ocrx_word' id='word_1_123' title='bbox 720 1807 884 1865; x_wconf 81' lang='lat' dir='ltr'><strong>modo</strong></span> <span class='ocrx_word' id='word_1_124' title='bbox 910 1805 1033 1864; x_wconf 87' lang='lat' dir='ltr'><strong>illos</strong></span> <span class='ocrx_word' id='word_1_125' title='bbox 1058 1806 1151 1877; x_wconf 90' lang='lat' dir='ltr'><strong>qui</strong></span> <span class='ocrx_word' id='word_1_126' title='bbox 1193 1803 1489 1861; x_wconf 87' lang='lat' dir='ltr'><strong>combustis</strong></span> <span class='ocrx_word' id='word_1_127' title='bbox 1524 1814 1579 1860; x_wconf 90' lang='lat' dir='ltr'><strong>et</strong></span> <span class='ocrx_word' id='word_1_128' title='bbox 1608 1800 1675 1859; x_wconf 91' lang='lat' dir='ltr'><strong>ad</strong></span> <span class='ocrx_word' id='word_1_129' title='bbox 1701 1800 1929 1858; x_wconf 89' lang='lat' dir='ltr'><strong>nihilum</strong></span> 
     </span>
    </p>
   </div>
   <div class='ocr_carea' id='block_1_19' title="bbox 2028 598 3624 684">
    <p class='ocr_par' dir='ltr' id='par_1_19' title="bbox 2028 598 3624 684">
     <span class='ocr_line' id='line_1_19' title="bbox 2028 598 3624 684; baseline 0.004 -19"><span class='ocrx_word' id='word_1_130' title='bbox 2028 607 2229 665; x_wconf 89' lang='lat' dir='ltr'><strong>bellum</strong></span> <span class='ocrx_word' id='word_1_131' title='bbox 2256 605 2424 663; x_wconf 82' lang='lat' dir='ltr'><strong>fortes</strong></span> <span class='ocrx_word' id='word_1_132' title='bbox 2447 604 2644 663; x_wconf 86' lang='lat' dir='ltr'><strong>milites</strong></span> <span class='ocrx_word' id='word_1_133' title='bbox 2674 614 2821 663; x_wconf 77' lang='lat' dir='ltr'><strong>sunt&quot;.</strong></span> <span class='ocrx_word' id='word_1_134' title='bbox 2851 598 2971 663; x_wconf 68' lang='lat' dir='ltr'><strong>iam</strong></span> <span class='ocrx_word' id='word_1_135' title='bbox 3000 623 3129 680; x_wconf 88' lang='lat' dir='ltr'><strong>ergo</strong></span> <span class='ocrx_word' id='word_1_136' title='bbox 3160 610 3217 666; x_wconf 88' lang='lat' dir='ltr'><strong>in</strong></span> <span class='ocrx_word' id='word_1_137' title='bbox 3243 604 3510 684; x_wconf 71' lang='lat' dir='ltr'><strong>frequenti</strong></span> <span class='ocrx_word' id='word_1_138' title='bbox 3538 630 3624 671; x_wconf 86' lang='lat' dir='ltr'><strong>as-</strong></span> 
     </span>
    </p>
   </div>
   <div class='ocr_carea' id='block_1_20' title="bbox 2028 692 3627 771">
    <p class='ocr_par' dir='ltr' id='par_1_20' title="bbox 2028 692 3627 771">
     <span class='ocr_line' id='line_1_20' title="bbox 2028 692 3627 771; baseline 0.002 -12"><span class='ocrx_word' id='word_1_139' title='bbox 2028 699 2279 759; x_wconf 81' lang='lat' dir='ltr'><strong>siduitate</strong></span> <span class='ocrx_word' id='word_1_140' title='bbox 2294 714 2514 771; x_wconf 88' lang='lat' dir='ltr'><strong>precum</strong></span> <span class='ocrx_word' id='word_1_141' title='bbox 2537 698 2704 755; x_wconf 89' lang='lat' dir='ltr'><strong>aciem</strong></span> <span class='ocrx_word' id='word_1_142' title='bbox 2721 694 2903 767; x_wconf 87' lang='lat' dir='ltr'><strong>habet,</strong></span> <span class='ocrx_word' id='word_1_143' title='bbox 2925 692 3022 756; x_wconf 91' lang='lat' dir='ltr'><strong>sed</strong></span> <span class='ocrx_word' id='word_1_144' title='bbox 3041 702 3311 759; x_wconf 86' lang='lat' dir='ltr'><strong>exercitus</strong></span> <span class='ocrx_word' id='word_1_145' title='bbox 3330 719 3441 760; x_wconf 91' lang='lat' dir='ltr'><strong>non</strong></span> <span class='ocrx_word' id='word_1_146' title='bbox 3463 721 3627 762; x_wconf 87' lang='lat' dir='ltr'><strong>unam</strong></span> 
     </span>
    </p>
   </div>
   <div class='ocr_carea' id='block_1_21' title="bbox 2030 786 3629 866">
    <p class='ocr_par' dir='ltr' id='par_1_21' title="bbox 2030 786 3629 866">
     <span class='ocr_line' id='line_1_21' title="bbox 2030 786 3629 866; baseline 0.003 -20"><span class='ocrx_word' id='word_1_147' title='bbox 2030 797 2237 846; x_wconf 89' lang='lat' dir='ltr'><strong>tantum</strong></span> <span class='ocrx_word' id='word_1_148' title='bbox 2267 790 2460 857; x_wconf 88' lang='lat' dir='ltr'><strong>aciem,</strong></span> <span class='ocrx_word' id='word_1_149' title='bbox 2489 790 2584 845; x_wconf 90' lang='lat' dir='ltr'><strong>sed</strong></span> <span class='ocrx_word' id='word_1_150' title='bbox 2614 786 2796 861; x_wconf 89' lang='lat' dir='ltr'><strong>plures</strong></span> <span class='ocrx_word' id='word_1_151' title='bbox 2825 786 3008 847; x_wconf 85' lang='lat' dir='ltr'><strong>habet.</strong></span> <span class='ocrx_word' id='word_1_152' title='bbox 3042 790 3233 849; x_wconf 82' lang='lat' dir='ltr'><strong>Adhuc</strong></span> <span class='ocrx_word' id='word_1_153' title='bbox 3257 795 3441 866; x_wconf 81' lang='lat' dir='ltr'><strong>itaque</strong></span> <span class='ocrx_word' id='word_1_154' title='bbox 3469 811 3629 859; x_wconf 74' lang='lat' dir='ltr'><strong>eaer-</strong></span> 
     </span>
    </p>
   </div>
   <div class='ocr_carea' id='block_1_22' title="bbox 2032 878 3629 961">
    <p class='ocr_par' dir='ltr' id='par_1_22' title="bbox 2032 878 3629 961">
     <span class='ocr_line' id='line_1_22' title="bbox 2032 878 3629 961; baseline 0.002 -21"><span class='ocrx_word' id='word_1_155' title='bbox 2032 882 2197 941; x_wconf 89' lang='lat' dir='ltr'><strong>citum</strong></span> <span class='ocrx_word' id='word_1_156' title='bbox 2245 884 2544 956; x_wconf 81' lang='lat' dir='ltr'><strong>perfectum</strong></span> <span class='ocrx_word' id='word_1_157' title='bbox 2572 898 2681 939; x_wconf 92' lang='lat' dir='ltr'><strong>non</strong></span> <span class='ocrx_word' id='word_1_158' title='bbox 2723 878 2911 954; x_wconf 84' lang='lat' dir='ltr'><strong>habet,</strong></span> <span class='ocrx_word' id='word_1_159' title='bbox 2940 892 2997 941; x_wconf 91' lang='lat' dir='ltr'><strong>et</strong></span> <span class='ocrx_word' id='word_1_160' title='bbox 3042 886 3301 943; x_wconf 86' lang='lat' dir='ltr'><strong>Amalech</strong></span> <span class='ocrx_word' id='word_1_161' title='bbox 3340 897 3629 961; x_wconf 75' lang='lat' dir='ltr'><strong>percutere</strong></span> 
     </span>
    </p>
   </div>
   <div class='ocr_carea' id='block_1_23' title="bbox 2031 972 3629 1049">
    <p class='ocr_par' dir='ltr' id='par_1_23' title="bbox 2031 972 3629 1049">
     <span class='ocr_line' id='line_1_23' title="bbox 2031 972 3629 1049; baseline 0.001 -17"><span class='ocrx_word' id='word_1_162' title='bbox 2031 990 2373 1047; x_wconf 83' lang='lat' dir='ltr'><strong>nequaquam</strong></span> <span class='ocrx_word' id='word_1_163' title='bbox 2395 973 2558 1031; x_wconf 83' lang='lat' dir='ltr'><strong>valet.</strong></span> <span class='ocrx_word' id='word_1_164' title='bbox 2583 972 2834 1046; x_wconf 81' lang='lat' dir='ltr'><strong>Nunquid</strong></span> <span class='ocrx_word' id='word_1_165' title='bbox 2855 976 2904 1031; x_wconf 87' lang='lat' dir='ltr'><strong>ei</strong></span> <span class='ocrx_word' id='word_1_166' title='bbox 2931 976 3154 1049; x_wconf 87' lang='lat' dir='ltr'><strong>prodest</strong></span> <span class='ocrx_word' id='word_1_167' title='bbox 3173 976 3316 1049; x_wconf 91' lang='lat' dir='ltr'><strong>quod</strong></span> <span class='ocrx_word' id='word_1_168' title='bbox 3331 977 3629 1049; x_wconf 82' lang='lat' dir='ltr'><strong>jejunando</strong></span> 
     </span>
    </p>
   </div>
   <div class='ocr_carea' id='block_1_24' title="bbox 2029 1060 3627 1143">
    <p class='ocr_par' dir='ltr' id='par_1_24' title="bbox 2029 1060 3627 1143">
     <span class='ocr_line' id='line_1_24' title="bbox 2029 1060 3627 1143; baseline -0.001 -18"><span class='ocrx_word' id='word_1_169' title='bbox 2029 1084 2091 1126; x_wconf 91' lang='lat' dir='ltr'><strong>se</strong></span> <span class='ocrx_word' id='word_1_170' title='bbox 2138 1068 2342 1137; x_wconf 88' lang='lat' dir='ltr'><strong>atterit,</strong></span> <span class='ocrx_word' id='word_1_171' title='bbox 2390 1066 2537 1139; x_wconf 91' lang='lat' dir='ltr'><strong>quod</strong></span> <span class='ocrx_word' id='word_1_172' title='bbox 2566 1060 2633 1123; x_wconf 86' lang='lat' dir='ltr'><strong>ad</strong></span> <span class='ocrx_word' id='word_1_173' title='bbox 2664 1076 2874 1138; x_wconf 87' lang='lat' dir='ltr'><strong>tempus</strong></span> <span class='ocrx_word' id='word_1_174' title='bbox 2903 1069 3107 1125; x_wconf 91' lang='lat' dir='ltr'><strong>orando</strong></span> <span class='ocrx_word' id='word_1_175' title='bbox 3148 1072 3551 1143; x_wconf 88' lang='lat' dir='ltr'><strong>compungitur,</strong></span> <span class='ocrx_word' id='word_1_176' title='bbox 3580 1070 3627 1124; x_wconf 89' lang='lat' dir='ltr'><strong>si</strong></span> 
     </span>
    </p>
   </div>
   <div class='ocr_carea' id='block_1_25' title="bbox 2029 1157 3625 1229">
    <p class='ocr_par' dir='ltr' id='par_1_25' title="bbox 2029 1157 3625 1229">
     <span class='ocr_line' id='line_1_25' title="bbox 2029 1157 3625 1229; baseline 0.001 -16"><span class='ocrx_word' id='word_1_177' title='bbox 2029 1172 2183 1215; x_wconf 90' lang='lat' dir='ltr'><strong>mens</strong></span> <span class='ocrx_word' id='word_1_178' title='bbox 2210 1157 2413 1215; x_wconf 90' lang='lat' dir='ltr'><strong>lubrica</strong></span> <span class='ocrx_word' id='word_1_179' title='bbox 2436 1158 2658 1229; x_wconf 80' lang='lat' dir='ltr'><strong>cogitet,</strong></span> <span class='ocrx_word' id='word_1_180' title='bbox 2690 1166 2745 1214; x_wconf 89' lang='lat' dir='ltr'><strong>et</strong></span> <span class='ocrx_word' id='word_1_181' title='bbox 2774 1158 3150 1229; x_wconf 87' lang='lat' dir='ltr'><strong>phantasmata</strong></span> <span class='ocrx_word' id='word_1_182' title='bbox 3187 1160 3423 1216; x_wconf 63' lang='lat' dir='ltr'><strong>lasciviae</strong></span> <span class='ocrx_word' id='word_1_183' title='bbox 3451 1161 3504 1215; x_wconf 89' lang='lat' dir='ltr'><strong>in</strong></span> <span class='ocrx_word' id='word_1_184' title='bbox 3534 1175 3625 1216; x_wconf 87' lang='lat' dir='ltr'><strong>se—</strong></span> 
     </span>
    </p>
   </div>
   <div class='ocr_carea' id='block_1_26' title="bbox 2030 1248 3631 1322">
    <p class='ocr_par' dir='ltr' id='par_1_26' title="bbox 2030 1248 3631 1322">
     <span class='ocr_line' id='line_1_26' title="bbox 2030 1248 3631 1322; baseline -0.001 -15"><span class='ocrx_word' id='word_1_185' title='bbox 2030 1252 2315 1322; x_wconf 89' lang='lat' dir='ltr'><strong>metipsam</strong></span> <span class='ocrx_word' id='word_1_186' title='bbox 2345 1252 2569 1322; x_wconf 84' lang='lat' dir='ltr'><strong>portet?</strong></span> <span class='ocrx_word' id='word_1_187' title='bbox 2596 1248 2704 1306; x_wconf 90' lang='lat' dir='ltr'><strong>Sed</strong></span> <span class='ocrx_word' id='word_1_188' title='bbox 2729 1249 2904 1307; x_wconf 89' lang='lat' dir='ltr'><strong>vitare</strong></span> <span class='ocrx_word' id='word_1_189' title='bbox 2930 1260 3115 1322; x_wconf 86' lang='lat' dir='ltr'><strong>turpes</strong></span> <span class='ocrx_word' id='word_1_190' title='bbox 3143 1252 3500 1322; x_wconf 86' lang='lat' dir='ltr'><strong>cogitationes</strong></span> <span class='ocrx_word' id='word_1_191' title='bbox 3518 1267 3631 1307; x_wconf 89' lang='lat' dir='ltr'><strong>non</strong></span> 
     </span>
    </p>
   </div>
   <div class='ocr_carea' id='block_1_27' title="bbox 2031 1341 3632 1416">
    <p class='ocr_par' dir='ltr' id='par_1_27' title="bbox 2031 1341 3632 1416">
     <span class='ocr_line' id='line_1_27' title="bbox 2031 1341 3632 1416; baseline -0.003 -14"><span class='ocrx_word' id='word_1_192' title='bbox 2031 1344 2309 1416; x_wconf 69' lang='lat' dir='ltr'><strong>prmvalet,</strong></span> <span class='ocrx_word' id='word_1_193' title='bbox 2338 1345 2427 1413; x_wconf 86' lang='lat' dir='ltr'><strong>qui</strong></span> <span class='ocrx_word' id='word_1_194' title='bbox 2473 1343 2731 1401; x_wconf 83' lang='lat' dir='ltr'><strong>honestas</strong></span> <span class='ocrx_word' id='word_1_195' title='bbox 2760 1343 2815 1399; x_wconf 92' lang='lat' dir='ltr'><strong>in</strong></span> <span class='ocrx_word' id='word_1_196' title='bbox 2836 1358 2895 1399; x_wconf 88' lang='lat' dir='ltr'><strong>sc</strong></span> <span class='ocrx_word' id='word_1_197' title='bbox 2924 1358 3035 1400; x_wconf 92' lang='lat' dir='ltr'><strong>non</strong></span> <span class='ocrx_word' id='word_1_198' title='bbox 3081 1341 3259 1399; x_wconf 87' lang='lat' dir='ltr'><strong>habet.</strong></span> <span class='ocrx_word' id='word_1_199' title='bbox 3307 1342 3443 1411; x_wconf 83' lang='lat' dir='ltr'><strong>Quia</strong></span> <span class='ocrx_word' id='word_1_200' title='bbox 3486 1343 3632 1398; x_wconf 89' lang='lat' dir='ltr'><strong>enim</strong></span> 
     </span>
    </p>
   </div>
   <div class='ocr_carea' id='block_1_28' title="bbox 2030 1434 3634 1509">
    <p class='ocr_par' dir='ltr' id='par_1_28' title="bbox 2030 1434 3634 1509">
     <span class='ocr_line' id='line_1_28' title="bbox 2030 1434 3634 1509; baseline -0.005 -14"><span class='ocrx_word' id='word_1_201' title='bbox 2030 1453 2247 1509; x_wconf 86' lang='lat' dir='ltr'><strong>semper</strong></span> <span class='ocrx_word' id='word_1_202' title='bbox 2274 1434 2605 1509; x_wconf 88' lang='lat' dir='ltr'><strong>cogitamus,</strong></span> <span class='ocrx_word' id='word_1_203' title='bbox 2635 1434 2965 1506; x_wconf 78' lang='lat' dir='ltr'><strong>exquirenda</strong></span> <span class='ocrx_word' id='word_1_204' title='bbox 2996 1442 3123 1490; x_wconf 91' lang='lat' dir='ltr'><strong>sunt</strong></span> <span class='ocrx_word' id='word_1_205' title='bbox 3151 1434 3306 1490; x_wconf 89' lang='lat' dir='ltr'><strong>nobis</strong></span> <span class='ocrx_word' id='word_1_206' title='bbox 3348 1434 3516 1499; x_wconf 85' lang='lat' dir='ltr'><strong>bona,</strong></span> <span class='ocrx_word' id='word_1_207' title='bbox 3561 1447 3634 1488; x_wconf 89' lang='lat' dir='ltr'><strong>ne</strong></span> 
     </span>
    </p>
   </div>
   <div class='ocr_carea' id='block_1_29' title="bbox 2036 1525 3634 1599">
    <p class='ocr_par' dir='ltr' id='par_1_29' title="bbox 2036 1525 3634 1599">
     <span class='ocr_line' id='line_1_29' title="bbox 2036 1525 3634 1599; baseline -0.005 -14"><span class='ocrx_word' id='word_1_208' title='bbox 2036 1530 2176 1585; x_wconf 90' lang='lat' dir='ltr'><strong>mala</strong></span> <span class='ocrx_word' id='word_1_209' title='bbox 2209 1529 2526 1599; x_wconf 79' lang='lat' dir='ltr'><strong>cogitemus.</strong></span> <span class='ocrx_word' id='word_1_210' title='bbox 2552 1525 2691 1595; x_wconf 87' lang='lat' dir='ltr'><strong>Quid</strong></span> <span class='ocrx_word' id='word_1_211' title='bbox 2731 1542 2862 1583; x_wconf 89' lang='lat' dir='ltr'><strong>vero</strong></span> <span class='ocrx_word' id='word_1_212' title='bbox 2886 1534 3016 1583; x_wconf 89' lang='lat' dir='ltr'><strong>sunt</strong></span> <span class='ocrx_word' id='word_1_213' title='bbox 3037 1541 3226 1582; x_wconf 86' lang='lat' dir='ltr'><strong>omnes</strong></span> <span class='ocrx_word' id='word_1_214' title='bbox 3262 1525 3432 1581; x_wconf 65' lang='lat' dir='ltr'><strong>turbae</strong></span> <span class='ocrx_word' id='word_1_215' title='bbox 3460 1525 3634 1580; x_wconf 88' lang='lat' dir='ltr'><strong>bona-</strong></span> 
     </span>
    </p>
   </div>
   <div class='ocr_carea' id='block_1_30' title="bbox 2035 1619 3635 1694">
    <p class='ocr_par' dir='ltr' id='par_1_30' title="bbox 2035 1619 3635 1694">
     <span class='ocr_line' id='line_1_30' title="bbox 2035 1619 3635 1694; baseline -0.002 -17"><span class='ocrx_word' id='word_1_216' title='bbox 2035 1638 2155 1679; x_wconf 89' lang='lat' dir='ltr'><strong>rum</strong></span> <span class='ocrx_word' id='word_1_217' title='bbox 2182 1624 2602 1694; x_wconf 78' lang='lat' dir='ltr'><strong>cogitationum,</strong></span> <span class='ocrx_word' id='word_1_218' title='bbox 2636 1620 2742 1678; x_wconf 88' lang='lat' dir='ltr'><strong>nisi</strong></span> <span class='ocrx_word' id='word_1_219' title='bbox 2769 1620 3189 1678; x_wconf 88' lang='lat' dir='ltr'><strong>innumerabiles</strong></span> <span class='ocrx_word' id='word_1_220' title='bbox 3216 1620 3411 1676; x_wconf 88' lang='lat' dir='ltr'><strong>mentis</strong></span> <span class='ocrx_word' id='word_1_221' title='bbox 3447 1619 3635 1675; x_wconf 82' lang='lat' dir='ltr'><strong>acies?</strong></span> 
     </span>
    </p>
   </div>
   <div class='ocr_carea' id='block_1_31' title="bbox 2033 1710 3635 1778">
    <p class='ocr_par' dir='ltr' id='par_1_31' title="bbox 2033 1710 3635 1778">
     <span class='ocr_line' id='line_1_31' title="bbox 2033 1710 3635 1778; baseline -0.003 -9"><span class='ocrx_word' id='word_1_222' title='bbox 2033 1712 2169 1769; x_wconf 86' lang='lat' dir='ltr'><strong>Nam</strong></span> <span class='ocrx_word' id='word_1_223' title='bbox 2190 1712 2318 1769; x_wconf 90' lang='lat' dir='ltr'><strong>dum</strong></span> <span class='ocrx_word' id='word_1_224' title='bbox 2342 1725 2580 1770; x_wconf 88' lang='lat' dir='ltr'><strong>mentem</strong></span> <span class='ocrx_word' id='word_1_225' title='bbox 2608 1711 2850 1768; x_wconf 88' lang='lat' dir='ltr'><strong>ambiunt</strong></span> <span class='ocrx_word' id='word_1_226' title='bbox 2870 1722 2928 1769; x_wconf 89' lang='lat' dir='ltr'><strong>et</strong></span> <span class='ocrx_word' id='word_1_227' title='bbox 2953 1713 3220 1778; x_wconf 87' lang='lat' dir='ltr'><strong>minuunt,</strong></span> <span class='ocrx_word' id='word_1_228' title='bbox 3243 1710 3311 1767; x_wconf 91' lang='lat' dir='ltr'><strong>ad</strong></span> <span class='ocrx_word' id='word_1_229' title='bbox 3333 1726 3452 1767; x_wconf 85' lang='lat' dir='ltr'><strong>eam</strong></span> <span class='ocrx_word' id='word_1_230' title='bbox 3472 1724 3635 1765; x_wconf 87' lang='lat' dir='ltr'><strong>acce-</strong></span> 
     </span>
    </p>
   </div>
   <div class='ocr_carea' id='block_1_32' title="bbox 2035 1800 3633 1877">
    <p class='ocr_par' dir='ltr' id='par_1_32' title="bbox 2035 1800 3633 1877">
     <span class='ocr_line' id='line_1_32' title="bbox 2035 1800 3633 1877; baseline -0.004 -15"><span class='ocrx_word' id='word_1_231' title='bbox 2035 1804 2164 1863; x_wconf 85' lang='lat' dir='ltr'><strong>dere</strong></span> <span class='ocrx_word' id='word_1_232' title='bbox 2198 1805 2539 1877; x_wconf 88' lang='lat' dir='ltr'><strong>turpissimos</strong></span> <span class='ocrx_word' id='word_1_233' title='bbox 2563 1804 2812 1860; x_wconf 86' lang='lat' dir='ltr'><strong>inimicos</strong></span> <span class='ocrx_word' id='word_1_234' title='bbox 2853 1819 2965 1860; x_wconf 89' lang='lat' dir='ltr'><strong>non</strong></span> <span class='ocrx_word' id='word_1_235' title='bbox 2992 1804 3332 1875; x_wconf 87' lang='lat' dir='ltr'><strong>permittunt.</strong></span> <span class='ocrx_word' id='word_1_236' title='bbox 3373 1800 3443 1856; x_wconf 86' lang='lat' dir='ltr'><strong>Et</strong></span> <span class='ocrx_word' id='word_1_237' title='bbox 3470 1802 3633 1873; x_wconf 70' lang='lat'><strong>332</strong></span> 
     </span>
    </p>
   </div>
   <div class='ocr_carea' id='block_1_33' title="bbox 326 1888 3641 2002">
    <p class='ocr_par' dir='ltr' id='par_1_33' title="bbox 326 1888 3641 2002">
     <span class='ocr_line' id='line_1_33' title="bbox 326 1888 3641 2002; baseline -0.003 -44"><span class='ocrx_word' id='word_1_238' title='bbox 326 1902 568 1958; x_wconf 86' lang='lat' dir='ltr'><strong>redactis</strong></span> <span class='ocrx_word' id='word_1_239' title='bbox 596 1900 903 1966; x_wconf 79' lang='lat' dir='ltr'><strong>virtutibus,</strong></span> <span class='ocrx_word' id='word_1_240' title='bbox 950 1897 1066 1968; x_wconf 86' lang='lat' dir='ltr'><strong>regi</strong></span> <span class='ocrx_word' id='word_1_241' title='bbox 1106 1913 1209 1955; x_wconf 90' lang='lat' dir='ltr'><strong>suo</strong></span> <span class='ocrx_word' id='word_1_242' title='bbox 1256 1896 1473 1953; x_wconf 90' lang='lat' dir='ltr'><strong>diabolo</strong></span> <span class='ocrx_word' id='word_1_243' title='bbox 1519 1895 1677 1967; x_wconf 88' lang='lat' dir='ltr'><strong>quasi</strong></span> <span class='ocrx_word' id='word_1_244' title='bbox 1723 1894 1931 1953; x_wconf 90' lang='lat' dir='ltr'><strong>incensi</strong></span> <span class='ocrx_word' id='word_1_245' title='bbox 1960 1940 2011 2002; x_wconf 73' lang='grc' dir='ltr'><strong>Β</strong></span> <span class='ocrx_word' id='word_1_246' title='bbox 2036 1900 2163 1971; x_wconf 86' lang='lat' dir='ltr'><strong>quia</strong></span> <span class='ocrx_word' id='word_1_247' title='bbox 2175 1896 2462 1970; x_wconf 90' lang='lat' dir='ltr'><strong>cogitando</strong></span> <span class='ocrx_word' id='word_1_248' title='bbox 2484 1897 2551 1954; x_wconf 89' lang='lat' dir='ltr'><strong>ad</strong></span> <span class='ocrx_word' id='word_1_249' title='bbox 2568 1888 2891 1953; x_wconf 87' lang='lat' dir='ltr'><strong>desiderium</strong></span> <span class='ocrx_word' id='word_1_250' title='bbox 2908 1911 3116 1967; x_wconf 70' lang='lat' dir='ltr'><strong>magna:</strong></span> <span class='ocrx_word' id='word_1_251' title='bbox 3131 1895 3378 1966; x_wconf 84' lang='lat' dir='ltr'><strong>puritatis</strong></span> <span class='ocrx_word' id='word_1_252' title='bbox 3394 1893 3641 1967; x_wconf 65' lang='lat' dir='ltr'><strong>accc-div</strong></span> 
     </span>
    </p>
   </div>
   <div class='ocr_carea' id='block_1_34' title="bbox 326 1987 1933 2060">
    <p class='ocr_par' dir='ltr' id='par_1_34' title="bbox 326 1987 1933 2060">
     <span class='ocr_line' id='line_1_34' title="bbox 326 1987 1933 2060; baseline -0.006 -11"><span class='ocrx_word' id='word_1_253' title='bbox 326 1992 659 2050; x_wconf 79' lang='lat' dir='ltr'><strong>serviebant.</strong></span> <span class='ocrx_word' id='word_1_254' title='bbox 683 1989 749 2044; x_wconf 89' lang='lat' dir='ltr'><strong>Et</strong></span> <span class='ocrx_word' id='word_1_255' title='bbox 764 1990 891 2060; x_wconf 84' lang='lat' dir='ltr'><strong>quia</strong></span> <span class='ocrx_word' id='word_1_256' title='bbox 912 1987 1255 2059; x_wconf 60' lang='lat' dir='ltr'><strong>praedicando</strong></span> <span class='ocrx_word' id='word_1_257' title='bbox 1274 1999 1507 2057; x_wconf 89' lang='lat' dir='ltr'><strong>superna</strong></span> <span class='ocrx_word' id='word_1_258' title='bbox 1528 1994 1817 2052; x_wconf 84' lang='lat' dir='ltr'><strong>memorat,</strong></span> <span class='ocrx_word' id='word_1_259' title='bbox 1841 2000 1933 2041; x_wconf 89' lang='lat' dir='ltr'><strong>ca-</strong></span> 
     </span>
    </p>
   </div>
   <div class='ocr_carea' id='block_1_35' title="bbox 328 2075 1933 2153">
    <p class='ocr_par' dir='ltr' id='par_1_35' title="bbox 328 2075 1933 2153">
     <span class='ocr_line' id='line_1_35' title="bbox 328 2075 1933 2153; baseline -0.004 -15"><span class='ocrx_word' id='word_1_260' title='bbox 328 2084 527 2139; x_wconf 84' lang='lat' dir='ltr'><strong>dentes</strong></span> <span class='ocrx_word' id='word_1_261' title='bbox 540 2081 829 2153; x_wconf 83' lang='lat' dir='ltr'><strong>poculo,et</strong></span> <span class='ocrx_word' id='word_1_262' title='bbox 850 2077 1152 2137; x_wconf 66' lang='lat' dir='ltr'><strong>calestium</strong></span> <span class='ocrx_word' id='word_1_263' title='bbox 1181 2079 1378 2135; x_wconf 85' lang='lat' dir='ltr'><strong>oblitos</strong></span> <span class='ocrx_word' id='word_1_264' title='bbox 1402 2076 1472 2133; x_wconf 83' lang='lat' dir='ltr'><strong>ad</strong></span> <span class='ocrx_word' id='word_1_265' title='bbox 1492 2075 1782 2148; x_wconf 89' lang='lat' dir='ltr'><strong>spiritualis</strong></span> <span class='ocrx_word' id='word_1_266' title='bbox 1811 2075 1933 2132; x_wconf 80' lang='lat' dir='ltr'><strong>vitae</strong></span> 
     </span>
    </p>
   </div>
   <div class='ocr_carea' id='block_1_36' title="bbox 332 2166 1930 2242">
    <p class='ocr_par' dir='ltr' id='par_1_36' title="bbox 332 2166 1930 2242">
     <span class='ocr_line' id='line_1_36' title="bbox 332 2166 1930 2242; baseline -0.004 -13"><span class='ocrx_word' id='word_1_267' title='bbox 332 2173 569 2230; x_wconf 87' lang='lat' dir='ltr'><strong>studium</strong></span> <span class='ocrx_word' id='word_1_268' title='bbox 615 2172 818 2228; x_wconf 74' lang='lat' dir='ltr'><strong>excitat</strong></span> <span class='ocrx_word' id='word_1_269' title='bbox 859 2179 917 2227; x_wconf 90' lang='lat' dir='ltr'><strong>et</strong></span> <span class='ocrx_word' id='word_1_270' title='bbox 941 2182 1040 2242; x_wconf 86' lang='lat' dir='ltr'><strong>per</strong></span> <span class='ocrx_word' id='word_1_271' title='bbox 1066 2182 1308 2226; x_wconf 83' lang='lat' dir='ltr'><strong>amorem</strong></span> <span class='ocrx_word' id='word_1_272' title='bbox 1338 2168 1591 2225; x_wconf 85' lang='lat' dir='ltr'><strong>ardenter</strong></span> <span class='ocrx_word' id='word_1_273' title='bbox 1616 2166 1930 2226; x_wconf 83' lang='lat' dir='ltr'><strong>inﬂammat.</strong></span> 
     </span>
    </p>
   </div>
   <div class='ocr_carea' id='block_1_37' title="bbox 327 2262 903 2333">
    <p class='ocr_par' dir='ltr' id='par_1_37' title="bbox 327 2262 903 2333">
     <span class='ocr_line' id='line_1_37' title="bbox 327 2262 903 2333; baseline -0.005 -14"><span class='ocrx_word' id='word_1_274' title='bbox 327 2263 485 2320; x_wconf 89' lang='lat' dir='ltr'><strong>Bene</strong></span> <span class='ocrx_word' id='word_1_275' title='bbox 512 2276 642 2333; x_wconf 88' lang='lat' dir='ltr'><strong>ergo</strong></span> <span class='ocrx_word' id='word_1_276' title='bbox 663 2262 860 2318; x_wconf 85' lang='lat' dir='ltr'><strong>dicitur</strong></span> <span class='ocrx_word' id='word_1_277' title='bbox 888 2278 903 2315; x_wconf 89' lang='lat'><strong>:</strong></span> 
     </span>
    </p>
   </div>
   <div class='ocr_carea' id='block_1_38' title="bbox 407 2350 1759 2425">
    <p class='ocr_par' dir='ltr' id='par_1_38' title="bbox 407 2350 1759 2425">
     <span class='ocr_line' id='line_1_38' title="bbox 407 2350 1759 2425; baseline -0.001 -18"><span class='ocrx_word' id='word_1_278' title='bbox 407 2353 585 2425; x_wconf 77' lang='lat' dir='ltr'><strong>(Vere.</strong></span> <span class='ocrx_word' id='word_1_279' title='bbox 617 2353 738 2424; x_wconf 67' lang='grc'><strong>47.)</strong></span> <span class='ocrx_word' id='word_1_280' title='bbox 768 2352 1083 2424; x_wconf 67' lang='lat' dir='ltr'><strong>Quomque</strong></span> <span class='ocrx_word' id='word_1_281' title='bbox 1109 2364 1165 2407; x_wconf 73' lang='lat' dir='ltr'><strong>te</strong></span> <span class='ocrx_word' id='word_1_282' title='bbox 1188 2350 1433 2415; x_wconf 69' lang='lat' dir='ltr'><strong>uortebat,</strong></span> <span class='ocrx_word' id='word_1_283' title='bbox 1460 2350 1759 2424; x_wconf 75' lang='lat' dir='ltr'><strong>superabat.</strong></span> 
     </span>
    </p>
   </div>
   <div class='ocr_carea' id='block_1_39' title="bbox 2036 1985 3641 2062">
    <p class='ocr_par' dir='ltr' id='par_1_39' title="bbox 2036 1985 3641 2062">
     <span class='ocr_line' id='line_1_39' title="bbox 2036 1985 3641 2062; baseline -0.006 -14"><span class='ocrx_word' id='word_1_284' title='bbox 2036 2008 2180 2060; x_wconf 89' lang='lat' dir='ltr'><strong>mur,</strong></span> <span class='ocrx_word' id='word_1_285' title='bbox 2200 1991 2365 2048; x_wconf 88' lang='lat' dir='ltr'><strong>armis</strong></span> <span class='ocrx_word' id='word_1_286' title='bbox 2393 1989 2705 2062; x_wconf 88' lang='lat' dir='ltr'><strong>potentibus</strong></span> <span class='ocrx_word' id='word_1_287' title='bbox 2725 1988 2924 2046; x_wconf 86' lang='lat' dir='ltr'><strong>milites</strong></span> <span class='ocrx_word' id='word_1_288' title='bbox 2946 1987 3122 2043; x_wconf 87' lang='lat' dir='ltr'><strong>nostri</strong></span> <span class='ocrx_word' id='word_1_289' title='bbox 3150 1986 3322 2042; x_wconf 89' lang='lat' dir='ltr'><strong>induti</strong></span> <span class='ocrx_word' id='word_1_290' title='bbox 3350 1994 3493 2049; x_wconf 90' lang='lat' dir='ltr'><strong>sunt,</strong></span> <span class='ocrx_word' id='word_1_291' title='bbox 3518 1985 3641 2054; x_wconf 89' lang='lat' dir='ltr'><strong>qui-</strong></span> 
     </span>
    </p>
   </div>
   <div class='ocr_carea' id='block_1_40' title="bbox 2035 2077 3642 2154">
    <p class='ocr_par' dir='ltr' id='par_1_40' title="bbox 2035 2077 3642 2154">
     <span class='ocr_line' id='line_1_40' title="bbox 2035 2077 3642 2154; baseline -0.006 -13"><span class='ocrx_word' id='word_1_292' title='bbox 2035 2082 2138 2141; x_wconf 91' lang='lat' dir='ltr'><strong>bus</strong></span> <span class='ocrx_word' id='word_1_293' title='bbox 2160 2082 2534 2139; x_wconf 79' lang='lat' dir='ltr'><strong>fornicationis</strong></span> <span class='ocrx_word' id='word_1_294' title='bbox 2558 2082 2789 2154; x_wconf 85' lang='lat' dir='ltr'><strong>impetus</strong></span> <span class='ocrx_word' id='word_1_295' title='bbox 2805 2087 2861 2136; x_wconf 89' lang='lat' dir='ltr'><strong>et</strong></span> <span class='ocrx_word' id='word_1_296' title='bbox 2884 2077 3226 2151; x_wconf 89' lang='lat' dir='ltr'><strong>depellendo,</strong></span> <span class='ocrx_word' id='word_1_297' title='bbox 3243 2079 3300 2134; x_wconf 91' lang='lat' dir='ltr'><strong>in</strong></span> <span class='ocrx_word' id='word_1_298' title='bbox 3323 2078 3502 2146; x_wconf 86' lang='lat' dir='ltr'><strong>fugam</strong></span> <span class='ocrx_word' id='word_1_299' title='bbox 3516 2092 3642 2132; x_wconf 83' lang='lat' dir='ltr'><strong>ver-</strong></span> 
     </span>
    </p>
   </div>
   <div class='ocr_carea' id='block_1_41' title="bbox 2037 2168 3642 2246">
    <p class='ocr_par' dir='ltr' id='par_1_41' title="bbox 2037 2168 3642 2246">
     <span class='ocr_line' id='line_1_41' title="bbox 2037 2168 3642 2246; baseline -0.008 -10"><span class='ocrx_word' id='word_1_300' title='bbox 2037 2186 2178 2246; x_wconf 91' lang='lat' dir='ltr'><strong>tunt,</strong></span> <span class='ocrx_word' id='word_1_301' title='bbox 2209 2187 2266 2235; x_wconf 91' lang='lat' dir='ltr'><strong>et</strong></span> <span class='ocrx_word' id='word_1_302' title='bbox 2294 2175 2365 2234; x_wconf 88' lang='lat' dir='ltr'><strong>ad</strong></span> <span class='ocrx_word' id='word_1_303' title='bbox 2394 2176 2620 2233; x_wconf 88' lang='lat' dir='ltr'><strong>nihilum</strong></span> <span class='ocrx_word' id='word_1_304' title='bbox 2646 2173 2965 2233; x_wconf 89' lang='lat' dir='ltr'><strong>deducendo</strong></span> <span class='ocrx_word' id='word_1_305' title='bbox 2994 2173 3285 2246; x_wconf 79' lang='lat' dir='ltr'><strong>perimunt.</strong></span> <span class='ocrx_word' id='word_1_306' title='bbox 3316 2168 3454 2226; x_wconf 84' lang='lat' dir='ltr'><strong>Nam</strong></span> <span class='ocrx_word' id='word_1_307' title='bbox 3496 2168 3642 2225; x_wconf 88' lang='lat' dir='ltr'><strong>unde</strong></span> 
     </span>
    </p>
   </div>
   <div class='ocr_carea' id='block_1_42' title="bbox 2036 2261 3639 2337">
    <p class='ocr_par' dir='ltr' id='par_1_42' title="bbox 2036 2261 3639 2337">
     <span class='ocr_line' id='line_1_42' title="bbox 2036 2261 3639 2337; baseline -0.006 -11"><span class='ocrx_word' id='word_1_308' title='bbox 2036 2270 2105 2327; x_wconf 90' lang='lat' dir='ltr'><strong>ad</strong></span> <span class='ocrx_word' id='word_1_309' title='bbox 2137 2269 2373 2326; x_wconf 88' lang='lat' dir='ltr'><strong>animam</strong></span> <span class='ocrx_word' id='word_1_310' title='bbox 2400 2268 2604 2324; x_wconf 88' lang='lat' dir='ltr'><strong>intrare</strong></span> <span class='ocrx_word' id='word_1_311' title='bbox 2628 2265 2986 2337; x_wconf 79' lang='lat' dir='ltr'><strong>cogitationes</strong></span> <span class='ocrx_word' id='word_1_312' title='bbox 3012 2262 3242 2337; x_wconf 88' lang='lat' dir='ltr'><strong>possint,</strong></span> <span class='ocrx_word' id='word_1_313' title='bbox 3272 2278 3385 2319; x_wconf 84' lang='lat' dir='ltr'><strong>non</strong></span> <span class='ocrx_word' id='word_1_314' title='bbox 3412 2261 3639 2325; x_wconf 76' lang='lat' dir='ltr'><strong>habent,</strong></span> 
     </span>
    </p>
   </div>
   <div class='ocr_carea' id='block_1_43' title="bbox 2036 2353 3642 2436">
    <p class='ocr_par' dir='ltr' id='par_1_43' title="bbox 2036 2353 3642 2436">
     <span class='ocr_line' id='line_1_43' title="bbox 2036 2353 3642 2436; baseline -0.006 -16"><span class='ocrx_word' id='word_1_315' title='bbox 2036 2378 2157 2436; x_wconf 67' lang='lat' dir='ltr'><strong>qum</strong></span> <span class='ocrx_word' id='word_1_316' title='bbox 2184 2362 2337 2436; x_wconf 90' lang='lat' dir='ltr'><strong>quasi</strong></span> <span class='ocrx_word' id='word_1_317' title='bbox 2380 2359 2673 2418; x_wconf 89' lang='lat' dir='ltr'><strong>fortissimo</strong></span> <span class='ocrx_word' id='word_1_318' title='bbox 2700 2359 2896 2426; x_wconf 88' lang='lat' dir='ltr'><strong>milite,</strong></span> <span class='ocrx_word' id='word_1_319' title='bbox 2928 2357 3216 2413; x_wconf 82' lang='lat' dir='ltr'><strong>honestate</strong></span> <span class='ocrx_word' id='word_1_320' title='bbox 3252 2353 3642 2424; x_wconf 66' lang='lat' dir='ltr'><strong>cogitationum</strong></span> 
     </span>
    </p>
   </div>
   <div class='ocr_carea' id='block_1_44' title="bbox 409 2440 1966 2525">
    <p class='ocr_par' dir='ltr' id='par_1_44' title="bbox 409 2440 1936 2516">
     <span class='ocr_line' id='line_1_44' title="bbox 409 2440 1936 2516; baseline 0.001 -16"><span class='ocrx_word' id='word_1_321' title='bbox 409 2446 502 2503; x_wconf 74' lang='lat'><strong>65.</strong></span> <span class='ocrx_word' id='word_1_322' title='bbox 533 2447 670 2514; x_wconf 85' lang='lat' dir='ltr'><strong>Quia</strong></span> <span class='ocrx_word' id='word_1_323' title='bbox 692 2446 819 2501; x_wconf 85' lang='lat' dir='ltr'><strong>dum</strong></span> <span class='ocrx_word' id='word_1_324' title='bbox 838 2446 908 2501; x_wconf 89' lang='lat' dir='ltr'><strong>de</strong></span> <span class='ocrx_word' id='word_1_325' title='bbox 929 2446 1075 2502; x_wconf 91' lang='lat' dir='ltr'><strong>omni</strong></span> <span class='ocrx_word' id='word_1_326' title='bbox 1098 2458 1298 2516; x_wconf 86' lang='lat' dir='ltr'><strong>genere</strong></span> <span class='ocrx_word' id='word_1_327' title='bbox 1330 2452 1647 2516; x_wconf 87' lang='lat' dir='ltr'><strong>peccatores</strong></span> <span class='ocrx_word' id='word_1_328' title='bbox 1676 2440 1743 2501; x_wconf 86' lang='lat' dir='ltr'><strong>ad</strong></span> <span class='ocrx_word' id='word_1_329' title='bbox 1767 2444 1936 2501; x_wconf 84' lang='lat' dir='ltr'><strong>vitam</strong></span> 
     </span>
    </p>
   </div>
   <div class='ocr_carea' id='block_1_45' title="bbox 2046 2440 3645 2525">
    <p class='ocr_par' dir='ltr' id='par_1_45' title="bbox 2046 2446 3645 2525">
     <span class='ocr_line' id='line_1_45' title="bbox 2046 2446 3645 2525; baseline -0.009 -12"><span class='ocrx_word' id='word_1_330' title='bbox 2046 2455 2304 2513; x_wconf 87' lang='lat' dir='ltr'><strong>bonarum</strong></span> <span class='ocrx_word' id='word_1_331' title='bbox 2347 2454 2585 2525; x_wconf 86' lang='lat' dir='ltr'><strong>undique</strong></span> <span class='ocrx_word' id='word_1_332' title='bbox 2624 2459 2816 2508; x_wconf 88' lang='lat' dir='ltr'><strong>ornata</strong></span> <span class='ocrx_word' id='word_1_333' title='bbox 2843 2458 2948 2507; x_wconf 89' lang='lat' dir='ltr'><strong>est.</strong></span> <span class='ocrx_word' id='word_1_334' title='bbox 2980 2448 3136 2505; x_wconf 84' lang='lat' dir='ltr'><strong>Nunc</strong></span> <span class='ocrx_word' id='word_1_335' title='bbox 3167 2461 3298 2518; x_wconf 83' lang='lat' dir='ltr'><strong>ergo</strong></span> <span class='ocrx_word' id='word_1_336' title='bbox 3341 2446 3645 2502; x_wconf 78' lang='lat' dir='ltr'><strong>exercitum</strong></span> 
     </span>
    </p>
   </div>
   <div class='ocr_carea' id='block_1_46' title="bbox 327 2534 3650 2617">
    <p class='ocr_par' dir='ltr' id='par_1_46' title="bbox 327 2534 3650 2617">
     <span class='ocr_line' id='line_1_46' title="bbox 327 2534 3650 2617; baseline -0.002 -22"><span class='ocrx_word' id='word_1_337' title='bbox 327 2540 526 2607; x_wconf 83' lang='lat' dir='ltr'><strong>trahit,</strong></span> <span class='ocrx_word' id='word_1_338' title='bbox 558 2539 893 2609; x_wconf 85' lang='lat' dir='ltr'><strong>triumphare</strong></span> <span class='ocrx_word' id='word_1_339' title='bbox 914 2538 1116 2610; x_wconf 79' lang='lat' dir='ltr'><strong>ubique</strong></span> <span class='ocrx_word' id='word_1_340' title='bbox 1142 2539 1505 2607; x_wconf 80' lang='lat' dir='ltr'><strong>cognoscitur.</strong></span> <span class='ocrx_word' id='word_1_341' title='bbox 1535 2535 1648 2595; x_wconf 82' lang='lat' dir='ltr'><strong>Hos</strong></span> <span class='ocrx_word' id='word_1_342' title='bbox 1681 2534 1935 2593; x_wconf 87' lang='lat' dir='ltr'><strong>nimirum</strong></span> <span class='ocrx_word' id='word_1_343' title='bbox 2042 2548 2221 2603; x_wconf 66' lang='lat' dir='ltr'><strong>anima</strong></span> <span class='ocrx_word' id='word_1_344' title='bbox 2242 2553 2535 2617; x_wconf 63' lang='lat' dir='ltr'><strong>congrege:</strong></span> <span class='ocrx_word' id='word_1_345' title='bbox 2553 2585 2571 2614; x_wconf 76' lang='grc'><strong><em>,</em></strong></span> <span class='ocrx_word' id='word_1_346' title='bbox 2609 2560 2729 2616; x_wconf 54' lang='lat' dir='ltr'><strong>qua:</strong></span> <span class='ocrx_word' id='word_1_347' title='bbox 2756 2541 3019 2599; x_wconf 73' lang='lat' dir='ltr'><strong>Amalech</strong></span> <span class='ocrx_word' id='word_1_348' title='bbox 3046 2540 3163 2598; x_wconf 79' lang='lat' dir='ltr'><strong>vnit</strong></span> <span class='ocrx_word' id='word_1_349' title='bbox 3183 2540 3471 2611; x_wconf 80' lang='lat' dir='ltr'><strong>perimere,</strong></span> <span class='ocrx_word' id='word_1_350' title='bbox 3494 2546 3552 2594; x_wconf 87' lang='lat' dir='ltr'><strong>et</strong></span> <span class='ocrx_word' id='word_1_351' title='bbox 3576 2537 3650 2593; x_wconf 81' lang='lat' dir='ltr'><strong>de</strong></span> 
     </span>
    </p>
   </div>
   <div class='ocr_carea' id='block_1_47' title="bbox 330 2626 3650 2716">
    <p class='ocr_par' dir='ltr' id='par_1_47' title="bbox 330 2626 3650 2716">
     <span class='ocr_line' id='line_1_47' title="bbox 330 2626 3650 2716; baseline -0.005 -14"><span class='ocrx_word' id='word_1_352' title='bbox 330 2632 644 2701; x_wconf 73' lang='grc' dir='ltr'>ιτὶυιηριιοε</span> <span class='ocrx_word' id='word_1_353' title='bbox 670 2643 831 2700; x_wconf 66' lang='lat' dir='ltr'><strong>agere</strong></span> <span class='ocrx_word' id='word_1_354' title='bbox 858 2644 985 2686; x_wconf 79' lang='lat' dir='ltr'><strong>SUOS</strong></span> <span class='ocrx_word' id='word_1_355' title='bbox 1022 2629 1255 2695; x_wconf 57' lang='lat' dir='ltr'><strong>“ﬁlms,</strong></span> <span class='ocrx_word' id='word_1_356' title='bbox 1287 2642 1416 2684; x_wconf 64' lang='lat' dir='ltr'><strong>suos</strong></span> <span class='ocrx_word' id='word_1_357' title='bbox 1454 2628 1725 2699; x_wconf 71' lang='grc' dir='ltr'><strong>Ρῖίῐιοῖβθε</strong></span> <span class='ocrx_word' id='word_1_358' title='bbox 1767 2626 1939 2698; x_wconf 70' lang='grc' dir='ltr'><strong>ίῐηβε·</strong></span> <span class='ocrx_word' id='word_1_359' title='bbox 2042 2656 2207 2716; x_wconf 84' lang='lat' dir='ltr'><strong>manu</strong></span> <span class='ocrx_word' id='word_1_360' title='bbox 2233 2648 2568 2697; x_wconf 90' lang='lat' dir='ltr'><strong>vastatorum</strong></span> <span class='ocrx_word' id='word_1_361' title='bbox 2595 2638 2711 2710; x_wconf 79' lang='lat' dir='ltr'><strong>eius</strong></span> <span class='ocrx_word' id='word_1_362' title='bbox 2734 2636 3005 2693; x_wconf 87' lang='lat' dir='ltr'><strong>videntem</strong></span> <span class='ocrx_word' id='word_1_363' title='bbox 3026 2634 3276 2705; x_wconf 87' lang='lat' dir='ltr'><strong>spiritum</strong></span> <span class='ocrx_word' id='word_1_364' title='bbox 3302 2632 3554 2688; x_wconf 83' lang='lat' dir='ltr'><strong>liberare.</strong></span> <span class='ocrx_word' id='word_1_365' title='bbox 3586 2629 3650 2685; x_wconf 88' lang='lat' dir='ltr'><strong>In</strong></span> 
     </span>
    </p>
   </div>
   <div class='ocr_carea' id='block_1_48' title="bbox 325 2717 3648 2800">
    <p class='ocr_par' dir='ltr' id='par_1_48' title="bbox 325 2717 3648 2800">
     <span class='ocr_line' id='line_1_48' title="bbox 325 2717 3648 2800; baseline -0.004 -19"><span class='ocrx_word' id='word_1_366' title='bbox 325 2724 495 2781; x_wconf 75' lang='lat' dir='ltr'><strong>tabat</strong></span> <span class='ocrx_word' id='word_1_367' title='bbox 514 2722 792 2788; x_wconf 80' lang='lat' dir='ltr'><strong>Dominus,</strong></span> <span class='ocrx_word' id='word_1_368' title='bbox 814 2736 936 2776; x_wconf 84' lang='lat' dir='ltr'><strong>cum</strong></span> <span class='ocrx_word' id='word_1_369' title='bbox 962 2719 1178 2776; x_wconf 77' lang='lat' dir='ltr'><strong>dicebat</strong></span> <span class='ocrx_word' id='word_1_370' title='bbox 1202 2738 1214 2773; x_wconf 89' lang='lat'><strong>:</strong></span> <span class='ocrx_word' id='word_1_371' title='bbox 1242 2717 1323 2774; x_wconf 78' lang='lat' dir='ltr'><strong>Ite</strong></span> <span class='ocrx_word' id='word_1_372' title='bbox 1342 2721 1395 2774; x_wconf 83' lang='lat' dir='ltr'><strong>in</strong></span> <span class='ocrx_word' id='word_1_373' title='bbox 1421 2718 1592 2774; x_wconf 79' lang='lat' dir='ltr'><strong>orbem</strong></span> <span class='ocrx_word' id='word_1_374' title='bbox 1620 2719 1939 2789; x_wconf 83' lang='lat' dir='ltr'><strong>universum,</strong></span> <span class='ocrx_word' id='word_1_375' title='bbox 2042 2735 2240 2791; x_wconf 64' lang='lat' dir='ltr'><strong>horum</strong></span> <span class='ocrx_word' id='word_1_376' title='bbox 2266 2733 2447 2789; x_wconf 64' lang='lat' dir='ltr'><strong>medio</strong></span> <span class='ocrx_word' id='word_1_377' title='bbox 2469 2731 2727 2800; x_wconf 53' lang='lat' dir='ltr'><strong>resideat,</strong></span> <span class='ocrx_word' id='word_1_378' title='bbox 2750 2736 2810 2787; x_wconf 72' lang='grc' dir='ltr'><strong>ιιι</strong></span> <span class='ocrx_word' id='word_1_379' title='bbox 2836 2737 3033 2786; x_wconf 54' lang='lat' dir='ltr'><strong>cum“</strong></span> <span class='ocrx_word' id='word_1_380' title='bbox 3056 2726 3327 2798; x_wconf 64' lang='lat' dir='ltr'><strong>exeum</strong></span> <span class='ocrx_word' id='word_1_381' title='bbox 3349 2725 3648 2783; x_wconf 66' lang='grc' dir='ltr'><strong>θιωωηηι</strong></span> 
     </span>
    </p>
   </div>
   <div class='ocr_carea' id='block_1_49' title="bbox 328 2806 1966 2892">
    <p class='ocr_par' dir='ltr' id='par_1_49' title="bbox 328 2806 1939 2884">
     <span class='ocr_line' id='line_1_49' title="bbox 328 2806 1939 2884; baseline -0.004 -15"><span class='ocrx_word' id='word_1_382' title='bbox 328 2824 389 2869; x_wconf 81' lang='lat' dir='ltr'><strong>et</strong></span> <span class='ocrx_word' id='word_1_383' title='bbox 410 2812 691 2884; x_wconf 67' lang='lat' dir='ltr'><strong>praedicat:</strong></span> <span class='ocrx_word' id='word_1_384' title='bbox 703 2810 1041 2881; x_wconf 80' lang='lat' dir='ltr'><strong>Euangelium</strong></span> <span class='ocrx_word' id='word_1_385' title='bbox 1054 2813 1194 2865; x_wconf 76' lang='lat' dir='ltr'><strong>omni</strong></span> <span class='ocrx_word' id='word_1_386' title='bbox 1216 2819 1466 2864; x_wconf 76' lang='lat' dir='ltr'><strong>creaturae</strong></span> <span class='ocrx_word' id='word_1_387' title='bbox 1479 2809 1669 2883; x_wconf 79' lang='lat' dir='ltr'><strong>(Marci</strong></span> <span class='ocrx_word' id='word_1_388' title='bbox 1694 2820 1803 2874; x_wconf 77' lang='lat' dir='ltr'><strong>3m,</strong></span> <span class='ocrx_word' id='word_1_389' title='bbox 1824 2808 1851 2862; x_wconf 82' lang='grc'><strong>1</strong></span> <span class='ocrx_word' id='word_1_390' title='bbox 1861 2806 1939 2878; x_wconf 85' lang='lat'><strong>5).</strong></span> 
     </span>
    </p>
   </div>
   <div class='ocr_carea' id='block_1_50' title="bbox 2046 2806 3651 2892">
    <p class='ocr_par' dir='ltr' id='par_1_50' title="bbox 2046 2814 3651 2892">
     <span class='ocr_line' id='line_1_50' title="bbox 2046 2814 3651 2892; baseline -0.008 -11"><span class='ocrx_word' id='word_1_391' title='bbox 2046 2826 2293 2892; x_wconf 77' lang='lat' dir='ltr'><strong>fortium,</strong></span> <span class='ocrx_word' id='word_1_392' title='bbox 2326 2823 2657 2880; x_wconf 89' lang='lat' dir='ltr'><strong>circumdata</strong></span> <span class='ocrx_word' id='word_1_393' title='bbox 2684 2819 2948 2878; x_wconf 82' lang='lat' dir='ltr'><strong>doctrinis</strong></span> <span class='ocrx_word' id='word_1_394' title='bbox 2973 2818 3408 2888; x_wconf 86' lang='lat' dir='ltr'><strong>Scripturarum,</strong></span> <span class='ocrx_word' id='word_1_395' title='bbox 3448 2814 3651 2870; x_wconf 79' lang='lat' dir='ltr'><strong>nullam</strong></span> 
     </span>
    </p>
   </div>
   <div class='ocr_carea' id='block_1_51' title="bbox 335 2900 1966 2988">
    <p class='ocr_par' dir='ltr' id='par_1_51' title="bbox 335 2900 1945 2972">
     <span class='ocr_line' id='line_1_51' title="bbox 335 2900 1945 2972; baseline -0.003 -12"><span class='ocrx_word' id='word_1_396' title='bbox 335 2903 504 2961; x_wconf 85' lang='lat' dir='ltr'><strong>Omni</strong></span> <span class='ocrx_word' id='word_1_397' title='bbox 551 2911 816 2959; x_wconf 68' lang='lat' dir='ltr'><strong>creatum</strong></span> <span class='ocrx_word' id='word_1_398' title='bbox 842 2900 1189 2971; x_wconf 81' lang='lat' dir='ltr'><strong>Evangciium</strong></span> <span class='ocrx_word' id='word_1_399' title='bbox 1226 2901 1521 2971; x_wconf 67' lang='lat' dir='ltr'><strong>praedicare</strong></span> <span class='ocrx_word' id='word_1_400' title='bbox 1548 2900 1809 2972; x_wconf 66' lang='lat' dir='ltr'><strong>prxcipit,</strong></span> <span class='ocrx_word' id='word_1_401' title='bbox 1850 2900 1945 2970; x_wconf 84' lang='lat' dir='ltr'><strong>qui</strong></span> 
     </span>
    </p>
   </div>
   <div class='ocr_carea' id='block_1_52' title="bbox 2046 2900 3651 2988">
    <p class='ocr_par' dir='ltr' id='par_1_52' title="bbox 2047 2902 3651 2988">
     <span class='ocr_line' id='line_1_52' title="bbox 2047 2902 3651 2988; baseline -0.009 -16"><span class='ocrx_word' id='word_1_402' title='bbox 2047 2926 2258 2988; x_wconf 89' lang='lat' dir='ltr'><strong>partem</strong></span> <span class='ocrx_word' id='word_1_403' title='bbox 2280 2915 2365 2971; x_wconf 91' lang='lat' dir='ltr'><strong>sui</strong></span> <span class='ocrx_word' id='word_1_404' title='bbox 2384 2928 2611 2970; x_wconf 88' lang='lat' dir='ltr'><strong>vacuam</strong></span> <span class='ocrx_word' id='word_1_405' title='bbox 2634 2913 2834 2968; x_wconf 88' lang='lat' dir='ltr'><strong>habeat</strong></span> <span class='ocrx_word' id='word_1_406' title='bbox 2856 2910 2998 2966; x_wconf 89' lang='lat' dir='ltr'><strong>unde</strong></span> <span class='ocrx_word' id='word_1_407' title='bbox 3019 2909 3192 2964; x_wconf 85' lang='lat' dir='ltr'><strong>hostis</strong></span> <span class='ocrx_word' id='word_1_408' title='bbox 3210 2906 3490 2976; x_wconf 80' lang='lat' dir='ltr'><strong>irrumpat.</strong></span> <span class='ocrx_word' id='word_1_409' title='bbox 3513 2902 3651 2970; x_wconf 66' lang='grc' dir='ltr'><strong>ρυια</strong></span> 
     </span>
    </p>
   </div>
   <div class='ocr_carea' id='block_1_53' title="bbox 330 2992 1966 3077">
    <p class='ocr_par' dir='ltr' id='par_1_53' title="bbox 330 2992 1944 3065">
     <span class='ocr_line' id='line_1_53' title="bbox 330 2992 1944 3065; baseline -0.004 -11"><span class='ocrx_word' id='word_1_410' title='bbox 330 2997 527 3055; x_wconf 81' lang='lat' dir='ltr'><strong>omnia</strong></span> <span class='ocrx_word' id='word_1_411' title='bbox 556 3009 754 3065; x_wconf 89' lang='lat' dir='ltr'><strong>genera</strong></span> <span class='ocrx_word' id='word_1_412' title='bbox 782 2994 1060 3050; x_wconf 88' lang='lat' dir='ltr'><strong>hominum</strong></span> <span class='ocrx_word' id='word_1_413' title='bbox 1089 2993 1213 3048; x_wconf 89' lang='lat' dir='ltr'><strong>duci</strong></span> <span class='ocrx_word' id='word_1_414' title='bbox 1239 2993 1306 3047; x_wconf 88' lang='lat' dir='ltr'><strong>ad</strong></span> <span class='ocrx_word' id='word_1_415' title='bbox 1338 2993 1496 3048; x_wconf 77' lang='lat' dir='ltr'><strong>iidem</strong></span> <span class='ocrx_word' id='word_1_416' title='bbox 1520 2992 1707 3061; x_wconf 86' lang='lat' dir='ltr'><strong>voluit,</strong></span> <span class='ocrx_word' id='word_1_417' title='bbox 1733 3000 1793 3047; x_wconf 87' lang='lat' dir='ltr'><strong>ut</strong></span> <span class='ocrx_word' id='word_1_418' title='bbox 1816 2992 1944 3048; x_wconf 89' lang='lat' dir='ltr'><strong>dum</strong></span> 
     </span>
    </p>
   </div>
   <div class='ocr_carea' id='block_1_54' title="bbox 2046 2992 3653 3077">
    <p class='ocr_par' dir='ltr' id='par_1_54' title="bbox 2048 2992 3653 3077">
     <span class='ocr_line' id='line_1_54' title="bbox 2048 2992 3653 3077; baseline -0.011 -13"><span class='ocrx_word' id='word_1_419' title='bbox 2048 3022 2177 3077; x_wconf 88' lang='lat' dir='ltr'><strong>ergo</strong></span> <span class='ocrx_word' id='word_1_420' title='bbox 2199 3003 2612 3063; x_wconf 86' lang='lat' dir='ltr'><strong>innumerabilia</strong></span> <span class='ocrx_word' id='word_1_421' title='bbox 2632 3010 2759 3059; x_wconf 89' lang='lat' dir='ltr'><strong>sunt</strong></span> <span class='ocrx_word' id='word_1_422' title='bbox 2777 2992 3027 3071; x_wconf 81' lang='lat' dir='ltr'><strong>exempla</strong></span> <span class='ocrx_word' id='word_1_423' title='bbox 3053 2996 3310 3062; x_wconf 82' lang='lat' dir='ltr'><strong>ﬁdelium,</strong></span> <span class='ocrx_word' id='word_1_424' title='bbox 3328 2994 3457 3066; x_wconf 81' lang='lat' dir='ltr'><strong>quia</strong></span> <span class='ocrx_word' id='word_1_425' title='bbox 3480 2994 3653 3049; x_wconf 84' lang='lat' dir='ltr'><strong>multa</strong></span> 
     </span>
    </p>
   </div>
   <div class='ocr_carea' id='block_1_55' title="bbox 335 3083 1966 3166">
    <p class='ocr_par' dir='ltr' id='par_1_55' title="bbox 335 3084 1949 3156">
     <span class='ocr_line' id='line_1_55' title="bbox 335 3084 1949 3156; baseline -0.002 -12"><span class='ocrx_word' id='word_1_426' title='bbox 335 3086 560 3144; x_wconf 84' lang='lat' dir='ltr'><strong>nobiles</strong></span> <span class='ocrx_word' id='word_1_427' title='bbox 587 3098 773 3155; x_wconf 86' lang='lat' dir='ltr'><strong>regum</strong></span> <span class='ocrx_word' id='word_1_428' title='bbox 801 3099 1025 3141; x_wconf 90' lang='lat' dir='ltr'><strong>suorum</strong></span> <span class='ocrx_word' id='word_1_429' title='bbox 1054 3084 1352 3156; x_wconf 78' lang='lat' dir='ltr'><strong>triumphos</strong></span> <span class='ocrx_word' id='word_1_430' title='bbox 1384 3084 1716 3150; x_wconf 88' lang='lat' dir='ltr'><strong>ostenderet,</strong></span> <span class='ocrx_word' id='word_1_431' title='bbox 1740 3098 1836 3140; x_wconf 87' lang='lat' dir='ltr'><strong>eos</strong></span> <span class='ocrx_word' id='word_1_432' title='bbox 1855 3099 1949 3140; x_wconf 88' lang='lat' dir='ltr'><strong>su-</strong></span> 
     </span>
    </p>
   </div>
   <div class='ocr_carea' id='block_1_56' title="bbox 2046 3083 3655 3166">
    <p class='ocr_par' dir='ltr' id='par_1_56' title="bbox 2048 3083 3655 3166">
     <span class='ocr_line' id='line_1_56' title="bbox 2048 3083 3655 3166; baseline -0.012 -10"><span class='ocrx_word' id='word_1_433' title='bbox 2048 3099 2374 3156; x_wconf 88' lang='lat' dir='ltr'><strong>documenta</strong></span> <span class='ocrx_word' id='word_1_434' title='bbox 2397 3094 2828 3166; x_wconf 86' lang='lat' dir='ltr'><strong>Scripturarum,</strong></span> <span class='ocrx_word' id='word_1_435' title='bbox 2862 3089 3135 3146; x_wconf 82' lang='lat' dir='ltr'><strong>exercitus</strong></span> <span class='ocrx_word' id='word_1_436' title='bbox 3159 3101 3387 3157; x_wconf 84' lang='lat' dir='ltr'><strong>magnus</strong></span> <span class='ocrx_word' id='word_1_437' title='bbox 3413 3095 3471 3141; x_wconf 88' lang='lat' dir='ltr'><strong>et</strong></span> <span class='ocrx_word' id='word_1_438' title='bbox 3497 3083 3655 3139; x_wconf 88' lang='lat' dir='ltr'><strong>fortis</strong></span> 
     </span>
    </p>
   </div>
   <div class='ocr_carea' id='block_1_57' title="bbox 330 3172 3654 3260">
    <p class='ocr_par' dir='ltr' id='par_1_57' title="bbox 330 3172 3654 3260">
     <span class='ocr_line' id='line_1_57' title="bbox 330 3172 3654 3260; baseline -0.001 -30"><span class='ocrx_word' id='word_1_439' title='bbox 330 3191 539 3249; x_wconf 81' lang='lat' dir='ltr'><strong>perure</strong></span> <span class='ocrx_word' id='word_1_440' title='bbox 575 3177 772 3247; x_wconf 89' lang='lat' dir='ltr'><strong>ubique</strong></span> <span class='ocrx_word' id='word_1_441' title='bbox 812 3182 1160 3232; x_wconf 88' lang='lat' dir='ltr'><strong>monstraret.</strong></span> <span class='ocrx_word' id='word_1_442' title='bbox 1192 3173 1349 3230; x_wconf 87' lang='lat' dir='ltr'><strong>Unde</strong></span> <span class='ocrx_word' id='word_1_443' title='bbox 1394 3176 1656 3245; x_wconf 82' lang='lat' dir='ltr'><strong>scriptum</strong></span> <span class='ocrx_word' id='word_1_444' title='bbox 1685 3180 1807 3229; x_wconf 74' lang='lat' dir='ltr'><strong>est:</strong></span> <span class='ocrx_word' id='word_1_445' title='bbox 1843 3172 1947 3237; x_wconf 84' lang='lat' dir='ltr'><strong>Qui</strong></span> <span class='ocrx_word' id='word_1_446' title='bbox 2050 3200 2156 3260; x_wconf 35' lang='lat' dir='ltr'><strong>ea,</strong></span> <span class='ocrx_word' id='word_1_447' title='bbox 2179 3189 2273 3247; x_wconf 69' lang='lat' dir='ltr'><strong>sed</strong></span> <span class='ocrx_word' id='word_1_448' title='bbox 2296 3188 2365 3245; x_wconf 66' lang='lat' dir='ltr'><strong>ad</strong></span> <span class='ocrx_word' id='word_1_449' title='bbox 2385 3184 2823 3257; x_wconf 53' lang='lat' dir='ltr'><strong>congreganda;</strong></span> <span class='ocrx_word' id='word_1_450' title='bbox 2844 3179 3065 3237; x_wconf 69' lang='lat' dir='ltr'><strong>difﬁcile</strong></span> <span class='ocrx_word' id='word_1_451' title='bbox 3089 3195 3199 3237; x_wconf 77' lang='lat' dir='ltr'><strong>non</strong></span> <span class='ocrx_word' id='word_1_452' title='bbox 3223 3186 3326 3237; x_wconf 70' lang='lat' dir='ltr'><strong>est.</strong></span> <span class='ocrx_word' id='word_1_453' title='bbox 3350 3177 3499 3234; x_wconf 75' lang='lat' dir='ltr'><strong>Bene</strong></span> <span class='ocrx_word' id='word_1_454' title='bbox 3523 3189 3654 3246; x_wconf 83' lang='lat' dir='ltr'><strong>ergo</strong></span> 
     </span>
    </p>
   </div>
   <div class='ocr_carea' id='block_1_58' title="bbox 326 3267 1944 3337">
    <p class='ocr_par' dir='ltr' id='par_1_58' title="bbox 326 3267 1944 3337">
     <span class='ocr_line' id='line_1_58' title="bbox 326 3267 1944 3337; baseline -0.004 -12"><span class='ocrx_word' id='word_1_455' title='bbox 326 3268 449 3325; x_wconf 78' lang='lat' dir='ltr'><strong>vult</strong></span> <span class='ocrx_word' id='word_1_456' title='bbox 470 3286 646 3323; x_wconf 81' lang='lat' dir='ltr'><strong>omnes</strong></span> <span class='ocrx_word' id='word_1_457' title='bbox 675 3269 905 3324; x_wconf 75' lang='lat' dir='ltr'><strong>homines</strong></span> <span class='ocrx_word' id='word_1_458' title='bbox 934 3268 1104 3323; x_wconf 72' lang='lat' dir='ltr'><strong>salvos</strong></span> <span class='ocrx_word' id='word_1_459' title='bbox 1130 3268 1268 3337; x_wconf 73' lang='lat' dir='ltr'><strong>ﬁeri,</strong></span> <span class='ocrx_word' id='word_1_460' title='bbox 1296 3275 1344 3321; x_wconf 85' lang='lat' dir='ltr'><strong>et</strong></span> <span class='ocrx_word' id='word_1_461' title='bbox 1372 3267 1441 3320; x_wconf 77' lang='lat' dir='ltr'><strong>ad</strong></span> <span class='ocrx_word' id='word_1_462' title='bbox 1463 3268 1779 3337; x_wconf 70' lang='lat' dir='ltr'><strong>agnitionem</strong></span> <span class='ocrx_word' id='word_1_463' title='bbox 1805 3267 1944 3319; x_wconf 73' lang='lat' dir='ltr'><strong>veri-</strong></span> 
     </span>
    </p>
   </div>
   <div class='ocr_carea' id='block_1_59' title="bbox 2052 3269 3655 3348">
    <p class='ocr_par' dir='ltr' id='par_1_59' title="bbox 2052 3269 3655 3348">
     <span class='ocr_line' id='line_1_59' title="bbox 2052 3269 3655 3348; baseline -0.012 -10"><span class='ocrx_word' id='word_1_464' title='bbox 2052 3283 2119 3338; x_wconf 92' lang='lat' dir='ltr'><strong>de</strong></span> <span class='ocrx_word' id='word_1_465' title='bbox 2143 3281 2360 3338; x_wconf 87' lang='lat' dir='ltr'><strong>Israelis</strong></span> <span class='ocrx_word' id='word_1_466' title='bbox 2388 3292 2514 3348; x_wconf 83' lang='lat' dir='ltr'><strong>rege</strong></span> <span class='ocrx_word' id='word_1_467' title='bbox 2541 3274 2735 3332; x_wconf 86' lang='lat' dir='ltr'><strong>dicitur</strong></span> <span class='ocrx_word' id='word_1_468' title='bbox 2764 3291 2778 3329; x_wconf 88' lang='lat'><strong>:</strong></span> <span class='ocrx_word' id='word_1_469' title='bbox 2813 3269 3137 3344; x_wconf 73' lang='lat' dir='ltr'><strong>Congregato</strong></span> <span class='ocrx_word' id='word_1_470' title='bbox 3165 3270 3417 3336; x_wconf 73' lang='lat' dir='ltr'><strong>exercitu,</strong></span> <span class='ocrx_word' id='word_1_471' title='bbox 3444 3283 3655 3339; x_wconf 66' lang='lat' dir='ltr'><strong>percus-</strong></span> 
     </span>
    </p>
   </div>
   <div class='ocr_carea' id='block_1_60' title="bbox 330 3349 1966 3438">
    <p class='ocr_par' dir='ltr' id='par_1_60' title="bbox 330 3354 1942 3430">
     <span class='ocr_line' id='line_1_60' title="bbox 330 3354 1942 3430; baseline -0.005 -14"><span class='ocrx_word' id='word_1_472' title='bbox 330 3359 468 3416; x_wconf 76' lang='lat' dir='ltr'><strong>tatis</strong></span> <span class='ocrx_word' id='word_1_473' title='bbox 486 3361 659 3414; x_wconf 83' lang='lat' dir='ltr'><strong>venire</strong></span> <span class='ocrx_word' id='word_1_474' title='bbox 681 3356 747 3430; x_wconf 86' lang='grc' dir='ltr'><strong>(Ι</strong></span> <span class='ocrx_word' id='word_1_475' title='bbox 770 3357 906 3413; x_wconf 87' lang='lat' dir='ltr'><strong>Tim.</strong></span> <span class='ocrx_word' id='word_1_476' title='bbox 930 3374 989 3426; x_wconf 87' lang='grc' dir='ltr'>ιι,</span> <span class='ocrx_word' id='word_1_477' title='bbox 1018 3354 1313 3427; x_wconf 69' lang='grc' dir='ltr'>4).Οιιιιιεε</span> <span class='ocrx_word' id='word_1_478' title='bbox 1333 3358 1534 3428; x_wconf 85' lang='lat' dir='ltr'><strong>quippe</strong></span> <span class='ocrx_word' id='word_1_479' title='bbox 1554 3357 1800 3411; x_wconf 86' lang='lat' dir='ltr'><strong>homines</strong></span> <span class='ocrx_word' id='word_1_480' title='bbox 1826 3356 1942 3410; x_wconf 85' lang='lat' dir='ltr'><strong>vult</strong></span> 
     </span>
    </p>
   </div>
   <div class='ocr_carea' id='block_1_61' title="bbox 2046 3349 3655 3438">
    <p class='ocr_par' dir='ltr' id='par_1_61' title="bbox 2046 3357 3655 3438">
     <span class='ocr_line' id='line_1_61' title="bbox 2046 3357 3655 3438; baseline -0.011 -10"><span class='ocrx_word' id='word_1_481' title='bbox 2046 3374 2114 3429; x_wconf 84' lang='lat' dir='ltr'><strong>sit</strong></span> <span class='ocrx_word' id='word_1_482' title='bbox 2140 3370 2405 3437; x_wconf 84' lang='lat' dir='ltr'><strong>Amalech,</strong></span> <span class='ocrx_word' id='word_1_483' title='bbox 2433 3368 2562 3438; x_wconf 86' lang='lat' dir='ltr'><strong>quia</strong></span> <span class='ocrx_word' id='word_1_484' title='bbox 2590 3362 2966 3421; x_wconf 82' lang='lat' dir='ltr'><strong>fornicationis</strong></span> <span class='ocrx_word' id='word_1_485' title='bbox 2991 3362 3213 3431; x_wconf 82' lang='lat' dir='ltr'><strong>spiritus</strong></span> <span class='ocrx_word' id='word_1_486' title='bbox 3243 3375 3353 3415; x_wconf 90' lang='lat' dir='ltr'><strong>non</strong></span> <span class='ocrx_word' id='word_1_487' title='bbox 3380 3368 3510 3415; x_wconf 82' lang='lat' dir='ltr'><strong>ante</strong></span> <span class='ocrx_word' id='word_1_488' title='bbox 3536 3357 3655 3411; x_wconf 80' lang='lat' dir='ltr'><strong>vin-</strong></span> 
     </span>
    </p>
   </div>
   <div class='ocr_carea' id='block_1_62' title="bbox 322 3448 1939 3520">
    <p class='ocr_par' dir='ltr' id='par_1_62' title="bbox 322 3448 1939 3520">
     <span class='ocr_line' id='line_1_62' title="bbox 322 3448 1939 3520; baseline -0.006 -10"><span class='ocrx_word' id='word_1_489' title='bbox 322 3452 525 3510; x_wconf 83' lang='lat' dir='ltr'><strong>salvos</strong></span> <span class='ocrx_word' id='word_1_490' title='bbox 555 3452 689 3517; x_wconf 81' lang='lat' dir='ltr'><strong>fieri,</strong></span> <span class='ocrx_word' id='word_1_491' title='bbox 722 3451 849 3520; x_wconf 89' lang='lat' dir='ltr'><strong>quia</strong></span> <span class='ocrx_word' id='word_1_492' title='bbox 889 3450 959 3507; x_wconf 90' lang='lat' dir='ltr'><strong>de</strong></span> <span class='ocrx_word' id='word_1_493' title='bbox 1003 3451 1151 3505; x_wconf 81' lang='lat' dir='ltr'><strong>omni</strong></span> <span class='ocrx_word' id='word_1_494' title='bbox 1196 3450 1479 3505; x_wconf 83' lang='lat' dir='ltr'><strong>hominum</strong></span> <span class='ocrx_word' id='word_1_495' title='bbox 1515 3462 1717 3518; x_wconf 86' lang='lat' dir='ltr'><strong>genere</strong></span> <span class='ocrx_word' id='word_1_496' title='bbox 1760 3448 1939 3517; x_wconf 74' lang='lat' dir='ltr'><strong>eligit,</strong></span> 
     </span>
    </p>
   </div>
   <div class='ocr_carea' id='block_1_63' title="bbox 323 3539 1945 3616">
    <p class='ocr_par' dir='ltr' id='par_1_63' title="bbox 323 3539 1945 3616">
     <span class='ocr_line' id='line_1_63' title="bbox 323 3539 1945 3616; baseline -0.004 -17"><span class='ocrx_word' id='word_1_497' title='bbox 323 3559 484 3616; x_wconf 88' lang='lat' dir='ltr'><strong>quos</strong></span> <span class='ocrx_word' id='word_1_498' title='bbox 507 3542 573 3596; x_wconf 87' lang='lat' dir='ltr'><strong>ad</strong></span> <span class='ocrx_word' id='word_1_499' title='bbox 595 3541 847 3609; x_wconf 83' lang='lat' dir='ltr'><strong>gaudium</strong></span> <span class='ocrx_word' id='word_1_500' title='bbox 871 3547 1086 3596; x_wconf 60' lang='lat' dir='ltr'><strong>aeterna:</strong></span> <span class='ocrx_word' id='word_1_501' title='bbox 1113 3540 1303 3595; x_wconf 88' lang='lat' dir='ltr'><strong>salutis</strong></span> <span class='ocrx_word' id='word_1_502' title='bbox 1330 3540 1510 3594; x_wconf 89' lang='lat' dir='ltr'><strong>trahit.</strong></span> <span class='ocrx_word' id='word_1_503' title='bbox 1538 3539 1648 3595; x_wconf 85' lang='lat' dir='ltr'><strong>Sed</strong></span> <span class='ocrx_word' id='word_1_504' title='bbox 1668 3539 1795 3610; x_wconf 91' lang='lat' dir='ltr'><strong>quid</strong></span> <span class='ocrx_word' id='word_1_505' title='bbox 1824 3552 1945 3610; x_wconf 86' lang='lat' dir='ltr'><strong>spe-</strong></span> 
     </span>
    </p>
   </div>
   <div class='ocr_carea' id='block_1_64' title="bbox 328 3628 1605 3699">
    <p class='ocr_par' dir='ltr' id='par_1_64' title="bbox 328 3628 1605 3699">
     <span class='ocr_line' id='line_1_64' title="bbox 328 3628 1605 3699; baseline -0.007 -8"><span class='ocrx_word' id='word_1_506' title='bbox 328 3632 472 3691; x_wconf 86' lang='lat' dir='ltr'><strong>ciali</strong></span> <span class='ocrx_word' id='word_1_507' title='bbox 500 3628 817 3685; x_wconf 86' lang='lat' dir='ltr'><strong>fortitudine</strong></span> <span class='ocrx_word' id='word_1_508' title='bbox 846 3641 989 3699; x_wconf 87' lang='lat' dir='ltr'><strong>agat,</strong></span> <span class='ocrx_word' id='word_1_509' title='bbox 1013 3628 1256 3699; x_wconf 81' lang='lat' dir='ltr'><strong>exponit,</strong></span> <span class='ocrx_word' id='word_1_510' title='bbox 1280 3629 1407 3697; x_wconf 86' lang='lat' dir='ltr'><strong>quia</strong></span> <span class='ocrx_word' id='word_1_511' title='bbox 1434 3628 1565 3685; x_wconf 88' lang='lat' dir='ltr'><strong>dicit</strong></span> <span class='ocrx_word' id='word_1_512' title='bbox 1590 3644 1605 3682; x_wconf 90' lang='lat'><strong>:</strong></span> 
     </span>
    </p>
   </div>
   <div class='ocr_carea' id='block_1_65' title="bbox 420 3719 1948 3792">
    <p class='ocr_par' dir='ltr' id='par_1_65' title="bbox 420 3719 1948 3792">
     <span class='ocr_line' id='line_1_65' title="bbox 420 3719 1948 3792; baseline -0.002 -14"><span class='ocrx_word' id='word_1_513' title='bbox 420 3722 603 3787; x_wconf 82' lang='lat' dir='ltr'><strong>(Vers.</strong></span> <span class='ocrx_word' id='word_1_514' title='bbox 640 3719 756 3791; x_wconf 71' lang='lat' dir='ltr'><strong>i8.)</strong></span> <span class='ocrx_word' id='word_1_515' title='bbox 787 3719 1209 3792; x_wconf 81' lang='lat' dir='ltr'><strong>Congregatoque</strong></span> <span class='ocrx_word' id='word_1_516' title='bbox 1228 3722 1479 3789; x_wconf 70' lang='lat' dir='ltr'><strong>exercitu,</strong></span> <span class='ocrx_word' id='word_1_517' title='bbox 1508 3721 1760 3792; x_wconf 75' lang='lat' dir='ltr'><strong>percussit</strong></span> <span class='ocrx_word' id='word_1_518' title='bbox 1783 3719 1948 3775; x_wconf 78' lang='lat' dir='ltr'><strong>Ama-</strong></span> 
     </span>
    </p>
   </div>
   <div class='ocr_carea' id='block_1_66' title="bbox 332 3809 1703 3883">
    <p class='ocr_par' dir='ltr' id='par_1_66' title="bbox 332 3809 1703 3883">
     <span class='ocr_line' id='line_1_66' title="bbox 332 3809 1703 3883; baseline -0.003 -11"><span class='ocrx_word' id='word_1_519' title='bbox 332 3815 483 3879; x_wconf 81' lang='lat' dir='ltr'><strong>lech,</strong></span> <span class='ocrx_word' id='word_1_520' title='bbox 512 3822 562 3867; x_wconf 89' lang='lat' dir='ltr'><strong>et</strong></span> <span class='ocrx_word' id='word_1_521' title='bbox 590 3812 723 3867; x_wconf 77' lang='lat' dir='ltr'><strong>emit</strong></span> <span class='ocrx_word' id='word_1_522' title='bbox 752 3809 921 3866; x_wconf 78' lang='lat' dir='ltr'><strong>Israel</strong></span> <span class='ocrx_word' id='word_1_523' title='bbox 948 3811 1010 3866; x_wconf 84' lang='lat' dir='ltr'><strong>de</strong></span> <span class='ocrx_word' id='word_1_524' title='bbox 1036 3826 1197 3866; x_wconf 84' lang='lat' dir='ltr'><strong>manu</strong></span> <span class='ocrx_word' id='word_1_525' title='bbox 1225 3820 1545 3867; x_wconf 74' lang='lat' dir='ltr'><strong>vastatorum</strong></span> <span class='ocrx_word' id='word_1_526' title='bbox 1571 3812 1703 3883; x_wconf 80' lang='lat' dir='ltr'><strong>ejus.</strong></span> 
     </span>
    </p>
   </div>
   <div class='ocr_carea' id='block_1_67' title="bbox 425 3903 1949 3976">
    <p class='ocr_par' dir='ltr' id='par_1_67' title="bbox 425 3903 1949 3976">
     <span class='ocr_line' id='line_1_67' title="bbox 425 3903 1949 3976; baseline 0.002 -18"><span class='ocrx_word' id='word_1_527' title='bbox 425 3904 515 3958; x_wconf 70' lang='lat'><strong>64.</strong></span> <span class='ocrx_word' id='word_1_528' title='bbox 545 3903 805 3959; x_wconf 81' lang='lat' dir='ltr'><strong>Amalech</strong></span> <span class='ocrx_word' id='word_1_529' title='bbox 835 3904 1065 3975; x_wconf 88' lang='lat' dir='ltr'><strong>populus</strong></span> <span class='ocrx_word' id='word_1_530' title='bbox 1112 3904 1357 3960; x_wconf 87' lang='lat' dir='ltr'><strong>lambens</strong></span> <span class='ocrx_word' id='word_1_531' title='bbox 1381 3905 1787 3976; x_wconf 86' lang='lat' dir='ltr'><strong>interpretatur.</strong></span> <span class='ocrx_word' id='word_1_532' title='bbox 1809 3903 1949 3971; x_wconf 77' lang='lat' dir='ltr'><strong>Quid</strong></span> 
     </span>
    </p>
   </div>
   <div class='ocr_carea' id='block_1_68' title="bbox 346 3997 1951 4069">
    <p class='ocr_par' dir='ltr' id='par_1_68' title="bbox 346 3997 1951 4069">
     <span class='ocr_line' id='line_1_68' title="bbox 346 3997 1951 4069; baseline -0.001 -14"><span class='ocrx_word' id='word_1_533' title='bbox 346 4011 490 4066; x_wconf 87' lang='lat' dir='ltr'><strong>ergo</strong></span> <span class='ocrx_word' id='word_1_534' title='bbox 534 4013 629 4067; x_wconf 89' lang='lat' dir='ltr'><strong>per</strong></span> <span class='ocrx_word' id='word_1_535' title='bbox 656 3997 935 4065; x_wconf 83' lang='lat' dir='ltr'><strong>Amalech,</strong></span> <span class='ocrx_word' id='word_1_536' title='bbox 984 3998 1088 4053; x_wconf 90' lang='lat' dir='ltr'><strong>nisi</strong></span> <span class='ocrx_word' id='word_1_537' title='bbox 1136 3998 1511 4055; x_wconf 80' lang='lat' dir='ltr'><strong>fornicationis</strong></span> <span class='ocrx_word' id='word_1_538' title='bbox 1548 3999 1768 4069; x_wconf 87' lang='lat' dir='ltr'><strong>spiritus</strong></span> <span class='ocrx_word' id='word_1_539' title='bbox 1807 3999 1951 4055; x_wconf 89' lang='lat' dir='ltr'><strong>desi-</strong></span> 
     </span>
    </p>
   </div>
   <div class='ocr_carea' id='block_1_69' title="bbox 344 4087 1953 4162">
    <p class='ocr_par' dir='ltr' id='par_1_69' title="bbox 344 4087 1953 4162">
     <span class='ocr_line' id='line_1_69' title="bbox 344 4087 1953 4162; baseline 0.001 -18"><span class='ocrx_word' id='word_1_540' title='bbox 344 4089 628 4162; x_wconf 75' lang='lat' dir='ltr'><strong>gnantur?</strong></span> <span class='ocrx_word' id='word_1_541' title='bbox 670 4087 935 4144; x_wconf 85' lang='lat' dir='ltr'><strong>Lambere</strong></span> <span class='ocrx_word' id='word_1_542' title='bbox 962 4090 1109 4145; x_wconf 87' lang='lat' dir='ltr'><strong>enim</strong></span> <span class='ocrx_word' id='word_1_543' title='bbox 1154 4104 1344 4146; x_wconf 81' lang='lat' dir='ltr'><strong>eorum</strong></span> <span class='ocrx_word' id='word_1_544' title='bbox 1373 4097 1474 4154; x_wconf 87' lang='lat' dir='ltr'><strong>est,</strong></span> <span class='ocrx_word' id='word_1_545' title='bbox 1510 4089 1577 4144; x_wconf 85' lang='lat' dir='ltr'><strong>ad</strong></span> <span class='ocrx_word' id='word_1_546' title='bbox 1614 4089 1953 4160; x_wconf 86' lang='lat' dir='ltr'><strong>peccandum</strong></span> 
     </span>
    </p>
   </div>
   <div class='ocr_carea' id='block_1_70' title="bbox 346 4180 1952 4239">
    <p class='ocr_par' dir='ltr' id='par_1_70' title="bbox 346 4180 1952 4239">
     <span class='ocr_line' id='line_1_70' title="bbox 346 4180 1952 4239; baseline -0.001 0"><span class='ocrx_word' id='word_1_547' title='bbox 346 4182 597 4239; x_wconf 79' lang='lat' dir='ltr'><strong>mentem</strong></span> <span class='ocrx_word' id='word_1_548' title='bbox 620 4183 795 4237; x_wconf 88' lang='lat' dir='ltr'><strong>carnis</strong></span> <span class='ocrx_word' id='word_1_549' title='bbox 823 4181 1193 4237; x_wconf 88' lang='lat' dir='ltr'><strong>blandimento</strong></span> <span class='ocrx_word' id='word_1_550' title='bbox 1216 4181 1465 4237; x_wconf 88' lang='lat' dir='ltr'><strong>delinire.</strong></span> <span class='ocrx_word' id='word_1_551' title='bbox 1496 4180 1654 4237; x_wconf 88' lang='lat' dir='ltr'><strong>Velut</strong></span> <span class='ocrx_word' id='word_1_552' title='bbox 1672 4182 1815 4238; x_wconf 92' lang='lat' dir='ltr'><strong>enim</strong></span> <span class='ocrx_word' id='word_1_553' title='bbox 1844 4182 1952 4237; x_wconf 88' lang='lat' dir='ltr'><strong>lin-</strong></span> 
     </span>
    </p>
   </div>
   <div class='ocr_carea' id='block_1_71' title="bbox 342 4272 1956 4347">
    <p class='ocr_par' dir='ltr' id='par_1_71' title="bbox 342 4272 1956 4347">
     <span class='ocr_line' id='line_1_71' title="bbox 342 4272 1956 4347; baseline 0 -18"><span class='ocrx_word' id='word_1_554' title='bbox 342 4289 477 4347; x_wconf 76' lang='lat' dir='ltr'><strong>gua:</strong></span> <span class='ocrx_word' id='word_1_555' title='bbox 512 4282 653 4330; x_wconf 87' lang='lat' dir='ltr'><strong>tactu</strong></span> <span class='ocrx_word' id='word_1_556' title='bbox 679 4274 920 4329; x_wconf 86' lang='lat' dir='ltr'><strong>lambere</strong></span> <span class='ocrx_word' id='word_1_557' title='bbox 958 4273 1221 4338; x_wconf 84' lang='lat' dir='ltr'><strong>ambiunt,</strong></span> <span class='ocrx_word' id='word_1_558' title='bbox 1254 4287 1375 4327; x_wconf 90' lang='lat' dir='ltr'><strong>cum</strong></span> <span class='ocrx_word' id='word_1_559' title='bbox 1422 4272 1629 4329; x_wconf 84' lang='lat' dir='ltr'><strong>levibus</strong></span> <span class='ocrx_word' id='word_1_560' title='bbox 1653 4274 1956 4343; x_wconf 50' lang='lat' dir='ltr'><strong>suggestion</strong></span> 
     </span>
    </p>
   </div>
   <div class='ocr_carea' id='block_1_72' title="bbox 347 4361 1962 4433">
    <p class='ocr_par' dir='ltr' id='par_1_72' title="bbox 347 4361 1962 4433">
     <span class='ocr_line' id='line_1_72' title="bbox 347 4361 1962 4433; baseline -0.002 -12"><span class='ocrx_word' id='word_1_561' title='bbox 347 4367 518 4421; x_wconf 80' lang='lat' dir='ltr'><strong>nibus</strong></span> <span class='ocrx_word' id='word_1_562' title='bbox 541 4372 779 4421; x_wconf 87' lang='lat' dir='ltr'><strong>mentem</strong></span> <span class='ocrx_word' id='word_1_563' title='bbox 808 4371 1053 4433; x_wconf 88' lang='lat' dir='ltr'><strong>tangunt.</strong></span> <span class='ocrx_word' id='word_1_564' title='bbox 1078 4361 1216 4429; x_wconf 85' lang='lat' dir='ltr'><strong>Quid</strong></span> <span class='ocrx_word' id='word_1_565' title='bbox 1237 4372 1321 4418; x_wconf 85' lang='lat' dir='ltr'><strong>est</strong></span> <span class='ocrx_word' id='word_1_566' title='bbox 1342 4362 1486 4433; x_wconf 89' lang='lat' dir='ltr'><strong>quod</strong></span> <span class='ocrx_word' id='word_1_567' title='bbox 1510 4370 1697 4418; x_wconf 89' lang='lat' dir='ltr'><strong>contra</strong></span> <span class='ocrx_word' id='word_1_568' title='bbox 1724 4363 1880 4419; x_wconf 75' lang='lat' dir='ltr'><strong>Moab</strong></span> <span class='ocrx_word' id='word_1_569' title='bbox 1903 4371 1962 4419; x_wconf 91' lang='lat' dir='ltr'><strong>et</strong></span> 
     </span>
    </p>
   </div>
   <div class='ocr_carea' id='block_1_73' title="bbox 351 4454 1963 4528">
    <p class='ocr_par' dir='ltr' id='par_1_73' title="bbox 351 4454 1963 4528">
     <span class='ocr_line' id='line_1_73' title="bbox 351 4454 1963 4528; baseline 0 -15"><span class='ocrx_word' id='word_1_570' title='bbox 351 4460 619 4524; x_wconf 81' lang='lat' dir='ltr'><strong>Ammon,</strong></span> <span class='ocrx_word' id='word_1_571' title='bbox 658 4457 803 4528; x_wconf 91' lang='lat' dir='ltr'><strong>quod</strong></span> <span class='ocrx_word' id='word_1_572' title='bbox 831 4465 1023 4513; x_wconf 82' lang='lat' dir='ltr'><strong>contra</strong></span> <span class='ocrx_word' id='word_1_573' title='bbox 1044 4454 1221 4510; x_wconf 88' lang='lat' dir='ltr'><strong>Edom</strong></span> <span class='ocrx_word' id='word_1_574' title='bbox 1245 4463 1301 4511; x_wconf 87' lang='lat' dir='ltr'><strong>et</strong></span> <span class='ocrx_word' id='word_1_575' title='bbox 1328 4469 1508 4525; x_wconf 84' lang='lat' dir='ltr'><strong>regem</strong></span> <span class='ocrx_word' id='word_1_576' title='bbox 1530 4455 1673 4510; x_wconf 91' lang='lat' dir='ltr'><strong>Suha</strong></span> <span class='ocrx_word' id='word_1_577' title='bbox 1695 4468 1963 4526; x_wconf 82' lang='lat' dir='ltr'><strong>pugnasse</strong></span> 
     </span>
    </p>
   </div>
   <div class='ocr_carea' id='block_1_74' title="bbox 351 4548 1960 4618">
    <p class='ocr_par' dir='ltr' id='par_1_74' title="bbox 351 4548 1960 4618">
     <span class='ocr_line' id='line_1_74' title="bbox 351 4548 1960 4618; baseline -0.005 -8"><span class='ocrx_word' id='word_1_578' title='bbox 351 4562 422 4610; x_wconf 86' lang='lat' dir='ltr'><strong>et</strong></span> <span class='ocrx_word' id='word_1_579' title='bbox 448 4553 639 4609; x_wconf 88' lang='lat' dir='ltr'><strong>vicisse</strong></span> <span class='ocrx_word' id='word_1_580' title='bbox 663 4551 882 4618; x_wconf 83' lang='lat' dir='ltr'><strong>dicitur,</strong></span> <span class='ocrx_word' id='word_1_581' title='bbox 914 4566 1021 4605; x_wconf 91' lang='lat' dir='ltr'><strong>non</strong></span> <span class='ocrx_word' id='word_1_582' title='bbox 1051 4556 1233 4605; x_wconf 87' lang='lat' dir='ltr'><strong>tamen</strong></span> <span class='ocrx_word' id='word_1_583' title='bbox 1259 4548 1557 4603; x_wconf 83' lang='lat' dir='ltr'><strong>exercitum</strong></span> <span class='ocrx_word' id='word_1_584' title='bbox 1582 4560 1960 4616; x_wconf 86' lang='lat' dir='ltr'><strong>congregasse,</strong></span> 
     </span>
    </p>
   </div>
   <div class='ocr_carea' id='block_1_75' title="bbox 2048 3456 3658 3532">
    <p class='ocr_par' dir='ltr' id='par_1_75' title="bbox 2048 3456 3658 3532">
     <span class='ocr_line' id='line_1_75' title="bbox 2048 3456 3658 3532; baseline -0.011 -12"><span class='ocrx_word' id='word_1_585' title='bbox 2048 3465 2188 3521; x_wconf 89' lang='lat' dir='ltr'><strong>citur</strong></span> <span class='ocrx_word' id='word_1_586' title='bbox 2207 3478 2369 3532; x_wconf 87' lang='lat' dir='ltr'><strong>quam</strong></span> <span class='ocrx_word' id='word_1_587' title='bbox 2392 3475 2489 3531; x_wconf 90' lang='lat' dir='ltr'><strong>per</strong></span> <span class='ocrx_word' id='word_1_588' title='bbox 2512 3456 2898 3514; x_wconf 85' lang='lat' dir='ltr'><strong>abstinentiam</strong></span> <span class='ocrx_word' id='word_1_589' title='bbox 2919 3468 3117 3524; x_wconf 88' lang='lat' dir='ltr'><strong>corpus</strong></span> <span class='ocrx_word' id='word_1_590' title='bbox 3141 3459 3426 3517; x_wconf 86' lang='lat' dir='ltr'><strong>atteratur,</strong></span> <span class='ocrx_word' id='word_1_591' title='bbox 3450 3458 3508 3506; x_wconf 90' lang='lat' dir='ltr'><strong>et</strong></span> <span class='ocrx_word' id='word_1_592' title='bbox 3530 3463 3658 3505; x_wconf 84' lang='lat' dir='ltr'><strong>om-</strong></span> 
     </span>
    </p>
   </div>
   <div class='ocr_carea' id='block_1_76' title="bbox 2048 3544 3652 3625">
    <p class='ocr_par' dir='ltr' id='par_1_76' title="bbox 2048 3544 3652 3625">
     <span class='ocr_line' id='line_1_76' title="bbox 2048 3544 3652 3625; baseline -0.012 -12"><span class='ocrx_word' id='word_1_593' title='bbox 2048 3556 2134 3613; x_wconf 90' lang='lat' dir='ltr'><strong>nis</strong></span> <span class='ocrx_word' id='word_1_594' title='bbox 2177 3553 2453 3625; x_wconf 89' lang='lat' dir='ltr'><strong>turpitudo</strong></span> <span class='ocrx_word' id='word_1_595' title='bbox 2494 3552 2766 3609; x_wconf 61' lang='lat' dir='ltr'><strong>obscaena:</strong></span> <span class='ocrx_word' id='word_1_596' title='bbox 2809 3546 3185 3619; x_wconf 83' lang='lat' dir='ltr'><strong>cogitationis,</strong></span> <span class='ocrx_word' id='word_1_597' title='bbox 3214 3544 3372 3601; x_wconf 83' lang='lat' dir='ltr'><strong>bonis</strong></span> <span class='ocrx_word' id='word_1_598' title='bbox 3411 3548 3652 3600; x_wconf 81' lang='lat' dir='ltr'><strong>mentem</strong></span> 
     </span>
    </p>
   </div>
   <div class='ocr_carea' id='block_1_77' title="bbox 2048 3634 3648 3719">
    <p class='ocr_par' dir='ltr' id='par_1_77' title="bbox 2048 3634 3648 3719">
     <span class='ocr_line' id='line_1_77' title="bbox 2048 3634 3648 3719; baseline -0.01 -14"><span class='ocrx_word' id='word_1_599' title='bbox 2048 3647 2408 3719; x_wconf 83' lang='lat' dir='ltr'><strong>replentibus,</strong></span> <span class='ocrx_word' id='word_1_600' title='bbox 2448 3644 2733 3712; x_wconf 85' lang='lat' dir='ltr'><strong>eiIugatur.</strong></span> <span class='ocrx_word' id='word_1_601' title='bbox 2774 3639 2926 3696; x_wconf 89' lang='lat' dir='ltr'><strong>Tunc</strong></span> <span class='ocrx_word' id='word_1_602' title='bbox 2970 3638 3173 3710; x_wconf 82' lang='lat' dir='ltr'><strong>quippe</strong></span> <span class='ocrx_word' id='word_1_603' title='bbox 3214 3650 3338 3693; x_wconf 87' lang='lat' dir='ltr'><strong>eum</strong></span> <span class='ocrx_word' id='word_1_604' title='bbox 3366 3634 3606 3691; x_wconf 80' lang='lat' dir='ltr'><strong>lambere</strong></span> <span class='ocrx_word' id='word_1_605' title='bbox 3630 3671 3648 3698; x_wconf 92' lang='lat'><strong>,</strong></span> 
     </span>
    </p>
   </div>
   <div class='ocr_carea' id='block_1_78' title="bbox 2051 3728 3649 3807">
    <p class='ocr_par' dir='ltr' id='par_1_78' title="bbox 2051 3728 3649 3807">
     <span class='ocr_line' id='line_1_78' title="bbox 2051 3728 3649 3807; baseline -0.01 -10"><span class='ocrx_word' id='word_1_606' title='bbox 2051 3741 2106 3797; x_wconf 91' lang='lat' dir='ltr'><strong>id</strong></span> <span class='ocrx_word' id='word_1_607' title='bbox 2139 3749 2223 3796; x_wconf 90' lang='lat' dir='ltr'><strong>est</strong></span> <span class='ocrx_word' id='word_1_608' title='bbox 2248 3737 2477 3794; x_wconf 85' lang='lat' dir='ltr'><strong>delinire</strong></span> <span class='ocrx_word' id='word_1_609' title='bbox 2524 3734 2756 3807; x_wconf 88' lang='lat' dir='ltr'><strong>populus</strong></span> <span class='ocrx_word' id='word_1_610' title='bbox 2792 3732 3037 3788; x_wconf 84' lang='lat' dir='ltr'><strong>lambens</strong></span> <span class='ocrx_word' id='word_1_611' title='bbox 3064 3728 3386 3787; x_wconf 79' lang='lat' dir='ltr'><strong>delectando</strong></span> <span class='ocrx_word' id='word_1_612' title='bbox 3406 3743 3519 3784; x_wconf 87' lang='lat' dir='ltr'><strong>non</strong></span> <span class='ocrx_word' id='word_1_613' title='bbox 3546 3739 3649 3797; x_wconf 88' lang='lat' dir='ltr'><strong>po-</strong></span> 
     </span>
    </p>
   </div>
   <div class='ocr_carea' id='block_1_79' title="bbox 2053 3822 3658 3901">
    <p class='ocr_par' dir='ltr' id='par_1_79' title="bbox 2053 3822 3658 3901">
     <span class='ocr_line' id='line_1_79' title="bbox 2053 3822 3658 3901; baseline -0.007 -14"><span class='ocrx_word' id='word_1_614' title='bbox 2053 3840 2177 3898; x_wconf 86' lang='lat' dir='ltr'><strong>test,</strong></span> <span class='ocrx_word' id='word_1_615' title='bbox 2200 3831 2324 3901; x_wconf 85' lang='lat' dir='ltr'><strong>quia</strong></span> <span class='ocrx_word' id='word_1_616' title='bbox 2352 3828 2554 3885; x_wconf 90' lang='lat' dir='ltr'><strong>domita</strong></span> <span class='ocrx_word' id='word_1_617' title='bbox 2574 3840 2737 3883; x_wconf 82' lang='lat' dir='ltr'><strong>carne</strong></span> <span class='ocrx_word' id='word_1_618' title='bbox 2755 3824 2997 3896; x_wconf 76' lang='lat' dir='ltr'><strong>ieiuniis,</strong></span> <span class='ocrx_word' id='word_1_619' title='bbox 3022 3822 3343 3889; x_wconf 75' lang='lat' dir='ltr'><strong>humilitatis</strong></span> <span class='ocrx_word' id='word_1_620' title='bbox 3370 3835 3497 3878; x_wconf 85' lang='lat' dir='ltr'><strong>arce</strong></span> <span class='ocrx_word' id='word_1_621' title='bbox 3514 3829 3658 3890; x_wconf 69' lang='lat' dir='ltr'><strong>prat-</strong></span> 
     </span>
    </p>
   </div>
   <div class='ocr_carea' id='block_1_80' title="bbox 2051 3916 3651 3987">
    <p class='ocr_par' dir='ltr' id='par_1_80' title="bbox 2051 3916 3651 3987">
     <span class='ocr_line' id='line_1_80' title="bbox 2051 3916 3651 3987; baseline -0.007 -6"><span class='ocrx_word' id='word_1_622' title='bbox 2051 3924 2163 3981; x_wconf 87' lang='lat' dir='ltr'><strong>dita</strong></span> <span class='ocrx_word' id='word_1_623' title='bbox 2193 3929 2397 3987; x_wconf 84' lang='lat' dir='ltr'><strong>mente,</strong></span> <span class='ocrx_word' id='word_1_624' title='bbox 2428 3920 2690 3978; x_wconf 86' lang='lat' dir='ltr'><strong>orationis</strong></span> <span class='ocrx_word' id='word_1_625' title='bbox 2716 3918 2882 3975; x_wconf 88' lang='lat' dir='ltr'><strong>armis</strong></span> <span class='ocrx_word' id='word_1_626' title='bbox 2910 3917 3175 3985; x_wconf 86' lang='lat' dir='ltr'><strong>accincta,</strong></span> <span class='ocrx_word' id='word_1_627' title='bbox 3204 3917 3413 3975; x_wconf 80' lang='lat' dir='ltr'><strong>intenta</strong></span> <span class='ocrx_word' id='word_1_628' title='bbox 3441 3916 3651 3972; x_wconf 89' lang='lat' dir='ltr'><strong>doctri-</strong></span> 
     </span>
    </p>
   </div>
   <div class='ocr_carea' id='block_1_81' title="bbox 2057 4008 3662 4083">
    <p class='ocr_par' dir='ltr' id='par_1_81' title="bbox 2057 4008 3662 4083">
     <span class='ocr_line' id='line_1_81' title="bbox 2057 4008 3662 4083; baseline -0.007 -9"><span class='ocrx_word' id='word_1_629' title='bbox 2057 4018 2147 4075; x_wconf 89' lang='lat' dir='ltr'><strong>nis</strong></span> <span class='ocrx_word' id='word_1_630' title='bbox 2178 4015 2489 4072; x_wconf 72' lang='lat' dir='ltr'><strong>ctnlestibus</strong></span> <span class='ocrx_word' id='word_1_631' title='bbox 2508 4055 2526 4082; x_wconf 93' lang='lat'><strong>,</strong></span> <span class='ocrx_word' id='word_1_632' title='bbox 2567 4012 2829 4083; x_wconf 81' lang='lat' dir='ltr'><strong>exemplis</strong></span> <span class='ocrx_word' id='word_1_633' title='bbox 2856 4010 3062 4066; x_wconf 82' lang='lat' dir='ltr'><strong>munita</strong></span> <span class='ocrx_word' id='word_1_634' title='bbox 3080 4046 3097 4073; x_wconf 92' lang='lat'><strong>,</strong></span> <span class='ocrx_word' id='word_1_635' title='bbox 3128 4008 3307 4078; x_wconf 66' lang='lat' dir='ltr'><strong>impias</strong></span> <span class='ocrx_word' id='word_1_636' title='bbox 3333 4008 3662 4077; x_wconf 84' lang='lat' dir='ltr'><strong>suggestioni</strong></span> 
     </span>
    </p>
   </div>
   <div class='ocr_carea' id='block_1_82' title="bbox 2054 4096 3661 4177">
    <p class='ocr_par' dir='ltr' id='par_1_82' title="bbox 2054 4096 3661 4177">
     <span class='ocr_line' id='line_1_82' title="bbox 2054 4096 3661 4177; baseline -0.008 -14"><span class='ocrx_word' id='word_1_637' title='bbox 2054 4107 2259 4163; x_wconf 88' lang='lat' dir='ltr'><strong>aditum</strong></span> <span class='ocrx_word' id='word_1_638' title='bbox 2286 4104 2531 4177; x_wconf 57' lang='lat' dir='ltr'><strong>praebere</strong></span> <span class='ocrx_word' id='word_1_639' title='bbox 2557 4099 2948 4158; x_wconf 86' lang='lat' dir='ltr'><strong>consentiendo</strong></span> <span class='ocrx_word' id='word_1_640' title='bbox 2976 4112 3083 4153; x_wconf 90' lang='lat' dir='ltr'><strong>non</strong></span> <span class='ocrx_word' id='word_1_641' title='bbox 3110 4096 3390 4167; x_wconf 60' lang='lat' dir='ltr'><strong>praevalet.</strong></span> <span class='ocrx_word' id='word_1_642' title='bbox 3414 4097 3545 4163; x_wconf 71' lang='grc' dir='ltr'><strong>ρυω</strong></span> <span class='ocrx_word' id='word_1_643' title='bbox 3574 4098 3661 4152; x_wconf 88' lang='lat' dir='ltr'><strong>ni-</strong></span> 
     </span>
    </p>
   </div>
   <div class='ocr_carea' id='block_1_83' title="bbox 2058 4188 3666 4263">
    <p class='ocr_par' dir='ltr' id='par_1_83' title="bbox 2058 4188 3666 4263">
     <span class='ocr_line' id='line_1_83' title="bbox 2058 4188 3666 4263; baseline -0.014 -8"><span class='ocrx_word' id='word_1_644' title='bbox 2058 4201 2256 4255; x_wconf 88' lang='lat' dir='ltr'><strong>mirum</strong></span> <span class='ocrx_word' id='word_1_645' title='bbox 2282 4195 2555 4252; x_wconf 86' lang='lat' dir='ltr'><strong>exercitus</strong></span> <span class='ocrx_word' id='word_1_646' title='bbox 2575 4190 2923 4263; x_wconf 86' lang='lat' dir='ltr'><strong>congregatio</strong></span> <span class='ocrx_word' id='word_1_647' title='bbox 2946 4190 3087 4245; x_wconf 88' lang='lat' dir='ltr'><strong>bene</strong></span> <span class='ocrx_word' id='word_1_648' title='bbox 3109 4188 3348 4259; x_wconf 74' lang='lat' dir='ltr'><strong>regibus,</strong></span> <span class='ocrx_word' id='word_1_649' title='bbox 3377 4189 3430 4245; x_wconf 89' lang='lat' dir='ltr'><strong>id</strong></span> <span class='ocrx_word' id='word_1_650' title='bbox 3452 4198 3538 4247; x_wconf 79' lang='lat' dir='ltr'><strong>est</strong></span> <span class='ocrx_word' id='word_1_651' title='bbox 3560 4188 3666 4246; x_wconf 80' lang='lat' dir='ltr'><strong>Ec-</strong></span> 
     </span>
    </p>
   </div>
   <div class='ocr_carea' id='block_1_84' title="bbox 2063 4280 3661 4352">
    <p class='ocr_par' dir='ltr' id='par_1_84' title="bbox 2063 4280 3661 4352">
     <span class='ocr_line' id='line_1_84' title="bbox 2063 4280 3661 4352; baseline -0.006 -7"><span class='ocrx_word' id='word_1_652' title='bbox 2063 4290 2242 4346; x_wconf 75' lang='lat' dir='ltr'><strong>clesiae</strong></span> <span class='ocrx_word' id='word_1_653' title='bbox 2269 4284 2578 4342; x_wconf 88' lang='lat' dir='ltr'><strong>doctoribus</strong></span> <span class='ocrx_word' id='word_1_654' title='bbox 2606 4281 2897 4347; x_wconf 88' lang='lat' dir='ltr'><strong>convenit,</strong></span> <span class='ocrx_word' id='word_1_655' title='bbox 2923 4280 3047 4351; x_wconf 83' lang='lat' dir='ltr'><strong>quia</strong></span> <span class='ocrx_word' id='word_1_656' title='bbox 3075 4280 3319 4352; x_wconf 84' lang='lat' dir='ltr'><strong>quisquis</strong></span> <span class='ocrx_word' id='word_1_657' title='bbox 3343 4280 3412 4337; x_wconf 84' lang='lat' dir='ltr'><strong>ad</strong></span> <span class='ocrx_word' id='word_1_658' title='bbox 3453 4281 3661 4337; x_wconf 81' lang='lat' dir='ltr'><strong>exstin-</strong></span> 
     </span>
    </p>
   </div>
   <div class='ocr_carea' id='block_1_85' title="bbox 2063 4372 3664 4451">
    <p class='ocr_par' dir='ltr' id='par_1_85' title="bbox 2063 4372 3664 4451">
     <span class='ocr_line' id='line_1_85' title="bbox 2063 4372 3664 4451; baseline -0.011 -15"><span class='ocrx_word' id='word_1_659' title='bbox 2063 4379 2331 4451; x_wconf 87' lang='lat' dir='ltr'><strong>guendam</strong></span> <span class='ocrx_word' id='word_1_660' title='bbox 2373 4374 2751 4432; x_wconf 79' lang='lat' dir='ltr'><strong>fornicationis</strong></span> <span class='ocrx_word' id='word_1_661' title='bbox 2796 4372 3001 4430; x_wconf 89' lang='lat' dir='ltr'><strong>rabiem</strong></span> <span class='ocrx_word' id='word_1_662' title='bbox 3042 4373 3247 4430; x_wconf 85' lang='lat' dir='ltr'><strong>electos</strong></span> <span class='ocrx_word' id='word_1_663' title='bbox 3285 4373 3531 4434; x_wconf 77' lang='lat' dir='ltr'><strong>subditos</strong></span> <span class='ocrx_word' id='word_1_664' title='bbox 3576 4373 3664 4428; x_wconf 88' lang='lat' dir='ltr'><strong>in-</strong></span> 
     </span>
    </p>
   </div>
   <div class='ocr_carea' id='block_1_86' title="bbox 2064 4467 3663 4540">
    <p class='ocr_par' dir='ltr' id='par_1_86' title="bbox 2064 4467 3663 4540">
     <span class='ocr_line' id='line_1_86' title="bbox 2064 4467 3663 4540; baseline -0.004 -11"><span class='ocrx_word' id='word_1_665' title='bbox 2064 4483 2275 4531; x_wconf 90' lang='lat' dir='ltr'><strong>struere</strong></span> <span class='ocrx_word' id='word_1_666' title='bbox 2294 4470 2508 4539; x_wconf 89' lang='lat' dir='ltr'><strong>nititur,</strong></span> <span class='ocrx_word' id='word_1_667' title='bbox 2529 4469 2645 4524; x_wconf 57' lang='lat' dir='ltr'><strong>haec</strong></span> <span class='ocrx_word' id='word_1_668' title='bbox 2666 4469 2822 4540; x_wconf 88' lang='lat' dir='ltr'><strong>plura</strong></span> <span class='ocrx_word' id='word_1_669' title='bbox 2837 4467 3163 4527; x_wconf 79' lang='lat' dir='ltr'><strong>auxiliorum</strong></span> <span class='ocrx_word' id='word_1_670' title='bbox 3189 4468 3407 4539; x_wconf 72' lang='lat' dir='ltr'><strong>agmina</strong></span> <span class='ocrx_word' id='word_1_671' title='bbox 3423 4467 3473 4526; x_wconf 86' lang='lat' dir='ltr'><strong>ei</strong></span> <span class='ocrx_word' id='word_1_672' title='bbox 3494 4467 3663 4526; x_wconf 85' lang='lat' dir='ltr'><strong>verbo</strong></span> 
     </span>
    </p>
   </div>
   <div class='ocr_carea' id='block_1_87' title="bbox 2067 4560 2615 4630">
    <p class='ocr_par' dir='ltr' id='par_1_87' title="bbox 2067 4560 2615 4630">
     <span class='ocr_line' id='line_1_87' title="bbox 2067 4560 2615 4630; baseline -0.009 -12"><span class='ocrx_word' id='word_1_673' title='bbox 2067 4560 2444 4630; x_wconf 84' lang='lat' dir='ltr'><strong>congreganda</strong></span> <span class='ocrx_word' id='word_1_674' title='bbox 2472 4567 2615 4615; x_wconf 89' lang='lat' dir='ltr'><strong>sunt.</strong></span> 
     </span>
    </p>
   </div>
   <div class='ocr_carea' id='block_1_88' title="bbox 351 4638 1966 4722">
    <p class='ocr_par' dir='ltr' id='par_1_88' title="bbox 351 4638 1962 4708">
     <span class='ocr_line' id='line_1_88' title="bbox 351 4638 1962 4708; baseline -0.004 -8"><span class='ocrx_word' id='word_1_675' title='bbox 351 4643 462 4701; x_wconf 80' lang='lat' dir='ltr'><strong>sed</strong></span> <span class='ocrx_word' id='word_1_676' title='bbox 504 4651 563 4697; x_wconf 90' lang='lat' dir='ltr'><strong>ut</strong></span> <span class='ocrx_word' id='word_1_677' title='bbox 599 4641 861 4698; x_wconf 83' lang='lat' dir='ltr'><strong>Amalech</strong></span> <span class='ocrx_word' id='word_1_678' title='bbox 908 4639 1182 4706; x_wconf 87' lang='lat' dir='ltr'><strong>vinceret,</strong></span> <span class='ocrx_word' id='word_1_679' title='bbox 1227 4639 1526 4694; x_wconf 75' lang='lat' dir='ltr'><strong>exercitum</strong></span> <span class='ocrx_word' id='word_1_680' title='bbox 1570 4638 1962 4708; x_wconf 78' lang='lat' dir='ltr'><strong>congregavit?</strong></span> 
     </span>
    </p>
   </div>
   <div class='ocr_carea' id='block_1_89' title="bbox 2046 4638 3664 4722">
    <p class='ocr_par' dir='ltr' id='par_1_89' title="bbox 2139 4650 3664 4722">
     <span class='ocr_line' id='line_1_89' title="bbox 2139 4650 3664 4722; baseline 0.001 -17"><span class='ocrx_word' id='word_1_681' title='bbox 2139 4652 2227 4706; x_wconf 76' lang='lat'><strong>6-3.</strong></span> <span class='ocrx_word' id='word_1_682' title='bbox 2256 4650 2402 4708; x_wconf 91' lang='lat' dir='ltr'><strong>Bene</strong></span> <span class='ocrx_word' id='word_1_683' title='bbox 2431 4659 2488 4707; x_wconf 91' lang='lat' dir='ltr'><strong>et</strong></span> <span class='ocrx_word' id='word_1_684' title='bbox 2514 4650 2680 4707; x_wconf 85' lang='lat' dir='ltr'><strong>Israel</strong></span> <span class='ocrx_word' id='word_1_685' title='bbox 2702 4660 2888 4708; x_wconf 89' lang='lat' dir='ltr'><strong>erutus</strong></span> <span class='ocrx_word' id='word_1_686' title='bbox 2909 4651 2977 4708; x_wconf 87' lang='lat' dir='ltr'><strong>de</strong></span> <span class='ocrx_word' id='word_1_687' title='bbox 2998 4667 3162 4710; x_wconf 85' lang='lat' dir='ltr'><strong>manu</strong></span> <span class='ocrx_word' id='word_1_688' title='bbox 3188 4663 3521 4711; x_wconf 84' lang='lat' dir='ltr'><strong>vastatorum</strong></span> <span class='ocrx_word' id='word_1_689' title='bbox 3546 4654 3664 4722; x_wconf 85' lang='lat' dir='ltr'><strong>ejus</strong></span> 
     </span>
    </p>
   </div>
   <div class='ocr_carea' id='block_1_90' title="bbox 354 4729 1966 4817">
    <p class='ocr_par' dir='ltr' id='par_1_90' title="bbox 354 4729 1961 4805">
     <span class='ocr_line' id='line_1_90' title="bbox 354 4729 1961 4805; baseline -0.002 -16"><span class='ocrx_word' id='word_1_690' title='bbox 354 4736 508 4804; x_wconf 81' lang='lat' dir='ltr'><strong>Quid</strong></span> <span class='ocrx_word' id='word_1_691' title='bbox 537 4743 622 4791; x_wconf 91' lang='lat' dir='ltr'><strong>est</strong></span> <span class='ocrx_word' id='word_1_692' title='bbox 658 4736 801 4805; x_wconf 91' lang='lat' dir='ltr'><strong>quod</strong></span> <span class='ocrx_word' id='word_1_693' title='bbox 827 4735 1127 4790; x_wconf 72' lang='lat' dir='ltr'><strong>exercitum</strong></span> <span class='ocrx_word' id='word_1_694' title='bbox 1172 4732 1536 4801; x_wconf 85' lang='lat' dir='ltr'><strong>congregavit,</strong></span> <span class='ocrx_word' id='word_1_695' title='bbox 1578 4732 1679 4786; x_wconf 87' lang='lat' dir='ltr'><strong>nisi</strong></span> <span class='ocrx_word' id='word_1_696' title='bbox 1724 4733 1849 4803; x_wconf 85' lang='lat' dir='ltr'><strong>quia</strong></span> <span class='ocrx_word' id='word_1_697' title='bbox 1894 4729 1961 4786; x_wconf 88' lang='lat' dir='ltr'><strong>ad</strong></span> 
     </span>
    </p>
   </div>
   <div class='ocr_carea' id='block_1_91' title="bbox 2046 4729 3665 4817">
    <p class='ocr_par' dir='ltr' id='par_1_91' title="bbox 2067 4742 3665 4816">
     <span class='ocr_line' id='line_1_91' title="bbox 2067 4742 3665 4816; baseline -0.002 -14"><span class='ocrx_word' id='word_1_698' title='bbox 2067 4746 2348 4802; x_wconf 87' lang='lat' dir='ltr'><strong>asserilur.</strong></span> <span class='ocrx_word' id='word_1_699' title='bbox 2380 4744 2510 4800; x_wconf 65' lang='grc' dir='ltr'><strong>Επιιὶ</strong></span> <span class='ocrx_word' id='word_1_700' title='bbox 2537 4742 2752 4815; x_wconf 89' lang='lat' dir='ltr'><strong>quidem</strong></span> <span class='ocrx_word' id='word_1_701' title='bbox 2774 4744 2931 4799; x_wconf 85' lang='lat' dir='ltr'><strong>evelli</strong></span> <span class='ocrx_word' id='word_1_702' title='bbox 2966 4744 3181 4802; x_wconf 89' lang='lat' dir='ltr'><strong>dicitur.</strong></span> <span class='ocrx_word' id='word_1_703' title='bbox 3215 4746 3285 4802; x_wconf 87' lang='lat' dir='ltr'><strong>Et</strong></span> <span class='ocrx_word' id='word_1_704' title='bbox 3311 4744 3457 4816; x_wconf 82' lang='lat' dir='ltr'><strong>quod</strong></span> <span class='ocrx_word' id='word_1_705' title='bbox 3478 4745 3665 4801; x_wconf 83' lang='lat' dir='ltr'><strong>evelli-</strong></span> 
     </span>
    </p>
   </div>
   <div class='ocr_carea' id='block_1_92' title="bbox 354 4825 3745 4907">
    <p class='ocr_par' dir='ltr' id='par_1_92' title="bbox 354 4825 3745 4907">
     <span class='ocr_line' id='line_1_92' title="bbox 354 4825 3745 4907; baseline -0.004 -23"><span class='ocrx_word' id='word_1_706' title='bbox 354 4825 1212 4895; x_wconf 82' lang='lat' dir='ltr'><strong>exstinguendumfornicationis</strong></span> <span class='ocrx_word' id='word_1_707' title='bbox 1234 4825 1502 4895; x_wconf 89' lang='lat' dir='ltr'><strong>spiritum,</strong></span> <span class='ocrx_word' id='word_1_708' title='bbox 1531 4825 1701 4879; x_wconf 88' lang='lat' dir='ltr'><strong>virtus</strong></span> <span class='ocrx_word' id='word_1_709' title='bbox 1723 4838 1828 4879; x_wconf 87' lang='lat' dir='ltr'><strong>una</strong></span> <span class='ocrx_word' id='word_1_710' title='bbox 1852 4837 1961 4878; x_wconf 93' lang='lat' dir='ltr'><strong>non</strong></span> <span class='ocrx_word' id='word_1_711' title='bbox 2068 4850 2176 4905; x_wconf 60' lang='grc' dir='ltr'><strong>ων,</strong></span> <span class='ocrx_word' id='word_1_712' title='bbox 2206 4839 2343 4895; x_wconf 64' lang='lat' dir='ltr'><strong>anas</strong></span> <span class='ocrx_word' id='word_1_713' title='bbox 2380 4838 2592 4894; x_wconf 61' lang='lat' dir='ltr'><strong>radices</strong></span> <span class='ocrx_word' id='word_1_714' title='bbox 2641 4836 2698 4891; x_wconf 63' lang='lat' dir='ltr'><strong>in</strong></span> <span class='ocrx_word' id='word_1_715' title='bbox 2736 4834 3085 4907; x_wconf 65' lang='grc' dir='ltr'><strong>ρτοςυηάίοη</strong></span> <span class='ocrx_word' id='word_1_716' title='bbox 3113 4838 3367 4895; x_wconf 53' lang='lat' dir='ltr'><strong>mersis“,</strong></span> <span class='ocrx_word' id='word_1_717' title='bbox 3412 4836 3662 4893; x_wconf 53' lang='grc' dir='ltr'><strong>παίδων,</strong></span> <span class='ocrx_word' id='word_1_718' title='bbox 3744 4878 3745 4881; x_wconf 28' lang='grc' dir='ltr'><strong>η</strong></span> 
     </span>
    </p>
   </div>
   <div class='ocr_carea' id='block_1_93' title="bbox 353 4913 1966 4999">
    <p class='ocr_par' dir='ltr' id='par_1_93' title="bbox 353 4913 1964 4985">
     <span class='ocr_line' id='line_1_93' title="bbox 353 4913 1964 4985; baseline -0.006 -8"><span class='ocrx_word' id='word_1_719' title='bbox 353 4915 607 4977; x_wconf 84' lang='lat' dir='ltr'><strong>suflicit?</strong></span> <span class='ocrx_word' id='word_1_720' title='bbox 636 4915 973 4972; x_wconf 83' lang='lat' dir='ltr'><strong>Abstinentia</strong></span> <span class='ocrx_word' id='word_1_721' title='bbox 1002 4914 1221 4985; x_wconf 88' lang='lat' dir='ltr'><strong>quidem</strong></span> <span class='ocrx_word' id='word_1_722' title='bbox 1245 4914 1488 4968; x_wconf 86' lang='lat' dir='ltr'><strong>ciborum</strong></span> <span class='ocrx_word' id='word_1_723' title='bbox 1531 4921 1718 4968; x_wconf 89' lang='lat' dir='ltr'><strong>contra</strong></span> <span class='ocrx_word' id='word_1_724' title='bbox 1748 4913 1855 4969; x_wconf 90' lang='lat' dir='ltr'><strong>hoc</strong></span> <span class='ocrx_word' id='word_1_725' title='bbox 1882 4913 1964 4968; x_wconf 88' lang='lat' dir='ltr'><strong>vi-</strong></span> 
     </span>
    </p>
   </div>
   <div class='ocr_carea' id='block_1_94' title="bbox 2046 4913 3666 4999">
    <p class='ocr_par' dir='ltr' id='par_1_94' title="bbox 2067 4927 3666 4999">
     <span class='ocr_line' id='line_1_94' title="bbox 2067 4927 3666 4999; baseline -0.005 -10"><span class='ocrx_word' id='word_1_726' title='bbox 2067 4933 2258 4990; x_wconf 86' lang='lat' dir='ltr'><strong>Manus</strong></span> <span class='ocrx_word' id='word_1_727' title='bbox 2282 4947 2414 4988; x_wconf 90' lang='lat' dir='ltr'><strong>vero</strong></span> <span class='ocrx_word' id='word_1_728' title='bbox 2443 4937 2779 4985; x_wconf 88' lang='lat' dir='ltr'><strong>vastatorum</strong></span> <span class='ocrx_word' id='word_1_729' title='bbox 2821 4934 3062 4999; x_wconf 85' lang='lat' dir='ltr'><strong>potestas</strong></span> <span class='ocrx_word' id='word_1_730' title='bbox 3091 4936 3175 4985; x_wconf 87' lang='lat' dir='ltr'><strong>est</strong></span> <span class='ocrx_word' id='word_1_731' title='bbox 3202 4927 3467 4982; x_wconf 80' lang='lat' dir='ltr'><strong>malorum</strong></span> <span class='ocrx_word' id='word_1_732' title='bbox 3506 4928 3666 4997; x_wconf 58' lang='lat' dir='ltr'><strong>spiri-</strong></span> 
     </span>
    </p>
   </div>
   <div class='ocr_carea' id='block_1_95' title="bbox 357 5003 3667 5091">
    <p class='ocr_par' dir='ltr' id='par_1_95' title="bbox 357 5003 3667 5091">
     <span class='ocr_line' id='line_1_95' title="bbox 357 5003 3667 5091; baseline -0.004 -26"><span class='ocrx_word' id='word_1_733' title='bbox 357 5010 504 5065; x_wconf 80' lang='lat' dir='ltr'><strong>tium</strong></span> <span class='ocrx_word' id='word_1_734' title='bbox 547 5008 842 5065; x_wconf 86' lang='lat' dir='ltr'><strong>fortissima</strong></span> <span class='ocrx_word' id='word_1_735' title='bbox 890 5016 1002 5074; x_wconf 83' lang='lat' dir='ltr'><strong>est,</strong></span> <span class='ocrx_word' id='word_1_736' title='bbox 1048 5005 1143 5062; x_wconf 88' lang='lat' dir='ltr'><strong>sed</strong></span> <span class='ocrx_word' id='word_1_737' title='bbox 1192 5005 1307 5062; x_wconf 90' lang='lat' dir='ltr'><strong>sola</strong></span> <span class='ocrx_word' id='word_1_738' title='bbox 1355 5018 1463 5060; x_wconf 91' lang='lat' dir='ltr'><strong>non</strong></span> <span class='ocrx_word' id='word_1_739' title='bbox 1507 5004 1789 5074; x_wconf 70' lang='lat' dir='ltr'><strong>praevalet;</strong></span> <span class='ocrx_word' id='word_1_740' title='bbox 1816 5003 1967 5059; x_wconf 85' lang='lat' dir='ltr'><strong>velut</strong></span> <span class='ocrx_word' id='word_1_741' title='bbox 2070 5033 2245 5082; x_wconf 46' lang='lat' dir='ltr'><strong>mum.</strong></span> <span class='ocrx_word' id='word_1_742' title='bbox 2275 5020 2430 5078; x_wconf 70' lang='lat' dir='ltr'><strong>unde</strong></span> <span class='ocrx_word' id='word_1_743' title='bbox 2455 5021 2618 5077; x_wconf 55' lang='lat' dir='ltr'><strong>etiam</strong></span> <span class='ocrx_word' id='word_1_744' title='bbox 2646 5020 2907 5090; x_wconf 55' lang='lat' dir='ltr'><strong>scriptum</strong></span> <span class='ocrx_word' id='word_1_745' title='bbox 2956 5026 3074 5075; x_wconf 48' lang='lat' dir='ltr'><strong>es“</strong></span> <span class='ocrx_word' id='word_1_746' title='bbox 3108 5020 3154 5074; x_wconf 72' lang='grc' dir='ltr'><strong><em>Α</em></strong></span> <span class='ocrx_word' id='word_1_747' title='bbox 3179 5035 3277 5090; x_wconf 68' lang='lat' dir='ltr'><strong>quo</strong></span> <span class='ocrx_word' id='word_1_748' title='bbox 3305 5019 3418 5091; x_wconf 57' lang='grc' dir='ltr'><strong>(με,</strong></span> <span class='ocrx_word' id='word_1_749' title='bbox 3445 5020 3667 5075; x_wconf 62' lang='grc' dir='ltr'><strong>,ἠπίων</strong></span> 
     </span>
    </p>
   </div>
   <div class='ocr_carea' id='block_1_96' title="bbox 357 5101 1966 5189">
    <p class='ocr_par' dir='ltr' id='par_1_96' title="bbox 357 5101 1965 5171">
     <span class='ocr_line' id='line_1_96' title="bbox 357 5101 1965 5171; baseline -0.005 -13"><span class='ocrx_word' id='word_1_750' title='bbox 357 5101 517 5158; x_wconf 82' lang='lat' dir='ltr'><strong>enim</strong></span> <span class='ocrx_word' id='word_1_751' title='bbox 553 5101 707 5156; x_wconf 89' lang='lat' dir='ltr'><strong>miles</strong></span> <span class='ocrx_word' id='word_1_752' title='bbox 731 5109 833 5167; x_wconf 91' lang='lat' dir='ltr'><strong>est,</strong></span> <span class='ocrx_word' id='word_1_753' title='bbox 864 5108 920 5156; x_wconf 91' lang='lat' dir='ltr'><strong>et</strong></span> <span class='ocrx_word' id='word_1_754' title='bbox 944 5113 1185 5171; x_wconf 86' lang='lat' dir='ltr'><strong>pugnare</strong></span> <span class='ocrx_word' id='word_1_755' title='bbox 1213 5105 1411 5169; x_wconf 85' lang='lat' dir='ltr'><strong>potest,</strong></span> <span class='ocrx_word' id='word_1_756' title='bbox 1444 5110 1700 5167; x_wconf 86' lang='lat' dir='ltr'><strong>superare</strong></span> <span class='ocrx_word' id='word_1_757' title='bbox 1728 5110 1835 5150; x_wconf 92' lang='lat' dir='ltr'><strong>non</strong></span> <span class='ocrx_word' id='word_1_758' title='bbox 1864 5109 1965 5167; x_wconf 89' lang='lat' dir='ltr'><strong>po-</strong></span> 
     </span>
    </p>
   </div>
   <div class='ocr_carea' id='block_1_97' title="bbox 2046 5101 3739 5189">
    <p class='ocr_par' dir='ltr' id='par_1_97' title="bbox 2067 5108 3739 5189">
     <span class='ocr_line' id='line_1_97' title="bbox 2067 5108 3739 5189; baseline -0.007 -17"><span class='ocrx_word' id='word_1_759' title='bbox 2067 5118 2179 5189; x_wconf 82' lang='lat' dir='ltr'><strong>ejus</strong></span> <span class='ocrx_word' id='word_1_760' title='bbox 2203 5132 2376 5171; x_wconf 82' lang='lat' dir='ltr'><strong>servus</strong></span> <span class='ocrx_word' id='word_1_761' title='bbox 2404 5114 2630 5185; x_wconf 76' lang='lat' dir='ltr'><strong>efﬁcitur</strong></span> <span class='ocrx_word' id='word_1_762' title='bbox 2656 5110 2752 5183; x_wconf 86' lang='lat' dir='ltr'><strong>(II</strong></span> <span class='ocrx_word' id='word_1_763' title='bbox 2780 5111 2926 5167; x_wconf 87' lang='lat' dir='ltr'><strong>Petr.</strong></span> <span class='ocrx_word' id='word_1_764' title='bbox 2956 5125 3017 5177; x_wconf 82' lang='grc' dir='ltr'>ιι,</span> <span class='ocrx_word' id='word_1_765' title='bbox 3050 5109 3163 5181; x_wconf 71' lang='grc'><strong>19).</strong></span> <span class='ocrx_word' id='word_1_766' title='bbox 3192 5109 3328 5177; x_wconf 83' lang='lat' dir='ltr'><strong>Quid</strong></span> <span class='ocrx_word' id='word_1_767' title='bbox 3356 5125 3485 5179; x_wconf 89' lang='lat' dir='ltr'><strong>ergo</strong></span> <span class='ocrx_word' id='word_1_768' title='bbox 3514 5108 3669 5164; x_wconf 87' lang='lat' dir='ltr'><strong>colli-</strong></span> <span class='ocrx_word' id='word_1_769' title='bbox 3736 5142 3739 5145; x_wconf 65' lang='grc'>‹</span> 
     </span>
    </p>
   </div>
   <div class='ocr_carea' id='block_1_98' title="bbox 364 5186 3674 5280">
    <p class='ocr_par' dir='ltr' id='par_1_98' title="bbox 364 5186 3674 5280">
     <span class='ocr_line' id='line_1_98' title="bbox 364 5186 3674 5280; baseline 0.004 -32"><span class='ocrx_word' id='word_1_770' title='bbox 364 5201 504 5261; x_wconf 82' lang='lat' dir='ltr'><strong>test,</strong></span> <span class='ocrx_word' id='word_1_771' title='bbox 530 5193 657 5262; x_wconf 89' lang='lat' dir='ltr'><strong>quia</strong></span> <span class='ocrx_word' id='word_1_772' title='bbox 686 5192 944 5247; x_wconf 86' lang='lat' dir='ltr'><strong>Amalech</strong></span> <span class='ocrx_word' id='word_1_773' title='bbox 975 5207 1085 5247; x_wconf 82' lang='lat' dir='ltr'><strong>non</strong></span> <span class='ocrx_word' id='word_1_774' title='bbox 1112 5189 1364 5258; x_wconf 90' lang='lat' dir='ltr'><strong>vincitur,</strong></span> <span class='ocrx_word' id='word_1_775' title='bbox 1392 5188 1498 5243; x_wconf 88' lang='lat' dir='ltr'><strong>nisi</strong></span> <span class='ocrx_word' id='word_1_776' title='bbox 1540 5186 1809 5243; x_wconf 75' lang='lat' dir='ltr'><strong>exercitus</strong></span> <span class='ocrx_word' id='word_1_777' title='bbox 1838 5202 1970 5280; x_wconf 88' lang='lat' dir='ltr'><strong>con-</strong></span> <span class='ocrx_word' id='word_1_778' title='bbox 2070 5186 2246 5280; x_wconf 62' lang='grc' dir='ltr'><strong>έίιω»,</strong></span> <span class='ocrx_word' id='word_1_779' title='bbox 2278 5208 2379 5264; x_wconf 82' lang='lat' dir='ltr'><strong>nisi</strong></span> <span class='ocrx_word' id='word_1_780' title='bbox 2422 5206 2549 5277; x_wconf 81' lang='lat' dir='ltr'><strong>quia</strong></span> <span class='ocrx_word' id='word_1_781' title='bbox 2599 5204 2726 5261; x_wconf 88' lang='lat' dir='ltr'><strong>dum</strong></span> <span class='ocrx_word' id='word_1_782' title='bbox 2770 5204 3127 5260; x_wconf 75' lang='lat' dir='ltr'><strong>fornicatores</strong></span> <span class='ocrx_word' id='word_1_783' title='bbox 3168 5203 3450 5260; x_wconf 76' lang='lat' dir='ltr'><strong>desideriis</strong></span> <span class='ocrx_word' id='word_1_784' title='bbox 3495 5205 3674 5258; x_wconf 73' lang='lat' dir='ltr'><strong>cannis</strong></span> 
     </span>
    </p>
   </div>
   <div class='ocr_carea' id='block_1_99' title="bbox 359 5279 1966 5369">
    <p class='ocr_par' dir='ltr' id='par_1_99' title="bbox 359 5279 1965 5354">
     <span class='ocr_line' id='line_1_99' title="bbox 359 5279 1965 5354; baseline -0.004 -14"><span class='ocrx_word' id='word_1_785' title='bbox 359 5292 645 5354; x_wconf 72' lang='lat' dir='ltr'><strong>gregetur.</strong></span> <span class='ocrx_word' id='word_1_786' title='bbox 683 5283 786 5351; x_wconf 91' lang='lat' dir='ltr'><strong>Qui</strong></span> <span class='ocrx_word' id='word_1_787' title='bbox 817 5297 946 5353; x_wconf 85' lang='lat' dir='ltr'><strong>ergo</strong></span> <span class='ocrx_word' id='word_1_788' title='bbox 969 5282 1383 5338; x_wconf 85' lang='lat' dir='ltr'><strong>fornicationem</strong></span> <span class='ocrx_word' id='word_1_789' title='bbox 1410 5288 1693 5351; x_wconf 85' lang='lat' dir='ltr'><strong>percutere</strong></span> <span class='ocrx_word' id='word_1_790' title='bbox 1721 5279 1927 5351; x_wconf 85' lang='lat' dir='ltr'><strong>appetit</strong></span> <span class='ocrx_word' id='word_1_791' title='bbox 1949 5321 1965 5349; x_wconf 91' lang='lat'><strong>,</strong></span> 
     </span>
    </p>
   </div>
   <div class='ocr_carea' id='block_1_100' title="bbox 2046 5279 3751 5369">
    <p class='ocr_par' dir='ltr' id='par_1_100' title="bbox 2071 5279 3751 5369">
     <span class='ocr_line' id='line_1_100' title="bbox 2071 5279 3751 5369; baseline -0.005 -12"><span class='ocrx_word' id='word_1_792' title='bbox 2071 5279 2390 5367; x_wconf 87' lang='lat' dir='ltr'><strong>assentiunt,</strong></span> <span class='ocrx_word' id='word_1_793' title='bbox 2419 5298 2675 5369; x_wconf 90' lang='lat' dir='ltr'><strong>potestati</strong></span> <span class='ocrx_word' id='word_1_794' title='bbox 2694 5296 2959 5351; x_wconf 87' lang='lat' dir='ltr'><strong>malorum</strong></span> <span class='ocrx_word' id='word_1_795' title='bbox 2986 5295 3271 5365; x_wconf 83' lang='lat' dir='ltr'><strong>spirituum</strong></span> <span class='ocrx_word' id='word_1_796' title='bbox 3309 5293 3672 5364; x_wconf 83' lang='lat' dir='ltr'><strong>subiguntur?</strong></span> 
     </span>
    </p>
   </div>
   <div class='ocr_carea' id='block_1_101' title="bbox 362 5370 1969 5443">
    <p class='ocr_par' dir='ltr' id='par_1_101' title="bbox 362 5370 1969 5443">
     <span class='ocr_line' id='line_1_101' title="bbox 362 5370 1969 5443; baseline -0.002 -12"><span class='ocrx_word' id='word_1_797' title='bbox 362 5375 539 5431; x_wconf 83' lang='lat' dir='ltr'><strong>addat</strong></span> <span class='ocrx_word' id='word_1_798' title='bbox 560 5375 896 5431; x_wconf 71' lang='lat' dir='ltr'><strong>abstinentia:</strong></span> <span class='ocrx_word' id='word_1_799' title='bbox 923 5374 1166 5443; x_wconf 87' lang='lat' dir='ltr'><strong>corporis</strong></span> <span class='ocrx_word' id='word_1_800' title='bbox 1192 5373 1445 5429; x_wconf 87' lang='lat' dir='ltr'><strong>virtutem</strong></span> <span class='ocrx_word' id='word_1_801' title='bbox 1468 5371 1803 5428; x_wconf 86' lang='lat' dir='ltr'><strong>humilitatis.</strong></span> <span class='ocrx_word' id='word_1_802' title='bbox 1832 5370 1969 5427; x_wconf 85' lang='lat' dir='ltr'><strong>Nam</strong></span> 
     </span>
    </p>
   </div>
   <div class='ocr_carea' id='block_1_102' title="bbox 274 5463 1966 5535">
    <p class='ocr_par' dir='ltr' id='par_1_102' title="bbox 274 5463 1966 5535">
     <span class='ocr_line' id='line_1_102' title="bbox 274 5463 1966 5535; baseline -0.007 -6"><span class='ocrx_word' id='word_1_803' title='bbox 274 5498 281 5503; x_wconf 85' lang='lat'><strong><em>-</em></strong></span> <span class='ocrx_word' id='word_1_804' title='bbox 361 5467 423 5528; x_wconf 83' lang='lat' dir='ltr'><strong>si</strong></span> <span class='ocrx_word' id='word_1_805' title='bbox 451 5483 605 5525; x_wconf 87' lang='lat' dir='ltr'><strong>mens</strong></span> <span class='ocrx_word' id='word_1_806' title='bbox 633 5468 746 5525; x_wconf 85' lang='lat' dir='ltr'><strong>Deo</strong></span> <span class='ocrx_word' id='word_1_807' title='bbox 773 5467 929 5524; x_wconf 87' lang='lat' dir='ltr'><strong>subdi</strong></span> <span class='ocrx_word' id='word_1_808' title='bbox 959 5465 1233 5522; x_wconf 83' lang='lat' dir='ltr'><strong>humiliter</strong></span> <span class='ocrx_word' id='word_1_809' title='bbox 1253 5464 1501 5535; x_wconf 88' lang='lat' dir='ltr'><strong>despicit,</strong></span> <span class='ocrx_word' id='word_1_810' title='bbox 1523 5464 1700 5520; x_wconf 79' lang='lat' dir='ltr'><strong>carnis</strong></span> <span class='ocrx_word' id='word_1_811' title='bbox 1734 5479 1842 5519; x_wconf 66' lang='lat' dir='ltr'><strong>sum</strong></span> <span class='ocrx_word' id='word_1_812' title='bbox 1870 5463 1966 5519; x_wconf 87' lang='lat' dir='ltr'><strong>de-</strong></span> 
     </span>
    </p>
   </div>
   <div class='ocr_carea' id='block_1_103' title="bbox 364 5554 1970 5629">
    <p class='ocr_par' dir='ltr' id='par_1_103' title="bbox 364 5554 1970 5629">
     <span class='ocr_line' id='line_1_103' title="bbox 364 5554 1970 5629; baseline -0.002 -14"><span class='ocrx_word' id='word_1_813' title='bbox 364 5557 576 5615; x_wconf 74' lang='lat' dir='ltr'><strong>sideria</strong></span> <span class='ocrx_word' id='word_1_814' title='bbox 604 5557 931 5617; x_wconf 86' lang='lat' dir='ltr'><strong>dominaudo</strong></span> <span class='ocrx_word' id='word_1_815' title='bbox 969 5574 1033 5614; x_wconf 84' lang='lat' dir='ltr'><strong>ac</strong></span> <span class='ocrx_word' id='word_1_816' title='bbox 1060 5556 1455 5629; x_wconf 69' lang='lat' dir='ltr'><strong>pmominendo</strong></span> <span class='ocrx_word' id='word_1_817' title='bbox 1484 5571 1592 5613; x_wconf 90' lang='lat' dir='ltr'><strong>non</strong></span> <span class='ocrx_word' id='word_1_818' title='bbox 1619 5557 1832 5627; x_wconf 89' lang='lat' dir='ltr'><strong>premit.</strong></span> <span class='ocrx_word' id='word_1_819' title='bbox 1863 5554 1970 5612; x_wconf 85' lang='lat' dir='ltr'><strong>Sed</strong></span> 
     </span>
    </p>
   </div>
   <div class='ocr_carea' id='block_1_104' title="bbox 367 5648 1969 5720">
    <p class='ocr_par' dir='ltr' id='par_1_104' title="bbox 367 5648 1969 5720">
     <span class='ocr_line' id='line_1_104' title="bbox 367 5648 1969 5720; baseline -0.001 -15"><span class='ocrx_word' id='word_1_820' title='bbox 367 5648 556 5707; x_wconf 83' lang='lat' dir='ltr'><strong>adhuc</strong></span> <span class='ocrx_word' id='word_1_821' title='bbox 578 5666 799 5709; x_wconf 84' lang='lat' dir='ltr'><strong>necesse</strong></span> <span class='ocrx_word' id='word_1_822' title='bbox 825 5659 927 5719; x_wconf 86' lang='lat' dir='ltr'><strong>est,</strong></span> <span class='ocrx_word' id='word_1_823' title='bbox 952 5658 1012 5706; x_wconf 90' lang='lat' dir='ltr'><strong>ut</strong></span> <span class='ocrx_word' id='word_1_824' title='bbox 1031 5658 1341 5720; x_wconf 82' lang='lat' dir='ltr'><strong>congreget,</strong></span> <span class='ocrx_word' id='word_1_825' title='bbox 1364 5648 1491 5719; x_wconf 87' lang='lat' dir='ltr'><strong>quia</strong></span> <span class='ocrx_word' id='word_1_826' title='bbox 1518 5649 1815 5706; x_wconf 79' lang='lat' dir='ltr'><strong>exercitum</strong></span> <span class='ocrx_word' id='word_1_827' title='bbox 1843 5664 1969 5720; x_wconf 86' lang='lat' dir='ltr'><strong>par-</strong></span> 
     </span>
    </p>
   </div>
   <div class='ocr_carea' id='block_1_105' title="bbox 368 5740 1975 5814">
    <p class='ocr_par' dir='ltr' id='par_1_105' title="bbox 368 5740 1975 5814">
     <span class='ocr_line' id='line_1_105' title="bbox 368 5740 1975 5814; baseline -0.001 -15"><span class='ocrx_word' id='word_1_828' title='bbox 368 5759 506 5799; x_wconf 78' lang='lat' dir='ltr'><strong>vum</strong></span> <span class='ocrx_word' id='word_1_829' title='bbox 536 5743 720 5803; x_wconf 82' lang='lat' dir='ltr'><strong>habet.</strong></span> <span class='ocrx_word' id='word_1_830' title='bbox 762 5744 957 5803; x_wconf 77' lang='lat' dir='ltr'><strong>Virtuti</strong></span> <span class='ocrx_word' id='word_1_831' title='bbox 999 5756 1132 5814; x_wconf 83' lang='lat' dir='ltr'><strong>ergo</strong></span> <span class='ocrx_word' id='word_1_832' title='bbox 1177 5740 1498 5799; x_wconf 75' lang='lat' dir='ltr'><strong>humilitatis</strong></span> <span class='ocrx_word' id='word_1_833' title='bbox 1535 5748 1592 5799; x_wconf 90' lang='lat' dir='ltr'><strong>et</strong></span> <span class='ocrx_word' id='word_1_834' title='bbox 1637 5740 1975 5799; x_wconf 83' lang='lat' dir='ltr'><strong>abstinentiae</strong></span> 
     </span>
    </p>
   </div>
   <div class='ocr_carea' id='block_1_106' title="bbox 376 5834 1974 5911">
    <p class='ocr_par' dir='ltr' id='par_1_106' title="bbox 376 5834 1974 5911">
     <span class='ocr_line' id='line_1_106' title="bbox 376 5834 1974 5911; baseline 0.003 -19"><span class='ocrx_word' id='word_1_835' title='bbox 376 5838 632 5908; x_wconf 65' lang='lat' dir='ltr'><strong>corporis</strong></span> <span class='ocrx_word' id='word_1_836' title='bbox 660 5837 888 5897; x_wconf 84' lang='lat' dir='ltr'><strong>addatur</strong></span> <span class='ocrx_word' id='word_1_837' title='bbox 926 5837 1178 5911; x_wconf 81' lang='lat' dir='ltr'><strong>frequens</strong></span> <span class='ocrx_word' id='word_1_838' title='bbox 1204 5848 1463 5894; x_wconf 84' lang='lat' dir='ltr'><strong>numerus</strong></span> <span class='ocrx_word' id='word_1_839' title='bbox 1488 5835 1767 5895; x_wconf 79' lang='lat' dir='ltr'><strong>orationis.</strong></span> <span class='ocrx_word' id='word_1_840' title='bbox 1803 5834 1974 5896; x_wconf 72' lang='lat' dir='ltr'><strong>Affec-</strong></span> 
     </span>
    </p>
   </div>
   <div class='ocr_carea' id='block_1_107' title="bbox 2073 5385 3759 5485">
    <p class='ocr_par' dir='ltr' id='par_1_107' title="bbox 2073 5385 3759 5485">
     <span class='ocr_line' id='line_1_107' title="bbox 2073 5385 3759 5485; baseline -0.004 -38"><span class='ocrx_word' id='word_1_841' title='bbox 2073 5392 2209 5461; x_wconf 89' lang='lat' dir='ltr'><strong>Quia</strong></span> <span class='ocrx_word' id='word_1_842' title='bbox 2231 5393 2360 5448; x_wconf 89' lang='lat' dir='ltr'><strong>item</strong></span> <span class='ocrx_word' id='word_1_843' title='bbox 2383 5391 2552 5446; x_wconf 86' lang='lat' dir='ltr'><strong>altum</strong></span> <span class='ocrx_word' id='word_1_844' title='bbox 2575 5397 2657 5444; x_wconf 84' lang='lat' dir='ltr'><strong>est</strong></span> <span class='ocrx_word' id='word_1_845' title='bbox 2677 5387 3049 5443; x_wconf 84' lang='lat' dir='ltr'><strong>fornicationis</strong></span> <span class='ocrx_word' id='word_1_846' title='bbox 3069 5385 3515 5455; x_wconf 70' lang='lat' dir='ltr'><strong>blandimentum,</strong></span> <span class='ocrx_word' id='word_1_847' title='bbox 3540 5386 3670 5442; x_wconf 88' lang='lat' dir='ltr'><strong>dum</strong></span> 
     </span>
    </p>
   </div>
   <div class='ocr_carea' id='block_1_108' title="bbox 2072 5481 3677 5555">
    <p class='ocr_par' dir='ltr' id='par_1_108' title="bbox 2072 5481 3677 5555">
     <span class='ocr_line' id='line_1_108' title="bbox 2072 5481 3677 5555; baseline -0.001 -15"><span class='ocrx_word' id='word_1_848' title='bbox 2072 5486 2127 5541; x_wconf 90' lang='lat' dir='ltr'><strong>in</strong></span> <span class='ocrx_word' id='word_1_849' title='bbox 2151 5486 2265 5541; x_wconf 81' lang='lat' dir='ltr'><strong>hoc</strong></span> <span class='ocrx_word' id='word_1_850' title='bbox 2287 5484 2467 5539; x_wconf 87' lang='lat' dir='ltr'><strong>anima</strong></span> <span class='ocrx_word' id='word_1_851' title='bbox 2497 5498 2594 5554; x_wconf 92' lang='lat' dir='ltr'><strong>per</strong></span> <span class='ocrx_word' id='word_1_852' title='bbox 2620 5481 2948 5537; x_wconf 88' lang='lat' dir='ltr'><strong>desiderium</strong></span> <span class='ocrx_word' id='word_1_853' title='bbox 2978 5482 3258 5551; x_wconf 78' lang='lat' dir='ltr'><strong>mergitur,</strong></span> <span class='ocrx_word' id='word_1_854' title='bbox 3288 5482 3445 5553; x_wconf 85' lang='lat' dir='ltr'><strong>quasi</strong></span> <span class='ocrx_word' id='word_1_855' title='bbox 3474 5484 3527 5539; x_wconf 90' lang='lat' dir='ltr'><strong>in</strong></span> <span class='ocrx_word' id='word_1_856' title='bbox 3554 5496 3677 5555; x_wconf 83' lang='lat' dir='ltr'><strong>pro-</strong></span> 
     </span>
    </p>
   </div>
   <div class='ocr_carea' id='block_1_109' title="bbox 2072 5573 3675 5647">
    <p class='ocr_par' dir='ltr' id='par_1_109' title="bbox 2072 5573 3675 5647">
     <span class='ocr_line' id='line_1_109' title="bbox 2072 5573 3675 5647; baseline -0.004 -10"><span class='ocrx_word' id='word_1_857' title='bbox 2072 5579 2297 5637; x_wconf 86' lang='lat' dir='ltr'><strong>fundum</strong></span> <span class='ocrx_word' id='word_1_858' title='bbox 2311 5578 2583 5636; x_wconf 86' lang='lat' dir='ltr'><strong>radicibus</strong></span> <span class='ocrx_word' id='word_1_859' title='bbox 2602 5584 2837 5632; x_wconf 82' lang='lat' dir='ltr'><strong>tenetur.</strong></span> <span class='ocrx_word' id='word_1_860' title='bbox 2855 5573 2984 5631; x_wconf 82' lang='lat' dir='ltr'><strong>Erui</strong></span> <span class='ocrx_word' id='word_1_861' title='bbox 3002 5588 3132 5647; x_wconf 81' lang='lat' dir='ltr'><strong>ergo</strong></span> <span class='ocrx_word' id='word_1_862' title='bbox 3152 5576 3222 5634; x_wconf 80' lang='lat' dir='ltr'><strong>de</strong></span> <span class='ocrx_word' id='word_1_863' title='bbox 3240 5592 3406 5634; x_wconf 86' lang='lat' dir='ltr'><strong>manu</strong></span> <span class='ocrx_word' id='word_1_864' title='bbox 3431 5585 3675 5633; x_wconf 84' lang='lat' dir='ltr'><strong>vastato-</strong></span> 
     </span>
    </p>
   </div>
   <div class='ocr_carea' id='block_1_110' title="bbox 2078 5663 3675 5739">
    <p class='ocr_par' dir='ltr' id='par_1_110' title="bbox 2078 5663 3675 5739">
     <span class='ocr_line' id='line_1_110' title="bbox 2078 5663 3675 5739; baseline -0.004 -10"><span class='ocrx_word' id='word_1_865' title='bbox 2078 5686 2199 5729; x_wconf 87' lang='lat' dir='ltr'><strong>rum</strong></span> <span class='ocrx_word' id='word_1_866' title='bbox 2228 5677 2313 5729; x_wconf 90' lang='lat' dir='ltr'><strong>est</strong></span> <span class='ocrx_word' id='word_1_867' title='bbox 2339 5684 2372 5726; x_wconf 88' lang='lat' dir='ltr'><strong>a</strong></span> <span class='ocrx_word' id='word_1_868' title='bbox 2418 5663 2793 5725; x_wconf 83' lang='lat' dir='ltr'><strong>fornicationis</strong></span> <span class='ocrx_word' id='word_1_869' title='bbox 2821 5667 3040 5739; x_wconf 79' lang='lat' dir='ltr'><strong>abysso,</strong></span> <span class='ocrx_word' id='word_1_870' title='bbox 3070 5668 3163 5738; x_wconf 84' lang='lat' dir='ltr'><strong>qui</strong></span> <span class='ocrx_word' id='word_1_871' title='bbox 3190 5667 3246 5723; x_wconf 71' lang='lat' dir='ltr'><strong>in</strong></span> <span class='ocrx_word' id='word_1_872' title='bbox 3275 5674 3542 5739; x_wconf 75' lang='lat' dir='ltr'><strong>potestate</strong></span> <span class='ocrx_word' id='word_1_873' title='bbox 3566 5666 3675 5723; x_wconf 75' lang='lat' dir='ltr'><strong>da:-</strong></span> 
     </span>
    </p>
   </div>
   <div class='ocr_carea' id='block_1_111' title="bbox 2080 5758 3677 5829">
    <p class='ocr_par' dir='ltr' id='par_1_111' title="bbox 2080 5758 3677 5829">
     <span class='ocr_line' id='line_1_111' title="bbox 2080 5758 3677 5829; baseline -0.007 -6"><span class='ocrx_word' id='word_1_874' title='bbox 2080 5780 2303 5823; x_wconf 85' lang='lat' dir='ltr'><strong>monum</strong></span> <span class='ocrx_word' id='word_1_875' title='bbox 2332 5768 2435 5829; x_wconf 90' lang='lat' dir='ltr'><strong>est,</strong></span> <span class='ocrx_word' id='word_1_876' title='bbox 2468 5758 2705 5818; x_wconf 88' lang='lat' dir='ltr'><strong>liberari.</strong></span> <span class='ocrx_word' id='word_1_877' title='bbox 2738 5759 2885 5818; x_wconf 88' lang='lat' dir='ltr'><strong>Bene</strong></span> <span class='ocrx_word' id='word_1_878' title='bbox 2910 5759 3073 5817; x_wconf 87' lang='lat' dir='ltr'><strong>etiam</strong></span> <span class='ocrx_word' id='word_1_879' title='bbox 3110 5769 3413 5818; x_wconf 53' lang='lat' dir='ltr'><strong>vastatores</strong></span> <span class='ocrx_word' id='word_1_880' title='bbox 3442 5758 3677 5815; x_wconf 75' lang='lat' dir='ltr'><strong>fornica-</strong></span> 
     </span>
    </p>
   </div>
   <div class='ocr_carea' id='block_1_112' title="bbox 2085 5844 3679 5930">
    <p class='ocr_par' dir='ltr' id='par_1_112' title="bbox 2085 5844 3679 5930">
     <span class='ocr_line' id='line_1_112' title="bbox 2085 5844 3679 5930; baseline -0.009 -13"><span class='ocrx_word' id='word_1_881' title='bbox 2085 5857 2247 5918; x_wconf 85' lang='lat' dir='ltr'><strong>tionis</strong></span> <span class='ocrx_word' id='word_1_882' title='bbox 2274 5857 2509 5930; x_wconf 65' lang='lat' dir='ltr'><strong>innpetus</strong></span> <span class='ocrx_word' id='word_1_883' title='bbox 2547 5854 2839 5914; x_wconf 87' lang='lat' dir='ltr'><strong>dicuntur:</strong></span> <span class='ocrx_word' id='word_1_884' title='bbox 2882 5851 3010 5928; x_wconf 84' lang='lat' dir='ltr'><strong>quia</strong></span> <span class='ocrx_word' id='word_1_885' title='bbox 3055 5855 3123 5913; x_wconf 86' lang='lat' dir='ltr'><strong>de</strong></span> <span class='ocrx_word' id='word_1_886' title='bbox 3150 5853 3278 5912; x_wconf 84' lang='lat' dir='ltr'><strong>vitio</strong></span> <span class='ocrx_word' id='word_1_887' title='bbox 3305 5844 3532 5909; x_wconf 66' lang='lat' dir='ltr'><strong>luxurie</strong></span> <span class='ocrx_word' id='word_1_888' title='bbox 3577 5857 3679 5922; x_wconf 82' lang='lat' dir='ltr'><strong>per</strong></span> 
     </span>
    </p>
   </div>
  </div>
