4052 6338
454 418 558 478 399

1642 412 1889 471 SANCTI
1929 410 2255 469 GREGORII
2294 408 2509 466 MAGNI

3616 409 3725 467 4Οο

446 535 664 590 beatum
709 528 811 585 Job
838 528 1066 584 dicitur:
1117 524 1268 598 Ignis
1295 530 1370 580 est
1398 539 1557 597 usque
1587 526 1655 580 ad
1702 528 2038 597 perditionem
2062 528 2119 589 Α
2141 539 2319 579 meum
2349 538 2467 581 esse
2493 517 2862 596 perhibentur.
2912 522 3041 590 Qure
3075 520 3293 592 quidem
3318 537 3429 578 vox
3471 526 3729 594 parvulo-

448 624 764 696 gcrminans;
785 630 834 675 et
854 620 1027 675 omnia
1047 618 1320 673 eradicans
1346 618 1580 689 germina
1607 616 1725 690 (Job
1747 635 1893 684 xxxr,
1923 615 2036 687 12).

448 716 700 772 Vastator
738 715 937 784 quippe
971 711 1346 768 fornicationis
1376 712 1598 781 Spiritus
1637 710 1867 778 dicitur,
1912 709 2039 779 quia

447 822 608 878 quem
640 809 912 870 invaserit,
944 806 995 861 ei
1024 805 1286 861 nimirum
1316 804 1462 858 nulla
1488 804 1743 858 virtutum
1774 803 1913 856 dona
1942 801 2042 856 de-

446 901 721 969 relinquit.
758 899 840 953 Ad
879 898 1121 953 laborem
1146 897 1362 967 quidem
1407 894 1711 959 ministerii,
1743 894 1884 950 bona
1924 894 2044 964 qui-

446 991 570 1046 dem
598 991 778 1060 aliqua
808 989 1013 1044 habere
1039 996 1240 1059 potest,
1273 988 1367 1043 sed
1394 987 1465 1041 ad
1495 986 1745 1042 meritum
1773 985 1960 1041 salutis
1980 999 2045 1040 ea

447 1080 647 1134 habere
673 1096 782 1134 non
812 1086 1015 1150 potest.
1045 1078 1258 1134 Vastari
1288 1092 1417 1147 ergo
1453 1077 1670 1145 dicitur,
1719 1078 1805 1132 cui
1834 1076 2045 1147 perdita

449 1172 701 1226 castitate
730 1172 801 1226 ad
843 1172 1007 1228 vitam
1053 1172 1195 1228 bona
1239 1172 1341 1226 alia
1372 1172 1518 1226 nulla
1556 1180 1802 1241 prosunt.
1835 1168 2047 1225 Vastari

452 1264 614 1318 etiam
644 1263 789 1317 horti
820 1272 1007 1319 tenera
1035 1263 1305 1318 dicuntur.
1337 1264 1437 1330 Qui
1469 1264 1611 1319 enim
1633 1272 1757 1319 sunt
1783 1264 1925 1318 horti
1953 1279 2047 1317 su-

452 1355 609 1425 perni
660 1355 863 1425 sponsi,
901 1356 1001 1410 nisi
1043 1355 1207 1410 corda
1254 1365 1569 1411 sanctorum
1616 1370 1713 1424 per
1750 1354 2049 1409 custodiam

453 1448 680 1511 munita,
713 1455 767 1502 et
796 1462 893 1518 per
935 1446 1198 1502 castitatis
1240 1447 1463 1501 odorem
1491 1445 1722 1501 ﬂorida?
1760 1444 1891 1499 Nam
1918 1444 2047 1498 dum

455 1536 633 1592 nullos
674 1545 852 1593 motus
902 1546 1086 1607 turpes
1124 1537 1421 1607 recipiunt,
1478 1537 1600 1591 albo
1646 1535 1865 1606 pudoris
1916 1536 2052 1590 ﬂore

455 1627 797 1683 decorantur.
832 1626 988 1683 Unde
1029 1636 1085 1683 et
1111 1643 1322 1697 sponsu:
1352 1628 1409 1683 in
1451 1626 1678 1682 Cantico
1706 1625 1891 1697 sponsi
1932 1624 2051 1679 lau—

455 1720 613 1776 dibus
642 1721 875 1776 dicitur:
918 1721 1047 1787 Qua:
1085 1719 1289 1774 habitas
1324 1721 1380 1773 in
1425 1720 1620 1785 hortis,
1652 1718 1833 1772 audire
1859 1734 1940 1770 me
1969 1718 2054 1787 {ac

454 1827 626 1865 uocem
656 1819 798 1867 tuam
828 1811 1005 1883 (Cant.
1047 1813 1167 1877 ult.,
1200 1810 1311 1881 15).
1345 1810 1409 1864 Et.
1446 1826 1667 1865 rursus:
1702 1809 1900 1863 Hortus
1928 1824 2054 1861 con-

456 1905 629 1959 clusus
657 1921 806 1958 soror
849 1918 965 1956 mea
1003 1918 1197 1971 sponsa
1225 1899 1397 1973 (Cant.
1431 1917 1511 1965 tv,
1548 1900 1659 1969 12).
1712 1899 1911 1954 Hortus
1935 1897 2059 1967 qui-

457 1995 601 2063 dem,
633 1995 757 2064 quia
788 1994 990 2049 virtute
1017 1992 1229 2047 eximia:
1266 1991 1529 2047 castitatis
1558 1991 1800 2056 ﬂoridus,
1832 1991 2057 2045 conclu-

459 2104 551 2145 sus
601 2097 815 2157 autem,
865 2086 990 2156 quia
1041 2100 1140 2155 per
1184 2086 1569 2141 continentiam
1617 2085 1872 2140 munitus.
1922 2082 2061 2139 liiuc

459 2194 657 2249 sponsa
678 2178 803 2249 quid
824 2192 1078 2247 sponsum
1100 2176 1353 2245 oblectet,
1374 2177 1619 2247 exponit,
1642 2177 1858 2231 dicens:
1887 2174 2064 2245 Spon-

461 2287 549 2325 sus
578 2287 717 2329 meus
747 2268 893 2336 mihi,
921 2277 971 2323 et
999 2283 1093 2340 ego
1121 2267 1221 2334 illi,
1262 2269 1347 2339 qui
1376 2270 1606 2338 parcitur
1645 2269 1781 2321 inter
1809 2266 1942 2330 lilia,
1970 2264 2065 2317 do-

461 2379 555 2417 nec
586 2362 777 2432 aspiret
803 2361 931 2426 dies,
978 2369 1027 2414 et
1056 2360 1370 2414 inclinentur
1397 2359 1591 2415 umbra:
1634 2357 1807 2430 (Cant.
1854 2374 1909 2423 tt,
1944 2356 2059 2427 16).

462 2450 729 2507 Immundi
770 2464 900 2519 ergo
942 2449 1163 2520 spiritus
1200 2457 1504 2505 vastatores
1532 2459 1679 2515 sunt,
1710 2448 1836 2518 quia
1866 2447 1913 2501 si
1957 2462 2061 2516 pu-

463 2543 581 2598 dica
630 2540 795 2597 corda
839 2540 1134 2611 decipiunt,
1180 2539 1407 2610 decepta
1450 2547 1665 2594 teneros
1694 2537 1853 2593 ﬂores
1900 2545 2064 2591 tantae

462 2633 677 2690 virtutis
713 2634 963 2705 perdunt.
995 2631 1099 2699 Qui
1126 2633 1308 2702 itaque
1355 2647 1477 2688 cum
1508 2631 1576 2686 ab
1603 2630 1957 2686 immunditiis
1995 2627 2066 2684 ad

465 2724 775 2780 castitatem
812 2724 1063 2788 redeunt,
1094 2724 1253 2795 333
1300 2723 1428 2793 quia
1456 2723 1599 2779 diras
1627 2723 1927 2777 dmmonum
1965 2737 2067 2792 po-

464 2824 692 2874 testates
716 2816 999 2887 effugiunt,
1023 2825 1078 2871 et
1124 2832 1155 2871 a
1195 2816 1462 2887 profundo
1508 2814 1829 2886 perditionis
1874 2828 2065 2870 ascen-

464 2909 622 2975 dunt,
651 2910 719 2965 de
747 2925 913 2965 manu
953 2918 1290 2965 vastatorum
1334 2908 1449 2963 erui
1498 2916 1623 2977 apte
1670 2914 2064 2963 memorantur.

465 2998 575 3053 Sed
595 3014 712 3065 rex,
736 3000 829 3069 qui
853 3014 1044 3055 eruere
1069 3000 1325 3070 populum
1349 2998 1567 3067 dicitur,
1584 2999 1769 3069 quales
1790 2998 2067 3068 adjutores

465 3090 667 3147 habeat
696 3091 993 3146 videamus.
1024 3090 1155 3151 Nam
1185 3090 1466 3160 sequitur:

2139 634 2261 675 rum
2307 616 2640 672 subditorum
2677 630 2797 671 esse
2832 616 3202 685 cognoscitur,
3230 615 3399 671 virtus
3424 630 3567 673 vero
3594 618 3733 672 tanti

2142 705 2372 762 nominis
2425 705 2789 776 praelatorum.
2840 702 2944 771 Qui
3000 705 3144 760 enim
3190 705 3400 775 parvuli
3449 714 3505 762 et
3557 705 3736 774 frigidi

2145 797 2318 852 adhuc
2348 796 2400 850 iu
2428 796 2629 851 nostris
2675 795 3013 864 negligentiis
3054 794 3321 865 jacemus,
3353 795 3421 851 ad
3458 796 3738 853 caelestem

2145 888 2379 961 patriam
2422 888 2731 943 ardentibus
2782 887 3062 943 desideriis
3112 904 3221 944 non
3274 887 3583 958 ﬂagramus.
3630 889 3740 945 Sed

2152 980 2299 1051 quod
2327 996 2425 1036 nos
2450 980 2706 1035 ardenter
2726 979 2968 1049 ﬂagitare
2992 996 3101 1037 non
3128 996 3435 1051 possumus,
3458 997 3558 1052 pro
3585 981 3745 1037 nobis

2152 1074 2393 1146 postulat
2413 1084 2439 1112 ι
2464 1075 2557 1144 qui
2576 1074 2643 1129 ad
2664 1073 2811 1129 illam
2828 1089 2990 1144 quam
3009 1075 3165 1131 nobis
3190 1075 3413 1146 adipisci
3430 1074 3749 1131 desiderant

2154 1168 2385 1239 patriam
2414 1167 2625 1235 magnis
2653 1166 2933 1223 desideriis
2961 1167 3237 1223 anhelant.
3280 1167 3386 1224 Pro
3423 1167 3753 1224 excellentia

2156 1274 2287 1329 ergo
2341 1259 2620 1315 charitatis
2669 1275 2777 1314 non
2821 1259 3221 1329 desiderantes,
3272 1260 3369 1316 sed
3420 1260 3751 1315 desiderium

2156 1350 2297 1419 regis
2328 1349 2467 1405 filius
2488 1350 2699 1415 dicitur,
2724 1358 2784 1405 ut
2806 1351 2861 1405 in
2886 1350 3125 1406 doctoris
3152 1360 3333 1407 mente
3363 1351 3586 1421 ﬂagrare
3609 1352 3755 1420 ignis

2157 1441 2461 1497 dilectionis
2489 1441 2796 1510 specialiter
2824 1442 3245 1498 demonstretur.
3280 1440 3435 1497 Unde
3465 1450 3521 1497 et
3548 1441 3615 1497 de
3643 1442 3756 1496 Do-

2160 1534 2306 1586 mino
2334 1548 2431 1601 per
2457 1530 2798 1586 Psalmistam
2826 1524 3061 1589 dicitur:
3098 1532 3196 1600 Qui
3225 1536 3352 1606 facit
3389 1534 3602 1606 angelos
3637 1550 3758 1590 suos

2160 1624 2394 1695 spiritus,
2417 1633 2463 1677 et
2480 1625 2746 1679 ministros
2764 1641 2884 1680 suos
2908 1626 3078 1696 ignem
3102 1637 3332 1681 urentem
3355 1625 3531 1696 (Ρωι.
3546 1642 3657 1690 cut,
3677 1626 3757 1697 ὅ).

2162 1714 2301 1771 Hinc
2328 1724 2411 1771 est
2454 1716 2581 1771 item
2612 1718 2756 1786 quod
2796 1716 2984 1774 Daniel
3028 1718 3109 1773 vir
3146 1718 3535 1775 desideriorum
3563 1720 3761 1774 dicitur

2165 1808 2331 1880 (Dan.
2364 1808 2463 1879 ιχ),
2494 1809 2619 1878 quia
2657 1825 2915 1881 prospera
2948 1811 3132 1881 populi
3160 1814 3241 1867 sui
3275 1812 3484 1882 magnis
3509 1812 3763 1883 precibus

2162 1902 2465 1972 postulasse
2502 1903 2834 1973 perhibetur.
2886 1903 3174 1959 Melchisva
3204 1920 3335 1961 vero
3385 1905 3613 1974 dicitur,
3662 1920 3761 1960 rex

2162 2010 2317 2050 meus
2362 1995 2526 2050 salus.
2584 1993 2701 2049 Rex
2747 1995 2946 2064 quippe
2990 1994 3307 2065 praedicator
3354 1994 3589 2062 dicitur,
3636 1994 3765 2064 quia

2164 2089 2539 2146 celsitudinem
2561 2098 2711 2145 tenet
2738 2088 2965 2158 ordinis,
2987 2098 3043 2144 et
3065 2089 3378 2159 dignitatem
3400 2104 3610 2159 magum
3633 2104 3766 2144 cou-

2164 2180 2505 2235 versationis.
2563 2180 2680 2236 Rex
2729 2180 2859 2236 item
2906 2180 3131 2247 dicitur,
3160 2181 3289 2251 quia
3315 2196 3584 2236 summam
3614 2189 3767 2235 tenet

2168 2271 2503 2327 celsitudinis
2540 2278 2597 2326 et
2628 2272 2870 2341 vigorem
2913 2272 3270 2329 auctoritatis.
3301 2273 3456 2328 Salus
3485 2273 3655 2327 etiam
3682 2272 3766 2328 di-

2163 2364 2321 2429 citur,
2347 2370 2407 2418 ut
2424 2363 2540 2433 ejus
2560 2364 2872 2433 integritate
2891 2365 3153 2434 aegritudo
3178 2365 3366 2435 populi
3385 2364 3584 2435 depelli
3608 2379 3769 2435 posse

2163 2455 2448 2511 sentiatur.
2478 2454 2672 2511 Merito
2695 2456 2838 2511 enim
2861 2456 2984 2511 vita:
3012 2466 3069 2513 et
3095 2457 3291 2513 devota
3320 2458 3571 2513 oratione
3599 2457 3768 2511 homo

2166 2561 2328 2617 agere
2349 2548 2593 2617 quotidie
2613 2549 2775 2605 debet
2800 2550 3011 2615 doctor,
3030 2559 3090 2606 ut
3116 2550 3390 2621 subjectus
3409 2550 3511 2607 sibi
3541 2550 3771 2620 quisque

2168 2640 2480 2709 pertingere
2505 2640 2689 2694 valeat
2711 2639 2776 2695 ad
2801 2641 3049 2696 salutem.

2241 2730 2350 2785 Sed
2375 2738 2568 2787 notare
2595 2732 2790 2786 iterum
2810 2732 2999 2788 doctor
3019 2733 3181 2790 debet
3206 2734 3330 2806 quia
3351 2749 3477 2790 cum
3491 2748 3525 2789 a
3546 2733 3774 2789 subditis

2171 2826 2518 2895 nominatur,
2550 2842 2658 2881 non
2702 2841 2800 2882 rex
2846 2835 3049 2894 noster,
3080 2828 3174 2883 sed
3205 2844 3301 2884 rex
3348 2843 3503 2884 meus
3553 2826 3767 2882 dicitur.

2175 2918 2313 2986 Quid
2343 2927 2426 2975 est
2452 2932 2581 2989 ergo
2606 2920 2751 2989 quod
2792 2936 2891 2975 rex
2917 2936 3071 2977 meus
3096 2922 3311 2989 dicitur,
3340 2922 3440 2977 nisi
3484 2921 3611 2993 quia
3663 2930 3775 2975 tam

2156 3011 2449 3083 tamiliaris
2486 3028 2607 3069 esse
2653 3012 2815 3068 debet
2858 3015 3126 3082 omnibus,
3159 3024 3217 3069 ut
3264 3015 3601 3085 singulorum
3648 3027 3775 3069 esse

2174 3119 2273 3173 per
2300 3118 2538 3158 amorem
2582 3103 2885 3160 sentiatur?
2934 3105 3040 3161 Sed
3087 3108 3178 3176 qui
3224 3122 3376 3162 meus
3418 3107 3643 3173 dicitur,
3677 3120 3777 3160 rex

542 3180 719 3250 (Vers.
740 3178 852 3247 49.)
876 3177 1047 3233 Fuere
1067 3187 1235 3233 autem
1257 3180 1356 3249 ﬁlii
1378 3178 1509 3234 Saul
1535 3178 1813 3244 Ionathas,
1829 3188 1876 3234 et
1891 3177 1925 3231 1
1929 3178 2059 3245 esui,

2169 3196 2496 3263 nominatur,
2526 3197 2652 3267 quia
2690 3198 2907 3255 humilis
2947 3208 3002 3256 ct
3042 3200 3268 3257 aﬂabilis
3312 3201 3639 3271 praedicator
3668 3200 3774 3255 hoc

468 3278 519 3325 et
548 3268 833 3324 Melchisva
860 3286 878 3324 :
910 3269 1125 3323 nomina
1155 3269 1376 3323 duarum
1422 3270 1650 3340 ﬁliarum
1690 3270 1835 3339 ejus,
1879 3286 2066 3325 nomen

468 3362 827 3434 primogenitae
865 3360 1071 3429 Merob,
1100 3370 1149 3415 et
1194 3377 1381 3416 nomen
1409 3362 1625 3416 minoris
1667 3360 1887 3416 Hic/tot.

542 3452 631 3508 66.
670 3451 791 3507 Filii
820 3452 969 3519 Saul,
995 3451 1085 3523 qui
1116 3467 1221 3508 non
1249 3451 1316 3505 ad
1344 3451 1641 3520 quamlibet
1670 3450 2065 3519 haereditatem,

468 3543 567 3599 sed
602 3544 671 3598 ad
713 3558 936 3613 regnum
972 3551 1283 3608 nascuntur,
1326 3542 1444 3597 illos
1490 3542 1746 3611 insinuat,
1777 3542 1844 3598 de
1875 3544 2069 3613 quibus

471 3640 674 3687 sancta:
720 3631 974 3687 Ecclesia:
1012 3648 1108 3701 per
1131 3631 1467 3686 Psalmistam
1496 3631 1730 3686 dicitur:
1757 3630 1865 3685 Pro
1895 3632 2063 3700 patri-

472 3721 567 3775 bus
594 3722 669 3775 tui
687 3723 797 3775 nati
822 3730 941 3776 sunt
963 3720 1051 3775 tibi
1077 3722 1197 3789 ﬁlii,
1220 3723 1497 3775 constitues
1517 3738 1603 3775 eos
1631 3722 1890 3792 principes
1913 3739 2067 3793 super

473 3828 679 3868 omnem
729 3822 918 3866 terram
970 3811 1157 3881 (Psat.
1206 3827 1359 3877 κων,
1410 3811 1534 3881 17).
1592 3810 1739 3877 Quos
1791 3818 1900 3867 tres
1950 3827 2071 3868 esse

474 3906 810 3975 agnovimus,
839 3904 964 3975 quia
995 3902 1158 3959 fidem
1188 3912 1389 3959 sancite
1416 3904 1692 3960 Trinitatis
1730 3906 2071 3976 praedicando

476 3997 792 4054 defendunt.
841 3998 946 4054 Sed
992 3998 1120 4070 quia
1166 4012 1424 4069 percusso
1462 3998 1749 4066 Amalech,
1789 3999 1930 4070 regis
1978 4000 2073 4057 lilii

476 4093 854 4161 nominantur,
901 4108 1090 4149 eorum
1135 4107 1418 4147 numerum
1460 4091 1531 4146 ad
1570 4093 1825 4148 virtutum
1876 4095 2073 4150 merita

475 4186 797 4242 referamus.
824 4187 1118 4243 Maceratio
1133 4187 1347 4259 quidem
1374 4186 1642 4257 corporis,
1659 4187 2073 4259 circumspectio

476 4277 706 4346 mentis,
752 4277 1068 4348 simplicitas
1103 4277 1443 4344 intentionis,
1472 4278 1573 4333 tria
1602 4286 1744 4334 sunt.
1775 4278 1910 4346 Quia
1940 4294 2071 4351 ergo

479 4367 735 4425 doctores
761 4378 961 4425 sanctae
982 4368 1235 4425 Ecclesia:
1261 4369 1326 4423 ad
1368 4371 1761 4441 reprimendam
1792 4372 1969 4427 carnis
2008 4372 2075 4427 li-

479 4461 718 4517 bidinem
748 4461 915 4520 fortes
951 4471 1094 4529 sunt,
1127 4463 1193 4517 ad
1224 4461 1401 4516 cordis
1439 4463 1736 4518 custodiam
1767 4464 2069 4533 sapientes,

480 4553 844 4610 intentionem
872 4555 1050 4610 cordis
1093 4554 1145 4609 in
1197 4555 1390 4608 caelum
1418 4554 1749 4610 sublevando
1795 4556 2069 4621 sublimes,

482 4652 596 4700 tres
616 4660 733 4701 esse
753 4646 876 4701 Saul
901 4646 992 4699 filii
1015 4645 1279 4701 dicuntur.
1305 4643 1428 4699 Tria
1455 4646 1619 4699 etiam
1641 4651 1785 4711 sunt,
1814 4645 2075 4701 fortitudo

484 4736 685 4806 operis,
714 4736 884 4791 virtus
913 4737 1207 4804 charitatis,
1240 4747 1295 4792 et
1322 4735 1726 4793 alﬂuentissima
1747 4738 1919 4807 gratia
1948 4754 2079 4809 pra:-

483 4828 789 4883 dicationis.
840 4829 1097 4885 Doctores
1125 4830 1321 4900 quippe
1367 4838 1566 4885 sanctae
1613 4830 1901 4896 Ecclesiae,
1951 4830 2077 4899 quia

484 4935 677 4989 magna
707 4922 1117 4976 conversatione
1139 4922 1395 4976 sublimes
1425 4930 1571 4989 sunt,
1602 4936 1795 4989 magna
1817 4922 2082 4977 charitate

484 5008 792 5080 ferventes,
830 5026 1025 5081 magna
1065 5013 1216 5068 verbi
1255 5012 1521 5084 sapientia
1562 5012 1811 5079 facundi,
1843 5014 2080 5069 ternario

484 5119 714 5161 numero
751 5115 873 5176 apte
915 5106 1105 5174 signati
1153 5112 1307 5161 sunt.‘
1348 5104 1587 5172 Quorum
1618 5118 1767 5163 certe
1793 5109 2083 5164 virtutibus

486 5195 708 5249 nomina
739 5197 1097 5263 conveniunt,
1128 5196 1252 5265 quia
1297 5193 1559 5251 Jonatbas
1588 5198 1851 5253 columbae
1877 5198 2082 5255 donum

486 5290 718 5357 dicitur;
764 5288 943 5355 Jesui,
989 5289 1277 5360 planities,
1318 5290 1433 5345 sive
1478 5288 1803 5344 desiderium
1850 5307 2074 5360 meum;

487 5379 805 5443 Melchisva,
839 5396 939 5436 rex
964 5396 1116 5437 meus
1148 5381 1311 5436 salus.
1343 5379 1477 5446 Quia
1526 5381 1669 5434 enim
1718 5382 2077 5451 praecellentia

488 5470 630 5524 dona
672 5471 903 5541 Spiritus
943 5473 1115 5528 sancti
1145 5473 1396 5528 doctores
1426 5472 1650 5539 habent,
1685 5474 1946 5530 columbae
1974 5475 2075 5530 do-

489 5574 617 5613 num
645 5570 794 5616 recte
830 5564 1195 5619 nominantur.
1241 5563 1375 5630 Quia
1420 5564 1547 5619 item
1579 5565 1720 5620 inter
1743 5566 1882 5620 dona
1911 5567 2078 5621 subli-

492 5650 599 5703 mia
619 5650 849 5707 humiles
870 5663 1016 5723 sunt,
1035 5656 1284 5726 planities
1305 5656 1575 5713 dicuntur.
1597 5656 1733 5724 Quia
1762 5673 1859 5728 pro
1885 5658 2067 5714 subdi-

492 5742 561 5797 tis
580 5741 682 5798 sibi
695 5742 939 5801 lidelibus
954 5746 1205 5804 ardenter
1217 5762 1415 5806 {eterna
1432 5750 1722 5821 postulant,
1747 5751 2074 5811 desiderium

570 5886 595 5915 α
632 5874 796 5933 Gilot.
822 5885 876 5935 et
903 5878 1079 5937 Vatic.
1098 5921 1119 5953 ,
1141 5898 1260 5955 quia
1281 5886 1348 5938 ad
1370 5884 1535 5940 illam.

2169 3286 2345 3358 ipsum
2388 3287 2532 3357 quod
2576 3292 2891 3358 praeminet
2928 3307 3036 3347 non
3065 3292 3277 3348 videtur
3311 3308 3433 3349 esse
3462 3308 3617 3347 suum
3661 3292 3776 3346 sin-

2170 3380 2449 3451 gulariter,
2496 3384 2593 3437 sed
2640 3383 2875 3453 speciale
2919 3385 3283 3456 singulorum,
3313 3401 3438 3440 cum
3484 3394 3589 3439 tam
3619 3400 3776 3439 com-

2171 3474 2351 3529 munis
2372 3488 2469 3544 per
2489 3474 2717 3542 gratiam
2740 3490 2861 3532 esse
2880 3477 3091 3545 nititur,
3107 3485 3166 3533 ut
3187 3477 3347 3549 334
3367 3476 3484 3547 ejus
3506 3476 3771 3533 celsitudo

2172 3569 2393 3639 propria
2442 3569 2861 3640 uniuscujusque
2916 3571 3031 3627 fore
3080 3572 3343 3627 videatur.
3391 3570 3539 3627 Onus
3590 3579 3774 3625 autem

2174 3661 2327 3715 verbi
2359 3660 2576 3727 dicitur,
2605 3663 2731 3732 quia
2774 3662 3024 3719 videlicet
3051 3663 3197 3719 salus
3243 3677 3362 3718 mea
3409 3662 3631 3727 dicitur,
3676 3676 3776 3731 per

2176 3752 2322 3822 quod
2352 3754 2601 3807 nimirum
2632 3752 2860 3824 diligens
2902 3754 3268 3826 prasdicatoris
3313 3754 3553 3810 studium
3583 3762 3639 3808 et
3666 3752 3774 3807 sol-

2179 3845 2401 3900 licitudo
2428 3846 2854 3910 commendetur,
2888 3848 3013 3916 quia
3060 3846 3137 3903 sic
3184 3846 3345 3901 debet
3390 3845 3674 3901 intendere
3700 3843 3776 3899 si-

2179 3937 2291 3991 mul
2320 3937 2589 4006 omnibus,
2616 3945 2676 3991 ut
2702 3946 2909 4007 quzcrat
2936 3948 2993 3994 et
3020 3947 3142 4009 agat
3169 3938 3384 4008 propria
3413 3938 3771 4007 singulorum.

2183 4028 2266 4084 Ab
2297 4044 2624 4099 unoquoque
2666 4030 2864 4085 etenim
2916 4031 3058 4086 salus
3096 4046 3215 4087 mea
3250 4029 3465 4097 dicitur,
3497 4030 3545 4085 si
3584 4029 3773 4083 unius-

2177 4120 2436 4190 cujusque
2476 4120 2671 4176 inﬂrmi
2700 4138 2885 4177 curam
2914 4124 3156 4195 suscipit,
3188 4131 3244 4179 et
3278 4122 3427 4179 hunc
3464 4123 3534 4178 ad
3559 4130 3773 4177 atteram

2182 4210 2372 4266 salutis
2400 4212 2541 4266 bona
2571 4214 2836 4283 perducit.

2250 4302 2339 4358 67.
2380 4303 2508 4369 Qum
2554 4320 2685 4359 vero
2736 4314 2863 4360 sunt
2899 4306 3031 4362 Saul
3088 4305 3241 4375 filiae,
3285 4306 3388 4362 nisi
3434 4303 3772 4378 prmdicatori

2176 4392 2404 4448 subdita:
2425 4393 2720 4449 electorum
2741 4396 3028 4465 qualitates
3045 4397 3182 4451 ?Alii
3208 4398 3407 4468 quippe
3437 4398 3628 4452 activte
3651 4396 3771 4449 vita:

2103 4511 2155 4571 D
2181 4484 2370 4539 studiis
2396 4486 2657 4553 serviunt,
2690 4487 2779 4541 alii
2820 4503 2950 4544 vero
2977 4483 3407 4559 contemplativa:
3454 4485 3774 4543 remotioni-

2178 4577 2278 4630 bus
2304 4576 2724 4633 abscondantur.
2752 4577 2898 4633 Filia:
2927 4579 3143 4649 quidem
3184 4582 3437 4635 dicuntur
3465 4595 3566 4650 pro
3596 4576 3775 4633 fecun-

2178 4665 2367 4720 ditate.
2421 4665 2517 4721 llla
2584 4668 2800 4737 quidem
2853 4670 2992 4739 parit
3055 4671 3450 4725 multitudinem
3503 4669 3775 4724 bonorum

2180 4772 2426 4826 operum,
2459 4759 2559 4814 ista
2586 4776 2718 4816 vero
2763 4763 3100 4817 internorum
3130 4763 3517 4832 plenitudinem
3545 4761 3772 4831 gaudio-

2181 4866 2322 4904 rum.
2358 4849 2547 4907 Merito
2578 4854 2739 4922 igitur
2768 4855 2909 4923 regis
2940 4854 3061 4909 ﬂlic
3090 4857 3459 4923 nominantur,
3486 4855 3613 4924 quia
3646 4854 3772 4908 dum

2180 4940 2492 5010 concipiunt
2515 4944 2582 4998 de
2604 4944 2772 4999 verbo
2794 4944 2910 5012 Dei,
2939 4947 3187 5003 caelestes
3211 4948 3413 5002 fructus
3443 4946 3769 5017 parturiunt.

2182 5027 2335 5085 Unde
2382 5032 2522 5087 bene
2574 5033 2759 5089 Merob
2809 5035 2876 5091 de
2924 5038 3267 5095 multitudine
3306 5039 3525 5094 dicitur.
3586 5038 3774 5091 Activa

2182 5120 2381 5175 etenim
2402 5123 2532 5192 vita,
2563 5124 2687 5193 quia
2713 5140 2779 5179 ex
2807 5127 2989 5182 multis
3015 5128 3169 5183 bonis
3193 5128 3444 5199 cperibus
3473 5126 3772 5197 perficitur,

2182 5209 2249 5264 de
2288 5212 2631 5270 multitudine
2657 5225 2807 5271 recte
2836 5219 3165 5275 nominatur.
3198 5219 3295 5275 Vel
3331 5220 3399 5274 de
3429 5218 3772 5273 multitudine

2182 5301 2413 5373 dicitur,
2458 5308 2583 5375 quia
2627 5309 2719 5377 qui
2765 5309 2877 5366 Deo
2927 5328 3026 5382 per
3071 5313 3299 5369 activam
3337 5314 3507 5367 vitam
3561 5311 3774 5381 placent

2180 5395 2337 5451 multi
2379 5407 2521 5453 sunt.
2574 5401 2712 5468 Quia
2758 5405 2900 5458 enim
2948 5407 3232 5475 pauciores
3260 5422 3487 5461 numero
3514 5412 3641 5459 sunt
3682 5402 3773 5473 qui

2180 5500 2279 5555 per
2321 5490 2793 5560 contemplativam
2839 5494 3146 5550 cmlestibus
3188 5494 3399 5564 gaudiis
3445 5494 3684 5555 inhiant,
3720 5493 3772 5543 in

2180 5591 2367 5633 eorum
2397 5583 2804 5652 comparatione
2830 5584 2951 5641 illos
2978 5586 3068 5657 qui
3106 5587 3297 5643 activa:
3323 5588 3447 5641 vita:
3473 5584 3772 5640 inserviunt

2179 5670 2380 5726 multos
2404 5682 2581 5727 vocat.
2613 5674 2715 5741 Qui
2755 5678 2994 5745 profecto
3022 5677 3175 5732 multi
3220 5686 3341 5733 sunt
3393 5690 3638 5738 numero,
3672 5674 3768 5726 mi-

2178 5758 2400 5820 nisterio
2438 5762 2633 5835 divisi,
2676 5769 2803 5839 quia
2853 5769 2954 5828 etsi
2997 5784 3163 5827 unam
3210 5768 3490 5827 cmlestem
3540 5765 3771 5838 patriam
