4052 6338
281 383 377 440 401

1096 375 1165 434 ΙΝ
1203 375 1469 434 PRIMUM
1508 374 1750 432 REGUM
1790 372 2309 432 EXPOSITIONES.
2347 402 2421 420 -—
2457 373 2589 432 LIB.
2630 373 2697 432 ν.

3447 378 3554 435 40"2

278 498 436 556 bonis
464 494 717 567 operibus
744 500 1008 567 qurerunt,
1030 499 1211 549 tamen
1230 492 1393 549 variis
1417 490 1671 563 operibus
1693 488 1869 561 pieta-
1897 493 1948 554 Α
1973 489 2253 560 amplexus
2294 488 2548 546 accedere
2591 502 2928 561 nequaquam
2972 488 3375 560 permittuntur.
3418 491 3558 559 Quia

279 592 347 645 tis
397 588 714 643 inserviunt.
765 586 1003 653 Quorum
1055 594 1202 640 certe
1249 582 1496 639 nonnulli
1547 582 1601 637 in
1655 588 1864 635 tantum

278 698 521 739 amorem
566 681 862 737 conditoris
895 680 1199 750 proﬁciunt,
1228 686 1289 733 ut
1336 678 1449 747 ipsa
1488 678 1649 732 etiam
1696 690 1865 746 opera

276 779 419 833 bona
450 776 733 839 deserant,
774 781 938 843 atque
964 773 1030 829 ad
1057 770 1487 840 contemplativa:
1515 771 1638 824 vitae
1677 769 1863 825 dulce-

277 869 462 923 dinem
511 865 761 934 transire,
793 871 848 919 et
875 866 931 919 in
975 879 1040 920 ea
1086 862 1199 919 Deo
1239 877 1434 918 vacare
1462 862 1863 932 concupiscant.

278 959 432 1015 Unde
480 964 536 1014 et
572 957 712 1013 bene
748 954 946 1011 Michol
990 955 1047 1010 in
1090 954 1272 1023 lingua
1310 962 1495 1010 nostra
1524 968 1592 1009 ex
1617 953 1867 1009 omnibus

274 1050 490 1107 dicitur.
523 1047 607 1104 Ex
636 1049 888 1106 omnibus
917 1047 1135 1118 quidem
1164 1045 1243 1115 ﬁt,
1270 1047 1396 1116 quia
1426 1047 1603 1103 nullus
1630 1054 1715 1103 est
1742 1060 1866 1115 per-

275 1141 453 1198 fectus
478 1142 533 1196 in
569 1139 1051 1211 contemplatione,
1085 1139 1177 1211 qui
1203 1154 1273 1194 ex
1298 1138 1484 1194 labore
1529 1138 1658 1194 boni
1686 1137 1868 1208 operis

275 1248 388 1288 non
440 1232 690 1303 pervenit
734 1231 802 1286 ad
849 1245 1029 1287 arcem
1080 1230 1321 1301 ejusdem
1373 1230 1865 1300 contemplationis.

277 1325 433 1382 Unde
461 1327 598 1382 etin
626 1325 922 1394 Evangelio
951 1324 1210 1381 Dominus
1236 1324 1368 1380 dicit
1392 1342 1405 1378 :
1448 1324 1628 1379 Venite
1655 1324 1725 1377 ad
1754 1341 1862 1393 me,

273 1435 473 1485 omnes,
512 1420 599 1490 qui
629 1418 901 1485 laboratis,
937 1426 988 1473 et
1012 1419 1212 1474 onerati
1243 1418 1397 1480 estis,
1422 1424 1471 1471 et
1499 1433 1593 1488 ego
1634 1417 1867 1485 reﬁciam

271 1528 363 1566 ea:
390 1510 607 1582 (Matth.
633 1526 707 1576 ιι,
723 1509 837 1581 28).
859 1508 1010 1565 Tunc
1035 1509 1127 1579 qui
1155 1509 1365 1564 laborat
1384 1518 1630 1574 vocatur,
1652 1507 1868 1577 quando

272 1606 416 1663 bene
442 1604 635 1674 agendi
663 1602 994 1659 desiderium
1018 1602 1333 1659 :eternitatis
1361 1601 1673 1657 infunditur.
1708 1599 1773 1654 Et
1800 1600 1869 1655 ad

271 1704 563 1752 vocantem
609 1710 669 1752 se
713 1696 1011 1762 accedunt,
1051 1694 1267 1765 quando
1316 1694 1384 1748 ad
1436 1692 1869 1763 contemplativa:

269 1789 397 1843 vitae
443 1788 681 1859 quietem
710 1786 952 1843 veniunt.
999 1784 1058 1840 In
1104 1801 1213 1855 quo
1260 1784 1510 1840 nimirum
1559 1783 1869 1839 laborantes

1965 583 2108 638 enim
2130 583 2376 651 regendis
2402 583 2644 637 ﬁdelibus
2664 583 2914 651 gregibus
2940 582 3069 637 foris
3091 581 3377 638 necessarii
3410 592 3561 655 sunt,

1963 688 2207 729 summus
2235 689 2333 728 rex
2368 673 2447 728 sic
2483 674 2726 740 ordinat,
2775 680 2833 727 ut
2874 673 3072 729 Michol
3119 674 3383 730 minorem
3412 677 3559 730 acci-

1965 766 2138 835 piant,
2171 775 2228 821 et
2254 765 2437 820 Merob
2470 765 2726 835 majorem
2758 781 3029 838 nunquam
3076 768 3559 837 comprehendant.

1968 856 2216 925 Plerique
2262 865 2444 912 autem
2488 865 2612 926 post
2638 858 2903 914 minorem
2951 858 3214 928 majorem
3260 859 3562 928 accipiunt,

1967 946 2095 1017 quia
2146 954 2270 1016 post
2316 946 2511 1001 devota
2550 947 2827 1002 charitatis
2856 962 3019 1018 opera
3055 948 3121 1002 ad
3152 948 3323 1003 intimi
3369 949 3563 1003 secreti

1969 1052 2208 1094 amorem
2237 1038 2610 1108 recipiuntur;
2641 1039 2784 1109 quod
2813 1039 2952 1095 bene
2978 1038 3146 1096 Jacob
3176 1040 3445 1109 insinuat,
3471 1040 3564 1108 qui

1969 1129 2261 1185 Rachelem
2306 1130 2524 1197 amavit,
2576 1129 2673 1185 sed
2718 1130 2863 1200 prius
2911 1129 3062 1184 Liam
3114 1131 3354 1199 accepit,
3402 1137 3457 1184 et
3487 1130 3567 1185 sic

1969 1222 2165 1278 deinde
2192 1221 2483 1277 Rachelem
2512 1221 2567 1276 in
2591 1221 2900 1291 conjugium
2928 1222 3156 1292 sumpsit
3188 1220 3350 1293 (Gen.
3376 1220 3560 1291 xxix).

1971 1313 2109 1381 Quid
2138 1321 2220 1368 est
2248 1313 2381 1377 hoc,
2413 1313 2555 1381 quod
2582 1311 2750 1368 Jacob
2775 1321 3056 1382 utramque
3089 1329 3334 1368 sororem
3360 1314 3566 1368 habere

1970 1405 2140 1472 licuit,
2172 1405 2340 1460 David
2369 1416 2545 1460 autem
2577 1405 2646 1459 ad
2671 1405 2890 1474 majoris
2916 1406 3205 1459 thalamum
3239 1421 3347 1458 non
3376 1418 3570 1474 perve-

1970 1497 2073 1569 nit,
2096 1498 2196 1551 nisi
2223 1497 2347 1565 quia
2378 1496 2544 1551 David
2566 1511 2662 1551 rex
2690 1496 2812 1562 fuit,
2834 1494 2999 1550 Jacob
3022 1511 3149 1551 vero
3176 1510 3272 1550 rex
3292 1511 3399 1551 non
3431 1495 3571 1550 fuit?

1973 1586 2075 1653 Qui
2106 1600 2235 1655 ergo
2264 1586 2503 1654 regimen
2536 1586 2835 1640 animarum
2866 1584 3120 1654 suscipit,
3152 1585 3296 1639 hunc
3339 1600 3568 1640 censura

1974 1676 2337 1732 ecclesiastica
2386 1684 2693 1745 susceptum
2724 1689 2941 1744 gregem
2978 1675 3229 1729 deserere
3257 1682 3312 1728 et
3344 1682 3572 1729 remoue

1972 1763 2096 1819 vita:
2120 1763 2244 1819 otiis
2273 1778 2466 1818 vacare
2495 1779 2603 1818 non
2624 1764 2773 1819 sinit.
2804 1763 2909 1818 Sed
2937 1763 3122 1819 Merob
3150 1763 3314 1818 David
3345 1764 3574 1833 promit-

269 1852 612 1947 reﬁciuntur,
634 1876 761 1947 quia
789 1877 990 1932 amoris
1016 1852 1211 1945 gaudia
1240 1875 1307 1930 de
1335 1874 1512 1930 divina
1533 1874 1871 1945 contempla-
1896 1877 1947 1941 Β
1976 1853 2128 1919 mu",
2157 1861 2216 1947 ﬁ“
2257 1868 2530 1922 "unquam
2574 1853 2734 1947 d3“)?
2760 1870 2774 1919 ἓ
2822 1852 3017 1907 MM“)!
3062 1852 3177 1947 _50_13
3225 1854 3381 1907 άδῐυτ
3398 1895 3413 1921 ν
3443 1854 3571 1924 (lilia

270 1969 424 2025 tione
469 1968 805 2024 abundanter
845 1977 1084 2023 sumunt.
1124 1966 1244 2038 Ipse
1266 1966 1485 2037 quidem
1551 1966 1870 2023 accedentes

267 2060 470 2127 reﬁcit,
502 2060 595 2129 qui
638 2060 788 2131 puris
832 2059 1102 2115 mentibus
1151 2059 1501 2128 semetipsum
1529 2059 1782 2115 ostendit.
1811 2059 1872 2114 In

271 2151 433 2221 cujus
454 2151 785 2207 revelatione
800 2152 930 2221 quia
957 2150 1431 2220 contemplationis
1469 2150 1660 2219 gaudia
1700 2152 1871 2205 multa

267 2242 583 2309 inveniunt,
615 2243 771 2313 quasi
809 2242 1119 2299 omnimoda
1153 2242 1527 2298 delectationis
1560 2243 1867 2311 dulcedine,

264 2350 385 2391 non
414 2335 482 2390 ab
511 2336 640 2405 alio,
668 2335 763 2392 sed
788 2336 858 2391 ab
888 2336 1007 2407 ipso
1034 2343 1366 2391 saturantur.
1398 2335 1596 2392 Michol
1644 2350 1773 2406 ergo
1802 2352 1873 2392 ex

270 2429 535 2485 omnibus
562 2428 781 2495 dicitur,
810 2430 938 2499 quia
988 2429 1424 2500 contemplativae
1451 2430 1575 2486 vitae
1602 2440 1873 2487 secretum

266 2519 459 2576 nullus
486 2521 709 2590 expetit,
742 2521 837 2590 qui
866 2521 921 2576 in
956 2521 1132 2592 aliqua
1173 2522 1326 2592 prius
1371 2523 1689 2593 operatione
1730 2522 1874 2577 bona

267 2626 387 2666 non
417 2608 538 2666 fuit.
566 2610 743 2667 Minor
770 2626 899 2683 ergo
926 2628 1084 2668 soror
1111 2612 1329 2681 dicitur,
1357 2629 1464 2670 non
1496 2616 1623 2683 quia
1653 2614 1874 2670 inferior

266 2701 561 2771 dignitate,
585 2701 681 2758 sed
709 2702 836 2772 quia
862 2703 1134 2773 posterior
1162 2711 1428 2774 tempore.
1457 2704 1514 2760 Si
1542 2707 1663 2777 quis
1689 2713 1875 2761 autem

264 2793 406 2847 velit
428 2808 528 2864 per
553 2792 964 2863 primogenitam
990 2792 1151 2849 ﬁliam
1182 2796 1656 2866 contemplativam
1684 2798 1874 2865 vitam,

264 2900 377 2957 per
396 2885 657 2941 minorem
679 2886 910 2941 activam
934 2894 1113 2956 potest
1135 2888 1400 2957 accipere.
1426 2887 1490 2940 Et
1510 2894 1637 2942 tunc
1656 2888 1875 2958 quidem

267 2977 466 3032 Merob
492 2977 561 3032 de
589 2976 931 3032 multitudine
968 2977 1185 3045 dicitur,
1216 2978 1344 3046 quia
1373 2978 1729 3035 multitudinis
1759 2988 1875 3034 tur-

265 3067 382 3123 bas
411 3067 640 3133 deserit,
670 3074 726 3122 et
754 3067 822 3123 ad
849 3067 1111 3123 rariorem
1141 3083 1422 3124 numerum
1453 3069 1509 3125 in
1536 3069 1875 3141 contempla-

266 3160 437 3214 tione
480 3158 840 3228 perfectorum
871 3160 1036 3216 venit.
1078 3160 1197 3216 Non
1243 3175 1373 3230 ergo
1418 3162 1736 3229 multitudo,
1778 3163 1877 3219 sed

264 3248 346 3305 de
387 3248 728 3306 multitudine
774 3266 894 3308 esse
937 3252 1155 3322 dicitur,
1186 3261 1246 3307 ut
1272 3270 1382 3310 non
1425 3255 1478 3309 hi
1517 3271 1642 3310 cum
1681 3256 1875 3325 quibus
1903 3256 1952 3321 C

263 3348 393 3405 est,
443 3340 538 3395 sed
584 3341 728 3397 unde
754 3353 978 3399 venerat
1022 3353 1368 3412 agnoscatur.
1420 3344 1618 3401 Michol
1648 3361 1776 3401 vero
1806 3361 1871 3402 ex

264 3432 533 3487 omnibus
573 3433 797 3498 dicitur,
829 3444 891 3489 ut
934 3438 990 3490 in
1038 3438 1212 3491 activa
1260 3438 1369 3491 vita
1414 3438 1735 3493 universalis
1763 3440 1874 3494 vita

260 3530 485 3579 sanctae
514 3522 767 3578 Ecclesiae
818 3525 1147 3594 designetur.
1194 3526 1253 3581 In
1298 3528 1472 3581 activa
1519 3529 1719 3583 etenim
1767 3530 1879 3583 vita

265 3614 446 3670 etiam
477 3612 555 3667 illi
585 3620 709 3668 sunt
738 3614 885 3683 prius
904 3617 995 3685 qui
1026 3626 1214 3686 postea
1240 3617 1308 3671 ad
1335 3618 1766 3687 contemplativa:
1793 3635 1879 3675 se-

266 3713 491 3763 cretum
533 3715 850 3774 transeunt,
878 3708 972 3763 sed
1002 3709 1053 3763 in
1086 3710 1519 3780 contemplativae
1548 3712 1874 3780 remotione,

265 3799 567 3856 exterioris
582 3800 708 3856 vitae
727 3803 1089 3859 sollicitudine
1108 3807 1313 3875 gravati
1335 3822 1444 3863 non
1465 3816 1607 3864 sunt.
1632 3808 1727 3864 Illa
1748 3825 1877 3880 ergo

266 3894 345 3949 de
373 3893 733 3958 multitudine.
761 3896 863 3952 ista
892 3914 1022 3954 vero
1048 3900 1114 3955 de
1134 3902 1384 3956 omnibus
1408 3901 1510 3959 dici
1534 3910 1730 3972 potest,
1750 3905 1876 3972 quia

269 3982 459 4038 activa
487 3986 594 4041 vita
642 4002 829 4043 omnes
857 3992 1130 4056 continet,
1164 3993 1581 4063 contemplativa
1632 3996 1875 4050 omnium

272 4077 633 4137 conspectum
661 4071 927 4140 declinat,
953 4084 1011 4129 ut
1034 4091 1112 4142 se,
1142 4085 1434 4149 conspectu
1464 4081 1683 4150 mentis,
1714 4083 1875 4155 335

269 4158 590 4218 caelestibus
611 4163 819 4234 jungat.
854 4166 1133 4232 Quomodo
1161 4169 1322 4239 igitur
1368 4170 1497 4229 Saul
1535 4172 1654 4229 filiae
1684 4173 1877 4230 dicun-

271 4256 396 4316 tur,
444 4252 547 4307 nisi
591 4255 717 4324 quia
748 4265 773 4293 α
816 4266 1046 4327 utraque
1094 4260 1202 4315 vita
1248 4262 1426 4318 studio
1472 4264 1600 4321 boni
1652 4267 1879 4323 rectoris

271 4346 621 4403 ostenditur?
650 4350 751 4417 Qui
778 4352 923 4407 enim
944 4369 1044 4409 nos
1064 4353 1259 4412 docent
1278 4357 1419 4413 bona
1447 4373 1629 4429 agere,
1657 4370 1875 4417 aeternae

271 4439 407 4493 vitae
436 4440 625 4497 studiis
653 4458 876 4511 vacare,
908 4447 975 4501 ab
1004 4447 1097 4503 illo
1142 4450 1297 4505 nobis
1334 4465 1678 4521 generantur,
1723 4460 1876 4525 cujus

271 4531 596 4597 magisterio
627 4535 679 4588 in
719 4535 881 4591 corde
909 4545 1095 4593 nostro
1133 4540 1431 4598 discuntur.
1464 4544 1619 4611 Quod
1659 4548 1875 4616 quidem

271 4621 410 4692 quia
449 4622 516 4677 de
544 4626 731 4681 activae
760 4627 882 4683 vita:
906 4630 1158 4699 Operibus
1182 4641 1411 4697 constat,
1438 4635 1631 4691 mirum
1662 4639 1729 4693 de
1750 4655 1882 4695 con-

271 4712 595 4782 templativa
614 4717 843 4783 videtur,
868 4734 985 4789 qute
1005 4737 1103 4792 per
1121 4722 1343 4778 Mariam
1365 4724 1585 4782 Marthae
1615 4744 1879 4797 sororem,

271 4821 403 4876 qua:
432 4809 499 4862 ad
537 4809 702 4879 pedes
741 4809 953 4868 Domini
982 4815 1170 4870 sedere
1208 4825 1264 4871 et
1291 4818 1519 4873 verbum
1547 4819 1665 4887 ejus
1694 4822 1885 4878 audire

272 4896 608 4955 describitur
656 4900 818 4971 (Luc.
860 4903 953 4974 x).
1012 4904 1118 4959 Sed
1158 4905 1315 4961 facile
1356 4910 1715 4977 respondetur
1758 4912 1883 4981 quia

273 4988 412 5044 dum
432 4990 583 5046 sedet
604 4991 794 5063 Maria,
822 4994 1091 5065 perfectos
1121 4997 1172 5051 in
1198 4999 1656 5069 contemplatione
1682 5002 1878 5073 signat.

273 5079 419 5135 Filia
445 5088 622 5139 tamen
646 5082 774 5139 Saul
798 5085 983 5142 Merob
1004 5096 1152 5144 recte
1171 5088 1389 5157 dicitur,
1411 5092 1536 5160 quia
1558 5092 1656 5148 etsi
1687 5094 1881 5150 sedens

210 5184 219 5241 ξ
275 5170 356 5226 ad
394 5171 559 5241 pedes
588 5172 800 5229 Domini
826 5192 944 5246 qua:
973 5179 1089 5233 vult
1121 5182 1190 5236 ab
1219 5197 1284 5237 eo
1315 5183 1463 5237 audit
1487 5190 1542 5238 et
1581 5184 1767 5251 discit,
1801 5195 1884 5241 ta-

276 5278 411 5318 men
439 5265 585 5333 prius
605 5266 816 5324 discere
840 5270 1000 5327 debet
1027 5275 1298 5344 quomodo
1327 5276 1517 5333 sedere
1548 5278 1735 5349 possit.
1768 5278 1884 5337 Hoc

278 5355 541 5411 nimirum
568 5359 694 5427 quia
740 5362 998 5431 sapientis
1018 5375 1072 5420 et
1098 5367 1294 5422 eruditi
1317 5368 1553 5426 doctoris
1581 5373 1883 5429 eruditione

277 5449 652 5519 cognoscitur,
684 5450 813 5508 Saul
849 5468 968 5510 esse
1002 5456 1159 5512 titiam
1190 5457 1376 5517 Merob
1417 5472 1564 5519 recte
1608 5480 1877 5520 memora-

278 5542 381 5591 tur
408 5536 472 5610 (Ι
492 5538 624 5612 Reg.
646 5544 818 5615 xvm).
842 5545 1015 5614 Quam
1042 5549 1286 5617 profecto
1310 5553 1363 5607 in
1383 5555 1689 5624 conjugium
1717 5557 1885 5612 David

278 5625 424 5685 dare
448 5627 731 5703 promisit,
760 5638 856 5693 sed
891 5641 941 5695 ei
974 5641 1236 5697 minorem
1262 5644 1437 5714 dedit,
1475 5650 1602 5719 quia
1639 5652 1884 5707 nonnulli

286 5725 725 5796 contemplativa:
739 5730 863 5786 vitae
890 5732 1341 5801 pulchritudinem
1369 5739 1616 5813 diligunt,
1640 5744 1707 5800 ad
1734 5747 1886 5817 cujus

378 5888 401 5915 ⁸
440 5881 604 5942 Gilot.
637 5897 691 5946 et
716 5889 914 5961 Vatic.,
944 5892 1067 5964 quia
1090 5900 1306 5965 utraque
1331 5895 1452 5952 ista.
1512 5874 1519 5880 ~

1976 1942 2220 1997 nonnulli
2246 1957 2370 1997 cum
2393 1956 2580 1997 curam
2608 1941 2910 1996 animarum
2938 1940 3263 2011 suscipiunt,
3295 1951 3484 2011 putant
3510 1957 3575 1998 se

1973 2033 2052 2089 sic
2076 2033 2304 2088 aliorum
2326 2030 2742 2086 sollicitudinem
2765 2043 2972 2099 gerere,
2996 2036 3055 2084 ut
3082 2029 3185 2085 sibi
3214 2030 3342 2098 ipsis
3362 2029 3578 2084 valeant

1975 2138 2075 2193 per
2102 2122 2522 2178 sollicitudinem
2549 2136 2776 2187 vacare;
2827 2129 2882 2175 et
2912 2128 3091 2174 tamen
3135 2119 3371 2189 quietem
3408 2134 3571 2188 quam

1975 2215 2029 2270 in
2059 2214 2375 2286 prtelatione
2399 2221 2649 2285 quaerunt
2674 2226 2945 2284 nunquam
2975 2211 3283 2276 inveniunt;
3323 2208 3489 2279 ﬁtque
3518 2217 3577 2263 ut

1974 2304 2103 2360 dum
2133 2305 2428 2375 impetrare
2446 2318 2476 2358 a
2500 2304 2728 2359 Domino
2750 2302 2977 2371 gratiam
3008 2308 3169 2355 tantae
3195 2298 3445 2369 puritatis
3472 2314 3573 2352 ne-

1976 2405 2203 2468 queunt,
2219 2397 2373 2468 quasi
2390 2398 2526 2452 iram
2543 2396 2893 2451 incurrissent
2914 2393 3144 2459 Domini,
3164 2393 3572 2463 pertimescunt.

1976 2489 2141 2556 Quasi
2189 2503 2318 2558 ergo
2349 2488 2487 2545 irato
2516 2502 2642 2558 rege
2671 2487 2992 2559 promissam
3020 2485 3120 2541 sibi
3159 2485 3573 2555 primogenitam

1977 2579 2245 2651 perdunt,
2273 2579 2400 2648 quia
2428 2596 2551 2635 eum
2587 2596 2749 2652 quem
2796 2597 2857 2637 se
2884 2581 3146 2652 putabant
3172 2580 3228 2635 in
3260 2580 3577 2651 prmlatione

1978 2670 2259 2724 habituros
2298 2684 2538 2724 amorem
2567 2671 2761 2740 quietis
2790 2671 2993 2726 intimm
3037 2669 3285 2740 amplecti
3312 2685 3419 2724 non
3450 2683 3577 2738 pos-

1978 2770 2122 2816 sunt.
2144 2760 2267 2815 Haec
2283 2768 2463 2815 autem
2486 2762 2721 2818 breviter
2740 2779 2837 2834 per
2858 2778 3140 2819 excessum
3162 2762 3413 2826 diximus,
3432 2777 3578 2818 nunc

1980 2866 2110 2921 ergo
2142 2852 2206 2906 ad
2234 2853 2456 2907 dimissa
2487 2854 2796 2910 redeamus.

2052 2942 2141 2997 68.
2184 2943 2367 2998 Ambae
2410 2958 2539 3015 ergo
2585 2945 2714 3001 Saul
2759 2946 2880 3002 tiliae
2925 2946 3200 3013 dicuntur,
3232 2947 3327 3002 sed
3360 2945 3581 3001 nomina

1980 3032 2190 3089 diversa
2219 3036 2538 3101 sortiuntur,
2570 3037 2694 3107 quia
2739 3045 2794 3092 et
2836 3036 3089 3092 dilferunt
3132 3045 3186 3093 et
3228 3038 3575 3094 conveniunt.

1983 3122 2326 3178 Conveniunt
2365 3124 2580 3194 quidem
2602 3165 2618 3193 ,
2648 3126 2773 3195 quia
2813 3128 2881 3202 ad
2907 3136 3163 3181 aeternam
3190 3128 3384 3193 vitam,
3417 3143 3577 3197 quam

1982 3211 2229 3281 diligunt,
2254 3228 2349 3284 per
2369 3230 2610 3270 amorem
2634 3216 2882 3271 tendunt.
2905 3216 3039 3271 Item
3071 3218 3420 3283 conveniunt,
3454 3218 3583 3287 quia

1982 3302 2124 3358 bona
2150 3319 2343 3370 opera,
2375 3307 2571 3375 quibus
2602 3307 2717 3363 haec
2744 3307 3110 3363 indesinenter
3130 3310 3457 3375 extenditur,
3489 3310 3582 3365 illa

1983 3391 2390 3459 quomodolibet
2411 3402 2687 3464 operatur.
2712 3395 2845 3461 Quia
2872 3397 3031 3464 igitur
3058 3398 3230 3451 ambae
3258 3407 3440 3452 amant
3460 3414 3583 3468 qua:

1984 3480 2169 3535 vident
2196 3491 2417 3549 aeterna,
2443 3483 2614 3537 ambae
2635 3485 2703 3538 ad
2734 3486 2822 3538 illa
2851 3500 2947 3555 per
2973 3487 3171 3540 bonam
3201 3487 3581 3554 operationem

1985 3572 2270 3640 pervenire
2311 3572 2657 3643 desiderant,
2689 3577 3178 3648 quomodocunque
3214 3580 3578 3647 conveniunt;

1985 3658 2238 3717 diﬁerunt
2263 3672 2464 3734 autem,
2489 3666 2615 3736 quia
2645 3668 2766 3737 plus
2792 3669 2900 3737 agit
2926 3685 3052 3735 una,
3082 3671 3202 3741 plus
3223 3671 3368 3726 videt
3387 3672 3579 3728 altera.

1982 3752 2118 3806 Nam
2162 3762 2218 3809 et
2261 3753 2352 3809 Lia
2389 3771 2494 3812 non
2533 3757 2731 3814 dicitur
2776 3758 2939 3816 fuisse
2990 3776 3163 3829 orca,
3195 3762 3287 3818 sed
3317 3762 3482 3834 lippa.
3517 3762 3587 3818 Et

1984 3843 2189 3900 Rachel
2217 3847 2261 3901 si
2286 3864 2392 3903 non
2424 3857 2602 3907 tantos
2626 3854 2854 3922 peperit,
2880 3854 3102 3910 omnino
3155 3863 3335 3909 tamen
3384 3856 3580 3912 sterilis

1983 3948 2090 3990 non
2121 3944 2397 3993 remansit.
2430 3938 2565 3995 Nam
2608 3942 2653 3996 si
2700 3943 2869 3997 altera
2910 3944 3022 3998 vita
3073 3944 3300 3997 alteram
3330 3952 3581 4000 contem-

1981 4026 2181 4095 plando
2229 4036 2322 4083 aut
2363 4032 2639 4100 operando
2682 4042 2931 4103 superat,
2982 4034 3112 4089 nulli
3162 4043 3341 4088 autem
3389 4050 3580 4091 eorum

1980 4113 2205 4170 visionis
2251 4117 2471 4174 claritas
2519 4121 2783 4186 demitur,
2835 4122 2967 4175 nulli
3021 4122 3363 4176 fecunditatis
3410 4123 3582 4191 gloria

1983 4204 2296 4275 denegatur.
2328 4208 2575 4265 Videndo
2617 4218 2796 4265 tamen
2826 4220 2881 4265 et
2910 4212 3117 4279 agendo
3140 4210 3417 4280 dilferunt,
3452 4215 3582 4283 quia

1984 4297 2155 4350 activa
2191 4298 2301 4351 vita
2328 4298 2590 4354 visionem
2620 4301 2784 4355 habet
2826 4301 2880 4355 in
2915 4300 3168 4367 transitu,
3204 4319 3338 4375 opus
3366 4322 3493 4360 vero
3524 4307 3580 4361 in

1982 4382 2323 4453 intentione;
2374 4390 2792 4459 contemplativa
2820 4407 2951 4447 vero
2993 4408 3128 4462 Opus
3168 4394 3219 4449 in
3253 4396 3474 4465 itinere,
3500 4398 3583 4452 in-

1982 4477 2282 4530 tentionem
2314 4478 2367 4531 in
2394 4479 2591 4548 quiete.
2631 4480 2777 4537 Unde
2818 4484 2957 4539 bene
2985 4488 3311 4554 evangelista
3336 4489 3579 4556 Marcus,

1984 4579 2105 4619 cum
2128 4567 2226 4621 sub
2241 4567 2451 4622 illarum
2475 4570 2632 4624 trium
2648 4575 2933 4629 mulierum
2951 4578 3132 4647 specie
3149 4582 3582 4650 contemplativa:

1912 4642 1961 4702 Ι)
1986 4652 2111 4708 vita:
2131 4670 2370 4711 amorem
2394 4659 2723 4727 ostenderet,
2742 4664 2818 4717 ait
2838 4683 2849 4717 :
2869 4642 3029 4735 33G
3055 4666 3301 4723 Emerunt
3322 4642 3580 4733 aromata,

1986 4753 2043 4797 ut
2068 4746 2322 4800 venientes
2349 4759 2602 4820 ungerent
2626 4749 2807 4807 Iesum
2837 4753 3038 4824 (Marc.
3066 4775 3173 4825 xvr,
3192 4758 3268 4827 1).
3304 4759 3466 4825 Quasi
3496 4758 3583 4811 di-

1987 4841 2074 4887 cat
2098 4850 2111 4886 :
2144 4833 2423 4891 Steterunt
2461 4839 2517 4894 in
2544 4855 2730 4910 opere,
2758 4851 2816 4897 ut
2846 4858 3065 4901 currere
3085 4847 3328 4902 valerent
3349 4848 3416 4900 ad
3445 4863 3581 4903 con-

1987 4924 2416 4994 templationem.
2476 4930 2733 4986 Aromata
2803 4934 3019 5002 quidem
3092 4952 3273 4991 emere
3339 4947 3420 4992 est
3486 4954 3584 5009 per

1987 5017 2231 5075 laborem
2252 5023 2377 5077 boni
2402 5026 2599 5095 operis,
2629 5028 2784 5083 bona»
2813 5030 3083 5099 opinionis
3104 5030 3325 5086 odorem
3353 5034 3585 5089 circum-

1988 5126 2201 5183 quaque
2226 5114 2470 5171 dilatare.
2505 5115 2569 5170 Et
2594 5116 2775 5174 Jesum
2801 5121 2853 5175 in
2876 5120 3124 5192 sepulcro
3154 5136 3350 5190 ungere
3378 5133 3458 5178 est
3486 5140 3586 5194 per

1990 5208 2463 5267 mortificationem
2492 5215 2671 5269 carnis
2699 5216 2765 5269 ad
2796 5217 3101 5272 devotionis
3129 5216 3332 5272 intimae
3359 5218 3586 5288 pingue-

1987 5297 2167 5354 dinem
2215 5304 2517 5370 pervenire.
2573 5305 2705 5360 Nam
2747 5307 2894 5362 velut
2943 5307 2995 5361 in
3041 5306 3289 5375 sepulcro
3336 5304 3580 5377 ungitur,
3621 5346 3627 5350 -

1990 5394 2205 5459 quando
2234 5408 2265 5447 a
2294 5396 2626 5465 consepultis
2668 5396 2733 5449 ad
2774 5397 3024 5465 gaudium
3074 5398 3274 5451 intimm
3323 5400 3585 5455 claritatis

1990 5496 2101 5537 suae
2128 5484 2471 5542 devotissime
2500 5488 2829 5558 pervenitur.
2863 5489 2920 5544 In
2960 5490 3188 5544 transitu
3220 5505 3347 5561 ergo
3384 5508 3581 5563 Opera-

1988 5572 2193 5630 tionem
2220 5576 2450 5642 habent,
2492 5579 2615 5649 quia
2641 5581 2745 5635 etsi
2774 5581 3062 5650 aliquando
3088 5592 3401 5653 operantur,
3431 5583 3582 5654 quasi

1990 5668 2256 5753 currendo
2285 5670 2390 5725 hoc
2423 5670 2699 5737 deserunt,
2733 5674 2824 5745 qui
2853 5674 2921 5729 ad
2967 5676 3146 5731 locum
3191 5676 3402 5732 dilecta:
3444 5676 3577 5731 soli-

1993 5755 2195 5815 tudinis
2221 5773 2417 5828 magno
2438 5761 2656 5833 spiritus
2677 5764 2883 5836 impetu
2910 5766 3274 5838 impelluntur.
3298 5766 3433 5825 Nam
3452 5765 3576 5841 quia
