4052 6338
455 383 584 448 ’405

1700 386 1943 445 SANCTI
1981 385 2308 444 GREGORH
2346 387 2561 445 MAGNI

3629 385 3740 446 4οι

467 507 599 565 totis
622 502 903 562 desideriis
930 503 984 559 in
1010 510 1334 560 aeternorum
1361 519 1544 561 amore
1563 504 1926 576 requiescunt,
1955 502 2042 557 vi-
2072 512 2123 572 Α
2147 503 2563 573 contemplativa
2610 500 2895 559 nobilitate
2934 499 3208 571 religionis
3258 511 3532 569 genam
3578 514 3737 574 sunt,

468 601 598 655 dere
635 597 805 668 magis
852 611 1011 668 quam
1058 596 1363 653 ministrare
1405 605 1685 670 appetunt.
1739 598 1866 653 Rari
1920 609 2048 667 ergo

466 702 593 750 sunt
619 692 672 748 in
694 692 906 764 publico
929 691 1128 762 operis,
1162 690 1361 747 assidui
1391 692 1446 747 in
1474 700 1683 749 secreto
1712 691 2049 764 contempla-

463 789 657 857 tionis;
696 787 828 846 loris
854 803 1067 859 parum,
1092 787 1222 844 satis
1253 787 1398 843 intus
1435 787 1807 843 immorantur.
1834 783 1970 840 Nam
1995 792 2053 840 et

462 883 875 939 fornicationem
921 897 1041 939 esse
1083 882 1259 937 solent
1281 880 1521 959 judicare
1540 922 1555 949 ,
1582 880 1669 936 vel
1708 880 1777 936 ad
1802 893 2049 936 momen-

464 984 580 1034 tum
610 992 640 1030 a
669 975 869 1033 Christi
910 974 1368 1045 contemplatione
1395 972 1693 1029 discedere.

536 1065 889 1125 69.Econtra
914 1075 1091 1122 autem
1118 1066 1288 1123 activa
1316 1067 1445 1132 vita,
1477 1082 1595 1139 quze
1624 1063 1876 1134 frequens
1905 1064 2050 1120 circa

462 1160 827 1217 ministerium
854 1160 1075 1229 satagit,
1108 1173 1227 1212 rara
1265 1165 1349 1213 est
1376 1157 1431 1215 in
1457 1165 1667 1214 secreto
1712 1155 2049 1227 contempla-

364 1238 369 1244 ’
462 1253 648 1312 tionis.
671 1253 805 1315 Nam
831 1270 946 1324 qum
971 1260 1167 1307 aeterna
1197 1251 1296 1307 sibi
1323 1266 1626 1322 praeparare
1657 1266 1762 1305 non
1791 1250 2047 1315 sedendo,

464 1353 522 1400 et
542 1344 829 1415 audiendo,
854 1345 947 1400 sed
971 1342 1261 1413 satagendo
1283 1352 1339 1398 et
1368 1340 1721 1397 ministrando
1747 1340 2046 1413 proposuit,

463 1453 575 1495 non
601 1438 884 1505 damnum,
915 1438 1009 1493 sed
1040 1435 1377 1509 dispendium
1406 1442 1591 1507 putat,
1624 1435 1668 1490 si
1697 1435 1795 1491 sibi
1824 1449 2046 1500 Vacans,

462 1535 520 1583 et
541 1542 637 1583 sua
659 1536 867 1603 petens,
893 1534 946 1582 et
967 1541 1075 1582 non
1101 1540 1220 1596 qum
1249 1526 1497 1594 aliorum,
1523 1541 1551 1579 a
1575 1524 1731 1580 solita
1759 1524 2050 1593 obsequio-

455 1631 583 1676 rum
614 1620 887 1676 oblatione
927 1620 1251 1691 requiescat.
1302 1616 1429 1673 Plus
1472 1618 1632 1685 igitur
1658 1617 1930 1688 operando
1973 1616 2049 1670 la-

458 1710 653 1779 borat,
684 1710 858 1765 minus
886 1709 1154 1775 obsecrat.
1208 1706 1361 1763 Unde
1401 1716 1455 1765 et
1492 1706 1697 1761 Martha
1726 1748 1736 1769 ,
1768 1722 1881 1778 qua:
1910 1706 2049 1759 circa

459 1803 697 1875 frequens
724 1802 1067 1859 ministerium
1116 1800 1413 1873 satagebat,
1457 1799 1628 1863 stetit,
1668 1806 1715 1851 et
1759 1797 1928 1851 locuta
1973 1803 2049 1851 eat

2153 595 2248 652 sed
2277 612 2385 652 non
2423 606 2549 653 sunt
2583 610 2739 667 pares
2775 610 2875 666 pro
2899 594 3211 651 diversitate
3234 593 3417 651 cilcii.
3464 595 3575 653 Sed
3609 599 3737 671 quia

2151 703 2337 745 earum
2380 698 2592 761 patrem
2621 688 2987 755 ostendimus,
3018 696 3246 745 matrem
3280 688 3485 759 pariter
3511 690 3737 748 demon-

2150 793 2404 839 stremus.
2434 782 2691 854 Sequitur
2719 800 2732 837 :

2222 873 2401 944 (Vers.
2430 872 2542 945 50.)
2570 872 2643 929 Et
2680 888 2869 930 nomen
2908 872 3087 928 uxoria
3138 871 3273 928 Saut
3321 872 3567 941 Acltinoe,
3622 876 3739 946 ﬁlia

2151 968 2451 1023 Achlmaaa.

2224 1069 2312 1123 70.
2344 1070 2471 1135 Qua
2493 1076 2575 1123 est
2600 1068 2740 1123 enim
2765 1064 3139 1147 praedicatoris
3165 1078 3325 1130 uxor,
3354 1063 3459 1118 nisi
3472 1066 3613 1120 bona
3640 1081 3744 1121 vo-

2150 1158 2365 1215 luntas?
2385 1160 2487 1227 Qui
2514 1160 2656 1215 enim
2675 1174 2772 1229 per
2792 1172 3031 1212 amorem
3059 1158 3214 1211 bona:
3228 1155 3495 1211 voluntati
3517 1157 3743 1225 conjun-

2152 1252 2312 1320 gitur,
2345 1252 2393 1307 ei
2424 1252 2607 1321 utique
2636 1250 2786 1321 quasi
2814 1265 2881 1305 ex
2902 1248 3067 1304 nobili
3088 1246 3317 1317 conjuge
3346 1246 3440 1301 lilii
3469 1248 3738 1302 oriuntur.

2151 1350 2284 1406 Nam
2298 1367 2417 1407 cum
2447 1352 2711 1406 bonorum
2729 1364 2951 1419 cperum
2978 1346 3180 1403 fructus
3206 1345 3451 1417 proferre
3471 1347 3732 1413 volumus,

2151 1457 2376 1499 necesse
2404 1450 2485 1496 est
2518 1451 2577 1496 ut
2617 1442 2769 1511 prius
2806 1454 2900 1495 eos
2929 1440 2982 1494 in
3011 1439 3153 1494 bona
3195 1438 3474 1492 voluntate
3510 1438 3739 1493 semine-

2151 1550 2292 1591 mus.
2320 1533 2473 1589 Unde
2507 1534 2646 1588 bene
2673 1532 2930 1597 Achinoe,
2962 1530 3141 1585 fratris
3168 1530 3385 1598 requies
3418 1529 3743 1600 interpreta-

2153 1633 2258 1680 tur.
2282 1624 2471 1680 Frater
2491 1623 2689 1693 quippe
2713 1629 2898 1677 noster
2920 1620 3010 1677 ille
3029 1627 3134 1688 est,
3160 1620 3253 1690 qui
3274 1636 3305 1674 a
3322 1620 3549 1675 mortuis
3560 1635 3741 1675 resur-

2151 1728 2302 1784 gens,
2338 1713 2517 1768 Mariae
2542 1713 2864 1781 Magdalenm
2894 1711 3106 1766 locutus
3134 1722 3217 1766 est
3230 1710 3413 1766 dicens
3440 1727 3457 1763 ε
3500 1710 3668 1775 Vade,
3694 1720 3743 1765 et

2152 1806 2237 1858 die
2264 1803 2510 1876 fratribus
2531 1804 2655 1857 meis
2678 1800 2948 1856 :Ascendo
2959 1802 3029 1855 ad
3042 1800 3255 1855 Patrem
3274 1817 3442 1854 meum
3462 1809 3510 1854 et
3532 1799 3741 1854 Patrem

458 1890 618 1963 (ιυεο
649 1909 703 1959 Χ»
734 1892 858 1961 4θ)ο
907 1892 1035 1961 QUID
1081 1890 1223 1946 enim
1264 1890 1446 1959 δῑεῐίι,
1476 1888 1522 1944 εί
1568 1888 1815 1943 Nimirum
1857 1888 2047 1943 εεάθΐθ
2077 1904 2369 1971 Becetram
2417 1894 2633 1967 (Joann.
2681 1909 2771 1957 xx,
2815 1892 2930 1963 i7).
2984 1891 3120 1949 Blnc
3169 1892 3363 1947 Paulus
3400 1892 3738 1947 nobilitatem

455 2002 566 2045 non
598 1984 767 2053 licuit,
788 1984 913 2057 quia
941 1983 986 2041 si
1010 1983 1077 2045 ad
1106 1980 1427 2039 audiendum
1457 1980 1687 2049 sederet,
1722 1980 2042 2051 imparatum

454 2078 687 2137 fortasse
729 2076 1084 2135 ministerium
1121 2082 1175 2131 et
1205 2073 1533 2132 insut‘ﬁciens
1578 2072 1950 2144 impendisset.
1980 2070 2047 2126 Et

455 2167 753 2229 notandum
804 2167 928 2247 quia
979 2165 1339 2235 transeundo,
1386 2163 1669 2223 Dominum
1710 2162 1916 2219 Martha
1962 2163 2044 2218 vi-

458 2260 575 2330 dit,
614 2275 723 2319 non
767 2268 945 2320 tamen
987 2257 1354 2325 transeundo,
1403 2256 1493 2317 sed
1544 2256 1737 2313 stando
1787 2255 2042 2326 loquitur.

456 2349 591 2405 Nam
622 2350 947 2420 evangelista
970 2358 1129 2409 caute
1147 2346 1430 2418 expressit,
1459 2345 1643 2401 dicens
1668 2364 1682 2400 :
1719 2345 1847 2416 Quae
1872 2347 2045 2417 stetit,

460 2448 512 2495 et
558 2443 631 2496 ait
675 2440 908 2513 (Ibid.).
957 2440 1076 2509 Quo
1116 2438 1361 2512 profecto
1408 2436 1656 2508 exemplo
1704 2436 2044 2502 instruimur,

455 2539 520 2587 ut
544 2533 637 2603 qui
668 2531 919 2591 fratribus
947 2530 1247 2593 ministeria
1276 2529 1609 2593 exhibemus,
1640 2527 1686 2582 si
1715 2543 1812 2601 per
1839 2544 2047 2583 moram

454 2620 648 2677 sedere
694 2621 761 2679 ad
805 2620 1182 2695 Redemptoris
1224 2619 1389 2693 pedes
1433 2634 1539 2673 non
1588 2633 1904 2690 possumus,
1951 2632 2048 2688 per

454 2711 840 2783 aliquantulam
872 2711 1137 2769 morulam
1186 2710 1534 2783 Redemptori
1568 2712 1818 2766 assistere
1846 2708 2046 2765 debea-

453 2817 597 2858 mus.
641 2801 748 2858 Sed
791 2803 930 2858 bene
960 2802 1011 2858 ei
1050 2802 1386 2871 assistimus,
1417 2802 1462 2860 si
1499 2800 1824 2856 transeundo
1855 2808 2044 2855 ctsera

453 2899 652 2957 viendo
680 2900 974 2958 videamus.
1007 2897 1145 2971 Quid
1174 2906 1257 2954 est
1293 2904 1473 2952 autem
1506 2883 1831 2950 transeundo
1862 2894 2046 2951 Domi-

454 3006 584 3045 num
601 2988 963 3059 cernere,nisi
985 2989 1036 3043 in
1059 2988 1206 3044 omni
1229 2995 1413 3041 nostro
1434 2985 1579 3040 bono
1596 2999 1763 3056 opere
1784 2982 1851 3038 ad
1872 2983 2048 3054 ipsum

454 3084 637 3145 cordis
657 3082 886 3154 dirigere
906 3082 1293 3141 intentionem?
1309 3079 1621 3138 Transimus
1647 3078 1809 3145 enim,
1833 3077 2049 3148 quando

457 3175 568 3235 huc
596 3175 724 3233 illuc
764 3172 1116 3233 discurrendo
1148 3173 1204 3231 in
1241 3170 1499 3229 membris
1537 3171 1648 3227 suis
1690 3168 1918 3224 Domino
1948 3168 2053 3223 mi-

2148 1989 2445 2044 electorum
2474 2001 2742 2052 asserens,
2773 1986 2847 2041 ait
2876 2002 2892 2040 :
2924 1985 3173 2042 Haeredea
3202 1994 3372 2039 autem
3412 1984 3532 2051 Dei,
3570 1985 3741 2039 coha-

2146 2079 2293 2134 redes
2323 2077 2512 2132 Christi
2535 2076 2713 2149 (Rom.
2740 2092 2854 2144 vni,
2879 2075 2992 2148 i7).
3023 2076 3161 2144 Quid
3205 2083 3289 2131 est
3330 2076 3478 2146 quod
3523 2075 3741 2139 dicitur,

2148 2169 2329 2226 fratris
2355 2170 2590 2240 requies,
2621 2169 2723 2226 nisi
2747 2170 2874 2240 quia
2904 2168 3235 2239 Redemptor
3272 2166 3490 2222 humani
3530 2167 3745 2235 generis

2149 2263 2203 2317 in
2232 2262 2373 2317 bona
2399 2262 2736 2317 cohzeredum
2758 2276 2979 2317 suorum
3003 2260 3283 2317 voluntate
3310 2259 3605 2329 requiescit
3628 2260 3651 2312 t
3677 2258 3744 2312 Et

2148 2353 2277 2422 quia
2303 2354 2371 2408 ab
2416 2354 2532 2423 ipso
2562 2354 2718 2410 nobis
2766 2354 2907 2409 bona
2935 2354 3186 2409 voluntas
3214 2354 3542 2424 impenditur
3576 2368 3606 2406 a
3637 2368 3741 2423 quo

2148 2443 2500 2512 inhabitatur,
2551 2442 2660 2499 ﬁlia
2708 2445 2997 2501 Acbimaas
3036 2460 3156 2501 esse
3200 2445 3533 2516 perhibetur.
3587 2444 3743 2499 Achi-

2150 2546 2302 2588 maas
2322 2533 2466 2589 enim
2515 2531 2698 2590 fratris
2747 2534 2933 2600 decor,
2966 2535 3055 2591 vel
3083 2535 3253 2591 frater
3279 2535 3441 2592 decor
3480 2536 3742 2605 interpre-

2151 2632 2313 2678 tatur.
2348 2623 2541 2679 Frater
2564 2624 2767 2695 quippe
2795 2633 2852 2679 et
2873 2623 3040 2680 decor
3065 2623 3398 2694 Redemptor
3425 2631 3613 2678 noster
3659 2622 3739 2675 di-

2150 2715 2307 2779 citur,
2348 2714 2474 2782 quia
2504 2714 2737 2770 humana
2766 2720 2955 2769 natura
2987 2728 3084 2783 per
3127 2721 3405 2782 peccatum
3456 2712 3616 2783 primi
3646 2709 3739 2765 bo-

2149 2806 2311 2860 minis
2336 2805 2612 2874 dignitatis
2637 2821 2746 2862 sum
2771 2807 3011 2875 vigorem
3036 2804 3287 2875 perdidit,
3312 2804 3402 2861 sed
3426 2805 3479 2859 in
3509 2819 3731 2874 persona

2152 2892 2550 2966 Redemptoris,
2606 2903 2765 2951 aucto
2812 2895 2914 2952 sibi
2962 2896 3247 2967 splendore
3286 2895 3539 2950 radiavit.
3572 2895 3739 2950 Decor

2151 2988 2349 3059 quippe
2374 2998 2561 3042 noster
2585 2996 2687 3052 est,
2718 2989 2841 3056 quia
2869 2988 3178 3058 quicunque
3206 2988 3260 3042 in
3286 2996 3472 3043 sancta
3500 2985 3736 3043 Ecclesia

2152 3081 2409 3135 vitutum
2453 3080 2698 3135 claritate
2736 3079 3056 3149 fulgescunt,
3104 3079 3173 3135 de
3217 3078 3553 3149 plenitudine
3603 3079 3731 3134 lucis

2154 3171 2295 3226 illius
2323 3185 2512 3226 omnes
2540 3170 2829 3241 accipiunt.
2872 3169 3009 3225 Hinc
3036 3169 3233 3224 Paulus
3252 3170 3357 3223 ait:
3385 3168 3455 3223 Ei
3472 3186 3530 3223 se
3549 3168 3733 3239 infudit

457 3265 771 3327 niStramus.
825 3264 932 3323 Sed
978 3262 1301 3325 transeundo
1350 3262 1632 3321 Dominum
1679 3260 1975 3329 cernimus,
2006 3260 2128 3338 sic
2157 3264 2325 3318 omnia
2367 3263 2630 3333 plenitudo
2685 3262 2967 3316 divinitatis
3012 3262 3349 3333 corporaliter
3399 3261 3539 3334 (Col.
3568 3277 3623 3330 ιι,
3651 3260 3725 3329 9).

454 3372 555 3429 per
582 3372 746 3421 omne
772 3358 917 3429 quod
949 3357 1155 3429 agimus
1183 3363 1504 3429 prmsentem
1550 3354 1705 3411 nobis
1736 3353 1930 3429 ipsum,
1964 3356 2051 3413 cui

454 3448 672 3520 placere
718 3449 994 3522 cupimus.
1028 3446 1479 3521 contemplamur.
1519 3444 1637 3515 Quo
1676 3445 1729 3505 in
1783 3446 1906 3503 loco
1946 3460 2049 3502 no-

456 3542 679 3603 tandum
702 3551 784 3601 est
809 3542 934 3610 quia
963 3538 1295 3597 conﬁdenter
1315 3538 1523 3599 Martha
1545 3537 1800 3611 loquitur,
1827 3538 2046 3595 dicens:

455 3630 709 3693 Domine,
735 3646 837 3687 non
874 3639 948 3687 est
975 3628 1066 3685 tibi
1105 3645 1241 3687 cura:
1268 3628 1404 3700 quod
1430 3645 1575 3689 soror
1601 3645 1712 3687 mea
1741 3629 1943 3700 reliquit
1970 3645 2051 3683 me

455 3720 622 3776 solam
646 3718 979 3774 ministrare?
1008 3717 1160 3790 (Luc.
1191 3734 1248 3787 ι,
1272 3716 1394 3791 40.)
1435 3716 1590 3785 Quod
1620 3726 1768 3779 certe
1798 3718 2051 3791 perfectis

454 3806 774 3879 quibusdam
804 3808 1067 3881 operariis
1109 3817 1309 3867 sanctae
1351 3807 1606 3867 Ecclesia:
1644 3810 1923 3875 convenit,
1956 3810 2049 3879 qui

455 3898 813 3975 omnipotenti
862 3898 974 3955 Deo
1027 3912 1216 3969 preces
1268 3905 1419 3953 tanto
1468 3897 1767 3957 ﬁducialius
1818 3898 2049 3957 oll‘erunt

454 4000 660 4063 quanto
692 3991 1010 4053 laboriosius
1037 3991 1087 4049 ei
1114 3990 1171 4046 in
1209 3990 1465 4051 membris
1492 3991 1604 4053 suis
1631 4005 1690 4048 se
1714 3992 2049 4049 ministrasse

452 4087 832 4147 meminerunt.
859 4084 964 4145 Sed
986 4085 1111 4158 quia
1140 4086 1192 4145 in
1222 4084 1352 4155 ipsis
1381 4082 1542 4140 etiam
1571 4098 1691 4155 quae
1717 4084 1905 4141 activa:
1926 4084 2048 4139 vita:

454 4179 766 4237 deserviunt
820 4179 1071 4239 nimietas
1124 4177 1498 4237 sollicitudinis
1564 4176 1863 4233 cohibenda
1922 4184 2042 4242 est,

452 4267 662 4329 Martha
684 4270 1112 4341 reprehenditur,
1142 4286 1261 4341 qua:
1286 4279 1397 4327 tam
1424 4270 1655 4329 sollicita
1678 4270 1955 4336 asseritur,
1988 4278 2047 4327 ut

454 4376 582 4430 erga
608 4362 837 4432 plurima
876 4362 1139 4421 turbetur.
1172 4361 1414 4423 Actionis
1450 4360 1671 4433 quidem
1708 4359 1888 4419 fervor
1916 4368 2045 4420 tunc

453 4460 604 4511 recte
638 4450 961 4525 disponitur,
992 4468 1116 4511 cum
1161 4452 1239 4511 sic
1278 4452 1571 4515 insistimus
1606 4452 1779 4529 operi,
1806 4462 1866 4511 ut
1898 4460 2047 4511 tran-

452 4541 623 4610 quillo
643 4542 807 4605 corde
826 4557 949 4603 eum
975 4543 1063 4602 cui
1091 4558 1256 4615 opera
1278 4553 1459 4603 nostra
1488 4560 1805 4605 consecrare
1825 4545 2045 4601 nitimur

450 4630 749 4693 videamus.
779 4631 915 4702 Quid
940 4645 1018 4693 est
1056 4647 1187 4703 ergo
1215 4634 1458 4692 nimietas
1503 4635 1916 4703 sollicitudinis,
1938 4635 2041 4694 nisi

450 4722 696 4785 ROnl'ttsio
723 4736 973 4799 superna:
997 4722 1348 4785 intentionis?
1377 4725 1500 4797 quia
1529 4726 1657 4785 dum
1680 4742 1740 4785 se
1767 4742 1891 4798 erga
1923 4726 2042 4797 plu-

2160 3358 2297 3413 Dum
2325 3370 2453 3425 ergo
2481 3356 2676 3410 bonam
2700 3355 3110 3425 praedicatorum
3156 3362 3466 3411 nostrorum
3495 3356 3735 3410 volunta-

2154 3455 2263 3502 tem
2294 3446 2557 3515 propheta
2608 3444 2825 3500 Samuel
2866 3446 3103 3516 respicit,
3138 3447 3276 3517 typis
3303 3446 3418 3501 visa
3465 3446 3727 3517 exprimit,

2152 3537 2377 3592 dicens:
2412 3536 2639 3591 Achinoe
2690 3537 2804 3607 ﬁlia
2833 3536 3133 3604 Achimana,
3178 3539 3305 3607 quia
3335 3538 3587 3593 nimirum
3624 3552 3732 3592 ma-

2153 3638 2257 3693 gna
2279 3634 2362 3681 est
2386 3626 2729 3695 pulchritudo
2749 3626 2905 3681 bonae
2932 3628 3241 3695 voluntatis,
3254 3627 3351 3683 sed
3372 3627 3441 3683 de
3468 3628 3730 3683 inlusione

2152 3720 2390 3775 nascitur
2410 3720 2806 3791 Redemptoris.
2824 3720 2992 3776 Debet
3009 3736 3241 3792 namque
3260 3722 3426 3776 amari
3447 3729 3505 3777 ut
3523 3721 3736 3791 conjur,

2151 3809 2246 3865 sed
2266 3811 2309 3865 si
2332 3816 2487 3881 pater
2504 3810 2780 3880 aspicitur,
2803 3823 2871 3866 ex
2888 3810 3167 3867 nobilitate
3190 3812 3419 3881 amplius
3444 3820 3677 3865 amatur.

2223 3911 2401 3983 (Vers.
2432 3910 2547 3980 50.)
2598 3910 2667 3965 Et
2694 3928 2879 3967 nomen
2906 3913 3154 3984 principia
3178 3920 3199 3948 ιι
3221 3913 3333 3985 ejua
3375 3912 3574 3979 Abner,
3604 3913 3737 3983 filius

2149 4002 2283 4068 Ner,
2308 4002 2557 4073 patruelis
2577 4003 2712 4073 ejus.

2220 4092 2312 4147 7i.
2345 4092 2528 4147 Abner
2571 4092 2768 4147 dicitur
2809 4097 2966 4162 pater
2993 4104 3147 4148 meus
3172 4090 3408 4155 lucerna,
3445 4089 3556 4145 Ner
3582 4090 3736 4145 etiam

2148 4185 2368 4242 lucerna
2414 4184 2628 4239 dicitur.
2663 4182 2800 4249 Quid
2831 4197 2961 4252 ergo
2990 4182 3116 4247 Ner,
3150 4182 3249 4236 nisi
3279 4196 3456 4236 sermo
3494 4181 3731 4250 Scriptu-

2148 4293 2329 4333 rarum
2361 4276 2622 4347 accipitur
2649 4275 2673 4329 3
2701 4272 2902 4330 Littera
2937 4274 3151 4344 quidem
3203 4282 3400 4329 sancta:
3446 4271 3735 4343 Scriptura:

2147 4368 2302 4437 quasi
2331 4366 2489 4435 hujus
2520 4366 2759 4421 lucerna
2788 4374 2924 4420 testa
2965 4372 3065 4430 est,
3096 4365 3396 4420 intellectus
3422 4378 3554 4419 vero
3582 4364 3735 4434 spiri-

2149 4457 2306 4511 tualis
2334 4455 2549 4511 claritas
2570 4455 2809 4518 luminis,
2841 4456 3019 4510 oleum
3045 4470 3175 4509 vero
3203 4454 3319 4524 ejus
3340 4454 3561 4509 devotio
3583 4469 3732 4508 amo-

2145 4547 2241 4602 ris.
2266 4546 2431 4605 Filius
2458 4559 2592 4614 ergo
2620 4546 2854 4602 lucerna:
2882 4554 2985 4611 est,
3010 4546 3101 4617 qui
3128 4545 3293 4601 verba
3331 4544 3732 4615 Scripturarum

2146 4638 2378 4695 libenter
2408 4639 2578 4706 audit,
2608 4647 2666 4694 et
2691 4640 2962 4709 sapienter
2990 4638 3250 4706 intelligit,
3283 4646 3336 4692 et
3374 4651 3497 4707 quae
3528 4651 3627 4707 per
3656 4637 3733 4690 in-

2149 4732 2425 4786 tellectum
2466 4731 2690 4800 colligit,
2721 4747 2817 4800 per
2840 4728 3090 4787 affectum
3131 4730 3411 4787 charitatis
3438 4729 3737 4799 apprehen-

449 4816 586 4877 rima
609 4814 818 4883 dividit,
840 4815 1011 4883 divisa
1030 4816 1143 4887 jam
1170 4818 1237 4875 ad
1265 4833 1621 4895 supernorum
1651 4820 1901 4876 intuitum
1929 4835 2042 4882 non
2147 4821 2247 4877 dit.
2274 4818 2384 4875 Cur
2422 4819 2605 4890 itaque
2629 4821 2827 4876 dicitur
2851 4818 2991 4875 ﬁlius
3028 4820 3289 4885 lucernaa,
3312 4819 3416 4873 nisi
3441 4819 3570 4888 quia
3596 4818 3735 4888 quod

448 4910 699 4980 assurgit.
722 4910 859 4971 illud
878 4912 1021 4971 enim
1042 4921 1299 4969 aeternum
1326 4920 1380 4970 et
1406 4914 1638 4984 simplex
1660 4913 1866 4973 bonum
1892 4923 2045 4975 azter-
2144 4912 2213 4968 de
2244 4911 2443 4967 lumine
2470 4911 2707 4967 nascitur
2726 4911 2909 4966 lumen
2931 4919 3013 4966 est
3036 4912 3060 4965 τ
3082 4910 3218 4977 Quid
3247 4911 3388 4966 enim
3429 4918 3733 4981 peccatum,

449 5016 532 5057 nae
560 5002 783 5061 visionis
826 5005 1005 5063 anima
1046 5006 1172 5075 quia
1203 5006 1290 5068 vix
1320 5006 1467 5069 unita
1515 5006 1951 5077 comprehendit,
1982 5022 2044 5065 se
2145 5006 2249 5061 nisi
2277 5005 2554 5063 tenebrae?
2589 5004 2727 5071 Quid
2766 5006 2895 5059 item
2924 5004 3124 5059 bonum
3170 5018 3329 5072 opus,
3359 5002 3461 5058 nisi
3503 5002 3684 5057 lumen
3714 5004 3736 5055 i

448 5092 700 5155 nimirum
730 5094 799 5153 ad
826 5094 878 5155 id
906 5096 1076 5157 divisa
1117 5113 1226 5159 non
1269 5098 1446 5168 erigit.
1495 5097 1635 5157 Dicit
1662 5113 1791 5168 ergo
1814 5115 2040 5170 operum
2143 5097 2331 5154 Sancti
2354 5096 2497 5153 enim
2525 5097 2625 5151 viri
2646 5096 2772 5151 dum
2791 5095 2858 5150 ad
2884 5095 3137 5151 ducatum
3158 5093 3559 5164 Scripturarum
3590 5107 3733 5162 gres~

446 5190 757 5247 nostrorum
781 5184 1069 5258 disposith
1106 5196 1161 5253 et
1188 5197 1473 5259 receptor:
1502 5188 1673 5247 Unum
1700 5198 1775 5247 est
1803 5208 2041 5251 ueccua-
2144 5208 2236 5249 sus
2263 5207 2486 5261 operum
2515 5190 2768 5259 dirigunt,
2818 5190 2969 5259 quasi
3014 5205 3085 5245 ex
3138 5189 3340 5244 lumine
3368 5188 3549 5242 lumen
3591 5186 3730 5241 acci-

445 5277 613 5344 rium,
657 5293 727 5334 ne
773 5294 833 5339 se
883 5295 1035 5343 mens
1072 5283 1137 5340 ad
1167 5283 1332 5343 multa
1370 5282 1600 5351 dividat,
1632 5290 1719 5352 ut,
1748 5300 1845 5355 per
1890 5295 2036 5340 tran-
2139 5286 2299 5356 piunt
2322 5283 2616 5353 spiritualis
2665 5280 3004 5336 eruditionis.
3050 5279 3165 5335 lioc
3190 5279 3390 5349 quippe
3438 5278 3623 5331 lumen
3668 5275 3732 5328 de

448 5369 767 5435 quiliitatem
810 5373 988 5442 unita,
1021 5374 1088 5435 ad
1115 5376 1308 5439 summi
1337 5376 1467 5433 boni
1508 5375 1759 5435 intuitum
1782 5386 2038 5448 potenter
2140 5380 2344 5435 lumine
2370 5378 2607 5435 Joannes
2635 5377 2956 5448 exprimas,
3009 5378 3119 5430 ait:
3149 5375 3334 5430 Omnia
3374 5374 3460 5443 qui
3488 5381 3643 5426 natus
3670 5385 3732 5423 ea:

446 5468 649 5529 3W8”.
686 5462 844 5539 337
874 5464 1001 5525 Duas
1027 5466 1186 5536 igitur
1206 5465 1327 5522 ﬁlia:
1355 5466 1506 5536 Saul,
1535 5468 1636 5524 etsi
1666 5468 1866 5538 pariter
1892 5472 2035 5540 regis
2141 5472 2253 5527 Deo
2300 5479 2377 5525 est
2417 5486 2522 5525 non
2550 5476 2751 5541 peccat,
2804 5470 2923 5539 quia
2970 5468 3233 5539 generatio
3288 5462 3505 5520 calcatis
3562 5468 3728 5517 serrat

448 5560 575 5613 δυηε
613 5551 770 5625 miles
800 5558 1103 5623 nominibus
1146 5557 1429 5629 dillerunt.
1468 5560 1593 5630 quia
1620 5560 1731 5620 vita
1777 5561 1950 5623 activa
1978 5574 2033 5621 et
2134 5581 2249 5619 eum
2274 5562 2449 5632 (Joan.
2474 5576 2527 5627 v,
2562 5561 2674 5631 l8).
2707 5558 2846 5627 Quid
2874 5567 2957 5614 est
2986 5558 3133 5615 nasci
3163 5557 3229 5615 de
3252 5556 3384 5623 Deo,
3418 5555 3519 5613 nisi
3547 5552 3726 5623 cogni-

520 5772 544 5801 ι
575 5760 886 5829 Legendum
906 5761 1136 5836 videtur,
1168 5762 1659 5836 principismilitiaa,
1684 5768 1743 5817 ut
1773 5770 1949 5817 exstat
1974 5764 2025 5818 in
2132 5766 2263 5836 ejus,
2288 5769 2501 5836 constat
2527 5777 2593 5817 ex
2622 5758 3172 5836 verborumhillorum
3198 5757 3541 5836 expositione
3576 5770 3714 5835 num.

449 5848 604 5889 sacro
630 5826 904 5888 centextu.
934 5826 1183 5887 Attamen
1212 5826 1526 5900 Gregorium
1556 5835 1748 5902 legisse
1775 5836 2020 5907 principis
2126 5826 2371 5907 sbqucnti
2397 5853 2409 5887 :
2440 5833 2689 5889 Lucerna:
2726 5849 2841 5894 vero
2870 5830 3031 5901 ﬁlius,
3071 5826 3531 5901 dicitur'priucepa
3568 5826 3708 5897 regis.
