4052 6338
504 386 609 452 407

1704 393 1781 450 SA
1793 391 1946 449 NCTI
1985 389 2314 448 CREGORII
2351 392 2566 452 MAGNI

3670 400 3782 459 408

502 498 799 581 repellitur,
857 521 983 563 cum
1022 506 1132 579 apti
1177 514 1234 564 et
1277 506 1445 562 fortes
1496 504 1655 561 electi
1695 513 2082 561 memorantur.
2111 506 2167 566 Δ
2191 503 2329 559 firmi
2357 504 2762 575 pertimescunt.
2787 503 2928 572 Quid
2959 517 3089 576 ergo
3119 504 3228 574 isti,
3253 505 3353 562 nisi
3389 505 3557 565 fortes
3589 519 3643 566 et
3673 529 3787 570 non

500 601 635 656 Nam
661 598 877 670 quidam
905 598 1085 654 sciunt
1110 614 1234 654 cum
1264 597 1480 654 diabolo
1514 612 1772 668 pugnare,
1798 605 1853 652 et
1880 597 2087 652 nolunt.

499 690 785 761 Sapientes
813 688 1031 758 quidem
1052 697 1196 752 sunt,
1223 696 1282 743 ut
1312 688 1509 742 iaciant
1536 688 1693 751 mala,
1744 687 1884 741 bona
1911 693 2090 740 autem

498 781 681 835 facere
711 779 958 834 nesciunt
988 778 1197 850 (Jerem.
1226 794 1297 844 iv,
1332 778 1442 847 22).
1475 777 1539 831 lli
1562 777 1780 847 antiquo
1810 778 1950 832 hosti
1977 793 2094 832 ser-

496 871 613 926 vire
640 871 847 935 volunt,
870 871 1121 925 resistere
1141 870 1349 925 nolunt.
1392 868 1528 934 Quid
1574 870 1717 923 enim
1769 869 1928 923 faciat
1990 867 2091 923 do-

497 970 636 1028 ctor,
668 964 713 1017 si
742 971 898 1034 aptos
919 964 1051 1018 istos
1078 962 1145 1017 ad
1167 961 1406 1032 przelium
1445 960 1546 1015 sibi
1585 960 1774 1015 societ.
1808 959 1977 1028 Magis
2005 966 2090 1013 ta-

496 1051 576 1107 les
600 1061 825 1123 possunt
855 1054 989 1109 alios
1025 1069 1124 1123 per
1146 1052 1390 1121 exempla
1441 1050 1719 1106 destruere
1767 1066 1928 1120 quam
1975 1051 2092 1120 ipse

494 1159 595 1216 per
622 1146 846 1202 verbum
867 1146 1147 1201 a-dificare.
1170 1146 1303 1199 Nam
1351 1152 1405 1200 et
1425 1159 1569 1214 saepe
1611 1145 1746 1198 tales
1777 1143 1976 1199 docere
1997 1159 2091 1197 au-

495 1238 648 1302 dent,
671 1246 727 1293 et
754 1238 982 1292 docendi
1003 1239 1253 1292 virtutem
1275 1237 1551 1306 operando
1583 1252 1690 1291 non
1722 1243 1926 1290 tenent.
1955 1235 2091 1290 Cum

495 1327 791 1396 loquuntur
819 1328 1119 1397 nobiscum,
1139 1329 1192 1383 in
1220 1328 1404 1384 hostes
1428 1330 1658 1395 irruunt,
1682 1329 1774 1384 sed
1805 1343 1905 1399 per
1926 1343 2091 1397 opera

496 1419 676 1474 subito
697 1419 751 1473 in
779 1421 983 1475 viscera
1006 1427 1192 1475 nostra
1222 1428 1558 1488 torquentur.
1605 1419 1766 1474 Velut
1789 1419 2092 1488 proditores

496 1510 716 1578 quidam
744 1512 1029 1579 exercitus,
1058 1526 1208 1566 arma
1223 1510 1540 1566 Christianae
1562 1510 1820 1566 doctrinm
1841 1510 2088 1579 induunt,

494 1607 549 1654 et
577 1616 675 1669 per
702 1603 946 1672 exempla
976 1603 1154 1659 subito
1181 1603 1437 1672 parvulos
1464 1601 1666 1657 Christi
1713 1602 1931 1668 feriunt,
1957 1618 2092 1671 quos

493 1691 631 1747 velle
661 1703 944 1764 protegere
965 1695 1234 1764 loquendo
1265 1695 1609 1766 putabamus.
1656 1695 1776 1750 Non
1816 1696 1929 1765 apti
1961 1709 2091 1766 ergo

491 1783 592 1837 viri
621 1783 787 1840 fortes
816 1787 1133 1856 repellendi,
1160 1803 1271 1841 non
1322 1787 1563 1842 sociandi
1587 1787 1742 1842 nobis
1788 1795 1933 1851 sunt,
1965 1787 2092 1856 quia

489 1891 588 1947 per
607 1879 878 1948 sapientes
895 1880 1158 1948 reprobos
1188 1880 1352 1933 robur
1373 1887 1618 1934 nostrum
1649 1879 1962 1944 destruitur,
1986 1895 2093 1933 non

488 1978 734 2037 augetur.
770 1968 870 2035 Qui
895 1983 1025 2037 ergo
1052 1978 1178 2023 sunt
1205 1967 1370 2023 fortes
1398 1977 1451 2024 et
1498 1984 1607 2025 non
1638 1969 1768 2039 apti,
1815 1968 1918 2021 nisi
1959 1983 2094 2038 quos

489 2059 734 2114 videmus
758 2075 924 2114 onera
947 2062 1125 2115 saeculi
1155 2060 1368 2116 fortiter
1397 2061 1558 2127 ferre,
1612 2070 1667 2117 et
1720 2059 2091 2115 fortitudinem

490 2164 643 2204 suam
692 2149 748 2203 in
803 2150 1083 2205 servitium
1135 2152 1443 2209 Conditoris
1509 2152 1800 2208 transferre
1851 2152 2095 2207 nescire?

492 2239 628 2295 Nam
645 2241 832 2310 jugum
853 2243 1147 2312 hominum,
1174 2254 1230 2301 et
1254 2261 1477 2316 magnos
1491 2247 1672 2301 smculi
1703 2246 1916 2300 labores
1935 2244 2096 2299 forti-

489 2339 576 2390 ter
601 2333 799 2404 terunt,
830 2337 927 2393 sed
954 2338 1022 2394 ad
1042 2339 1356 2396 servitutem
1401 2341 1498 2397 Dei
1553 2339 1816 2397 accedere
1843 2337 1992 2394 velut
2020 2337 2097 2391 in-

2195 599 2305 668 apti
2334 607 2476 664 sunt,
2507 597 2597 666 qui
2623 598 2805 652 saeculi
2830 611 3022 665 magna
3048 596 3268 664 faciunt,
3317 607 3371 654 et
3391 599 3593 656 Christi
3621 617 3788 673 agere

2194 691 2331 746 levia
2360 699 2414 745 et
2430 690 2624 745 blanda
2670 705 2778 744 non
2808 691 3065 760 possunt?
3101 690 3254 760 Stepe
3295 693 3458 746 etiam
3512 694 3566 747 in
3598 710 3788 750 mona-

2192 784 2371 840 steriis
2399 791 2804 849 convertuntur,
2835 790 2889 838 et
2909 784 3369 854 quismculionera
3403 785 3614 841 fortiter
3643 790 3787 842 tule-

2193 886 2316 932 rant
2337 879 2388 932 iu
2411 877 2609 948 parvis,
2641 890 2760 944 qua:
2775 882 2957 943 agunt,
2987 875 3139 946 quasi
3167 875 3307 930 inter
3321 891 3545 946 magnos
3573 877 3792 932 labores

2193 969 2404 1024 sudant.
2429 966 2564 1033 Quid
2593 980 2719 1035 ergo
2735 967 2817 1022 his
2839 966 3018 1021 verbis
3061 967 3383 1035 ostenditur,
3429 969 3532 1022 nisi
3562 978 3621 1022 ut
3641 970 3792 1024 viros

2195 1060 2262 1112 ad
2282 1056 2474 1112 Christi
2504 1056 2748 1111 militiam
2777 1072 2895 1112 cum
2926 1069 3119 1125 magna
3165 1057 3322 1111 nobis
3353 1057 3680 1113 discretione
3702 1075 3792 1114 50-

2193 1149 2417 1214 ciemus,
2448 1163 2547 1203 nec
2574 1148 2954 1203 accedentibus
2978 1156 3102 1202 ante
3127 1149 3459 1217 prmbeamus
3488 1149 3790 1218 ingressum

2193 1255 2357 1312 quam
2378 1256 2472 1296 eos
2500 1251 2555 1296 et
2582 1249 2734 1311 aptos
2763 1255 2859 1310 per
2880 1240 3182 1306 scientiam,
3201 1249 3256 1294 et
3278 1239 3443 1297 fortes
3471 1256 3566 1311 per
3589 1242 3789 1298 bonam

2193 1338 2528 1393 voluntatem
2557 1351 2676 1391 esse
2698 1335 2969 1391 sciamus?
2996 1333 3230 1389 Possunt
3250 1343 3427 1388 autem
3458 1334 3655 1389 idcirco
3683 1334 3786 1389 viri

2193 1431 2362 1487 fortes
2390 1438 2444 1486 et
2467 1429 2574 1499 apti
2606 1429 2674 1483 ad
2701 1429 2940 1499 prmlium
2987 1427 3116 1496 dici,
3157 1428 3249 1496 qui
3289 1428 3568 1490 Amalech,
3614 1427 3667 1482 id
3700 1437 3788 1485 est

2195 1523 2476 1578 libidinum
2504 1521 2645 1576 bella
2670 1521 3090 1589 subsequuntur.
3121 1519 3254 1573 Nam
3308 1520 3411 1574 viri
3455 1519 3623 1574 fortes
3679 1535 3790 1575 non

2195 1625 2340 1682 sunt,
2369 1616 2461 1685 qui
2497 1615 2742 1668 carnales
2782 1612 3250 1682 concupiscentias
3303 1612 3652 1680 exstinguere
3699 1627 3793 1667 ne-

2197 1711 2421 1775 queunt.
2453 1701 2519 1757 Et
2547 1703 2658 1773 apti
2687 1704 2754 1757 ad
2791 1703 3034 1774 praelium
3082 1717 3193 1757 non
3239 1701 3506 1765 videntur,
3552 1702 3649 1770 qui
3697 1716 3792 1771 pro

2197 1798 2453 1870 pudicitia
2474 1798 2584 1867 apti
2611 1797 2677 1851 ad
2713 1795 3060 1867 prmliandum
3099 1809 3209 1848 non
3271 1802 3418 1848 sunt.
3458 1792 3635 1861 Eligat
3663 1808 3790 1864 ergo

2127 1904 2170 1963 Β
2197 1891 2389 1946 doctor
2408 1889 2604 1943 milites
2634 1887 2862 1954 Christi,
2883 1887 3043 1954 eligat
3063 1885 3248 1951 fortes,
3289 1893 3349 1937 ut
3396 1883 3521 1938 dum
3572 1899 3792 1940 carnem

2201 1980 2413 2036 fortiter
2438 1977 2680 2045 domant,
2711 1976 3014 2034 immundus
3036 1975 3255 2044 spiritus
3275 1981 3524 2045 potenter
3551 1974 3788 2028 vincant.

2201 2069 2376 2136 Eligat
2399 2081 2527 2135 ergo
2557 2075 2714 2136 aptos
2750 2066 2816 2120 ad
2843 2066 3119 2136 puellum;
3174 2073 3233 2118 ut
3280 2064 3406 2118 dum
3458 2063 3604 2117 inter
3653 2063 3792 2117 dona

2202 2159 2529 2215 fortitudinis
2560 2175 2668 2215 non
2696 2157 3037 2229 superbiunt,
3082 2156 3338 2228 triumphi
3383 2155 3559 2226 gloria
3597 2155 3655 2211 in
3681 2168 3791 2212 οω-

2202 2249 2425 2307 lestibus
2452 2249 2830 2308 sublimentur.

500 2489 3778 2520 mw—

1659 2645 2016 2730 LIBER
2068 2641 2566 2729 SEXTUS.

919 2829 1082 2902 339
1109 2826 1342 2884 CAPUT
1365 2824 1659 2882 PRIMUM.

557 2929 602 3000 (I
629 2925 764 2995 Reg.
795 2922 1056 2993 nui-'5.)
1085 2921 1157 2976 Et
1181 2922 1316 2977 dixit
1355 2920 1570 2976 Samuel
1621 2918 1692 2972 ad
1739 2918 1873 2974 Saul
1925 2933 1944 2973 :
2001 2917 2090 2973 Me

483 3021 628 3076 misit
657 3017 913 3071 Dominus
935 3028 1128 3083 ungere
1153 3020 1200 3065 te
1230 3011 1284 3063 in
1321 3027 1494 3081 regem
1519 3027 1672 3079 super
1700 3011 1948 3080 pupulum
1979 3011 2091 3079 ejus

486 3108 678 3165 Israel.
714 3105 1039 3178 Nuneergo
1092 3101 1213 3155 audi
1263 3117 1436 3155 vocem
1487 3098 1723 3154 Domini.
1783 3099 1912 3154 Han:
1969 3101 2094 3154 dicit

484 3201 740 3257 Dominus
763 3195 1079 3250 exercituum
1100 3207 1120 3248 :
1149 3192 1404 3247 Recensui
1449 3207 1762 3263 qucecunque
1789 3194 1908 3263 fecit
1932 3192 2093 3245 Ama-

485 3291 596 3346 fecit
629 3284 1113 3357 Israeli,pquomodo
1137 3283 1326 3338 restitit
1351 3282 1399 3337 ei
1419 3283 1473 3337 in
1495 3283 1599 3348 via,
1623 3298 1738 3335 cum
1789 3283 2090 3337 ascenderet

487 3383 551 3438 de
577 3380 833 3453 ﬂgypto.
868 3376 1025 3432 Nunc
1054 3392 1177 3449 ergo
1200 3375 1348 3441 vade,
1380 3383 1431 3429 et
1475 3384 1682 3445 percute
1735 3376 2000 3441 Amalech,
2043 3386 2091 3432 et

495 3472 744 3528 demolire
766 3470 1004 3524 universa
1024 3468 1158 3538 ejus.

559 3567 586 3620 1
599 3606 612 3620 .
631 3565 890 3636 Superius
906 3561 1164 3616 Amalech
1191 3560 1418 3615 luxuriae
1438 3560 1628 3615 vitium
1643 3560 1925 3630 designare
1946 3562 2090 3618 dixi-

488 3673 630 3724 mus,
661 3671 781 3725 qua:
818 3655 968 3710 velut
1002 3653 1211 3716 lambit,
1244 3652 1370 3706 dum
1422 3651 1753 3722 voluptatem
1804 3654 2090 3709 blandien-

486 3755 558 3810 do
579 3751 835 3823 suggerit.
860 3748 1142 3805 Profectus
1164 3762 1292 3817 ergo
1323 3749 1753 3805 conversationis
1765 3751 2087 3816 ostenditur,

486 3862 555 3905 eo
579 3845 722 3916 quod
751 3843 1000 3913 superius
1019 3857 1050 3896 a
1072 3840 1201 3896 Saul
1231 3855 1517 3911 percussus
1537 3842 1816 3909 asseritur,
1867 3851 1921 3898 et
1947 3859 2091 3899 nunc

491 3955 601 3994 non
623 3936 939 4009 simpliciter
958 3935 1180 4006 jubetur
1206 3934 1438 4004 percuti,
1489 3934 1585 3990 sed
1641 3936 1818 3990 omnia
1848 3936 1964 4007 ejus
1992 3936 2090 3991 de-

491 4032 691 4090 moliri.
718 4029 900 4085 Primo
931 4028 1147 4097 quidem
1171 4027 1317 4081 hunc
1339 4026 1534 4082 doctor
1563 4028 1820 4096 percutit,
1875 4028 2089 4097 quando

485 4137 585 4194 per
606 4121 726 4190 ejus
744 4119 970 4174 verbum
1000 4116 1193 4186 agitur,
1227 4123 1287 4170 ut
1326 4115 1582 4185 pudicitia
1603 4116 1656 4171 in
1705 4132 2091 4173 conversurum

487 4211 743 4268 cordibus
765 4218 820 4265 et
847 4209 1169 4279 corporibus
1194 4214 1460 4263 teneatur.
1480 4208 1646 4274 Quasi
1673 4208 1816 4263 enim
1836 4224 2092 4279 percussa

489 4312 574 4360 est
602 4304 787 4368 libido,
809 4301 1025 4371 quando
1054 4315 1180 4356 caro
1211 4299 1374 4353 armis
1414 4298 1685 4368 pudicitiae
1724 4301 2091 4368 qualitercun-

491 4409 598 4464 que
624 4394 841 4449 subacta
874 4398 973 4456 est,
1006 4400 1061 4444 et
1087 4389 1324 4459 perfecte
1345 4389 1567 4444 subacta
1590 4405 1697 4445 non
1717 4399 1817 4445 est.
1837 4390 1969 4445 Nam
1999 4391 2090 4461 qui

490 4482 719 4537 luxuria:
745 4481 854 4549 jam
883 4479 1287 4548 inquinamenta
1319 4479 1482 4549 3&0
1536 4480 1758 4546 deserit,
1787 4482 1883 4536 sed
1916 4480 2093 4537 adhuc

493 4582 675 4629 motus
695 4581 880 4641 turpes
900 4586 965 4626 ex
996 4585 1055 4625 se
1084 4575 1274 4626 contra
1302 4585 1362 4625 se
1393 4570 1730 4640 insurgentes
1773 4573 1958 4640 sentit,
1977 4573 2091 4642 jam

492 4680 630 4736 opus
655 4663 916 4720 nefarium
945 4677 1053 4717 non
1081 4669 1322 4728 exercet,
1351 4662 1445 4717 sed
1477 4670 1655 4718 tamen
1675 4664 1893 4731 abigere
1922 4665 2028 4720 hoc
2057 4681 2089 4720 a

487 4757 816 4827 cogitatione
844 4772 949 4810 non
977 4762 1174 4825 potest.
1213 4753 1369 4826 Saepe
1416 4755 1614 4811 invitus
1658 4764 1714 4811 et
1744 4756 1989 4812 incautus
2019 4759 2085 4811 ad

492 4848 797 4903 immundas
817 4845 1172 4913 cogitationes
1201 4845 1454 4913 trahitur,
1476 4845 1573 4899 sed
1591 4860 1655 4899 ea
1676 4860 1794 4914 quae
1809 4846 2086 4916 negligen—

488 4938 558 4994 do
587 4939 729 4992 intus
752 4936 973 5005 cogitat,
999 4950 1217 4990 carnem
1238 4935 1372 4990 foris
1422 4936 1680 4999 excitant,
1716 4947 1772 4989 ut
1798 4936 1864 4989 ad
1903 4945 2086 5007 turpes

489 5039 670 5082 motus
684 5027 976 5096 voluptatis
996 5033 1199 5094 surgat.
1232 5024 1370 5090 Quid
1397 5039 1526 5094 ergo
1548 5035 1632 5080 est
1679 5025 1822 5095 quod
1861 5042 2085 5096 percus-

487 5133 581 5176 sus
605 5117 862 5174 Amalech
893 5119 1087 5172 iterum
1115 5117 1324 5186 percuti
1355 5124 1412 5171 et
1465 5115 1710 5171 demoliri
1757 5119 2084 5188 prwcipitur,

493 5211 596 5265 nisi
619 5209 743 5278 quia
782 5207 1106 5278 przcdicator
1128 5222 1222 5261 eos
1243 5222 1379 5276 quos
1409 5206 1475 5260 ad
1515 5207 1763 5276 pudicam
1778 5208 1941 5261 vitam
1965 5224 2087 5262 eru-

490 5303 589 5370 dit,
633 5316 957 5373 promovere
1016 5301 1174 5354 debet
1209 5300 1274 5354 ad
1300 5299 1686 5370 perfectionem
1713 5301 1960 5356 virtutis?
1981 5300 2084 5357 Ite-

491 5410 611 5448 rum
639 5407 767 5461 ergo
783 5391 1002 5461 jubetur
1026 5391 1278 5465 Amalech
1309 5393 1541 5462 percuti,
1599 5393 1724 5460 quia
1775 5392 1951 5448 adhuc
1975 5409 2085 5448 non

492 5485 634 5541 bene
656 5481 966 5540 interfectus
1000 5483 1152 5537 vivit.
1211 5483 1408 5538 Iterum
1462 5483 1716 5538 Amalech
1763 5487 2080 5554 percutitur,

494 5593 622 5634 cum
646 5576 826 5631 verbis
846 5576 1084 5633 doctoris
1111 5576 1189 5630 illi
1217 5577 1380 5631 etiam
1403 5584 1580 5632 motus
1600 5579 1690 5648 qui
1713 5593 1929 5633 carnem
1962 5579 2081 5648 pul-

495 5677 620 5725 sant
646 5667 935 5736 eliduntur,
959 5683 1079 5724 cum
1109 5669 1177 5722 ob
1201 5669 1304 5724 hoc
1330 5669 1577 5725 coronari
1619 5669 1864 5724 subditos
1890 5670 2085 5725 doctor

498 5763 678 5828 docet,
711 5763 871 5818 utsic
891 5775 1086 5831 corpus
1104 5758 1325 5816 domare
1365 5761 1612 5827 debeant,
1672 5769 1732 5815 ut
1781 5759 1848 5814 ad
1905 5760 2084 5818 illece-

500 5845 689 5908 bros'os
724 5860 903 5910 motus
925 5866 1264 5922 nequaquam
1292 5861 1493 5925 surgat.
1523 5852 1630 5910 Sed
1659 5853 1785 5927 quia
1810 5868 2083 5924 nunquam

2116 4720 2170 4780 D

2194 2825 2274 2881 sic
2301 2839 2428 2880 caro
2445 2823 2806 2895 restringitur,
2835 2823 2881 2880 si
2911 2837 3065 2880 mens
3085 2823 3154 2880 ad
3199 2824 3474 2880 immunda
3503 2825 3785 2895 cogitando

2194 2919 2415 2987 labitur,
2445 2927 2569 2989 post
2606 2919 3032 2989 percussionem,
3080 2917 3337 2974 Amalech
3388 2918 3637 2973 demoliri
3663 2933 3786 2988 pra:-

2196 3011 2414 3082 cipitur.
2454 3009 2762 3065 Percutitur
2812 3023 2942 3079 ergo
2987 3011 3043 3064 in
3085 3023 3331 3079 corpore,
3389 3007 3684 3063 demolitur
3733 3009 3786 3062 in

2196 3105 2378 3172 corde,
2409 3105 2536 3159 dum
2566 3120 2694 3160 caro
2723 3105 2882 3173 digne
2903 3119 3001 3174 per
3035 3103 3416 3158 abstinentiam
3465 3101 3627 3173 3&1
3664 3101 3790 3155 teri-

2195 3206 2303 3263 tur,
2335 3206 2390 3252 et
2415 3213 2569 3253 mens
2599 3213 2628 3251 a
2655 3198 2865 3253 cunctis
2917 3197 3206 3252 immundis
3252 3193 3672 3265 cogitationibus
3708 3208 3790 3248 re-

2195 3287 2454 3344 frenatur.
2523 3289 2641 3356 Quo
2683 3289 2735 3344 in
2784 3289 2905 3344 loco
2958 3289 3140 3359 priora
3180 3288 3343 3343 etiam
3398 3283 3792 3342 consideranda

2195 3388 2338 3447 sunt,
2365 3395 2483 3450 qua:
2511 3396 2576 3435 ex
2607 3394 2838 3451 persona
2893 3379 3107 3434 Domini
3154 3377 3371 3433 Samuel
3419 3378 3678 3446 loquitur,
3712 3376 3794 3430 di-

2195 3488 2360 3528 cens:
2385 3471 2639 3526 Recensui
2669 3487 2983 3542 quiscunque
3015 3471 3132 3542 fecit
3157 3469 3403 3523 Amalech
3432 3466 3637 3535 Israeli,
3661 3484 3793 3537 quo.

2195 3565 2347 3620 modo
2370 3566 2557 3620 restitit
2578 3567 2623 3620 ei
2644 3567 2697 3619 in
2723 3567 2824 3630 via,
2849 3581 2963 3618 cum
2987 3562 3284 3616 ascenderet
3312 3561 3374 3614 de
3390 3559 3648 3631 Egypto.

2263 3664 2318 3720 Ξ.
2361 3666 2500 3733 Quid
2543 3673 2625 3722 est
2673 3664 2821 3734 quod
2869 3662 3324 3718 Amalechitarum
3376 3675 3542 3730 opera
3609 3673 3797 3714 recen-

2195 3765 2408 3823 sentur,
2437 3756 2538 3812 nisi
2592 3757 2718 3825 quia
2768 3756 2993 3810 luxuria:
3043 3755 3449 3824 inquinamenta
3491 3753 3608 3809 Deo
3639 3753 3793 3808 valde

2196 3848 2414 3904 odibilia
2443 3855 2568 3902 sunt
2593 3849 2615 3900 ?
2638 3845 2793 3901 Unde
2846 3846 3038 3902 beatus
3069 3845 3265 3901 Paulus
3289 3845 3569 3914 apostolus
3614 3844 3749 3899 dicit
3775 3860 3788 3895 :

2197 3938 2362 3993 Omne
2406 3945 2670 4007 peccatum
2698 3944 2848 3990 extra
2880 3952 3064 4006 corpus
3095 3943 3208 4002 est,
3243 3935 3328 4005 qui
3358 3942 3529 3988 autem
3563 3936 3794 4005 fornica-

2195 4038 2296 4093 tur,
2344 4028 2399 4081 in
2430 4044 2614 4097 corpus
2657 4043 2804 4081 suum
2849 4036 3025 4096 peccat
3075 4026 3144 4096 (Ι
3185 4026 3305 4080 Cor.
3335 4041 3426 4091 v1,
3478 4025 3545 4078 17
3572 4026 3612 4093 ).
3663 4024 3791 4079 Item

2192 4119 2347 4173 dicit:
2377 4117 2749 4173 Fornicatores
2778 4127 2827 4171 et
2855 4119 3116 4173 adulteros
3139 4118 3396 4188 judicabit
3426 4115 3569 4170 Deus
3595 4116 3783 4184 (Hebr.

2192 4226 2286 4265 xm
2308 4249 2325 4277 ,
2354 4209 2390 4262 4
2411 4209 2452 4281 ).
2485 4209 2623 4265 Hinc
2680 4211 2845 4265 etiam
2894 4211 3071 4265 acrius
3122 4210 3408 4279 increpans
3431 4248 3446 4275 ,
3479 4218 3535 4264 et
3563 4225 3594 4264 a
3623 4225 3787 4278 regno

2192 4301 2288 4356 Dei
2319 4317 2413 4357 eos
2441 4315 2730 4371 segregans
2749 4340 2765 4366 ,
2800 4301 2875 4356 ait
2903 4319 2914 4354 :
2950 4300 3132 4372 Neque
3172 4302 3423 4356 immundi
3454 4318 3671 4372 regnum
3695 4301 3790 4355 Dei

2191 4393 2522 4464 possidebunt
2547 4392 2760 4465 (Ep/tes.
2784 4410 2837 4459 v,
2865 4394 2941 4463 5).
2960 4394 3069 4450 Cur
3099 4395 3307 4450 luxuria
3333 4402 3667 4461 recensetur,
3694 4392 3788 4447 nisi

2192 4487 2314 4556 quia
2326 4486 2531 4554 justitia
2547 4485 2642 4540 Dei
2666 4495 2920 4556 peccator
2939 4486 3240 4556 projicitur,
3263 4489 3476 4556 quando
3505 4487 3574 4541 ad
3597 4501 3788 4556 perpe-

2192 4578 2382 4632 tranda
2411 4577 2527 4646 ejus
2552 4578 2956 4648 inquinamenta
2986 4580 3278 4634 curvatur?
3302 4577 3406 4644 Qui
3435 4592 3566 4648 ergo
3596 4593 3786 4633 recen-

2195 4678 2344 4725 setur
2385 4678 2447 4723 ut
2496 4670 2690 4734 cadat,
2748 4670 3040 4739 aliquando
3093 4678 3406 4726 recensetur
3454 4678 3511 4725 ut
3560 4679 3786 4741 pereat,

2196 4760 2490 4831 aliquando
2539 4769 2853 4816 recensetur
2882 4770 2942 4816 ut
2991 4769 3193 4831 surgat.
3223 4761 3292 4816 Et
3326 4762 3451 4831 quia
3485 4771 3612 4831 post
3641 4771 3786 4816 tanta

2193 4859 2501 4923 temporum
2539 4855 2716 4924 spatia
2757 4856 3022 4910 recensita
3050 4897 3064 4922 ,
3106 4855 3363 4910 Amalech
3394 4854 3534 4910 facta
3580 4871 3785 4910 memo-

2193 4951 2403 5008 rantur,
2455 4952 2726 5016 utcunque
2772 4946 2927 5001 nobis
2978 4946 3299 5013 insinuatur;
3334 4947 3459 5015 quia
3508 4947 3647 5002 tales
3693 4948 3788 5002 ali-

2194 5034 2413 5104 quando
2463 5045 2585 5105 post
2613 5037 2774 5104 longa
2804 5044 3046 5107 tempora
3077 5039 3418 5108 resipiscant.
3455 5037 3577 5106 Ipsa
3608 5049 3786 5094 autem

2196 5126 2312 5194 ejus
2343 5141 2508 5195 opera
2538 5127 2929 5196 exprimuntur,
2955 5143 3076 5183 cum
3114 5128 3344 5182 dicitur:
3379 5125 3653 5192 Quomodo
3684 5146 3788 5183 res-

2193 5218 2295 5270 titit
2323 5220 2368 5271 ei
2397 5219 2452 5272 in
2482 5220 2564 5272 via
2593 5235 2707 5271 cum
2755 5221 3053 5274 ascenderet
3093 5221 3158 5274 de
3199 5220 3456 5292 zEgypto.
3492 5221 3662 5278 Israel
3707 5222 3785 5275 vi-

2191 5309 2322 5365 dens
2350 5310 2517 5364 Deum
2545 5310 2758 5364 dicitur.
2792 5311 2893 5376 Qui
2931 5311 3054 5379 quia
3092 5311 3159 5365 de
3191 5311 3429 5383 [Egypto
3467 5313 3785 5383 perhibetur

2189 5400 2503 5465 ascendere,
2530 5400 2742 5455 noviter
2771 5415 3061 5456 conversos
3089 5401 3328 5457 insinuat
3355 5446 3370 5472 ,
3400 5404 3491 5472 qui
3523 5413 3779 5473 peccato-

2189 5505 2308 5544 rum
2339 5491 2587 5546 tenebras
2609 5500 2665 5546 et
2691 5493 2797 5546 ima
2823 5492 3111 5557 deserunt,
3143 5501 3198 5548 et
3222 5495 3289 5548 ad
3333 5495 3515 5550 lumen
3538 5495 3783 5551 veritatis

2188 5581 2450 5635 accedunt
2479 5624 2494 5649 ,
2521 5591 2578 5636 et
2603 5591 2841 5638 montem
2873 5584 2998 5639 boni
3030 5587 3212 5656 operis
3238 5586 3553 5641 ascendunt.

2259 5671 2310 5724 ’5.
2354 5670 2412 5724 In
2435 5671 2520 5725 via
2549 5679 2730 5726 autem
2753 5672 3008 5730 Amalech
3030 5675 3196 5731 Israel
3219 5677 3434 5743 restitit,
3461 5677 3587 5747 quia
3613 5677 3776 5732 libido

2187 5764 2253 5818 ad
2281 5765 2625 5836 perfectionis
2646 5782 2908 5822 summam
2936 5771 3276 5827 tendentibus
3306 5786 3455 5826 arma
3484 5769 3772 5840 voluptatis

2186 5854 2406 5925 objicit,
2438 5864 2493 5913 et
2537 5859 2702 5915 corda
2728 5873 2846 5940 quae
2874 5869 3092 5933 potest,
3122 5864 3298 5934 gladio
3328 5862 3614 5932 immundae
3640 5873 3765 5947 sugw

3753 6018 3794 6034 ιν
