4052 6338
224 418 331 476 MS

1045 416 1113 475 ΙΝ
1153 416 1420 475 PRIMUM
1459 413 1699 472 REGUM
1738 408 2253 472 EXPOSITIONES.
2290 444 2362 459 --
2401 417 2530 476 LIB.
2575 419 2665 477 Vl.

3397 420 3500 478 414

220 529 511 599 designari.
567 524 717 583 Unde
758 540 862 599 per
892 524 1157 585 Joannem
1199 527 1439 585 dicitur:
1490 526 1611 582 Vidi
1657 540 1814 596 supra
1842 524 2253 594 Anegligenter
2300 526 2415 585 Deo
2441 544 2543 602 per
2567 531 2883 604 pudicitiam
2929 531 3193 601 miunt,
3244 543 3502 591 centena-

220 631 449 679 montem
475 621 607 677 Sion
638 620 843 693 Agrum
864 628 1084 676 stantem
1101 658 1117 687 ,
1149 628 1203 675 et
1225 637 1341 675 eum
1370 638 1428 676 eo
1457 627 1657 675 centum
1682 635 1782 691 qua
1799 649 1812 657 ε

220 714 468 785 draginta
495 719 718 782 quatuor
740 711 905 766 millia
933 710 1173 765 habentia
1198 728 1382 766 nomen
1413 713 1547 783 ejus,
1576 720 1627 766 et
1652 709 1811 787 345

219 826 406 865 nomen
434 805 615 862 Patris
643 806 754 878 ejus
793 808 1037 878 scriptum
1076 808 1130 862 in
1164 806 1419 879 frontibus
1464 809 1571 862 suis
1620 805 1836 876 (Apoc:

218 918 330 967 xxv,
358 898 434 971 i).
463 899 566 967 Qui
586 898 730 954 enim
759 914 956 955 nomen
986 900 1123 971 Agni
1152 907 1573 971 assumpserant,
1591 896 1713 966 agni
1732 896 1813 952 di-

218 995 503 1051 cebantur.
535 992 687 1067 Ipsos
722 994 883 1049 etiam
923 1008 1233 1064 exponens,
1275 993 1351 1048 ait
1380 1010 1395 1048 :
1428 991 1502 1047 Hi
1531 1000 1682 1057 sunt,
1727 991 1814 1061 qui

218 1105 334 1142 cum
363 1087 663 1142 mulieribus
709 1104 811 1143 non
852 1096 971 1142 sunt
1011 1088 1370 1159 coinquinati,
1415 1087 1637 1159 virgines
1676 1085 1813 1141 enim

217 1187 357 1233 sunt.
385 1177 525 1245 Quid
564 1186 648 1234 est
673 1192 824 1247 ergo,
856 1177 1000 1247 quod
1030 1193 1155 1233 cum
1188 1177 1442 1234 Amalech
1470 1177 1638 1233 deleri
1676 1193 1813 1248 prae-

214 1276 445 1345 cipitur,
483 1273 636 1344 quasi
678 1273 802 1342 agni
856 1273 998 1341 regis
1042 1273 1238 1329 milites
1284 1280 1658 1336 recensentur,
1710 1271 1811 1328 nisi

214 1364 342 1433 quia
378 1378 501 1419 cum
544 1361 918 1417 fornicationis
964 1362 1211 1432 spiritum
1249 1362 1431 1418 delere
1470 1360 1811 1434 praedicando

214 1454 496 1523 volumus,
528 1449 893 1523 periectorum
921 1453 1167 1522 exempla
1198 1452 1498 1523 producere
1522 1452 1815 1508 debemus?

212 1544 496 1614 Quotquot
522 1542 665 1598 enim
693 1542 968 1611 pudicitiae
996 1542 1165 1611 gloria
1198 1542 1434 1612 insignes
1469 1540 1811 1597 smcularlbus

213 1635 599 1693 convcrtendis
619 1635 974 1698 ostendimus,
989 1634 1136 1691 velut
1158 1643 1239 1690 tot
1257 1634 1457 1691 milites
1473 1633 1623 1705 quasi
1646 1648 1812 1704 agnos

210 1726 513 1782 recensitos
540 1725 608 1781 ad
640 1725 897 1781 Amalech
939 1726 1078 1782 bella
1116 1735 1414 1801 portamus.
1454 1725 1688 1781 Possunt
1715 1741 1811 1780 au-

211 1826 322 1874 tem
351 1818 550 1873 horum
576 1818 967 1873 recensitorum
997 1820 1216 1875 nomine
1245 1819 1347 1892 ipsi
1368 1819 1597 1876 ministri
1616 1820 1807 1875 divinze

1916 619 2055 673 rium
2079 619 2281 677 habent
2302 624 2504 694 operis,
2560 632 2617 682 et
2638 626 2765 697 quia
2785 626 2839 683 ei
2861 626 3065 682 servire
3084 642 3195 682 non
3224 626 3501 694 desinunt,

1915 710 2119 769 habent
2144 715 2506 773 millenarium
2537 720 3031 791 multiplicationis.
3082 719 3188 777 Sed
3233 721 3405 776 iortes
3449 729 3506 777 et

1915 807 2113 863 assidui
2142 818 2271 866 sunt
2290 811 2357 867 ad
2380 812 2771 869 continentiam
2803 813 3073 884 corporis,
3098 813 3323 884 perfecti
3351 822 3408 869 et
3429 812 3507 868 in-
3592 840 3593 843 η

1913 906 2118 956 stantes
2147 901 2211 957 ad
2234 902 2777 975 circumspectiouem
2808 906 2987 962 cordis
3030 906 3368 977 perfectione
3394 908 3505 963 vir-

1914 993 2060 1048 tutis.
2117 992 2307 1050 Talem
2350 997 2566 1067 quidem
2598 998 2764 1054 etiam
2811 997 3027 1053 viduam
3068 998 3362 1070 Apostolus
3382 1014 3505 1056 esse

1912 1086 2254 1157 prtecipiens,
2310 1089 2430 1144 ait:
2483 1089 2557 1146 Ut
2599 1092 2671 1146 sit
2692 1100 2877 1147 sancta
2906 1109 3067 1148 carne
3117 1101 3168 1147 et
3212 1095 3395 1164 spiritu
3450 1095 3505 1165 (Ι

1914 1175 2033 1233 Cor.
2060 1195 2151 1246 vn,
2178 1179 2289 1253 54).
2342 1180 2539 1238 Sancta
2569 1183 2772 1254 quippe
2803 1199 2965 1240 carne
2994 1193 3050 1241 et
3075 1185 3270 1256 spiritu
3299 1195 3403 1251 est,
3457 1188 3505 1243 si

1912 1268 2246 1340 perfectione
2298 1273 2563 1329 castitatis
2606 1289 2712 1346 qua
2740 1274 2908 1346 fulget
2941 1275 2996 1331 in
3022 1291 3274 1349 corpore,
3304 1277 3506 1346 fulgeat

1913 1359 2077 1415 etiam
2116 1361 2171 1417 in
2220 1371 2423 1419 mente.
2474 1364 2629 1431 Quod
2670 1364 2716 1419 si
2745 1365 2917 1421 vidua}
2964 1367 3101 1423 tales
3136 1373 3284 1433 sunt,
3316 1372 3505 1438 quales

1913 1464 2033 1506 esse
2055 1452 2213 1520 iussae
2241 1462 2365 1508 sunt
2401 1454 2679 1523 virgines?
2728 1455 2805 1511 De
2828 1456 2935 1512 illis
2964 1473 3199 1528 namque
3238 1459 3499 1529 pluribus,

1912 1540 2012 1595 sub
2038 1542 2197 1597 unius
2224 1544 2586 1615 descriptione
2617 1545 2817 1603 dictum
2850 1554 2972 1603 est:
3024 1548 3205 1602 Astitit
3250 1551 3433 1621 regina
3463 1539 3506 1603 ’ἃ

1913 1633 2111 1688 dextris
2162 1635 2262 1689 tuis
2309 1639 2365 1690 in
2411 1637 2595 1690 vestitu
2638 1636 2892 1692 deaurato
2938 1636 3113 1709 (Psal.
3166 1654 3290 1692 πων
3318 1678 3334 1702 ,
3390 1639 3501 1706 l0).

1912 1721 2078 1793 356
2128 1721 2185 1777 lu
2237 1724 2428 1779 eodem
2472 1740 2687 1795 quoque
2714 1728 2923 1799 psalmo
2947 1728 3102 1799 (vers.
3134 1728 3227 1799 id)
3259 1728 3508 1784 laudatur

1916 1813 2103 1867 eadem
2125 1817 2326 1883 regina,
2361 1831 2482 1871 cum
2508 1816 2743 1872 dicitur:
2803 1817 2988 1874 Omnis
3030 1820 3198 1892 gloria
3239 1824 3352 1893 epis
3379 1822 3507 1890 ﬁlia:

208 1908 610 1980 praedicationis
635 1908 879 1977 intelligi.
903 1908 1069 1977 Quasi
1092 1910 1215 1979 agni
1236 1925 1364 1979 ergo
1386 1919 1529 1977 sunt,
1560 1911 1683 1981 quia
1714 1926 1810 1982 per
1837 1909 1889 1971 Β
1912 1904 2047 1970 regis
2073 1904 2136 1958 ab
2162 1908 2323 1975 intus,
2374 1908 2428 1960 in
2460 1908 2677 1974 ﬁmbriis
2709 1911 2881 1963 aureis
2928 1911 3315 1966 circumamieta
3339 1915 3506 1967 varie—

206 1999 442 2068 gloriam
472 1997 726 2069 perfectae
759 1998 1056 2069 pudicitiae,
1083 1999 1193 2070 jam
1232 2000 1338 2055 illis
1365 2002 1661 2069 virginibus
1687 2017 1809 2056 cum

203 2089 427 2145 Christo
446 2090 501 2145 in
525 2103 693 2161 regno
717 2089 1074 2161 gaudentibus
1099 2090 1421 2147 similantur.
1453 2092 1657 2160 Quibus
1686 2108 1812 2163 pro-

203 2179 361 2236 fectu
386 2180 563 2237 verbis
603 2180 927 2247 ostenditur,
961 2182 1088 2252 quia
1132 2179 1224 2251 qui
1263 2180 1661 2253 praedicationis
1704 2184 1808 2239 mi-

203 2271 496 2327 nisterium
532 2279 779 2340 sumunt,
823 2274 1097 2345 praecipuo
1138 2275 1399 2332 castitatis
1442 2275 1649 2346 fulgore
1685 2286 1811 2333 ante

201 2363 507 2420 decorandi
556 2372 714 2431 sunt,
772 2364 899 2435 quia
949 2366 995 2423 si
1045 2382 1144 2437 per
1212 2368 1658 2423 incontinentiam
1708 2368 1808 2425 de-

201 2453 405 2522 ﬂuunt,
440 2456 783 2511 continentes
809 2456 946 2512 alios
972 2455 1153 2513 facere
1193 2474 1531 2530 nequaquam
1561 2467 1805 2531 possunt,

200 2557 270 2607 et
293 2550 363 2606 ad
392 2557 556 2606 tanta:
586 2551 721 2608 lucis
748 2551 950 2607 bonum
980 2566 1281 2622 provocare
1326 2569 1434 2609 non
1480 2552 1804 2624 praevalent,

198 2643 305 2713 qui
354 2643 471 2714 ejus
524 2643 707 2699 radios
757 2644 810 2699 in
849 2644 1080 2716 propria:
1127 2644 1553 2703 conversationis
1601 2644 1809 2715 fulgore

198 2751 325 2791 non
363 2736 584 2792 habent.
615 2735 761 2793 Bene
796 2751 924 2807 ergo
951 2737 1185 2793 dicitur:
1219 2738 1494 2794 Recensuit
1529 2755 1615 2795 eos
1660 2742 1808 2819 quasi

196 2847 397 2903 agnos,
427 2830 549 2902 quia
580 2831 804 2902 pudicos
824 2829 984 2887 valde
1029 2847 1150 2888 esse
1177 2847 1271 2888 eos
1300 2840 1536 2903 oportet,
1563 2832 1655 2902 qui
1694 2832 1806 2889 ior-

193 2921 500 2977 nlcatlonis
527 2921 765 2991 eii'ugare
808 2922 1059 2992 spiritum
1101 2937 1200 2993 per
1227 2925 1435 2996 accepti
1466 2925 1669 2980 ordinis
1706 2942 1807 2995 pn-

190 3018 464 3067 testatem
513 3012 732 3069 debent.
786 3010 940 3068 Unde
987 3014 1039 3068 in
1086 3011 1381 3085 Evangelio
1428 3014 1506 3069 eis
1551 3014 1809 3071 Dominus

189 3104 385 3160 dicit:
416 3104 534 3160 Sint
561 3104 719 3159 lumbi
742 3107 896 3161 vestri
927 3105 1214 3176 pracincti,
1246 3114 1297 3160 et
1323 3104 1547 3161 lucerna:
1568 3107 1806 3162 ardentes

187 3196 264 3250 ira
304 3193 543 3250 manibus
569 3198 753 3251 vestris
797 3195 960 3269 (Luc.
991 3211 1086 3261 xu,
1118 3194 1243 3268 53),
1276 3204 1338 3252 ut
1364 3199 1586 3253 verbum
1614 3198 1809 3270 praedi-

1912 1998 2120 2053 tatibus.
2172 2000 2307 2066 Quid
2334 2009 2418 2057 est
2438 2002 2579 2057 enim
2609 2002 2835 2059 vestitus
2859 2019 3076 2070 aureus,
3125 2006 3226 2061 nisi
3257 2006 3426 2063 decor
3450 2016 3506 2061 et

1913 2087 2090 2143 honor
2142 2090 2386 2159 corporis
2416 2090 2731 2161 virginalis?
2757 2092 2994 2149 Vestitus
3020 2093 3236 2164 quidem
3285 2096 3502 2161 dicitur,

1910 2178 2036 2249 quia
2061 2179 2191 2236 foris
2227 2182 2393 2253 fulget
2420 2183 2474 2238 in
2493 2198 2742 2255 corpore,
2765 2200 2961 2241 aureus
2990 2194 3190 2254 autem,
3215 2186 3340 2258 quia
3370 2203 3505 2257 pra;-

1910 2266 2061 2326 celiit
2089 2272 2370 2347 dignitate.
2421 2273 2607 2331 Omnis
2654 2285 2833 2331 autem
2886 2277 3091 2333 metalli
3133 2276 3343 2347 species
3371 2291 3507 2331 auro

1909 2363 2135 2419 interior
2190 2373 2291 2420 est.
2346 2365 2436 2422 Sic
2480 2368 2730 2423 nimirum
2763 2369 2938 2425 omnis
2964 2368 3225 2441 pudicitia
3250 2369 3357 2424 alia
3401 2369 3502 2425 de-

1909 2453 2022 2509 cori
2050 2453 2293 2523 virgineo
2317 2459 2621 2527 comparari
2665 2474 2773 2514 non
2804 2466 3003 2531 potest.
3060 2458 3203 2527 Quid
3260 2468 3344 2516 est
3371 2473 3505 2529 ergo

1909 2543 2055 2615 quod
2086 2545 2284 2605 dicitur
2314 2565 2327 2601 :
2377 2546 2562 2603 Omnis
2592 2551 2761 2621 gloria
2788 2551 2917 2621 ﬁlia
2945 2568 3123 2625 regum
3150 2550 3215 2605 ab
3263 2552 3423 2619 intus,
3457 2552 3505 2608 si

1910 2636 2041 2691 foris
2069 2651 2188 2692 esse
2240 2637 2411 2708 gloria
2438 2639 2662 2695 vestitus
2691 2641 2839 2695 aurei
2867 2640 3231 2711 praedicatur?
3259 2639 3318 2695 Si
3359 2641 3506 2697 enim

1910 2724 2043 2784 foris
2084 2735 2168 2784 est
2215 2730 2393 2800 aliqua
2434 2745 2626 2802 magna
2652 2732 2803 2789 aurei
2848 2732 3077 2789 vestitus
3127 2734 3317 2803 gloria,
3362 2733 3509 2790 intus

1910 2824 2085 2877 omnis
2115 2822 2287 2892 gloria
2316 2822 2485 2879 videri
2526 2838 2633 2879 non
2660 2832 2859 2895 potest.
2892 2824 3030 2891 Quid
3059 2831 3145 2880 est
3165 2839 3316 2895 ergo,
3359 2823 3507 2893 quod

1911 2916 2086 2968 omnis
2109 2916 2277 2982 gloria
2305 2915 2448 2969 intus
2476 2930 2594 2971 esse
2619 2916 2957 2986 perhibetur,
2990 2915 3090 2970 nisi
3124 2917 3250 2984 quia
3292 2922 3347 2969 et
3385 2914 3503 2979 illa,

1910 3019 2028 3075 quze
2058 3006 2189 3061 foris
2218 3015 2322 3075 est,
2348 3006 2544 3077 gloria,
2589 3022 2711 3063 cum
2745 3006 2868 3063 aliis
2892 3006 3188 3062 innumeris
3219 3006 3362 3061 intus
3384 3019 3506 3061 esse

1911 3100 2292 3169 cognoscitur?
2337 3101 2518 3157 Aurea
2572 3103 2715 3157 enim
2750 3100 3026 3178 virginitas
3060 3117 3171 3156 non
3200 3109 3305 3167 est,
3338 3101 3383 3156 si
3421 3100 3507 3157 fo-

1910 3198 1986 3259 ris
2011 3207 2113 3261 est,
2143 3208 2197 3253 et
2221 3200 2365 3255 intus
2386 3214 2494 3259 non
2526 3206 2631 3261 est.
2685 3196 2820 3266 Quia
2867 3210 3000 3267 ergo
3050 3197 3216 3263 intus,
3265 3204 3320 3251 et
3374 3196 3507 3253 foris

191 3287 440 3343 catiouis
467 3288 664 3343 subditi
692 3288 934 3357 audiant,
964 3289 1059 3345 sed
1087 3303 1181 3346 eos
1202 3290 1271 3345 ad
1298 3290 1499 3346 bonum
1522 3292 1803 3360 castitatis,
1838 3302 1885 3370 ρ
1915 3296 2017 3353 cst,
2049 3288 2173 3356 quia
2200 3288 2391 3346 eadem
2438 3288 2686 3360 splendet
2715 3291 2766 3343 in
2820 3302 3071 3363 corpore,
3120 3288 3309 3342 eadem
3340 3286 3507 3356 fulget

193 3378 358 3449 quod
404 3379 666 3447 audiunt,
710 3381 957 3450 exempla
994 3381 1336 3437 lucidissima:
1384 3383 1807 3438 conversationis

195 3472 450 3525 trahant.
495 3469 651 3526 Unde
699 3471 838 3525 bene
873 3470 1119 3542 perfecto
1166 3487 1393 3529 numero
1439 3474 1803 3542 designantur,

194 3576 327 3617 cum
357 3560 610 3615 subditur
635 3577 650 3614 :

263 3652 462 3723 (Vers.
498 3650 578 3722 3.)
612 3650 850 3707 Ducenta
871 3652 1040 3708 millia
1067 3651 1317 3725 peditum,
1363 3662 1413 3709 et
1440 3653 1617 3709 decem
1640 3654 1808 3710 millia

194 3747 438 3801 uirorum
465 3743 630 3801 Juda.

272 3836 370 3894 10.
403 3835 653 3893 Peditum
698 3838 917 3894 nomine
958 3838 1120 3895 electi
1151 3837 1470 3915 figurantur,
1524 3856 1631 3896 non
1684 3857 1806 3898 cum

196 3930 314 3985 alta
348 3929 663 4001 praedicant,
709 3929 807 3985 sed
840 3945 963 3986 cum
993 3946 1090 4002 per
1117 3930 1263 3986 bona
1295 3932 1542 4003 exempla
1573 3932 1807 3989 caelestis

197 4022 422 4079 itineris
449 4021 822 4078 rectitudinem
852 4022 969 4078 aliis
999 4022 1392 4079 demonstrant.
1443 4022 1660 4079 Pedites
1687 4025 1809 4094 qui-

196 4115 341 4169 dem
371 4114 634 4180 gressibus
662 4122 906 4181 currunt,
939 4129 1047 4185 quo
1076 4115 1384 4186 producere
1416 4130 1565 4170 arma
1594 4116 1801 4171 volunt.

199 4203 353 4272 Quid
381 4215 507 4260 vero
537 4214 663 4260 sunt
690 4206 939 4277 exempla
986 4206 1254 4263 castitatis
1278 4250 1294 4276 ,
1350 4208 1455 4262 nisi
1504 4210 1804 4265 caelestium

202 4295 441 4351 militum
470 4298 627 4353 terris
672 4298 934 4369 impressa
985 4299 1250 4368 vestigia?
1302 4298 1435 4353 Nam
1478 4310 1538 4355 ut
1582 4301 1712 4357 vitia
1743 4301 1808 4355 li-

202 4386 455 4441 bidinum
481 4387 534 4441 in
564 4387 786 4443 lubricis
814 4388 1029 4455 feriant,
1062 4389 1131 4444 ad
1156 4389 1401 4445 cordi'um
1445 4406 1633 4446 eorum
1656 4400 1807 4447 tene-

202 4472 359 4539 bras,
410 4489 532 4530 cum
560 4476 827 4532 bonorum
857 4479 1229 4551 exemplorum
1270 4479 1394 4535 luce
1423 4480 1703 4552 festinant,
1752 4490 1807 4538 et

203 4565 367 4636 quasi
416 4580 605 4635 gressu
658 4569 1059 4639 pervenientes,
1114 4572 1303 4628 hostes
1367 4574 1662 4643 perimunt,
1714 4577 1806 4644 qui

1911 3381 1966 3436 in
1997 3388 2198 3445 mente,
2221 3382 2396 3437 omnis
2417 3382 2585 3451 gloria
2622 3380 2744 3437 ﬁliae
2773 3395 2961 3450 regum
3002 3382 3145 3436 intus
3170 3395 3289 3435 esse
3316 3381 3507 3436 sentiri

1908 3472 2296 3529 convenienter
2334 3480 2534 3542 potest.
2575 3471 2763 3535 Omnis
2818 3472 2989 3542 gloria
3021 3472 3165 3526 intus
3221 3479 3322 3537 est,
3376 3471 3503 3541 quia

1909 3560 2040 3618 foris
2067 3561 2203 3627 sola,
2238 3564 2383 3617 intus
2416 3563 2531 3618 sola
2573 3578 2681 3618 non
2711 3569 2813 3618 est.
2843 3561 2979 3630 Quia
3002 3562 3143 3618 enim
3167 3563 3352 3618 multae
3380 3569 3508 3617 sunt

1908 3654 2165 3709 virtutum
2212 3654 2491 3711 claritates
2538 3654 2590 3710 in
2620 3662 2803 3710 mente
2843 3652 3085 3722 virginis,
3134 3654 3212 3711 sic
3235 3652 3506 3724 virgineus

1908 3744 2168 3815 Splendor
2194 3745 2473 3810 asseritur,
2494 3752 2565 3801 ‘ut
2595 3743 2740 3800 intus
2766 3746 2941 3799 omnis
2962 3743 3130 3813 gloria
3154 3743 3499 3815 prmdicetur.

1906 3835 2021 3892 Hoc
2072 3838 2320 3893 nimirum
2370 3847 2472 3903 est,
2525 3836 2670 3908 quod
2722 3836 3069 3907 subsequitur
3112 3852 3127 3891 :
3176 3833 3242 3890 In
3265 3834 3492 3907 ﬁmbriis

1908 3930 2080 3983 aureis
2100 3930 2485 3984 circumamicta
2514 3926 2865 3984 varietatibus.
2920 3927 3172 3983 Fimbria:
3220 3928 3364 3982 enim
3405 3942 3501 3981 au-

1906 4034 2013 4073 rae
2040 4027 2165 4074 sunt
2208 4019 2480 4074 claritates
2522 4033 2553 4074 a
2599 4026 2784 4074 mente
2836 4032 3111 4087 nunquam
3162 4014 3495 4071 deficientes.

1906 4108 2155 4164 Fimbria:
2185 4109 2402 4179 quidem
2427 4110 2615 4164 iiuales
2647 4108 2955 4164 vestimenti
2983 4115 3165 4177 partes
3193 4114 3336 4159 sunt.
3367 4106 3499 4170 Quae

1906 4197 2108 4254 idcirco
2160 4198 2214 4253 in
2267 4213 2477 4269 sponsae
2521 4196 2724 4251 Christi
2771 4195 2970 4249 decore
3021 4194 3323 4256 laudantur,
3368 4191 3495 4261 quia

1907 4291 2053 4346 ntrlla
2101 4298 2184 4346 est
2212 4292 2474 4346 virtutum
2526 4288 2719 4357 gloria,
2771 4286 2816 4340 si
2839 4286 3021 4340 lucere
3056 4292 3182 4338 ante
3218 4284 3343 4337 vitae
3366 4297 3499 4338 con.-

1905 4382 2320 4439 summationem
2357 4379 2600 4436 desistat.
2629 4378 2832 4449 Regina
2855 4390 2984 4445 ergo
3011 4385 3036 4411 ⁸
3066 4390 3252 4431 amore
3279 4375 3494 4440 dicitur,

1905 4473 1958 4531 in
2012 4474 2209 4529 vestitu
2236 4488 2403 4529 aureo
2447 4471 2725 4540 virginitas
2772 4468 3111 4540 praedicatur.
3163 4467 3272 4523 Sed
3324 4469 3501 4524 omnis

1905 4566 2075 4639 gloria
2104 4567 2267 4637 intus,
2285 4574 2338 4621 et
2360 4565 2411 4620 in
2440 4562 2662 4617 fimbriis
2683 4561 2881 4626 aureis,
2910 4568 2967 4617 et
2985 4559 3249 4615 varietate
3270 4559 3500 4616 circum-

202 4667 496 4730 postquam
527 4677 622 4732 per
649 4678 818 4732 opera
866 4675 1289 4732 cognoscuntur,
1350 4666 1518 4721 corda
1546 4676 1799 4737 peccato-
1832 4700 1886 4758 Β
1909 4660 2105 4715 amicta
2152 4658 2430 4723 asserltur,
2461 4660 2519 4709 ut
2567 4653 2859 4708 innumeris
2907 4650 3194 4707 virtutibus
3238 4648 3493 4758 adju'ncta

203 4760 328 4804 rum
368 4751 438 4806 ad
487 4752 756 4822 pudicitia:
807 4754 1010 4809 bonum
1070 4756 1309 4810 trahunt.
1353 4756 1487 4811 Cum
1529 4773 1657 4829 ergo
1706 4774 1805 4833 per

205 4842 457 4915 exempla
482 4845 743 4901 castitatis
773 4846 826 4901 in
848 4856 1195 4917 peccatorum
1243 4850 1498 4906 cordibus
1555 4854 1805 4908 tenebras

203 4935 669 4992 immunditiarum
689 4938 994 5007 destruunt,
1026 4941 1235 5009 pedites
1267 4951 1412 4998 recte
1435 4945 1800 5000 nominantur.

201 5022 276 5077 Et
327 5024 459 5092 quia
516 5042 624 5081 non
651 5028 827 5083 solum
876 5036 1147 5099 przetextu
1178 5032 1482 5102 corporalis
1531 5034 1805 5090 munditiae

202 5114 479 5185 splendidi
506 5126 650 5181 sunt,
680 5118 773 5173 sed
802 5119 968 5175 etiam
992 5120 1112 5176 luce
1134 5120 1333 5185 cordis,
1378 5120 1608 5177 ducenta
1641 5123 1804 5178 millia

202 5222 330 5261 esse
352 5207 723 5277 perhibentur.
754 5209 812 5265 ln
836 5213 1148 5268 centenario
1174 5213 1396 5289 quippe,
1428 5222 1484 5268 et
1504 5214 1807 5272 millenario

204 5317 461 5370 numero,
489 5305 662 5359 omnis
685 5304 925 5375 decalogi
946 5322 1155 5361 summa
1186 5306 1547 5363 concluditur.
1573 5306 1805 5363 Perfecti

202 5407 339 5465 ergo
370 5394 467 5449 viri
514 5395 567 5449 in
610 5396 861 5452 ducentis
900 5397 1135 5454 millibus
1164 5400 1537 5465 continentur,
1562 5400 1685 5473 quia
1708 5416 1806 5472 per

201 5485 445 5540 divinam
467 5488 692 5555 gratiam
726 5496 832 5543 tam
864 5490 1113 5560 corporis
1141 5492 1475 5547 continentia
1514 5507 1677 5562 quam
1718 5495 1803 5549 in-

204 5576 463 5643 tegritate
487 5579 683 5633 mentis
707 5579 776 5633 ad
803 5594 1070 5634 summam
1099 5579 1368 5649 pudicitiae
1398 5597 1577 5637 arcem
1608 5597 1801 5652 perve-

205 5684 363 5725 nere.
422 5668 554 5725 Tam
602 5671 745 5727 enim
776 5671 828 5726 in
851 5687 1080 5742 corpore
1105 5688 1263 5743 quam
1296 5674 1350 5727 in
1381 5683 1561 5729 mente
1600 5675 1803 5731 habent

202 5757 598 5827 perfectionem
631 5761 958 5816 intentionis.
997 5759 1091 5814 Vel
1139 5760 1263 5829 quia
1288 5776 1395 5816 non
1426 5763 1652 5827 remisse
1704 5775 1801 5825 aut

290 5925 318 5954 ⁸
359 5914 622 5977 Gussanv.
646 5928 703 5976 et
734 5918 927 5989 Vatia,
961 5935 1106 5975 amor
1134 5919 1340 5974 dicitur.

1909 4751 2209 4820 integritas,
2261 4763 2433 4818 usque
2463 4747 2513 4801 in
2565 4746 2725 4801 linem
2773 4742 2964 4800 deduci
3019 4741 3303 4800 sentiatur.
3354 4739 3501 4793 Bene

1907 4844 2303 4912 itaque'contra
2327 4838 2583 4893 Amalech
2607 4837 2835 4891 ducenta
2855 4833 3092 4904 peditum
3121 4832 3285 4886 millia
3313 4842 3501 4884 recen-

1907 4942 2111 4999 sentur,
2168 4932 2294 5002 quia
2322 4931 2399 4985 illi
2429 4930 2493 4985 ad
2519 4924 2869 4984 debellandos
2924 4921 3229 4978 immundos
3276 4918 3498 4987 spiritus

1907 5025 2085 5081 idonei
2116 5033 2240 5080 sunt
2268 5040 2364 5095 per
2389 5022 2635 5094 exempla
2666 5017 2952 5081 castitatis,
3004 5015 3096 5086 qui
3151 5028 3271 5068 eam
3302 5020 3497 5068 tenere

1909 5115 2209 5172 didicerunt
2229 5122 2285 5169 et
2306 5114 2358 5169 in
2381 5114 2501 5169 luce
2529 5111 2731 5183 operis,
2760 5117 2816 5165 et
2844 5108 2898 5162 in
2934 5101 3223 5176 splendore
3267 5100 3499 5157 circum-

1909 5208 2221 5280 spectionis.

1984 5302 2070 5356 ii.
2120 5300 2257 5368 Quia
2288 5299 2417 5355 item
2458 5296 2655 5354 eruditi
2686 5308 2750 5350 ae
2778 5289 3006 5366 perfecti
3031 5292 3157 5345 sunt
3181 5285 3351 5343 verbo
3379 5282 3496 5351 Dei,

1908 5397 2093 5453 decem
2121 5392 2346 5448 millium
2375 5392 2613 5445 virorum
2650 5388 2785 5443 Juda
2813 5397 3041 5441 numero
3072 5382 3493 5437 demonstratur.

1910 5488 2023 5543 Viri
2053 5487 2253 5543 etenim
2282 5489 2409 5538 sunt
2459 5479 2796 5546 fortitudine,
2852 5475 2987 5531 Juda
3021 5481 3199 5528 autem
3230 5470 3494 5541 prtedica-

1910 5580 2078 5634 tione.
2111 5576 2244 5631 Juda
2266 5573 2488 5640 etenim,
2534 5568 2800 5626 confitens
2830 5569 3236 5637 interpretatur.
3269 5564 3377 5620 Sed
3404 5564 3499 5619 de-

1910 5668 2065 5723 nario
2086 5679 2312 5721 numero
2342 5662 2674 5731 designatur,
2718 5660 2846 5730 quia
2873 5656 3259 5730 perlbctionem
3291 5654 3496 5711 doctri—

1906 5779 1993 5825 ate
2020 5777 2118 5838 per
2142 5760 2369 5833 gratiam
2396 5756 2628 5829 Spiritus
2656 5757 2830 5815 sancti
2857 5754 3135 5812 consecuti
3162 5760 3305 5812 sunt.
3339 5748 3497 5811 Unde
