4052 6338
520 406 625 463 415

1715 376 1962 440 ssnon
2000 368 2331 431 GREGORII
2368 342 2582 426 uAdNI

3689 376 3801 435 416

517 529 572 577 ει
602 518 771 590 Μογει
800 520 985 575 decem
1006 513 1142 583 ποεῖς
1178 510 1450 580 praecepta
1477 502 1804 562 tribuuntur,
1858 506 1978 590 quae
2137 486 2184 549 A
2210 484 2410 590 pariter
2432 484 2787 590 involvaturt'
2820 484 2930 590 Sed
2971 485 3209 590 fortasse
3233 485 3322 544 hic
3341 485 3559 590 illeest,
3587 488 3658 545 de
3685 506 3799 560 quo

516 583 904 685 digito'scripta
923 612 1048 662 sunt
1086 596 1484 673 (Exod.xxxr).
1528 592 1664 685 Quid
1710 596 1793 685 est
1837 586 1981 685 enim
2026 583 2107 638 di-

517 678 660 777 gitus
711 702 825 768 Dei,
880 698 985 754 nisi
1040 694 1278 766 Spiritus
1326 688 1587 745 sanctus?
1633 682 1738 777 Qui
1780 695 1912 777 cum.
1933 678 2107 777 legem

517 768 754 863 scripsit,
782 791 922 844 hanc
952 786 1138 857 utique
1163 784 1216 838 in
1246 782 1436 837 decem
1463 774 1746 848 prmceptis
1774 768 2106 863 edidit,iquia

518 861 701 938 etsi—in
732 895 797 935 ea
825 877 1045 933 carnale
1092 871 1291 942 aliquid
1345 870 1474 926 foris
1502 865 1748 938 protulit,
1803 861 1949 918 intus
1966 862 2108 917 hanc

517 971 815 1045 spiritualis
860 966 1229 1036 intelligentia:
1279 959 1668 1033 perfectionem
1698 953 1949 1025 signavit.
2004 951 2109 1007 De-

520 1078 639 1121 cem
670 1062 836 1118 millia
866 1060 1028 1131 igitur
1054 1058 1293 1113 virorum
1316 1053 1452 1108 Juda
1482 1059 1671 1109 contra
1700 1047 1955 1104 Amalech
1976 1060 2107 1117 pro-

521 1153 761 1211 ducenda
792 1159 935 1216 sunt,
966 1157 1025 1204 ut
1068 1145 1437 1203 fornicationis
1484 1142 1704 1214 spiritus
1754 1139 1865 1211 apti
1906 1136 2109 1192 viribus

520 1253 828 1317 superetur.
869 1241 1079 1297 Lambit
1104 1239 1305 1310 quippe
1335 1235 1697 1304 suggestione,
1734 1232 1857 1303 quia
1885 1230 2024 1285 levia
2054 1235 2111 1283 et

521 1336 719 1395 blanda
748 1333 1001 1399 consulit,
1027 1331 1119 1387 sed
1149 1345 1237 1386 res
1263 1344 1397 1400 quas
1426 1326 1715 1382 lambendo
1736 1322 1987 1388 consulit,
2013 1336 2111 1391 per

521 1427 911 1498 cogitationum
955 1421 1266 1495 phantasias
1311 1418 1567 1475 ostendit.
1646 1415 1785 1485 Ergo
1840 1420 1900 1468 ut
1954 1427 2109 1468 mens

524 1520 757 1577 obscena
785 1516 884 1571 sibi
907 1530 938 1569 a
960 1512 1292 1569 daemonibus
1315 1519 1532 1567 ostensa
1556 1522 1665 1563 non
1682 1505 1881 1570 videat,
1907 1502 2111 1559 electo-

520 1625 641 1666 rum
668 1606 912 1677 exempla
940 1603 1230 1661 revelanda
1255 1608 1396 1658 sunt.
1428 1599 1494 1653 Et
1520 1608 1577 1654 ut
1600 1611 1719 1652 eam
1747 1592 2108 1665 suggestioni-

522 1701 625 1757 bus
654 1698 900 1769 turpibus
926 1693 1232 1750 immundus
1280 1692 1500 1763 spiritus
1528 1688 1754 1745 delinire
1781 1702 1889 1741 non
1913 1682 2111 1755 possit,

516 1790 698 1859 lingua
754 1788 1167 1859 praedicatorum
1218 1783 1382 1838 debet
1428 1797 1526 1852 per
1570 1778 1841 1850 pudicitia:
1894 1774 2110 1829 laudem

2209 576 2340 632 dicit
2362 576 2652 647 Apostolus
2679 596 2692 631 :
2741 576 2907 632 Uxori
2936 580 3013 633 vir
3059 580 3286 634 debitum
3319 580 3528 646 reddat,
3559 584 3803 639 similiter

2208 678 2259 723 et
2286 686 2418 725 uxor
2443 672 2549 726 viro
2575 668 2630 742 (1
2661 670 2779 724 Cor.
2812 686 2905 738 vn,
2936 669 3013 739 5).
3044 670 3142 726 Cui
3171 671 3335 726 etiam
3366 688 3566 728 nomen
3601 690 3809 731 conve-

2208 764 2311 832 nit,
2367 763 2490 833 quia
2532 761 2767 833 Cyneus,
2820 763 3101 833 possidens
3144 762 3358 819 dicitur.
3410 762 3515 831 Qui
3554 766 3807 835 profecto

2209 852 2505 924 conjugati,
2543 855 2669 926 quia
2721 854 2973 924 conjugio
3020 855 3243 925 obligati
3293 864 3436 923 sunt,
3490 858 3807 929 relinquere

2211 946 2393 1003 omnia
2421 962 2529 1001 non
2556 953 2841 1015 coguntur.
2889 945 3028 1013 Quid
3057 956 3143 1003 est
3170 961 3299 1018 ergo
3325 949 3471 1019 quod
3500 948 3692 1022 Cyneo
3720 953 3808 1008 di-

2210 1038 2390 1093 citur:
2428 1036 2649 1092 Discede
2677 1038 2741 1092 ab
2768 1038 3036 1104 Amalech,
3090 1039 3193 1094 nisi
3247 1040 3374 1109 quia
3418 1041 3502 1097 his
3530 1043 3720 1099 verbis
3749 1045 3806 1099 in

2212 1131 2530 1201 conjugibus
2556 1132 2735 1187 omnis
2764 1132 3111 1187 obscenitatis
3152 1133 3428 1202 turpitudo
3468 1135 3809 1193 damnatur?

2213 1221 2348 1279 Cum
2382 1223 2637 1280 Amalech
2667 1224 2887 1294 quidem
2943 1224 3215 1294 conjuncti
3244 1235 3391 1295 sunt,
3429 1229 3525 1297 qui
3554 1231 3807 1285 meretri-

2212 1318 2298 1374 cio
2326 1334 2479 1375 more
2502 1318 2817 1388 junguntur.
2842 1316 2989 1386 Quos
3016 1318 3290 1375 discedere
3317 1320 3384 1375 ab
3411 1321 3671 1380 Amalech
3702 1324 3809 1379 do-

2213 1417 2333 1465 ctor
2360 1410 2631 1481 praecipit,
2682 1426 2805 1465 cum
2846 1410 2913 1466 ad
2960 1411 3300 1468 honestatem
3329 1412 3669 1483 conjugalem
3704 1430 3807 1473 eos

2214 1513 2473 1556 revocare
2528 1500 2826 1557 contendit.
2877 1500 3043 1567 Quasi
3088 1501 3272 1556 dicat:
3328 1501 3385 1557 Si
3426 1504 3713 1561 continere
3740 1507 3810 1562 ab

2214 1592 2446 1649 invicem
2469 1607 2576 1648 non
2605 1593 2853 1663 potestis,
2906 1592 3225 1649 honorabile
3274 1596 3607 1652 connubium
3650 1598 3810 1654 vobis

2214 1684 2303 1750 sit,
2335 1694 2392 1739 et
2421 1685 2609 1739 thorus
2637 1684 3033 1740 immaculatus.
3065 1685 3147 1741 Ab
3188 1685 3447 1741 Amalech
3490 1688 3679 1759 itaque
3705 1690 3811 1745 dis-

2216 1775 2432 1839 cedere,
2458 1784 2543 1833 est
2572 1775 2828 1844 conjuges
2853 1776 3046 1847 seipsis
3064 1778 3165 1846 uti,
3196 1794 3301 1833 non
3324 1778 3392 1833 ad
3420 1780 3811 1851 turpitudinem

518 1882 685 1951 tangi.
740 1880 933 1949 Lingat
974 1879 1115 1932 hanc
1143 1875 1483 1948 praedicator,
1519 1878 1578 1926 ut
1598 1870 1865 1937 malignus
1892 1866 2114 1937 Spiritus
2143 1860 2194 1922 B
2219 1868 2539 1924 meretriciae
2565 1868 2934 1934 obscenitatis,
2985 1868 3080 1923 sed
3099 1868 3167 1923 ad
3198 1872 3613 1941 temperantiam
3642 1872 3814 1928 hone-

520 1973 728 2043 lingere
756 1983 1103 2039 nequaquam
1158 1965 1347 2036 possit.
1382 1962 1449 2017 Et
1475 1966 1616 2017 hanc
1644 1959 1824 2015 verbis
1852 1958 2108 2023 oblectet,

518 2082 591 2125 ne
613 2066 701 2120 cui
730 2063 967 2118 cmlestia
992 2061 1209 2126 desunt,
1241 2059 1381 2111 hanc
1406 2052 1652 2109 diabolus
1680 2067 1777 2123 per
1814 2048 2114 2118 suggestio-

521 2168 653 2212 num
681 2152 1079 2208 oblectamenta
1106 2146 1347 2202 dilaniet.
1393 2142 1595 2198 Contra
1620 2140 1817 2211 duplex
1846 2153 1974 2208 ergo
2005 2137 2114 2192 bel-

526 2246 639 2302 lum
658 2242 858 2312 cordis,
884 2242 1009 2311 quia
1029 2239 1228 2309 duplex
1249 2248 1329 2293 est
1346 2234 1711 2292 necessarium
1732 2232 1934 2287 bonum
1952 2230 2108 2285 auxi-

525 2336 606 2403 lii,
662 2336 803 2390 bene
857 2341 1046 2388 contra
1074 2329 1332 2386 Amalech
1362 2336 1418 2383 et
1470 2327 1698 2396 pedites,
1756 2333 1811 2378 et
1838 2322 1941 2381 viri
1972 2320 2109 2375 Juda

525 2429 707 2502 parari
742 2425 1113 2498 perhibentur.
1148 2422 1205 2477 Si
1234 2421 1353 2491 quis
1376 2428 1556 2474 autem
1596 2416 1729 2471 alios
1752 2429 1850 2483 per
1879 2413 2109 2484 pedites,

524 2520 663 2575 alios
707 2532 803 2589 per
857 2517 1004 2571 viros
1053 2514 1211 2586 357
1268 2511 1406 2567 Juda
1462 2509 1581 2564 vult
1626 2505 1872 2575 intelligi,
1923 2520 2113 2559 sensus

525 2615 711 2678 aperte
738 2604 981 2662 veritatis
1009 2610 1177 2674 patet,
1227 2602 1354 2671 quia
1383 2598 1575 2655 summi
1611 2597 1862 2652 doctores
1889 2594 2109 2659 habent,

523 2701 617 2771 qui
669 2698 864 2755 docere
894 2696 1141 2752 nesciunt
1185 2692 1591 2764 praedicatione,
1643 2689 1901 2759 prodesse
1930 2694 2111 2741 autem

525 2792 747 2848 valeant
791 2804 980 2862 opere.
1029 2788 1137 2843 Sed
1172 2787 1285 2857 jam
1338 2784 1595 2841 recensiti
1633 2783 1701 2837 ad
1756 2788 1903 2836 tanta
1930 2780 2114 2851 prmlia

525 2882 810 2938 audiamus
847 2894 955 2951 qua
998 2887 1115 2934 arte
1158 2878 1549 2947 subsequenter
1591 2873 1871 2929 dimicent.
1922 2871 2115 2942 Sequi-

525 2981 611 3028 tur
645 2991 658 3025 :

599 3064 775 3135 (Vers.
808 3062 888 3133 5.)
944 3061 1166 3132 Cumque
1190 3060 1405 3114 venisset
1436 3058 1567 3114 Saul
1598 3066 1625 3095 ι
1654 3073 1816 3129 usque
1841 3056 1911 3111 ad
1937 3055 2116 3110 civita-

530 3164 628 3211 tem
657 3153 922 3218 Amalech,
957 3152 1165 3207 tetendit
1193 3150 1413 3205 insidias
1443 3149 1511 3202 ad
1532 3156 1829 3203 torrentem.

2216 1959 2395 2028 statis,
2424 1969 2481 2014 et
2528 1959 2597 2014 ad
2646 1959 2880 2016 fructum
2911 1960 3243 2029 propaginis.
3280 1959 3434 2016 Unde
3462 1969 3519 2016 et
3542 1962 3690 2017 idem
3718 1963 3813 2019 do-

2214 2058 2335 2106 ctor
2361 2051 2608 2121 egregius
2635 2050 2703 2107 de
2726 2050 2906 2118 vidua,
2937 2066 3056 2121 qum
3081 2050 3235 2120 juxta
3271 2050 3387 2119 ejus
3414 2053 3710 2108 consilium
3738 2056 3813 2110 sic

2214 2158 2533 2214 permanere
2556 2159 2664 2200 non
2688 2150 2889 2212 potest,
2922 2142 3053 2197 dicit
3082 2159 3097 2195 :
3157 2138 3308 2207 Quod
3337 2144 3383 2198 si
3430 2161 3486 2198 se
3515 2161 3622 2199 non
3650 2149 3814 2201 conti-

2215 2247 2321 2304 net,
2351 2238 2509 2292 nubat
2536 2245 2734 2292 tantum
2752 2240 2807 2292 in
2829 2238 3055 2292 Domino
3082 2235 3270 2308 (Ibid.,
3295 2236 3371 2309 9).
3430 2236 3550 2293 Non
3575 2240 3631 2293 in
3657 2239 3814 2295 Ama-

2215 2331 2360 2396 lech,
2386 2332 2481 2387 sed
2508 2333 2560 2386 in
2592 2331 2853 2397 Domino;
2889 2341 2947 2386 ut
2978 2347 3097 2401 quae
3124 2347 3155 2386 a
3178 2332 3379 2401 nuptiis
3401 2333 3687 2389 abstinere
3710 2350 3813 2389 non

2214 2423 2493 2495 prtevalet,
2520 2422 2789 2478 obscenos
2838 2430 3026 2491 gestus
3054 2423 3110 2478 in
3140 2422 3342 2479 foedere
3389 2426 3709 2495 nuptiarum
3737 2428 3815 2481 vi-

2218 2521 2317 2569 tet.
2341 2514 2443 2569 Cui
2470 2514 2637 2569 etiam
2662 2514 3045 2581 comminatur,
3085 2513 3272 2569 dicens
3305 2530 3318 2567 :
3371 2512 3457 2569 Ne
3486 2516 3750 2571 involvam
3772 2526 3815 2571 te

2216 2622 2333 2661 cum
2358 2624 2437 2661 eo.
2475 2606 2676 2661 lnvolvi
2705 2605 3085 2676 peccatoribus
3114 2614 3199 2660 est
3243 2614 3443 2661 aeterna
3470 2621 3640 2676 paena
3667 2608 3817 2661 dam-

2216 2702 2354 2758 nari.
2388 2699 2543 2755 Unde
2569 2709 2625 2754 et
2652 2699 2719 2754 de
2757 2713 2989 2767 nequam
3018 2713 3175 2754 servo
3204 2698 3260 2753 in
3304 2697 3602 2771 Evangelio
3633 2701 3814 2756 Domi-

2216 2808 2318 2849 nus
2344 2792 2476 2847 dicit
2508 2808 2522 2844 :
2551 2790 2753 2862 Ligatis
2789 2788 3025 2860 pedibus,
3077 2797 3128 2844 et
3169 2788 3430 2859 manibus,
3482 2792 3729 2862 projicite
3756 2794 3809 2846 in

2219 2884 2455 2941 tenebras
2475 2884 2751 2939 exteriores
2777 2881 2993 2953 (Matth.
3025 2898 3155 2949 xm,
3188 2881 3300 2953 l3).
3332 2882 3492 2938 Modo
3514 2898 3651 2952 ergo
3679 2901 3815 2955 prte-

2217 2977 2488 3032 dicatores
2516 2974 2792 3029 auditores
2816 2972 3076 3052 reprobos
3095 2989 3203 3029 non
3231 2973 3530 3040 involvunt,
3555 2976 3683 3044 quia
3713 2977 3813 3031 etsi

2217 3064 2443 3121 verbum
2472 3070 2843 3130 contemnunt,
2893 3063 3070 3119 redire
3107 3071 3291 3120 tamen
3322 3065 3389 3119 ad
3428 3065 3808 3135 paenitentiam

2220 3158 2396 3214 donec
2433 3158 2643 3223 vivunt,
2676 3171 2799 3211 cum
2827 3156 3036 3223 volunt,
3070 3166 3317 3226 possunt.
3365 3156 3639 3214 lnstanter
3682 3174 3812 3229 ergo

601 3245 689 3300 12.
719 3244 850 3312 Quis
877 3244 963 3298 hic
983 3251 1194 3298 torrens
1222 3250 1325 3308 est,
1350 3239 1452 3294 nisi
1483 3238 1574 3293 ille
1607 3238 1673 3292 de
1703 3252 1813 3307 quo
1842 3249 1938 3305 per
1959 3232 2113 3291 Psal—

2223 3249 2541 3319 conjugibus
2560 3248 2857 3319 conjugalis
2886 3249 3144 3306 honestas
3175 3251 3492 3321 imperanda
3535 3260 3635 3319 est,
3680 3254 3811 3320 quia

531 3338 745 3395 mistam
771 3336 968 3391 dicitur
1001 3353 1015 3388 :
1071 3333 1152 3388 De
1174 3341 1400 3387 torrente
1428 3334 1481 3385 in
1504 3332 1587 3385 via
1628 3330 1753 3383 bibit
1803 3327 1972 3401 (Psal.
2005 3343 2115 3395 ets,

530 3431 625 3502 7)?
666 3430 900 3486 Torrens
948 3428 1148 3499 quippe
1197 3426 1483 3482 decursum
1528 3431 1728 3479 nostra:
1776 3421 2120 3477 mortalitatis

527 3523 792 3593 designat.
819 3521 946 3577 Saul
972 3536 1101 3590 ergo
1122 3521 1176 3576 in
1191 3526 1430 3575 torrente
1451 3517 1672 3573 insidias
1690 3516 1878 3580 tendit,
1901 3514 2118 3583 quando

528 3615 852 3686 prmdicator
900 3613 1157 3669 Ecclesia:
1209 3611 1428 3667 aeternis
1456 3609 1692 3679 praemiis
1732 3606 2119 3662 consideratio-

538 3722 665 3763 nem
708 3715 906 3762 nostrte
959 3706 1303 3761 mortalitatis
1356 3705 1563 3760 inserit.
1625 3702 1697 3759 Ut
1723 3704 1866 3759 enim
1889 3702 2121 3760 lubricas

534 3797 744 3852 animas
767 3796 921 3865 quasi
940 3810 1038 3865 per
1058 3795 1297 3850 fraudem
1319 3794 1518 3864 capiat,
1543 3793 1705 3848 modo
1721 3791 2120 3861 cmlestialoqui

452 3884 455 3887 ’
532 3888 794 3953 inchoat,
837 3885 931 3942 sed
970 3893 1195 3955 repente
1244 3884 1309 3939 ad
1363 3882 1739 3953 exponendam
1795 3890 2121 3937 internarum

533 3995 816 4054 pmnarum
844 3977 1192 4033 acerbitatem
1218 3975 1571 4040 convertitur,
1615 3982 1676 4029 ut
1695 3990 1898 4031 secum
1920 3974 1973 4029 in
2001 3990 2126 4031 car-

534 4073 619 4129 nis
643 4070 1003 4127 delectatione
1055 4076 1266 4124 mentes
1292 4073 1615 4122 terreantur.
1644 4065 1807 4133 Quasi
1836 4066 1979 4121 enim
2027 4082 2124 4136 per

535 4161 780 4218 lraudcm
806 4160 1010 4225 educit,
1041 4173 1136 4229 per
1156 4158 1375 4213 insidias
1405 4157 1655 4228 percutit,
1710 4156 1835 4212 dum
1865 4156 1985 4212 lmta
2036 4156 2122 4213 lo-

538 4268 711 4326 quens
752 4253 822 4307 ad
857 4252 1180 4308 audiendum
1210 4259 1504 4322 provocat,
1558 4258 1614 4307 et
1667 4252 1858 4306 mortis
1888 4249 1914 4288 b
1950 4252 2124 4308 tristia

539 4346 750 4413 inserit,
774 4354 832 4399 ut
846 4344 1068 4401 audiant
1085 4343 1273 4399 lubrici
1294 4342 1437 4414 quod
1450 4352 1831 4414 expavescant.
1849 4343 1977 4399 Saul
1993 4356 2121 4412 ergo

542 4436 612 4492 ad
631 4436 888 4493 Amalech
913 4436 1184 4491 civitatem
1212 4435 1392 4502 venit,
1416 4450 1535 4490 cum
1558 4434 1752 4491 doctor
1789 4435 1995 4489 munita
2027 4449 2123 4505 per

543 4528 791 4583 illicitum
826 4542 1063 4582 amorem
1094 4526 1258 4582 corda
1284 4534 1629 4597 peccatorum
1658 4526 1944 4581 dulcedine
1971 4535 2125 4580 teter—

2220 3341 2398 3397 valida
2454 3340 2808 3395 mulctatione
2863 3339 3099 3395 dicitur:
3156 3341 3327 3410 Abite,
3377 3340 3541 3412 348
3590 3342 3812 3396 recedite

2222 3434 2412 3507 absque
2437 3434 2667 3488 laesione.
2709 3430 2931 3486 Discede
2977 3429 3041 3485 ab
3089 3433 3355 3497 Amalech,
3388 3450 3451 3486 ne
3480 3433 3732 3487 involvam
3764 3442 3813 3486 te

2221 3543 2337 3580 cum
2366 3542 2447 3580 eo.
2494 3525 2707 3594 Absque
2734 3522 2952 3577 laesione
2979 3522 3193 3593 quidem
3224 3538 3383 3588 nunc,
3420 3539 3530 3579 non
3554 3533 3682 3579 tunc
3720 3538 3811 3577 re-

2222 3618 2453 3686 ceditur,
2480 3617 2607 3687 quia
2629 3614 2719 3686 qui
2744 3629 2839 3685 per
2866 3614 3049 3669 omnia
3094 3614 3341 3682 turpibus
3366 3614 3697 3680 similantur,
3722 3628 3814 3669 eo-

2222 3727 2341 3767 rum
2369 3710 2603 3766 laasionis
2630 3716 2881 3779 expertes
2928 3724 3036 3763 non
3090 3714 3270 3763 erunt.
3310 3708 3409 3775 Qui
3435 3708 3599 3764 etiam
3624 3708 3816 3764 fecisse

2223 3817 2345 3857 cum
2377 3800 2499 3856 ﬁliis
2520 3799 2684 3856 Israel
2705 3798 2775 3854 de
2802 3797 3039 3871 Egypto
3060 3799 3473 3855 ascendentibus
3500 3801 3812 3857 misericor-

2222 3892 2363 3948 diam
2389 3892 2605 3960 dicitur,
2626 3890 2751 3960 quia
2782 3889 2979 3944 inﬁrmi
3003 3899 3203 3945 sanctte
3240 3888 3492 3945 Ecclesiae
3519 3890 3636 3951 filii,
3690 3891 3811 3944 dum

2222 3992 2497 4053 perpetuae
2523 3980 2869 4037 continentia:
2888 3981 3087 4035 bonum
3109 3995 3326 4036 servare
3352 3986 3650 4048 nequeunt,
3684 3994 3810 4034 con-

2220 4073 2350 4144 jugii
2380 4073 2727 4128 miseratione
2755 4072 3139 4142 suscipiuntur.
3184 4070 3264 4125 Ab
3312 4069 3549 4140 Egypto
3591 4070 3809 4139 quidem

2224 4167 2541 4235 ascendunt,
2581 4167 2707 4237 quia
2766 4167 2993 4221 luxuriae
3048 4173 3105 4221 et
3145 4162 3516 4220 fornicationis
3564 4163 3813 4219 tenebras

2224 4263 2499 4319 deserunt.
2554 4258 2620 4313 Et
2674 4258 3102 4315 misericordiam
3166 4272 3197 4311 a
3258 4256 3442 4326 Cyneo
3489 4255 3811 4326 suscipiunt,

2224 4352 2350 4421 quia
2399 4349 2634 4419 conjugii
2688 4349 3071 4419 indulgentiam
3106 4355 3504 4418 promerentur.
3560 4345 3717 4402 Unde
3762 4353 3813 4400 et

2225 4441 2417 4497 doctor
2445 4441 2685 4511 gentium
2702 4440 2868 4496 dicit:
2910 4439 3026 4495 Hoc
3060 4440 3174 4495 dico
3222 4439 3503 4495 secundum
3534 4440 3810 4511 indulgen-

2226 4533 2373 4600 tiam,
2405 4549 2505 4587 non
2534 4532 2812 4587 secundum
2841 4530 3109 4598 imperium
3133 4528 3186 4601 (Ι
3218 4529 3336 4586 Cor.
3371 4546 3462 4595 vn,
3488 4528 3569 4598 6).
3604 4529 3675 4583 Et
3694 4530 3810 4599 quia

545 4634 630 4674 nae
652 4618 1001 4686 jucunditatis
1039 4617 1280 4671 attrahit.
1313 4617 1420 4672 Sed
1462 4617 1683 4673 insidias
1713 4616 1761 4671 ei
1785 4618 1837 4671 in
1881 4626 2115 4673 torrente

2228 4633 2413 4679 sancta
2436 4623 2677 4680 Ecclesia
2699 4624 2887 4680 electis
2916 4623 3143 4679 subditis
3191 4623 3332 4679 bona
3378 4638 3498 4692 qua:
3544 4623 3809 4694 loquendo

542 4708 850 4776 abscondit,
902 4708 1027 4777 quia
1056 4708 1245 4763 mortis
1266 4706 1751 4763 considerationem
1791 4706 2014 4775 inducit,
2064 4717 2125 4762 ut

541 4802 695 4872 quasi
725 4816 794 4856 ex
822 4801 1027 4856 insidiis
1052 4808 1421 4871 erumpentem
1443 4806 1633 4855 contra
1660 4814 1718 4853 se
1742 4798 1968 4854 militem
1998 4814 2125 4869 pec-

541 4902 692 4949 cator
718 4891 918 4956 videat,
967 4898 1023 4947 et
1050 4891 1175 4946 dum
1227 4906 1287 4947 se
1314 4891 1574 4946 velociter
1600 4890 1919 4944 moriturum
1946 4891 2126 4946 consi-

540 4985 712 5051 derat,
761 4999 970 5039 moram
1011 4985 1220 5055 peccati
1268 4984 1491 5039 tendere
1545 4982 1687 5039 ultra
1754 4984 2121 5054 pertimescat.

530 5072 792 5143 'Sequitur
825 5092 839 5127 :

612 5164 789 5236 (Vers.
819 5164 895 5234 6.)
948 5165 1092 5220 Dixit
1119 5166 1253 5220 Saul
1276 5164 1488 5236 Cyneo:
1524 5163 1743 5219 Discede
1772 5165 2122 5236 abAmnlech,

539 5273 605 5311 ne
625 5259 759 5328 forte
776 5257 1029 5311 involvam
1051 5265 1097 5310 te
1117 5272 1229 5310 cum
1256 5273 1335 5309 eo.
1370 5255 1446 5309 Tu
1474 5258 1609 5309 enim
1637 5259 1802 5329 fecisti
1833 5235 2125 5313 misericor-

541 5349 681 5403 diam
702 5365 817 5403 cum
837 5349 1073 5404 omnibus
1101 5350 1227 5420 ﬁliis
1254 5348 1443 5417 Israel,
1480 5367 1596 5404 cum
1643 5364 1665 5391 ο
1696 5352 2031 5407 escenderent
2060 5354 2124 5408 de

544 5439 797 5512 Egyplo.

617 5530 705 5586 15.
746 5531 875 5597 Quis
901 5543 983 5592 est
1027 5532 1260 5607 Cyneus,
1317 5534 1555 5603 quicum
1592 5534 1846 5590 Amalech
1878 5536 2124 5595 habitare

548 5612 912 5690 cognoscitur,
967 5623 1057 5695 qui
1108 5634 1165 5681 et
1192 5624 1469 5681 discedere
1523 5626 1751 5696 cogitur,
1790 5642 1860 5684 ne
1886 5645 2007 5686 cum
2053 5646 2122 5688 eo

621 5814 647 5843 ⁸
677 5804 855 5869 Deest,
887 5822 1043 5869 usque
1063 5806 1115 5859 in
1141 5805 1305 5860 Gilot.

629 5873 656 5913 δ
681 5873 844 5930 Gilot.
874 5882 929 5929 et
954 5873 1154 5939 Vatic.,
1174 5876 1352 5929 mortis
1377 5874 1607 5929 tristitia.

2227 4716 2447 4773 exhibet
2468 4716 2773 4788 persuadet,
2813 4715 3057 4785 sequitur
3079 4731 3093 4767 :

2298 4810 2474 4877 (Vers.
2507 4809 2584 4882 6.)
2618 4809 2686 4863 Et
2722 4810 2932 4863 recessit
2969 4806 3173 4877 Cyneus
3194 4806 3257 4862 de
3276 4807 3446 4862 medio
3473 4807 3746 4862 Amalech.

2300 4899 2387 4955 14.
2418 4901 2495 4957 De
2524 4900 2703 4955 medio
2731 4898 2950 4968 quidem
2981 4898 3241 4955 Amalech
3292 4899 3525 4954 discedit
3553 4900 3807 4968 conjunx,

2226 4992 2293 5048 de
2320 5000 2474 5064 parte
2496 5006 2604 5047 non
2632 4999 2831 5062 potest,
2862 4991 2989 5060 quia
3017 4991 3120 5045 etsi
3146 4999 3326 5060 gestus
3367 4991 3500 5044 vitat
3530 4992 3807 5062 turpitudi-

2228 5084 2335 5152 nis,
2380 5082 2548 5137 vitare
2601 5098 2708 5136 non
2760 5088 2941 5152 potest
2991 5080 3243 5136 allectum
3273 5081 3589 5151 voluptatis.
3636 5081 3806 5153 Ignem

2229 5175 2425 5245 quippe
2456 5183 2760 5245 temperare
2787 5188 2885 5244 per
2912 5173 3253 5228 honestatem
3274 5172 3535 5241 conjuges
3571 5179 3804 5244 possunt.

2229 5267 2305 5322 De
2328 5268 2502 5322 medio
2526 5268 2686 5336 igitur
2712 5266 2971 5322 Amalech
3015 5271 3236 5334 exeunt,
3286 5264 3410 5334 quia
3440 5264 3546 5320 etsi
3587 5264 3806 5321 carnali-

2228 5365 2329 5420 bus
2355 5363 2632 5419 desideriis
2661 5361 2881 5417 omnino
2905 5374 3095 5416 carere
3115 5368 3406 5430 nequeunt,
3432 5359 3609 5429 ipsum
3636 5369 3805 5415 tamen

2228 5456 2409 5511 carnis
2455 5454 2737 5524 imperium
2788 5452 2885 5508 sub
2932 5460 3205 5523 praecepto
3257 5452 3558 5506 honestatis
3600 5448 3805 5505 vinculo

2228 5548 2594 5603 moderantur.
2626 5544 2879 5614 Sequitur
2901 5561 2914 5597 :

2301 5635 2477 5707 (Vers.
2511 5634 2588 5705 7.)
2639 5632 3003 5706 Percussitque
3055 5632 3187 5689 Saul
3232 5634 3477 5690 Amalech
3520 5633 3585 5691 ab
3613 5631 3796 5696 Evilat,

2308 5818 2332 5848 ο
2363 5805 2552 5874 Gilot.,
2574 5806 2871 5861 ascenderet
2898 5806 2963 5861 de
2989 5804 3242 5879 digypto.
