4052 6338
266 359 370 423 M7

264 482 428 538 donec
454 478 647 535 ueniret
675 475 800 544 Sur,
832 488 944 549 qua:
969 482 1092 531 este
1118 478 1329 548 regione
1356 475 1599 547 Egypti.

333 568 422 626 15.
454 567 631 625 Evilat
653 567 957 639 parturiens
994 568 1399 638 interpretatur,
1447 566 1553 623 Sur
1581 564 1847 636 angustia,

265 664 535 737 Egyptus
564 661 818 719 tenebrre.
867 661 1320 732 Concupiscentia
1358 669 1541 717 autem
1569 667 1850 731 peccatum

261 759 424 829 parit.
453 754 649 811 Merito
677 755 837 824 igitur
858 754 1203 826 parturientis
1224 754 1444 810 nomine
1460 752 1849 824 concupiscen-

261 854 334 908 tia
360 850 689 918 designatur.
743 847 1015 919 Propheta
1054 848 1218 905 etiam
1258 848 1646 920 imptenitentis
1673 846 1852 905 cordis

260 943 534 1013 angustias
569 941 846 998 incurrere
873 949 1122 998 metuens
1177 943 1445 1009 obsecrat,
1505 940 1731 997 dicens:
1764 937 1852 995 Ne

258 1034 533 1090 absorbent
561 1051 643 1088 me
667 1032 1000 1105 profundum,
1044 1050 1205 1105 neque
1232 1041 1416 1105 urgeat
1443 1049 1596 1102 super
1627 1049 1708 1086 me
1748 1048 1847 1100 pu—

258 1136 368 1181 teus
398 1142 455 1180 os
483 1140 635 1179 suum
667 1123 840 1195 (Psal.
867 1140 1055 1195 vaui,
1079 1124 1191 1195 l6).
1238 1124 1440 1180 Doctor
1464 1137 1591 1193 ergo
1618 1123 1687 1178 ab
1723 1121 1851 1178 Evi-

260 1222 333 1274 lat
359 1232 528 1288 usque
556 1215 664 1272 Sur
709 1216 966 1271 Amalech
1015 1216 1268 1286 percutit,
1302 1232 1424 1272 cum
1461 1217 1515 1271 in
1542 1214 1849 1272 auditorum

256 1324 480 1364 suorum
529 1306 784 1363 cordibus
816 1307 944 1362 vitia
986 1315 1262 1378 conceptae
1289 1307 1668 1363 delectationis
1694 1322 1847 1362 com-

257 1402 461 1473 primit,
493 1407 551 1456 et
592 1400 751 1455 ﬁdem
798 1399 1226 1457 deliberationis.
1278 1402 1384 1456 Sur
1405 1402 1568 1456 etiam
1590 1400 1843 1471 percutit,

252 1510 379 1550 cum
407 1508 499 1548 eas
524 1500 737 1549 mentes
775 1492 990 1548 videtur
1043 1494 1111 1547 ad
1159 1492 1431 1562 pudicitiae
1460 1508 1703 1547 amorem
1736 1501 1848 1547 tra-

251 1588 405 1653 here,
435 1601 555 1655 quae
591 1586 647 1641 in
698 1586 922 1641 luxuriae
949 1586 1123 1643 fetore
1153 1596 1553 1657 proposuerant
1572 1587 1741 1641 vitam
1783 1586 1847 1637 ti-

248 1676 387 1732 nire.
413 1675 469 1730 ln
499 1676 744 1745 angustia
764 1676 908 1731 enim
937 1685 1061 1731 sunt
1090 1677 1179 1745 qui
1210 1677 1352 1746 capti
1370 1676 1483 1746 jam
1527 1676 1682 1731 malae
1712 1691 1847 1730 con-

246 1767 550 1822 suetudinis
576 1767 769 1838 laqueo
791 1768 1256 1838 constringuntur.
1281 1767 1349 1821 Et
1370 1767 1686 1833 notandum,
1718 1767 1845 1836 quia

1083 351 1148 411 IN
1189 352 1453 414 PRIMUM
1492 352 1737 413 REGUM
1776 347 2294 412 EXPOSITIONES.
2335 378 2408 394 —-
2445 351 2575 408 LIB.
2610 351 2701 408 Vl.

1878 481 1933 537 Α
1958 471 2283 543 pepercisse,
2323 481 2378 529 et
2406 470 2587 528 omnia
2614 471 2786 526 electa
2811 469 2928 540 ejus
2959 470 3277 546 concupisse
3296 479 3543 535 ostendi-

3437 358 3544 419 418

1955 575 2094 622 tur:
2151 575 2231 634 ut,
2279 567 2409 623 dum
2458 566 2904 635 transgressionis
2952 568 3145 625 modus
3194 571 3499 627 ostenditur
3525 612 3545 643 ,

1953 676 2115 733 quam
2144 662 2219 717 sit»
2241 660 2572 717 detestabilis
2600 661 2977 718 inobedientiae
3002 663 3159 735 culpa
3189 672 3542 723 monstretur.

2024 752 2077 808 5.
2108 752 2265 820 Quod
2301 753 2345 810 si
2368 753 2547 809 carnis
2567 752 2710 808 bella
2736 753 3112 825 describimus,
3136 772 3361 827 magnos
3417 771 3543 815 esse

1952 851 2138 921 lapsus
2166 852 2347 920 regios
2377 850 2699 906 invenimus.
2726 849 2879 907 Unde
2900 861 2956 908 et
2987 852 3243 910 Dominus
3276 855 3329 909 in
3354 853 3535 910 Evan-

1952 941 2094 1010 gelio
2117 940 2245 996 dicit
2276 959 2287 994 :
2313 940 2375 996 Si
2397 940 2477 995 sal
2505 944 2788 1007 evanuerit,
2812 942 2866 996 in
2896 959 2995 1010 quo
3040 943 3255 998 satietur
3277 944 3300 999 ?
3323 943 3543 1015 (Matth.
3620 1016 3625 1023 ⁴

1951 1050 2015 1097 v,
2050 1033 2164 1104 15.)
2198 1033 2373 1103 Reges
2418 1049 2551 1088 vero
2588 1032 2863 1100 Ecclesiae,
2899 1034 3015 1103 ejus
3068 1043 3197 1091 sunt
3235 1036 3548 1107 praedicato-
3619 1039 3627 1101 ξ

1950 1141 2061 1197 res,
2100 1127 2241 1182 sicut
2262 1141 2422 1196 supra
2466 1125 2580 1194 jam
2611 1133 2891 1181 ostensum
2944 1134 3044 1184 est.
3096 1126 3228 1193 Quis
3283 1141 3413 1196 ergo
3462 1133 3550 1183 est

1951 1218 2100 1287 Agag
2138 1233 2235 1274 rex
2264 1217 2543 1285 Amalech,
2578 1217 2677 1274 nisi
2705 1232 2895 1273 sensus
2924 1219 3189 1274 carnalis?
3241 1218 3374 1274 Nam
3421 1232 3546 1275 cum

1950 1326 2019 1367 ex
2048 1312 2226 1365 anima
2254 1311 2676 1366 rationalitatem
2694 1327 2757 1367 ac
2786 1312 3191 1368 sensualitatem
3220 1312 3548 1382 habeamus,

1950 1403 2292 1459 rationalilas
2314 1402 2505 1467 menti,
2537 1404 2859 1458 sensualitas
2904 1404 3052 1458 carni
3098 1404 3458 1471 adscribitur;
3487 1408 3547 1458 et

1949 1512 2047 1567 per
2073 1497 2221 1551 illam
2243 1512 2364 1552 cum
2388 1496 2613 1565 angelis,
2638 1511 2737 1566 per
2768 1495 2928 1551 istam
2958 1511 3081 1550 cum
3130 1496 3304 1552 brutis
3334 1495 3546 1551 anima-

1949 1585 2091 1641 libus
2128 1587 2501 1642 convenimus.
2534 1585 2594 1640 ln
2634 1585 2723 1639 illa
2753 1600 2861 1655 quo
2899 1583 3061 1640 altius
3104 1586 3431 1653 cxtollimur,
3464 1600 3551 1640 sua

1948 1679 2131 1749 pernis
2154 1679 2359 1735 civibus
2390 1678 2910 1749 appropinquamus.
2942 1677 3044 1733 Per
3073 1679 3235 1734 istam
3261 1694 3393 1734 vero
3428 1691 3540 1748 quo

1949 1767 2015 1823 ad
2040 1770 2222 1823 carnis
2242 1768 2610 1823 blandimenta
2641 1767 2953 1836 dilabimur,
2977 1769 3331 1835 carnaliores,
3372 1776 3432 1823 ut
3471 1768 3547 1823 ita

244 1859 355 1914 Sur
398 1876 430 1915 e
474 1861 697 1928 regione
752 1860 969 1932 IEgypti
998 1878 1119 1917 esse
1162 1861 1483 1928 ostenditur,
1514 1861 1639 1930 quia
1669 1860 1762 1931 qui
1790 1862 1845 1915 in
1876 1859 1921 1919 Β
1950 1859 2202 1926 dixerim,
2237 1859 2565 1915 invenimur.
2596 1856 2749 1913 Unde
2765 1868 2821 1913 et
2861 1860 2993 1914 visis
3014 1868 3069 1914 et
3107 1859 3407 1929 concupitis
3432 1857 3549 1929 jam

246 1950 463 2006 luxuria
492 1954 653 2007 vitam
682 1949 837 2009 ﬁnire
866 1953 1149 2020 deliberat,
1206 1952 1369 2009 modo
1412 1954 1466 2008 in
1498 1954 1843 2010 interioribus

242 2045 489 2102 tenebris
516 2046 781 2101 clauditur
839 2063 867 2100 a
926 2047 1119 2116 quibus
1147 2047 1215 2101 ad
1246 2047 1543 2103 exteriores
1587 2047 1846 2116 perduca-

240 2146 358 2192 tur.
409 2136 518 2193 Sed
574 2139 738 2194 etiam
790 2138 927 2195 liber
958 2147 984 2176 ⁸
1016 2139 1119 2194 iste
1145 2138 1446 2202 claudatur,
1477 2146 1539 2193 ut
1565 2138 1632 2193 ad
1652 2154 1844 2193 conse-

238 2230 468 2299 quentis
511 2231 1001 2287 considerationem
1060 2246 1157 2300 per
1206 2231 1484 2289 silentium
1533 2230 1835 2286 veniamus.

866 2320 1095 2379 CAPUT
1146 2322 1213 2379 ll.

312 2413 370 2469 ι.
422 2412 539 2470 Rex
584 2412 734 2479 Saul,
780 2415 872 2485 qui
902 2414 1165 2485 principia
1192 2415 1337 2470 bona
1373 2415 1583 2485 habuit,
1627 2417 1725 2470 sed
1783 2417 1839 2472 in

234 2506 402 2562 bonis
448 2522 567 2576 quae
608 2516 851 2579 coeperat
901 2524 1247 2579 nequaquam
1311 2510 1696 2580 perseveravit,
1741 2525 1838 2579 per

232 2610 413 2653 saeue
437 2596 687 2656 Historia:
716 2609 924 2656 textum
953 2603 1271 2668 ostenditur,
1304 2611 1364 2658 ut
1408 2604 1464 2658 in
1485 2619 1551 2659 eo
1580 2604 1839 2659 imitanda

233 2697 292 2744 et
323 2692 568 2745 cavenda
597 2691 895 2748 videamus.
954 2693 1045 2749 Sic
1095 2695 1347 2750 nimirum
1391 2703 1448 2750 et
1499 2696 1642 2750 male
1664 2696 1837 2752 cultas

234 2789 463 2849 segetes
486 2783 775 2853 carpimus,
799 2798 917 2853 qua:
942 2785 1009 2837 ad
1034 2785 1358 2840 messionem
1386 2785 1557 2856 spinis
1586 2785 1838 2840 admixtae

231 2878 596 2938 consurgunt.
641 2870 788 2927 Bene
829 2872 1045 2941 quidem
1074 2889 1168 2930 eas
1214 2875 1395 2943 legere
1424 2874 1591 2941 novit,
1644 2876 1839 2945 quisic

228 2967 401 3016 curat
435 2961 611 3030 spicas
639 2976 879 3031 carpere,
914 2971 975 3017 ut
1005 2964 1189 3032 spinas
1228 2966 1441 3020 studeat
1473 2966 1697 3020 evitare.
1748 2965 1839 3021 Sic

227 3051 375 3106 dum
409 3052 547 3107 horti
577 3068 707 3108 cura
756 3054 1062 3123 negligitur,
1118 3073 1241 3111 cum
1298 3057 1448 3113 olere
1474 3058 1620 3127 quod
1664 3056 1840 3113 reﬁcit

223 3140 485 3196 nascitur
512 3141 647 3197 vicia
677 3157 796 3212 qua:
822 3144 1032 3213 pungit.
1084 3144 1251 3212 Quasi
1296 3148 1439 3201 enim
1470 3146 1612 3202 male
1659 3148 1836 3203 cultos

1950 1952 2160 2009 ﬁliabus
2181 1954 2483 2018 hominum,
2510 1950 2623 2021 jam
2648 1951 2884 2022 impletis
2913 1952 2969 2006 in
2998 1953 3210 2008 luxuria
3241 1952 3543 2023 voluptati-

1944 2046 2066 2112 bus,
2097 2045 2164 2100 de
2191 2045 2273 2100 his
2301 2046 2392 2115 qui
2420 2044 2673 2114 puritatis
2704 2044 2901 2099 merito
2932 2043 3027 2099 ﬁlii
3052 2044 3147 2099 Dei
3169 2044 3507 2099 vocabantur
3526 2085 3543 2113 ,

1944 2138 2001 2192 in
2039 2136 2236 2191 Genesi
2265 2135 2525 2192 Dominus
2537 2136 2794 2201 minatur,
2814 2135 2999 2191 dicens
3030 2153 3044 2189 :
3079 2134 3206 2189 Non
3227 2135 3552 2205 permanebit

1942 2229 2157 2298 spiritus
2184 2245 2326 2282 meus
2347 2229 2402 2281 in
2426 2228 2633 2283 homine
2656 2228 2709 2281 in
2734 2234 3004 2295 teter-num,
3038 2243 3098 2282 eo
3125 2227 3261 2298 quod
3315 2243 3438 2280 caro
3475 2226 3545 2281 sit

1946 2318 2155 2391 (Cenes.
2190 2336 2260 2384 v1,
2287 2319 2365 2389 '5).
2404 2318 2543 2375 Caro
2572 2319 2772 2389 quippe
2804 2318 2969 2374 homo
3017 2316 3278 2386 efﬁcitur,
3326 2316 3545 2387 quando

1942 2412 2125 2467 sensui
2148 2411 2327 2466 carnis
2351 2411 2489 2467 ratio
2515 2411 2853 2481 subiugatur.
2878 2409 2995 2464 Rex
3025 2425 3155 2479 ergo
3183 2410 3441 2465 Amalech
3463 2409 3543 2464 vi-

1942 2515 2042 2571 gor
2071 2511 2153 2557 est
2175 2518 2366 2558 sensus
2398 2502 2653 2570 carnalis,
2680 2502 2774 2573 qui
2814 2501 3050 2557 motibus
3090 2502 3337 2572 turpibus
3382 2502 3548 2572 impe-

1941 2604 2048 2661 rat,
2079 2597 2418 2665 utcaptivam
2446 2596 2715 2651 rationem
2741 2596 2809 2651 ad
2854 2596 3139 2651 illecebras
3192 2595 3545 2652 obscenitatis

1944 2687 2141 2741 trahat.
2172 2686 2318 2741 Bene
2339 2694 2522 2741 autem
2553 2686 2758 2741 carnali
2812 2686 2998 2743 sensui
3053 2701 3253 2741 nomen
3299 2684 3549 2754 congruit

1940 2777 2292 2833 Amalechitue
2321 2779 2483 2848 regis.
2523 2777 2671 2849 Agag
2700 2779 2923 2849 quippe,
2972 2779 3261 2847 meditans,
3307 2778 3422 2834 sive
3460 2778 3541 2833 lo-

1942 2886 2117 2941 quens
2154 2871 2560 2939 interpretatur.
2613 2869 2858 2925 Meditari
2910 2870 3113 2940 quippe
3147 2870 3198 2925 ei
3224 2877 3327 2938 est,
3373 2870 3540 2939 phan-

1943 2973 2173 3019 tasmata
2195 2964 2424 3020 lasciviae
2449 2964 2661 3019 interna
2683 2963 3037 3019 meditatione
3059 2962 3334 3031 colligere.
3361 2961 3431 3015 Et
3450 2960 3540 3015 lo-

1941 3058 2036 3128 qui
2066 3058 2119 3113 ei
2148 3065 2231 3115 est
2257 3072 2479 3113 carnem
2508 3058 2746 3112 motibus
2776 3057 3025 3127 turpibus
3041 3056 3107 3110 ad
3134 3055 3410 3111 libidinem
3441 3068 3544 3110 ex-

1942 3151 2131 3206 citare.
2162 3147 2327 3216 Quasi
2347 3150 2491 3205 enim
2521 3163 2774 3220 magnum
2802 3149 3094 3204 clamorem
3124 3147 3415 3203 locutionis
3442 3146 3543 3201 ha-

225 3245 408 3300 agros
435 3232 641 3301 ingredi
670 3242 829 3291 caute
856 3236 1133 3308 discipulis
1160 3239 1507 3309 praecipiebat
1554 3239 1834 3304 Dominus,
1866 3245 1911 3308 C
1942 3242 2056 3308 bet,
2116 3242 2242 3311 quia
2292 3255 2513 3297 carnem
2568 3240 2832 3311 pulsando
2888 3238 3169 3294 ardentius
3213 3243 3539 3293 commovet.

224 3337 369 3378 cum
391 3322 600 3377 dicebat
629 3342 643 3377 :
677 3323 846 3395 Super
866 3327 1165 3381 cathedram
1196 3326 1369 3400 Moysi
1417 3330 1656 3383 sederunt
1685 3330 1833 3401 prin-

210 3416 379 3486 cipes
399 3423 445 3469 et
471 3414 752 3472 Pharisaei.
805 3419 1131 3493 Qutecunque
1172 3424 1585 3490 dixerintuobis,
1637 3426 1833 3495 facite;

226 3520 365 3577 qua:
407 3514 580 3559 autem
609 3508 829 3575 faciunt,
873 3510 1045 3578 facere
1074 3512 1235 3565 nolite
1288 3511 1504 3583 (Matth.
1553 3530 1706 3582 xxtu,
1753 3514 1833 3583 2).

224 3598 411 3666 Quasi
443 3597 624 3652 dicat:
668 3598 803 3665 Quia
835 3600 997 3656 mista
1027 3611 1153 3657 sunt
1181 3612 1323 3668 acta,
1372 3613 1428 3659 et
1452 3606 1615 3659 verba
1646 3621 1835 3674 repro-

221 3687 457 3753 borum,
488 3687 568 3743 sic
596 3688 781 3743 utendi
806 3699 948 3756 sunt,
972 3699 1031 3746 ut
1058 3693 1112 3747 in
1143 3693 1220 3748 eis
1241 3702 1483 3749 sumatur
1502 3693 1648 3763 quod
1663 3693 1836 3750 viviﬁ-

224 3788 351 3847 cat,
376 3778 576 3834 vitetur
604 3779 748 3848 quod
777 3791 957 3836 necat.
1014 3782 1152 3839 Hinc
1200 3785 1395 3841 iterum
1444 3788 1831 3855 prcenuntians,

226 3871 379 3927 dicit
410 3888 423 3925 :
465 3870 687 3927 Venient
716 3872 785 3927 ad
808 3890 897 3929 vos
924 3876 979 3929 in
1009 3878 1322 3932 vestimentis
1358 3880 1546 3945 ovium,
1584 3881 1835 3934 intrinse-

224 3980 329 4018 cus
363 3971 532 4018 autem
558 3975 678 4019 sunt
722 3967 830 4038 lupi
859 3985 1072 4039 rapaces
1124 3968 1339 4041 (Matth.
1382 3988 1471 4039 vir,
1519 3970 1629 4041 15).
1684 3972 1832 4030 Huc-

226 4068 418 4122 nsque
445 4068 570 4124 ergo
594 4056 757 4130 3&9
807 4074 989 4129 regem
1038 4059 1168 4116 Saul
1194 4071 1414 4141 strenue
1467 4065 1618 4134 regni
1646 4080 1831 4122 curam

227 4152 546 4218 gerentem,
596 4150 827 4207 libenter
854 4154 1201 4222 attendimus,
1257 4165 1694 4228 contemptorem
1718 4158 1833 4228 jam

229 4236 535 4294 Dominicis
559 4240 832 4309 jussionis,
888 4245 940 4300 in
990 4261 1098 4314 quo
1125 4248 1284 4302 vitari
1331 4256 1387 4305 et
1439 4249 1598 4320 abjici
1639 4250 1833 4308 debeat

230 4330 515 4386 subtiliter
542 4333 843 4391 videamus.
874 4335 1009 4390 Nam
1039 4341 1285 4407 sequitur
1316 4357 1329 4393 :

317 4420 500 4492 (Vers.
531 4421 585 4491 8,
617 4424 694 4495 9.)
719 4427 1071 4498 Apprehentlit
1099 4430 1248 4501 Agag
1275 4448 1443 4502 regem
1483 4431 1730 4487 Amalech
1752 4435 1830 4487 vi-

233 4532 383 4583 vum,
411 4532 562 4571 omne
592 4529 764 4574 autem
810 4523 988 4593 vulgus
1027 4524 1288 4595 interfecit
1329 4527 1383 4579 in
1432 4544 1520 4581 ore
1548 4526 1729 4597 gladii.
1760 4526 1831 4579 Et

1943 3336 2081 3391 Nam
2111 3342 2167 3390 et
2190 3322 2498 3390 meditando
2519 3334 2726 3403 colligit
2750 3333 2895 3403 quod
2946 3331 3220 3401 loquendo
3263 3336 3500 3400 exponat
3525 3346 3540 3382 :

1940 3428 2069 3497 quia
2093 3425 2465 3495 unusquisque
2499 3424 2704 3479 carnali
2754 3422 2936 3478 sensui
2968 3421 3233 3487 subditus,
3258 3435 3367 3489 quo
3397 3418 3539 3484 libe-

1940 3519 2052 3573 rius
2082 3517 2315 3572 lasciviae
2343 3516 2633 3571 simulacra
2670 3515 2817 3570 intus
2830 3513 3117 3584 conspicit,
3143 3526 3211 3568 eo
3252 3511 3540 3566 validiores

1940 3618 2120 3665 motus
2140 3607 2487 3680 turpitudinis
2515 3608 2646 3664 foris
2674 3609 2857 3663 sentit.
2874 3606 3165 3665 Meditatur
3193 3618 3323 3673 ergo
3345 3618 3441 3674 per
3463 3604 3542 3658 in-

1939 3710 2151 3758 ternam
2178 3701 2444 3757 visionem
2468 3698 3282 3770 turpitudinis;loquiturautem
3314 3711 3412 3766 per
3437 3710 3537 3751 ex-

1941 3794 2200 3849 teriorem
2231 3800 2440 3848 motum
2466 3788 2995 3848 delectationis.Rex
3011 3802 3141 3857 ergo
3165 3786 3422 3842 Amalech
3452 3785 3535 3840 lo-

1937 3901 2107 3956 quens
2135 3893 2192 3942 et
2220 3884 2489 3940 meditans
2518 3882 2733 3948 dicitur,
2765 3882 2891 3953 quia
2924 3881 3028 3937 illis
3057 3879 3296 3935 labentia
3336 3876 3541 3933 blandi-

1936 3983 2122 4030 menta
2151 3975 2331 4030 carnis
2360 3973 2600 4029 excitare
2630 3979 2832 4044 potest,
2875 3972 3067 4042 quibus
3112 3986 3211 4041 per
3236 3978 3420 4040 turpes
3447 3984 3536 4025 co-

1936 4069 2227 4140 gitationes
2256 4067 2454 4135 illudit,
2478 4074 2532 4122 et
2561 4081 2700 4138 quos
2743 4080 2841 4135 per
2889 4063 3284 4132 experientiam
3327 4060 3538 4115 blandae

1936 4162 2194 4217 motionis
2224 4160 2420 4216 erudit.
2451 4156 2560 4213 Sed
2607 4155 2929 4218 notandum,
2988 4153 3116 4221 quia
3155 4166 3265 4221 quo
3315 4150 3540 4206 liberius

1935 4254 2247 4321 meditatur,
2277 4268 2345 4309 eo
2370 4261 2424 4307 et
2447 4248 2670 4306 liberius
2717 4246 2956 4315 loquitur
2982 4262 2995 4299 :
3028 4244 3155 4314 quia
3187 4258 3408 4299 carnem
3465 4256 3534 4299 eo

1933 4345 2127 4401 fortius
2154 4348 2484 4406 commovet,
2536 4353 2646 4407 quo
2673 4351 2864 4392 causas
2892 4350 3003 4390 suae
3045 4333 3427 4390 commotionis
3455 4331 3540 4389 in-

1936 4446 2021 4490 tus
2041 4436 2331 4505 impressas
2378 4446 2477 4501 per
2504 4427 2892 4498 cogitationem
2934 4434 3099 4483 tenet.
3127 4425 3279 4481 More
3334 4424 3538 4486 etenim

1942 4526 2081 4596 ignis
2118 4542 2227 4595 quo
2252 4522 2511 4578 attentius
2534 4518 2859 4589 insuiﬁatur,
2885 4536 2951 4576 eo
2974 4518 3146 4588 magis
3175 4518 3489 4575 accenditur
3515 4534 3529 4572 :

233 4609 472 4679 pepercit
501 4609 631 4665 Saul
684 4623 733 4666 et
782 4615 1000 4685 papulas
1029 4614 1198 4687 Agag,
1248 4625 1295 4670 et
1342 4620 1548 4688 optimis
1596 4620 1831 4690 gregibus
1861 4615 1911 4675 D
1937 4617 2064 4685 quia
2108 4616 2155 4669 si
2184 4611 2343 4668 ﬂatus
2368 4612 2659 4668 immundm
2684 4611 3029 4681 cogitationis
3060 4610 3252 4678 deest,
3285 4610 3450 4667 ardor
3480 4609 3541 4664 li-

234 4702 433 4768 ovium,
461 4710 510 4755 et
528 4713 971 4773 armentorum;et
1000 4708 1240 4777 vestibus,
1267 4722 1318 4761 et
1344 4710 1609 4777 arietibus,
1641 4720 1690 4763 et
1717 4711 1835 4764 uni-

235 4793 429 4859 versis,
458 4809 571 4863 qute
592 4795 808 4864 pulchra
836 4808 1005 4866 erant,
1037 4815 1130 4851 nec
1159 4800 1730 4871 rotueruntdisperdere
1748 4819 1829 4856 ea.

239 4878 517 4953 Quidquid
536 4900 655 4940 vero
680 4886 777 4941 vile
791 4889 886 4959 fuit
908 4897 957 4942 et
986 4890 1278 4959 reprobum,
1309 4891 1403 4945 hoc
1432 4892 1664 4946 demoliti
1691 4902 1829 4948 sunt.

317 4975 374 5031 2.
400 4975 640 5032 Verbum
664 4979 877 5035 Domini
931 4979 1066 5035 fuit:
1116 4980 1272 5034 Nunc
1327 4984 1475 5049 uade,
1527 4993 1575 5037 et
1628 4995 1830 5055 percute

234 5068 515 5136 Amalech,
546 5079 597 5126 et
619 5072 865 5128 demolirc
889 5077 1126 5129 universa
1148 5075 1279 5146 ejus.
1315 5073 1440 5130 Non
1469 5074 1495 5111 ι’
1528 5094 1715 5148 parcas
1740 5079 1787 5132 ei
1814 5116 1830 5143 ,

237 5166 295 5211 et
319 5174 427 5213 non
449 5164 779 5233 concupisces
808 5182 872 5219 ex
897 5168 969 5222 eis
1000 5166 1214 5238 aliquid.
1258 5167 1461 5238 Aperte
1502 5182 1629 5237 ergo
1664 5177 1839 5226 trans-

237 5260 467 5319 gressor
496 5267 592 5323 per
613 5254 1034 5313 inobedientiam
1063 5258 1284 5325 exstitit,
1307 5259 1433 5326 quia
1458 5258 1682 5330 implere
1704 5277 1840 5331 prve-

238 5349 466 5410 ceptum
494 5341 707 5400 Domini
740 5362 839 5416 per
888 5349 1191 5419 superbiam
1235 5352 1524 5406 recusavit.
1580 5351 1840 5411 Dominus

235 5433 467 5505 quidem
496 5439 775 5509 prophetae
808 5442 1085 5512 priecepit,
1130 5442 1316 5499 dicens
1348 5462 1361 5497 :
1411 5441 1499 5498 Ne
1536 5448 1791 5516 parcasei
1821 5489 1840 5518 ,

232 5530 297 5580 et
325 5541 427 5583 non
456 5531 783 5602 concupisces
810 5546 874 5587 ea:
896 5532 1045 5588 rebus
1073 5534 1234 5604 ipsius
1263 5536 1481 5607 aliquid.
1510 5536 1611 5595 llic
1638 5555 1767 5597 vero
1788 5548 1845 5598 et

324 5715 352 5745 ι
373 5707 536 5765 Forte
557 5711 647 5768 hic
674 5713 810 5768 liber
829 5712 1046 5783 quintus
1079 5712 1392 5777 absolvitur,
1446 5726 1500 5772 et
1541 5729 1726 5776 sextus
1748 5718 1833 5775 in-

238 5778 502 5858 choatur,
532 5783 777 5853 adeoque
804 5778 967 5858 caput
1020 5782 1329 5858 pmicedens
1356 5786 1490 5843 libro
1520 5791 1709 5858 quinto
1739 5792 1836 5846 de-

237 5850 431 5905 betur.
474 5852 521 5907 A
557 5850 829 5911 communi
871 5850 1064 5913 'tameh
1107 5854 1386 5912 Editorum
1422 5850 1659 5916 omnium
1702 5862 1838 5917 divi-

1934 4706 2198 4762 bidinosa:
2220 4703 2605 4760 commotionis
2633 4702 2826 4759 adesse
2867 4718 2976 4759 non
3006 4710 3207 4773 potest.
3255 4702 3375 4758 Rex
3405 4714 3537 4769 ergo

1935 4798 2102 4855 Israel
2131 4806 2321 4855 contra
2367 4796 2625 4853 Amalech
2674 4811 2856 4865 regem
2905 4805 3128 4867 pugnat,
3176 4811 3301 4852 cum
3347 4796 3542 4849 doctor

1937 4892 2195 4949 Ecclesiae
2214 4899 2404 4947 contra
2429 4889 2840 4946 fornicationem
2863 4889 3119 4960 disputat.
3139 4886 3315 4954 Quem
3336 4885 3540 4939 victum

1940 4984 2104 5055 capit,
2132 4982 2348 5053 quando
2379 4981 2449 5037 ad
2476 4981 2688 5037 Veniam
2716 4981 2880 5051 350
2900 4993 3196 5036 conversos
3220 4986 3541 5045 peccatores

1941 5094 2052 5134 non
2074 5078 2249 5134 solum
2277 5075 2622 5147 ptenitentes,
2645 5062 2743 5132 sed
2772 5074 2937 5131 etiam
2978 5071 3299 5128 conﬁtentes
3320 5068 3492 5140 accipi
3520 5108 3535 5124 .

1945 5172 2109 5240 Quasi
2140 5186 2268 5241 ergo
2299 5170 2553 5227 Amalech
2583 5183 2766 5240 regem
2811 5168 2922 5239 jam
2951 5166 3194 5221 vinctum
3244 5172 3414 5231 tenet,
3446 5164 3540 5233 qui

1946 5264 2215 5322 carnalem
2247 5278 2482 5329 sensum,
2506 5263 2560 5317 in
2579 5261 2855 5319 conversis
2873 5258 3255 5330 peccatoribus
3278 5272 3375 5327 per
3398 5270 3541 5309 amo-

1946 5372 2062 5412 rem
2080 5355 2368 5428 pudicitire,
2393 5356 2506 5425 jam
2533 5355 2731 5411 rationi
2756 5353 3061 5424 subjectum
3081 5351 3251 5407 videt.
3276 5349 3382 5404 Sed
3411 5345 3539 5415 quid

1950 5455 2035 5504 est
2070 5446 2217 5517 quod
2252 5446 2465 5502 vinctus
2505 5446 2676 5515 vivit,
2705 5445 2809 5501 nisi
2846 5446 2972 5516 quia
3019 5442 3265 5499 nonnulli
3293 5447 3418 5496 sunt
3446 5438 3538 5507 qui

1948 5539 2182 5613 propriis
2209 5538 2549 5611 passionibus
2576 5552 2686 5595 non
2709 5545 3015 5606 moventur,
3037 5535 3153 5603 sed,
3180 5532 3378 5590 auditis
3401 5530 3539 5587 alie-

1944 5718 2099 5776 sione
2124 5719 2377 5777 recedere
2401 5732 2509 5773 non
2534 5715 2681 5783 licet,
2708 5715 2872 5773 nullis
2900 5715 3026 5771 Mss.
3052 5712 3210 5772 nobis
3237 5710 3538 5786 praelucen-

1944 5791 2233 5920 ιιὺιξιῧίῖὶίοι
2261 5870 2314 5919 et
2335 5858 2533 5925 Vatic.,
2562 5874 2665 5916 non
2689 5874 2875 5931 parcas
2902 5858 2996 5914 eis.

3440 5968 3469 5978 δ·-

2667 6024 2752 6037 Os."
2788 6025 2797 6030 ·
