4052 6338
584 305 687 362 419

1776 291 2021 355 SANCTI
2059 287 2391 349 GREGORII
2430 286 2641 345 MAGNI

3751 289 3851 349 420

577 419 660 477 nis
680 415 1122 483 obscenitatibus,
1149 420 1438 470 moventur
1467 408 1817 481 ?Pugnantes
1837 406 2002 462 fortes
2023 412 2169 473 sunt,
2202 409 2250 468 Α
2275 400 2625 459 deliberatam
2654 394 2975 472 pravitatem
2996 398 3410 471 perpetrandam
3438 398 3675 471 cogitur,
3715 401 3853 463 bene

577 511 673 568 scd
705 506 938 565 victores
967 505 1185 563 cadunt.
1234 496 1338 572 Qui
1388 502 1530 558 enim
1579 504 1939 571 expugnatum
1983 502 2166 568 regem

576 602 758 661 vivum
782 600 1033 667 servavit,
1064 597 1235 669 liquet
1259 595 1386 667 quia
1406 590 1461 649 in
1483 592 1725 664 ejusdem
1748 588 1875 649 belli
1896 586 2168 662 triumpho

580 698 727 772 capti
755 696 856 754 sibi
878 694 1020 767 regis
1040 704 1273 766 persona
1305 688 1525 761 placuit.

648 795 703 850 4.
730 790 869 862 Quid
893 806 1024 847 vero
1054 786 1198 844 aliud
1226 786 1448 853 iaciunt,
1475 774 1565 855 qui
1587 778 1652 839 ab
1683 776 1801 838 aliis
1821 785 2166 852 peccatorum

579 884 971 944 confessionem
1022 878 1329 953 recipiunt?
1376 874 1507 934 Nam
1559 874 1684 933 dum
1736 873 1993 944 cogitant,
2045 882 2169 941 qua:

578 986 897 1043 confitentes
936 979 1199 1045 fecerunt,
1243 978 1310 1033 ad
1358 975 1584 1041 scelera,
1624 988 1742 1045 quin
1772 972 2032 1039 audiunt,
2081 968 2167 1024 ln-

579 1080 911 1141 ardescunt;
960 1090 1084 1130 nam
1116 1085 1259 1144 Saepe
1313 1068 1438 1125 dum
1489 1066 1729 1133 audiunt,
1761 1064 1954 1137 quibus
1974 1077 2034 1118 se
2078 1061 2169 1116 alii

582 1168 964 1228 blandimentis
993 1165 1287 1222 obruerant
1311 1205 1326 1232 ,
1358 1176 1542 1217 amare
1592 1159 1693 1231 ipsi
1736 1158 2019 1228 incipiunt,
2051 1166 2169 1224 quae

575 1261 685 1331 jam
734 1276 921 1317 eorum
974 1254 1350 1314 exhortatione
1388 1253 1681 1307 morientes
1718 1247 1792 1304 illi
1822 1244 2165 1304 confitentur.

495 1396 503 1406 .
577 1350 695 1407 Jam
744 1365 871 1420 ergo
921 1349 973 1404 in
1022 1346 1153 1403 urbe
1183 1358 1280 1401 sua
1320 1343 1496 1399 victus
1542 1350 1598 1398 et
1654 1347 1843 1411 captus
1871 1346 1954 1394 est
2001 1335 2165 1406 Agag,

581 1442 676 1499 sed
716 1458 745 1497 a
778 1442 980 1497 victore
1028 1446 1293 1501 servatur,
1326 1446 1448 1490 cum
1477 1431 1620 1503 quod
1648 1428 1947 1487 detestatur
1975 1444 2005 1484 a
2042 1429 2170 1484 sub—

580 1536 721 1601 ditis,
775 1532 1008 1603 diligitur
1064 1546 1095 1585 a
1142 1526 1378 1601 prmlatis
1409 1544 1422 1581 :
1456 1525 1582 1596 quia
1635 1523 1867 1579 carnalis
1895 1534 2083 1578 sensus
2114 1521 2169 1575 in

579 1628 658 1682 eis
683 1627 866 1697 vigere
904 1620 1115 1695 incipit,
1140 1619 1234 1691 qui
1262 1618 1320 1675 in
1370 1617 1475 1673 illis
1496 1617 1741 1686 vigorem
1766 1615 1960 1684 iniqua:
1990 1611 2169 1668 domi-

576 1720 813 1775 nationis
843 1717 1042 1773 amisit.
1092 1712 1161 1769 Et
1187 1711 1313 1783 quia
1358 1707 1487 1765 dum
1518 1717 1763 1779 pastores
1813 1713 2037 1762 currunt
2094 1702 2166 1758 ad

2272 501 2397 564 post
2442 502 2593 561 oves,
2623 494 2890 559 armenta,
2917 498 2973 547 et
3008 498 3210 557 vestes,
3239 488 3495 548 arietibus
3543 496 3853 563 pepercisse

2267 588 2621 644 memoratur.
2649 584 2807 659 351
2838 584 3007 653 Quasi
3036 584 3180 641 enim
3224 583 3452 640 arietum
3504 590 3717 642 cornua
3755 590 3852 646 sibi

2268 680 2325 741 in
2352 679 2502 740 lenes
2530 679 2811 738 libidinum
2848 681 2987 736 ictus
3010 679 3245 752 placent,
3275 677 3370 750 qui
3395 678 3502 735 hoc
3526 678 3583 736 in
3609 688 3674 737 Ie
3693 692 3850 738 unum

2268 770 2505 833 retinere
2533 770 2747 845 nititur,
2777 771 2921 830 unde
2948 772 3017 828 ad
3038 769 3389 828 immunditim
3417 779 3653 829 mortem
3676 774 3854 846 perfo-

2269 876 2439 927 retur.
2470 867 2745 926 Arietibus
2772 882 2901 940 ergo
2922 867 3117 939 parcit,
3142 865 3236 937 qui
3267 864 3714 936 principitationis
3748 881 3853 923 sua:

2268 959 2406 1019 ictus
2431 970 2712 1034 gratanter
2757 962 2967 1033 recipit.
2998 960 3263 1031 Pungitur
3301 957 3522 1030 quippe,
3570 966 3631 1014 ut
3678 962 3851 1017 carnis

2270 1068 2378 1111 sum
2424 1054 2706 1111 desideriis
2749 1055 2988 1121 serviat;
3016 1052 3112 1108 sed
3137 1049 3283 1123 quod
3305 1062 3363 1106 se
3388 1050 3599 1107 fortiter
3627 1054 3815 1123 pungit
3834 1095 3852 1124 ,

2270 1147 2461 1203 leviter
2488 1144 2745 1202 oblectat.
2792 1143 2928 1212 Quia
2986 1143 3117 1199 item
3160 1156 3261 1212 per
3303 1141 3617 1197 innumeros
3670 1142 3854 1201 modos

2270 1237 2622 1295 obscenitatis
2652 1247 2889 1293 mentem
2938 1234 3104 1291 libido
3136 1232 3161 1273 δ
3195 1232 3349 1289 illicit
3378 1274 3396 1300 ,
3428 1248 3536 1289 non
3563 1232 3745 1289 solum
3773 1234 3851 1289 bis

2270 1330 2563 1387 nominatis
2618 1332 2781 1385 rebus
2802 1368 2816 1394 ,
2850 1326 2945 1385 sed
2970 1326 3238 1393 omnibus,
3265 1339 3386 1395 quae
3413 1325 3635 1396 pulchra
3674 1335 3846 1393 erant,

2268 1424 2578 1493 pepercisse
2625 1428 3015 1478 memorantur.
3042 1416 3236 1473 Omnia
3277 1430 3399 1488 qua
3430 1414 3537 1473 sibi
3581 1418 3852 1473 immunda

2269 1516 2449 1571 anima
2487 1514 2556 1572 de
2582 1512 2809 1570 luxuria:
2835 1512 3113 1582 voluptate
3143 1520 3167 1550 ο
3197 1514 3473 1580 gratanter
3501 1508 3707 1578 fingere
3742 1525 3851 1565 eer-

2272 1610 2439 1676 nitur,
2505 1607 2764 1664 Amalech
2794 1606 3021 1678 pulchra
3048 1604 3408 1662 nominantur.
3440 1602 3723 1675 Appetere
3749 1606 3851 1661 ltzcc

2272 1703 2475 1775 quippe
2502 1702 2810 1759 nullatenus
2840 1705 3047 1771 posset,
3077 1698 3126 1758 si
3155 1698 3509 1756 vehementer
3534 1698 3642 1754 sibi
3671 1712 3850 1755 eorum

574 1811 930 1884 praecipitium
950 1850 965 1874 ,
999 1805 1229 1878 subjecti
1256 1804 1618 1868 comitantur;
1660 1816 1755 1857 rex
1804 1800 1982 1855 vivum
2022 1800 2169 1869 Agag
2197 1804 2247 1866 Β
2272 1797 2480 1869 Species
2506 1812 2614 1853 non
2636 1794 2896 1867 placeret.

573 1906 785 1975 cepisse
843 1900 1061 1968 dicitur,
1099 1892 1197 1952 sed
1256 1892 1399 1951 idem
1430 1907 1566 1958 rex,
1615 1899 1670 1947 et
1716 1892 1947 1963 populus
1995 1889 2170 1945 eidem

574 1994 711 2065 regi,
742 2001 797 2048 et
820 1992 1124 2064 quibusque
1149 1984 1409 2043 Amalech
1456 1983 1678 2055 optimis
1722 1982 2029 2054 pepercisse
2056 1994 2172 2037 me-

2342 1885 2395 1942 5.
2427 1884 2534 1942 Sed
2559 1886 2683 1958 quia
2713 1900 2873 1942 casus
2900 1885 3169 1943 victorum
3195 1887 3473 1956 asseritur,
3498 1882 3719 1942 dicitur:
3750 1881 3852 1941 Nec

2268 1978 2534 2033 voluerunt
2596 1978 2893 2049 disperdere
2939 1993 3023 2033 ea.
3070 1976 3236 2045 Quasi
3284 1977 3427 2035 dicat
3474 1994 3490 2032 :
3547 1974 3853 2035 Potuissent

575 2089 876 2138 morantur.
910 2078 1141 2134 Parcere
1173 2076 1339 2144 enim,
1370 2072 1575 2132 auecta:
1600 2074 1796 2130 mentis
1838 2082 1951 2141 est,
1984 2088 2173 2130 amore
2271 2070 2599 2143 disperdere,
2629 2071 2675 2128 si
2701 2071 3018 2128 voluissent.
3042 2070 3177 2127 Nam
3203 2072 3281 2126 nil
3330 2069 3561 2140 facilius,
3594 2085 3763 2143 quam
3798 2069 3853 2126 li-

579 2171 696 2241 ejus
735 2168 821 2226 cui
850 2170 1044 2243 parcit.
1078 2166 1233 2235 Quod
1276 2174 1425 2222 certe
1452 2163 1687 2221 libidinis
1714 2164 1845 2220 vitio
1866 2164 2121 2221 convenit
2151 2182 2166 2219 :

576 2264 702 2334 quia
731 2272 791 2318 ut
818 2262 1033 2334 placere
1060 2260 1268 2333 incipit,
1294 2266 1534 2317 mentem
1572 2259 1629 2314 in
1654 2258 1737 2314 sui
1784 2271 2020 2314 amorem
2053 2265 2166 2313 tra-

574 2354 674 2408 hit.
698 2351 834 2421 Quia
856 2355 1017 2409 etiam
1033 2353 1325 2408 vehemens
1350 2360 1434 2408 est
1460 2353 1631 2408 virtus
1661 2351 1823 2417 illius,
1851 2359 2050 2407 statum
2072 2350 2169 2405 ha-

576 2444 707 2501 bere
736 2460 843 2500 non
876 2443 1064 2499 novit:
1097 2442 1222 2514 quia
1244 2443 1498 2498 nimirum
1548 2443 1661 2499 cito
1689 2441 1920 2513 perlicit,
1968 2441 2014 2496 si
2043 2456 2073 2496 a
2108 2455 2168 2498 se

574 2535 718 2591 hanc
737 2536 843 2591 cito
874 2532 1136 2603 evigilans
1165 2534 1375 2589 animus
1436 2547 1544 2589 non
1573 2532 1815 2603 expellit.
1858 2531 1994 2586 Nam
2040 2528 2167 2586 dum

573 2635 811 2683 mentem
838 2626 1061 2695 invadit,
1088 2640 1146 2681 se
1174 2641 1273 2697 per
1301 2626 1610 2682 innumeras
1651 2624 2038 2695 turpitudinum
2068 2639 2165 2679 co-

574 2710 863 2791 gitationes
892 2719 1115 2790 spargit.
1169 2716 1323 2773 Unde
1360 2722 1416 2773 et
1458 2718 1598 2774 bene
1646 2717 1864 2788 optimis
1918 2716 2167 2786 gregibus

570 2820 627 2866 et
659 2810 939 2877 armentis,
963 2818 1018 2865 et
1045 2804 1174 2865 Sani
1201 2808 1501 2879 etpopulus
1522 2808 1834 2880 pepercisse
1859 2820 2167 2864 memoran-

569 2908 679 2956 tur.
717 2899 1084 2971 Cogitationes
1134 2898 1354 2969 quidem
1400 2896 1683 2955 libidinum
1730 2912 1919 2971 greges
1943 2940 1957 2965 ,
1988 2906 2045 2954 et
2074 2912 2163 2953 ar-

571 3000 753 3046 menta
782 2991 1035 3047 dicuntur
1073 3007 1086 3044 :
1118 2990 1244 3060 quia
1268 2996 1322 3046 et
1348 2991 1644 3047 innumerae
1673 2998 1819 3058 sunt,
1844 3002 1901 3047 et
1940 2991 2007 3047 de
2029 3008 2165 3048 con-

566 3080 922 3153 templatione
949 3079 1301 3135 immunditia:
1329 3079 1383 3135 in
1431 3080 1667 3151 reprobo
1720 3078 1887 3136 corde
1928 3094 2161 3151 pascun-

2267 2162 2395 2220 bido
2434 2164 2670 2220 vincitur
2695 2204 2710 2231 ,
2739 2162 2786 2220 si
2831 2162 3008 2220 omnis
3037 2161 3312 2218 immunda
3359 2158 3620 2230 cogitatio
3670 2162 3855 2217 devite-

2268 2261 2381 2313 tur.
2400 2253 2573 2312 Tanto
2600 2255 2761 2325 igitur
2774 2252 2987 2312 facilius
3008 2253 3243 2327 disperdl
3257 2258 3458 2326 potest,
3480 2262 3694 2325 quanto
3715 2270 3854 2312 unus-

2269 2352 2497 2423 quisque
2525 2351 2765 2421 cogitare
2794 2351 2897 2405 alia
2926 2364 3089 2421 quam
3115 2349 3294 2406 carnis
3334 2349 3745 2405 oblectamenta
3770 2367 3854 2421 po—

2271 2448 2398 2497 test.
2427 2441 2562 2508 Quia
2594 2441 2739 2497 enim
2768 2439 2907 2497 duas
2945 2440 3107 2497 simul
3132 2455 3222 2498 res
3270 2436 3554 2510 imaginari
3603 2452 3717 2496 non
3744 2456 3854 2511 pos-

2268 2538 2477 2592 sumus,
2510 2525 2637 2581 dum
2664 2525 2927 2597 quidquid
2949 2532 3055 2595 est,
3086 2524 3231 2582 aliud
3264 2526 3589 2597 cogitamus,
3622 2526 3859 2596 cogitare

2269 2619 2540 2675 immunda
2570 2633 2677 2675 non
2701 2632 3007 2690 possumus.
3030 2618 3192 2675 Celer
3218 2628 3349 2688 ergo
3378 2626 3433 2674 et
3480 2616 3660 2674 facilis
3708 2619 3859 2674 victo-

2267 2709 2349 2766 ria
2378 2709 2636 2778 libidinis,
2667 2717 2752 2766 est
2776 2709 3195 2781 circumspectio
3220 2708 3607 2779 cogitationis:
3651 2708 3699 2762 si
3729 2722 3856 2778 quo-

2269 2801 2371 2858 ties
2396 2800 2631 2857 carnalia
2663 2801 2906 2870 obviant,
2960 2801 3028 2857 ad
3082 2801 3288 2870 aliquid
3332 2799 3575 2855 omnium
3610 2808 3855 2856 renum.

2266 2906 2406 2961 mus,
2437 2894 2582 2966 quod
2611 2893 2851 2951 libidinis
2878 2909 2986 2951 non
3012 2894 3083 2951 sit
3108 2892 3559 2951 blandimentum.
3601 2888 3723 2949 Hoc
3752 2894 3856 2963 qui-

2267 2985 2390 3043 dem
2413 2986 2567 3043 lacile
2590 2987 2875 3054 stantibus,
2908 3002 3018 3044 non
3056 2987 3221 3059 lapsis
3247 2985 3405 3043 facile
3434 2984 3667 3041 dixerim
3700 2986 3855 3057 :quia

2267 3080 2787 3151 quiperpetratione
2827 3081 3035 3152 peccati
3085 3081 3348 3137 immundi
3401 3080 3625 3151 spiritus
3674 3094 3856 3137 servus

568 3178 677 3226 tur.
704 3167 903 3240 Optimi
958 3170 1119 3225 etiam
1164 3176 1311 3236 sunt,
1367 3184 1477 3225 non
1505 3169 1824 3241 probatione
1860 3168 2117 3227 bonitatis
2142 3213 2157 3239 ,
2190 3186 2235 3249 c
2265 3169 2515 3234 efficitur.
2543 3187 2645 3229 nec
2665 3173 2845 3229 carnis
2868 3173 3226 3242 cogitationes
3247 3171 3415 3228 libere
3457 3180 3637 3244 potest
3666 3174 3854 3238 vitare,

570 3264 664 3319 sed
693 3263 935 3334 appetitu
962 3262 1229 3334 eligentis.
1262 3260 1318 3318 in
1347 3262 1512 3318 corde
1539 3262 1737 3318 etenim
1766 3262 2160 3336 reprobo,quia

568 3357 699 3413 nihil
722 3356 964 3430 diligitur
992 3356 1229 3425 charius,
1259 3355 1449 3427 optimi
1478 3367 1671 3425 greges
1716 3354 1972 3411 dicuntur
1995 3398 2010 3423 ,
2043 3357 2160 3427 qui-

570 3449 670 3506 bus
709 3450 813 3506 alia
854 3450 999 3505 nulla
1021 3457 1421 3522 comparantur.
1451 3446 1557 3503 Sed
1587 3448 1773 3519 optimi
1795 3446 2044 3505 dicuntur
2064 3463 2159 3517 pro

569 3543 811 3597 caecitate
840 3542 1037 3609 cordis,
1072 3550 1313 3597 armenta
1345 3555 1476 3595 vero
1506 3554 1605 3611 pro
1650 3549 1807 3596 reatu
1853 3548 2159 3611 transgres-

570 3631 755 3686 sionis.
786 3630 1050 3700 Reprobis
1072 3630 1271 3701 quippe
1299 3630 1569 3685 mentibus
1616 3643 1869 3699 magnum
1900 3644 2007 3685 non
2035 3637 2119 3685 est
2140 3670 2157 3698 ,

571 3722 843 3778 immunda
887 3724 1164 3792 cogitare;
1204 3722 1298 3777 sed
1346 3738 1530 3779 coram
1566 3723 1677 3779 Deo
1711 3733 1736 3761 ε
1777 3738 2001 3793 parvum
2052 3739 2159 3779 non

575 3824 680 3882 est,
709 3815 763 3870 in
794 3814 997 3884 templo
1022 3812 1139 3882 Dei,
1170 3814 1276 3869 hoc
1304 3822 1389 3870 est
1424 3814 1479 3869 in
1508 3816 2028 3885 regeneratospiritu
2055 3815 2159 3870 im-

573 3906 769 3961 munda
800 3920 1082 3976 reponere.
1115 3903 1295 3959 Parcit
1322 3919 1451 3975 ergo
1473 3920 1579 3961 non
1608 3904 1784 3961 solum
1817 3905 2028 3975 ovibus,
2063 3908 2158 3962 sed

571 3996 828 4052 armentis
858 3997 1021 4066 :quia
1051 3995 1140 4066 qui
1166 4009 1265 4065 per
1292 4010 1532 4051 amorem
1563 3994 1815 4062 libidinis,
1848 3998 2001 4066 quasi
2030 4012 2155 4068 par-

568 4101 663 4148 vas
692 4088 1040 4144 immunditiae
1068 4088 1250 4159 culpas
1297 4088 1509 4160 aspicit,
1569 4088 1720 4160 quasi
1764 4090 1942 4161 parvis
1990 4088 2156 4147 modo

565 4182 759 4253 parcit,
792 4180 885 4236 sed
908 4182 1099 4236 merita
1123 4197 1408 4252 poenarum
1436 4195 1601 4251 parva
1633 4196 1739 4236 non
1772 4182 1992 4239 invenit.
2025 4181 2157 4239 Pos-

566 4281 694 4330 sunt
720 4281 899 4329 autem
920 4274 1100 4329 ovium
1130 4275 1349 4330 nomine
1365 4273 1597 4331 leviores
1619 4274 1844 4330 luxuriae
1873 4275 2157 4346 cogitatio-

568 4380 665 4419 nes
692 4364 937 4434 intelligi,
968 4373 1211 4420 armenta
1238 4380 1368 4421 vero
1400 4362 1649 4421 fortiores
1688 4374 1744 4421 et
1789 4362 2149 4422 molestiores.

568 4454 778 4522 Quibus
800 4456 986 4525 utique
1006 4472 1103 4511 rex
1134 4462 1188 4511 et
1224 4456 1453 4527 populus
1492 4457 1685 4529 parcit,
1710 4472 1830 4513 cum
1887 4459 2151 4529 reprobus

2264 3277 2365 3319 nec
2387 3263 2452 3320 ad
2475 3264 2607 3321 alias
2629 3264 2738 3321 cito
2749 3262 3135 3321 recurrere.l)e
3156 3262 3454 3321 victoribus
3480 3274 3603 3333 ergo
3624 3262 3855 3319 dicitur:

2261 3352 2559 3411 Noluerunt
2590 3369 2658 3410 ea
2688 3353 3022 3425 disperdere,
3054 3354 3146 3425 qui
3184 3360 3509 3425 potuerunt,
3559 3353 3687 3422 quia
3736 3358 3858 3408 ante

2262 3462 2441 3504 casum
2470 3463 2500 3503 a
2523 3446 2711 3503 liberis
2736 3445 2894 3503 facile
2926 3455 3148 3517 peccata
3172 3445 3451 3513 vitantur;
3476 3443 3571 3501 sed
3595 3445 3641 3500 si
3671 3444 3858 3499 nolunt

2260 3539 2458 3605 vitare,
2488 3554 2607 3595 cum
2640 3546 2884 3609 possunt,
2916 3545 3107 3610 pastea
3137 3554 3245 3593 non
3268 3545 3519 3609 possunt,
3550 3538 3593 3593 si
3620 3535 3816 3592 volunt
3838 3577 3853 3603 ,

2262 3632 2386 3703 quia
2413 3630 2649 3701 perfecte
2676 3632 2816 3687 velle
2845 3646 2951 3688 non
2981 3637 3224 3701 possunt.
3277 3628 3483 3698 Quibus
3533 3628 3723 3698 utique
3765 3638 3857 3700 per

2264 3738 2324 3778 se
2353 3722 2564 3779 Veritas
2585 3724 2713 3779 dicit
2742 3741 2755 3777 :
2792 3724 2856 3779 Si
2892 3740 2978 3778 vos
3006 3722 3147 3795 ﬁlius
3195 3722 3508 3791 liberaverit,
3568 3737 3687 3777 vere
3716 3720 3855 3776 liberi

2263 3814 2407 3869 eritis
2421 3813 2599 3885 (Joan.
2629 3830 2746 3883 vm,
2773 3812 2888 3886 '56).
2916 3813 3081 3881 Quasi
3108 3814 3252 3870 dicat
3286 3834 3297 3868 :
3331 3813 3468 3882 Quia
3499 3824 3703 3884 sponte
3726 3814 3852 3869 libe-

2261 3905 2307 3960 ri
2349 3921 2467 3962 esse
2486 3905 2741 3976 desiistis,
2774 3914 3098 3977 potestatem
3123 3903 3478 3977 adipiscendm
3509 3905 3781 3960 libertatis
3806 3904 3852 3959 in

2258 3997 2415 4052 vobis
2440 3998 2549 4066 jam
2579 4011 2689 4053 non
2719 3996 2946 4053 habetis.
2975 3997 3111 4064 Quid
3143 4011 3274 4052 vero
3302 4004 3403 4063 est,
3434 3992 3582 4067 quod
3622 3992 3849 4050 dicitur:

2261 4086 2521 4159 Quidquid
2558 4104 2676 4143 vero
2731 4088 2828 4161 fuit
2875 4087 2973 4142 vile
3027 4094 3078 4142 et
3132 4085 3423 4158 reprobum,
3475 4086 3573 4142 hoc
3628 4085 3852 4141 dimetiri

2256 4188 2376 4235 sum
2402 4222 2418 4246 ,
2442 4176 2543 4236 nisi
2568 4179 2692 4250 quia
2717 4176 2963 4235 nonnulli
3000 4178 3265 4249 majorum
3282 4177 3703 4232 delectationnm
3735 4191 3853 4240 usu,

2256 4275 2498 4331 minores
2533 4272 2839 4331 fastidiunt?
2861 4273 3170 4345 Reprobum
3201 4270 3416 4343 quidem
3445 4278 3501 4327 et
3523 4268 3634 4327 vile
3658 4271 3738 4327 eis
3756 4280 3850 4334 est,

2255 4368 2403 4439 quod
2425 4369 2691 4424 electione
2719 4382 2907 4424 eorum
2964 4382 3083 4437 qum
3113 4365 3283 4436 magis
3339 4365 3576 4435 placent,
3620 4363 3854 4436 vilipen-

2254 4458 2406 4514 dunt.
2441 4458 2575 4525 Quia
2609 4459 2756 4514 enim
2780 4458 3089 4513 delicatiora
3117 4465 3341 4527 peccata
3370 4464 3641 4527 eXpetunt
3662 4499 3676 4521 ,
3709 4472 3849 4525 qua-

568 4547 779 4643 doctor,
809 4554 879 4643 et-
893 4546 1090 4643 subditi
1120 4554 1229 4643 tam
1258 4547 1465 4643 levibus
1495 4564 1653 4621 quam
1670 4547 1893 4605 fortibus
1916 4549 2149 4604 immun-
2173 4581 2227 4643 Β
2253 4550 2375 4606 dam
2398 4551 2711 4621 reprobant;
2728 4560 2781 4605 et
2800 4551 2925 4621 quia
2945 4548 3263 4620 pretiosiora
3288 4556 3506 4619 peccata
3525 4546 3847 4619 approbant,

563 4639 644 4692 dae
665 4638 1005 4705 cogitationis
1040 4638 1416 4695 vexationibus
1438 4640 1867 4695 substernuntur.
1896 4639 2033 4707 Quid
2055 4655 2147 4695 ve-

560 4743 624 4783 ro
654 4738 737 4783 est
765 4742 985 4799 parcere
1013 4729 1269 4797 vestibus,
1303 4730 1407 4785 nisi
1428 4731 1690 4786 damnata:
1713 4730 1822 4801 jam
1851 4731 2018 4787 menti
2048 4733 2147 4784 im-

560 4818 760 4872 munda
792 4816 1134 4875 deliberare?
1173 4820 1231 4875 Si
1259 4821 1405 4876 enim
1437 4836 1633 4877 aureus
1658 4821 1883 4877 vestitus
1935 4834 2147 4891 sponsa:

559 4911 837 4980 virginalis
874 4910 1042 4980 gloria
1073 4920 1176 4981 est,
1208 4926 1328 4983 quae
1357 4920 1678 4969 suntvestes
1707 4910 1986 4978 Amalech,
2042 4912 2146 4968 nisi

558 5002 698 5057 foeda
729 5003 1133 5074 inquinamenta
1186 5004 1447 5061 luxuriae?
1476 5004 1583 5059 Sed
1612 5005 1926 5061 vestimenta
1955 5003 2147 5060 dicun—

561 5101 649 5148 tur
680 5112 693 5147 :
722 5096 847 5163 quia
869 5111 1056 5152 eorum
1087 5094 1356 5152 velamine
1385 5104 1493 5151 tam
1522 5096 1719 5162 anima,
1752 5111 1914 5166 quam
1945 5112 2146 5167 corpus

558 5186 810 5243 inficitur.
842 5186 976 5254 Quia
1001 5189 1143 5243 enim
1166 5188 1398 5243 animam
1429 5188 1590 5244 ftedat
1629 5197 1685 5245 et
1712 5203 1907 5258 corpus
1953 5203 2144 5259 perpe-

557 5279 717 5334 tratio
758 5281 1003 5348 luxuriae,
1031 5297 1139 5337 non
1164 5281 1348 5350 vestis,
1396 5282 1492 5336 sed
1539 5290 1717 5339 vestes
1775 5281 2142 5336 nominantur.

558 5370 694 5437 Sed,
747 5382 810 5428 ut
871 5372 1023 5443 dixi,
1077 5390 1305 5445 parcere
1357 5373 1702 5440 deliberare,
1753 5391 1851 5446 per
1889 5374 2144 5433 affectum

563 5464 758 5518 mentis
784 5464 1055 5520 immunda
1081 5464 1304 5536 diligere
1331 5475 1433 5523 est.
1483 5466 1673 5522 Infelix
1705 5483 1835 5522 vero
1863 5468 2039 5522 anima
2066 5470 2145 5525 sic

560 5564 715 5621 capta
746 5592 763 5621 ,
791 5555 869 5610 sic
897 5556 1206 5628 illaqueata,
1234 5558 1360 5628 quia
1414 5558 1565 5615 miris
1621 5558 2029 5630 impulsionibus
2078 5560 2144 5616 ad

634 5741 658 5811 ξι
698 5731 869 5811 falle.
903 5745 955 5811 et
984 5735 1174 5811 G_i_lot.,
1197 5749 1459 5811 peccgtum
1481 5756 1712 5811 parvum.

636 5805 660 5845 δ
702 5804 907 5861 Vitiose
938 5808 989 5862 in
1017 5804 1206 5863 VatiC.‘
1224 5817 1277 5865 et
1304 5804 1491 5881 Guss.,'
1516 5812 1714 5868 illicita.
1810 5858 1825 5869 .

2256 4645 2393 4700 vilia‘
2428 4645 2637 4699 minora
2682 4652 2895 4714 putant.
2947 4642 3092 4699 Bene
3131 4655 3261 4712 ergo
3304 4641 3542 4697 dicitur:
3589 4639 3851 4711 Quidquid

2254 4738 2353 4792 vile
2373 4738 2467 4808 fuit
2491 4743 2540 4791 et
2555 4739 2846 4809 reprobum,
2863 4736 2958 4790 hoc
2975 4734 3204 4789 demoliti
3225 4742 3361 4788 sunt.
3381 4730 3518 4800 Quia
3535 4729 3848 4787 delicatior:

2253 4837 2473 4898 peccata
2503 4828 2741 4899 eligunt,
2778 4835 2831 4883 et
2852 4842 2971 4899 quae
2991 4828 3168 4882 minus
3190 4827 3426 4896 placent,
3466 4825 3625 4894 quasi
3661 4823 3843 4895 inepta

2252 4918 2544 4990 reprobant
2584 4930 2640 4977 et
2660 4920 2807 4975 velut
2833 4920 2953 4975 vilia
2978 4926 3351 4975 contemnunt.

2322 5013 2375 5067 6.
2410 5011 2514 5067 Ista
2545 5029 2673 5069 vero
2702 5013 2884 5068 omnia
2920 5011 3197 5067 moraliter
3216 5007 3512 5075 intellecta,
3567 5008 3847 5064 libidinum

2247 5118 2456 5174 pugnas
2486 5114 2649 5174 atque
2674 5104 2928 5159 victorias
2954 5122 2969 5170 ;
3012 5102 3107 5158 sed
3154 5101 3221 5157 ad
3251 5100 3554 5165 historiam,
3581 5098 3845 5168 superbo-

2218 5192 2365 5252 irum
2398 5204 2453 5252 et
2481 5196 2911 5253 inobedientium
2928 5204 3195 5249 tumorem
3222 5192 3525 5261 designant.
3549 5188 3686 5246 Nam
3717 5205 3845 5260 prr-

2259 5300 2477 5361 ceptum
2508 5306 2538 5344 a
2567 5289 2798 5345 Domino
2820 5287 2948 5345 Saul
2973 5286 3169 5353 fuerat,
3199 5292 3259 5341 ut
3284 5282 3545 5340 Amalech
3589 5282 3671 5337 sic
3700 5281 3844 5337 deie-

2248 5389 2353 5447 ret,
2386 5388 2445 5436 ut
2466 5379 2626 5436 alicui
2656 5394 2845 5436 eorum
2899 5393 3008 5433 non
3038 5381 3325 5447 parceret,
3372 5373 3615 5445 nihilque
3649 5386 3842 5428 concu—

2254 5472 2509 5541 pisceret.
2534 5470 2637 5537 Qui
2659 5482 2788 5540 ergo
2811 5477 2865 5526 et
2890 5468 3003 5540 regi
3024 5467 3285 5523 Amalech
3311 5467 3639 5538 pepercisse,
3674 5472 3725 5519 et
3751 5476 3841 5531 op-

2250 5563 2401 5619 timis
2431 5562 2734 5633 quibusque
2760 5560 2922 5619 rebus
2942 5560 3226 5627 asseritnr,
3256 5559 3521 5631 superbus
3568 5568 3625 5613 et
3664 5551 3838 5612 inobe

2328 5755 2351 5787 α
2386 5744 2652 5821 Corrupto
2679 5747 2735 5808 in
2760 5744 2921 5807 Guss.
2952 5753 3007 5807 et
3032 5740 3230 5814 Velie,
3255 5749 3565 5818 gratam.
