4052 6338
510 293 614 352 423

1745 291 1990 349 SANCTI
2029 292 2355 352 GREGORII
2394 289 2609 352 MAGNI

3693 302 3808 366 424

511 412 669 481 culpa
693 409 972 482 signatur?
999 407 1374 480 Responderet
1394 408 1611 479 quidem
1633 409 1912 479 Dominus,
1936 413 1981 467 si
2001 427 2096 469 vo-
2123 414 2174 474 Α
2200 412 2450 468 foliorum
2476 413 2720 483 judicant
2743 452 2757 478 ,
2789 409 2884 468 sed
2913 411 2965 468 in
2995 425 3188 484 sapore
3231 427 3513 484 pomorum
3541 420 3802 488 probam.

508 518 628 558 cem
658 501 940 557 clamantis
967 501 1263 556 exaudiret.
1307 499 1564 570 Sequitur
1596 521 1608 556 :

580 593 758 665 (Vers.
789 593 903 664 1‘2.)
932 592 1156 665 Cumque
1183 593 1247 646 de
1274 601 1424 648 nocte
1443 595 1754 649 surrexisset
1783 594 2015 661 Samuel,
2045 605 2102 651 ut

505 675 604 744 iret
631 689 700 741 ad
727 686 861 743 Saul
888 703 1072 754 mane,
1113 688 1409 741 nuntiatum
1438 697 1513 742 est
1550 688 1782 743 Samueli
1799 731 1814 757 ,
1854 691 1989 761 quod
2018 708 2101 744 ve-

503 784 664 835 nisset
707 783 840 847 Saul
882 783 937 836 in
975 780 1299 849 Carmelum,
1342 790 1392 837 et
1428 783 1676 838 erexisset
1719 784 1819 838 sibi
1849 785 2099 856 fornicem

508 875 901 944 triumphalem.

579 965 665 1019 10.
728 965 998 1032 Quidnam
1046 975 1130 1021 est
1178 967 1476 1038 peccatoris
1517 968 1660 1034 vita,
1704 967 1807 1022 nisi
1858 970 2002 1024 nox?
2032 968 2101 1023 Et

503 1058 632 1128 quid
699 1059 831 1128 justi
898 1059 990 1113 lux
1049 1058 1224 1124 aliud,
1278 1075 1436 1130 quam
1491 1058 1646 1116 dies?
1691 1058 1845 1115 Unde
1900 1067 1956 1115 et
2003 1075 2101 1130 per

502 1147 728 1204 Paulum
760 1152 1035 1206 conversis
1072 1152 1445 1220 peccatoribus
1489 1151 1689 1206 dicitur
1718 1169 1730 1203 :
1764 1150 1965 1205 Fuistis
1994 1153 2098 1206 ali-

500 1241 709 1312 quando
743 1243 993 1312 tenebrar,
1026 1258 1160 1296 nunc
1202 1251 1371 1296 autem
1412 1243 1503 1296 lua:
1536 1243 1593 1296 in
1621 1241 1846 1298 Domino
1877 1241 2094 1313 (Ephes.

500 1345 555 1398 ν,
588 1332 666 1403 8).
696 1333 773 1389 De
817 1342 974 1390 nocte
1020 1341 1198 1389 autem
1239 1333 1581 1403 praedicatori
1623 1347 1876 1402 surgere,
1919 1343 2000 1388 est
2029 1333 2098 1388 ab

499 1423 692 1478 alienae
732 1424 901 1493 culpas
951 1424 1295 1494 susceptione
1338 1425 1591 1479 allectum
1633 1424 1832 1479 mentis
1863 1423 2094 1492 erigere.

501 1512 669 1582 Quasi
699 1515 839 1570 enim
877 1517 934 1572 in
973 1525 1134 1572 nocte
1155 1516 1301 1586 jacet
1325 1516 1516 1571 doctor
1539 1515 1758 1584 quando
1781 1516 1938 1570 alieni
1967 1531 2095 1586 pec-

497 1614 605 1669 cati
643 1612 896 1668 tenebras
925 1611 1092 1682 luget,
1126 1613 1252 1680 quia
1279 1612 1346 1666 ab
1377 1613 1483 1666 alta
1514 1611 1837 1668 innocentia:
1876 1627 1986 1666 sua:
2012 1627 2099 1667 se-

496 1705 726 1759 curitate
750 1703 1038 1774 deponitur
1057 1744 1074 1771 ,
1107 1711 1167 1756 ut
1194 1703 1249 1757 in
1279 1704 1387 1758 imo
1418 1703 1604 1759 aliena:
1643 1705 2094 1760 considerationis

2206 504 2359 563 Unde
2406 519 2460 563 et
2510 506 2769 562 Dominus
2816 507 3056 573 docens,
3088 507 3161 561 ait
3195 525 3207 560 :
3236 508 3281 560 A
3327 510 3578 576 fructibus
3619 531 3807 570 eorum

2203 599 2522 670 cognoscetis
2570 616 2658 653 eos
2708 597 2924 670 (Matth.
2958 614 3048 664 vn,
3084 599 3196 668 20).
3241 600 3374 666 Quia
3423 617 3552 672 ergo
3594 606 3810 664 laudari

2206 688 2436 746 inaniter
2483 701 2782 762 appetunt,
2833 693 2958 763 quia
3007 692 3508 763 probatissimorum
3559 697 3808 756 virorum

2197 781 2399 854 judicia
2428 786 2672 856 fugiunt,
2706 797 2762 844 et
2799 787 3020 842 rudibus
3049 802 3112 843 ac
3153 785 3418 842 debilibus
3460 789 3602 845 aliud
3639 809 3807 863 quam

2201 885 2329 931 sunt
2357 893 2415 933 se
2443 895 2561 936 esse
2600 881 2931 937 mentiuntur
2953 922 2968 947 ,
3013 879 3141 936 Saul
3171 881 3225 936 in
3250 881 3554 937 Carmelum
3585 887 3806 940 venisse

2201 976 2257 1024 et
2304 967 2559 1027 fornicem
2597 974 2696 1028 sibi
2728 973 3107 1044 triumphalem
3135 975 3374 1030 erexisse
3403 975 3614 1030 dicitur.
3664 977 3806 1043 Quid

2201 1074 2331 1116 vero
2360 1070 2461 1129 est,
2488 1063 2632 1132 quod
2664 1065 2718 1118 in
2748 1064 2968 1133 Galgala
2993 1063 3202 1129 transit,
3235 1064 3336 1119 nisi
3359 1066 3484 1134 quia
3515 1081 3582 1120 eo
3610 1067 3802 1132 modo,

2200 1165 2308 1221 quo
2337 1168 2396 1209 se
2424 1154 2752 1224 simplicibus
2782 1163 2837 1210 et
2870 1155 3133 1224 religiosis
3163 1154 3427 1222 ostendit,
3457 1157 3509 1210 in
3535 1156 3808 1224 religiosis

2203 1253 2257 1298 et
2288 1243 2459 1300 doctis
2484 1245 2826 1302 innotescere
2849 1247 3090 1316 appetit?
3119 1244 3339 1316 Galgala
3361 1246 3579 1317 quippe,
3605 1256 3665 1302 ut
3690 1249 3803 1316 jam

2199 1332 2471 1388 multoties
2508 1334 2661 1401 dixi,
2704 1345 2822 1390 rota
2861 1335 3186 1390 nominatur.
3229 1335 3458 1400 Quidam
3487 1350 3610 1390 vero
3654 1337 3806 1392 intra

2199 1434 2442 1479 sanctam
2473 1424 2768 1482 Ecclesiam
2798 1437 2854 1484 et
2878 1428 3069 1484 eruditi
3101 1429 3153 1482 in
3183 1441 3332 1483 sacra
3369 1428 3641 1497 Scriptura
3671 1437 3804 1484 sunt

2199 1523 2255 1570 et
2283 1516 2516 1585 religiosi
2548 1536 2656 1576 non
2685 1530 2833 1589 sunt,
2867 1520 2994 1590 quia
3022 1519 3276 1575 virtutem
3305 1519 3612 1590 Scriptum,
3643 1521 3802 1576 vide-

2197 1603 2326 1660 licet
2357 1607 2718 1676 charitatem,
2753 1627 2860 1666 non
2909 1611 3128 1666 habent.
3183 1611 3285 1679 Qui
3334 1611 3462 1667 dum
3511 1614 3804 1682 loquentes

2196 1692 2454 1754 facundos
2484 1700 2628 1754 viros
2660 1708 2715 1755 et
2737 1702 2981 1756 carnales
3010 1701 3258 1771 audiunt,
3281 1703 3445 1758 verba
3475 1718 3594 1773 quae
3621 1705 3802 1760 sciunt

493 1806 840 1867 peccatorum
873 1797 1047 1866 caligo
1079 1795 1409 1851 destruatur,
1444 1795 1521 1848 De
1553 1804 1712 1850 nocte
1742 1810 1870 1865 ergo
1900 1798 2089 1865 surgit,
2122 1794 2174 1856 Β
2199 1783 2552 1843 admirantur.
2603 1789 2711 1845 Sed
2750 1791 3022 1847 discutere
3062 1809 3172 1847 non
3216 1803 3443 1863 possunt
3479 1810 3670 1849 eorum
3709 1812 3805 1850 oc-

493 1902 615 1945 cum
646 1891 713 1946 ab
743 1889 1034 1944 atllictione
1061 1901 1119 1941 se
1146 1886 1335 1955 erigit;
1369 1895 1424 1942 et
1452 1901 1612 1940 mane
1636 1886 1705 1940 ad
1732 1902 1884 1941 reum
1910 1886 2096 1943 venire

494 1982 755 2053 disponit,
779 1983 905 2051 quia
937 1979 1148 2036 occulte
1186 1995 1284 2049 per
1312 1980 1739 2050 compassionem
1771 1979 2007 2050 plangit,
2041 1990 2091 2036 et

495 2082 686 2142 aperta
725 2070 1095 2141 increpatione
1118 2073 1222 2140 per
1251 2070 1424 2124 zelum
1455 2070 1701 2139 percutit.
1734 2068 1904 2125 Nocte
1928 2070 2092 2125 etiam

492 2162 642 2231 luget
686 2162 908 2228 doctor,
950 2162 1045 2218 sed
1081 2176 1242 2216 mane
1284 2160 1353 2214 ad
1393 2160 1726 2230 arguendum
1755 2163 1933 2227 venit;
1965 2163 2092 2231 quia

492 2252 639 2308 intus
659 2262 970 2323 peccantem
989 2252 1264 2310 subditum
1285 2253 1473 2323 diligit,
1492 2253 1586 2308 sed
1615 2253 1791 2324 palam
1819 2265 2091 2311 errantem

494 2359 721 2415 arguere
755 2363 1096 2417 nequaquam
1127 2347 1416 2402 erubescit.
1444 2347 1609 2413 Quasi
1639 2349 1779 2403 enim
1815 2366 1974 2405 mane
2010 2352 2090 2405 lu-

490 2437 658 2492 cescit
682 2478 696 2503 ,
728 2453 851 2493 cum
872 2437 1062 2493 doctor
1086 2437 1298 2508 aperire
1330 2437 1566 2501 crimen,
1599 2438 1745 2506 quod
1777 2439 1931 2508 latet,
1954 2439 2088 2495 inci-

489 2529 588 2602 pit.
617 2529 756 2596 Quid
782 2544 911 2599 ergo
933 2537 1032 2596 est,
1065 2529 1210 2599 quod
1235 2529 1291 2582 in
1313 2525 1619 2583 Carmelum
1641 2529 1875 2597 venisse,
1905 2537 1958 2585 et
1986 2532 2089 2585 for-

489 2621 668 2680 nicem
696 2623 799 2679 sibi
838 2623 1216 2693 triumphalem
1245 2622 1514 2687 erexisse,
1546 2621 1590 2676 is
1639 2620 1709 2676 ad
1751 2637 1911 2690 quem
1939 2622 2088 2677 venit

490 2715 766 2782 asseritur,
800 2715 902 2772 nisi
944 2716 1068 2786 quia
1100 2716 1372 2786 profectus
1413 2715 1539 2770 mali
1582 2713 1784 2784 liquido
1824 2715 2084 2784 praedica-

489 2811 612 2866 tur?
633 2809 762 2867 Post
781 2809 1160 2884 inohedientite
1189 2809 1410 2882 quidem
1440 2811 1672 2882 culpam,
1704 2810 2084 2880 triumphalem

487 2915 698 2969 arcum,
728 2903 816 2959 vel
862 2902 1120 2958 fabricam
1147 2904 1393 2972 erigere,
1437 2910 1522 2959 est
1550 2905 1692 2958 mala
1720 2918 1910 2973 agere,
1937 2911 1993 2958 et
2017 2902 2084 2957 de

489 2997 807 3054 eorumdem
836 2997 1100 3052 malorum
1144 2997 1550 3067 perpetratione
1583 2997 1884 3066 superbire.
1918 2995 2083 3063 Quasi

487 3088 633 3145 enim
668 3087 1013 3158 triumphalia
1042 3088 1194 3156 signa
1223 3088 1468 3159 erigunt,
1509 3088 1674 3160 35h.
1713 3087 1930 3157 quando
1957 3103 2081 3142 cum

2200 1877 2376 1946 culta,
2408 1894 2528 1949 qua:
2580 1882 2846 1938 nesciunt.
2895 1883 3042 1939 Bene
3096 1885 3257 1953 igitur
3300 1885 3429 1940 Saul
3476 1887 3531 1940 in
3577 1887 3803 1956 Galgala

2199 1969 2430 2025 transire
2464 1970 2694 2040 dicitur;
2726 1973 2850 2042 quia
2881 1974 2974 2043 qui
3005 1975 3243 2030 favorem
3267 1975 3332 2031 de
3371 1975 3600 2031 facunda
3647 1977 3804 2032 locu-

2199 2058 2345 2118 tione
2371 2072 2620 2131 quterunt
2641 2106 2655 2131 ,
2691 2065 2743 2119 id
2773 2066 2918 2135 quod
2949 2067 3207 2136 cupiunt,
3235 2069 3525 2138 nonapud
3553 2068 3805 2124 eruditos

2199 2155 2486 2224 religiosos
2510 2199 2524 2225 ,
2559 2157 2656 2212 sed
2708 2159 2846 2229 apud
2887 2161 3160 2230 simplices
3198 2169 3255 2218 et
3290 2162 3482 2228 rudes,
3524 2172 3619 2217 aut
3659 2163 3802 2232 apud

2195 2253 2526 2320 irreligiosos
2582 2249 2856 2320 sapientes
2913 2252 3216 2307 inveniunt.
3287 2253 3392 2308 Sed
3440 2255 3639 2309 summi
3702 2256 3802 2309 viri

2195 2360 2315 2399 cum
2359 2343 2573 2415 reprobi
2615 2344 2759 2398 bona
2790 2344 3024 2410 docent,
3058 2346 3245 2402 electis
3273 2347 3499 2401 subditis
3529 2349 3708 2417 magis
3737 2349 3806 2403 ti-

2193 2444 2344 2490 ment
2379 2453 2391 2487 :
2442 2449 2511 2489 ne
2541 2448 2678 2502 quos
2717 2433 2899 2502 lingua
2926 2434 3215 2504 aedificant,
3237 2451 3397 2489 manu
3417 2479 3432 2504 ,
3474 2435 3525 2490 id
3554 2446 3642 2490 est
3671 2451 3803 2506 ope-

2191 2527 2402 2582 ratione
2429 2531 2754 2595 pervertant.
2790 2521 2925 2590 Quia
2955 2539 3085 2594 ergo
3112 2525 3204 2579 diu
3236 2525 3288 2579 in
3326 2525 3629 2580 ministerio
3662 2541 3806 2595 prae-

2192 2616 2478 2672 dicationis
2523 2614 2718 2671 lubrici
2745 2616 3002 2673 doctores
3031 2615 3334 2673 dimittendi
3363 2633 3469 2674 non
3489 2626 3637 2684 sunt,
3675 2626 3804 2688 apte

2191 2709 2400 2764 illatum
2429 2719 2512 2766 est
2537 2728 2549 2763 :

2264 2811 2441 2883 (Vers.
2477 2811 2591 2882 12.)
2632 2812 2786 2867 Venit
2812 2829 2934 2884 ergo
2959 2811 3173 2866 Samuel
3199 2810 3268 2864 ad
3295 2810 3444 2876 Saul,
3480 2819 3528 2865 et
3554 2809 3696 2866 Saul
3714 2814 3799 2883 of-

2191 2904 2391 2978 ferebat
2420 2906 2777 2962 holocaustum
2807 2905 3029 2962 Domino
3055 2945 3070 2972 ,
3114 2905 3268 2960 initia
3310 2905 3606 2977 praedarum
3629 2943 3648 2972 ,
3681 2921 3799 2977 quc

2189 2999 2436 3053 attulerat
2463 3000 2527 3052 de
2554 2999 2818 3052 Amalech.

2261 3092 2350 3147 12.
2384 3092 2544 3146 Venit
2587 3093 2786 3162 quippe
2813 3090 2881 3146 ad
2911 3091 3076 3155 Saul,
3111 3098 3171 3144 ut
3197 3089 3489 3160 superbum
3528 3087 3795 3158 deponat,

483 3181 718 3251 quadem
760 3179 1123 3235 ostentatione
1155 3183 1233 3236 'ea
1277 3180 1598 3250 proferunt,
1639 3180 1835 3250 quibus
1875 3180 1994 3235 aliis
2021 3196 2081 3236 se
2111 3197 2155 3259 ρ
2187 3199 2353 3254 quem
2397 3183 2654 3238 humilem
2701 3182 2771 3237 ad
2811 3183 2962 3253 regni
3007 3182 3220 3236 culmen
3270 3181 3556 3236 extulerat.
3610 3179 3799 3244 Quem

485 3272 757 3330 excellere
787 3272 1135 3327 arbitrantur.
1182 3272 1340 3340 Quod
1369 3280 1518 3328 certe
1556 3280 1664 3327 tam
1703 3273 2079 3343 arrogantibus

481 3376 643 3432 quam
672 3361 890 3417 lubricis
915 3361 1226 3418 doctoribus
1255 3364 1525 3419 convenit.
1568 3364 1645 3419 Illi
1667 3363 1881 3434 quidem
1904 3406 1920 3433 ,
1951 3365 2077 3420 dum

480 3469 678 3525 magna
716 3455 929 3522 dicunt,
962 3470 1021 3510 se
1059 3454 1113 3510 in
1157 3456 1387 3512 sublime
1413 3457 1786 3513 aestimationis
1830 3459 2074 3528 erigunt;

481 3559 538 3606 et
565 3550 750 3622 quales
771 3566 831 3607 se
857 3551 1000 3608 intus
1025 3551 1314 3623 aspiciunt,
1340 3567 1440 3624 per
1463 3552 1776 3622 jactantiam
1805 3561 1860 3608 et
1889 3563 2075 3609 osten-

478 3643 744 3699 tationem
789 3643 922 3700 foris
973 3645 1336 3701 innotescunt.
1384 3645 1626 3718 Cumque
1651 3657 1708 3702 et
1752 3647 1901 3714 illud,
1933 3648 2076 3719 quod

477 3752 579 3808 per
627 3753 686 3794 se
734 3737 825 3792 alii
879 3737 1202 3808 proﬁciunt,
1237 3741 1303 3794 ad
1333 3738 1571 3796 favorem
1625 3741 1859 3811 propriae
1903 3742 2075 3796 laudis

477 3829 734 3896 trahunt,
767 3829 895 3900 quid
921 3829 1068 3884 aliud
1092 3829 1343 3886 videntur
1371 3845 1552 3899 agere,
1585 3832 1684 3885 nisi
1709 3832 1876 3886 altum
1905 3832 2076 3887 victo-

479 3921 576 3974 ria:
631 3922 844 3991 signum
901 3921 1096 3990 insigni
1145 3922 1301 3977 titulo
1352 3922 1756 3979 demonstrare?
1822 3924 2074 3980 Nonnulli

476 4026 608 4068 vero
632 4021 831 4068 etcum
863 4011 1092 4082 turpiter
1118 4011 1325 4078 vivunt,
1357 4021 1410 4068 et
1439 4013 1820 4071 honestissime
1843 4016 2074 4086 loquun-

477 4110 587 4172 tur,
617 4103 962 4160 considerant
1004 4104 1296 4159 verborum
1338 4105 1706 4171 honestatem,
1755 4115 2072 4162 nontamen

474 4203 730 4264 reputant
771 4195 1007 4266 propriae
1034 4195 1161 4252 vita:
1203 4197 1612 4267 turpitudinem.
1655 4197 1788 4252 Cum
1812 4215 1940 4270 ergo
1965 4215 2072 4255 non

474 4286 636 4342 rebus
684 4302 908 4356 operum
935 4327 950 4353 ,
997 4289 1091 4342 sed
1138 4287 1427 4358 splendore
1474 4289 1758 4345 verborum
1811 4306 2074 4360 apparere

475 4383 744 4451 gestiunt;
780 4384 1034 4440 nimirum
1057 4385 1436 4456 triumphalem
1465 4402 1651 4443 arcum
1680 4387 1981 4454 fabricant,
2016 4391 2071 4444 in

476 4489 584 4543 quo
626 4493 684 4531 se
727 4477 881 4546 quasi
931 4479 1161 4535 victores
1209 4480 1488 4535 extollant.
1547 4479 1614 4534 Et
1658 4481 1784 4549 quia
1832 4482 2068 4551 turpium

2183 3275 2357 3345 qualis
2387 3282 2504 3328 erat
2532 3273 2776 3338 invenit,
2809 3289 2918 3328 non
2945 3272 3164 3343 qualem
3209 3286 3270 3326 se
3325 3269 3578 3340 superbiae
3608 3269 3795 3336 signis

2183 3367 2517 3425 ostenderat.
2543 3366 2682 3433 Quid
2705 3375 2788 3422 est
2817 3379 2964 3436 ergo,
2985 3365 3130 3435 quod
3151 3364 3523 3420 holocaustum
3553 3361 3801 3417 Domino

2184 3460 2444 3515 Amalech
2475 3460 2741 3532 primitias
2771 3458 2948 3526 offert,
2980 3459 3082 3513 nisi
3110 3457 3237 3528 quia
3266 3456 3510 3512 nonnulli
3535 3463 3585 3510 et
3616 3469 3798 3524 prave

2180 3555 2390 3622 vivunt,
2417 3561 2473 3609 et
2501 3553 2720 3624 placere
2749 3569 2809 3609 se
2848 3553 2961 3608 Deo
2989 3567 3087 3623 per
3109 3552 3338 3608 aliorum
3371 3549 3677 3621 profectum
3704 3564 3800 3602 ar-

2178 3648 2487 3704 bitrantur?
2559 3645 2624 3700 Et
2680 3646 2806 3716 quia
2864 3661 2973 3702 non
3022 3660 3216 3715 parum
3276 3643 3493 3714 placere
3559 3640 3799 3696 credunt

2179 3740 2291 3796 Deo
2361 3739 2505 3809 quod
2565 3738 2837 3808 oderunt,
2887 3753 2994 3793 non
3053 3734 3378 3795 sacrificium
3453 3742 3545 3790 aut
3628 3734 3797 3788 victi-

2177 3845 2360 3897 mam,
2406 3829 2499 3886 sed
2553 3829 2931 3897 holocaustum
2976 3827 3173 3884 oll’erre
3216 3827 3590 3899 perhibentur.
3628 3824 3794 3881 Initia

2176 3937 2308 3978 vero
2370 3921 2674 3992 praedarum
2728 3921 3018 3991 dicuntur,
3068 3929 3128 3976 ut
3175 3921 3232 3975 in
3279 3920 3529 3976 Samuele
3581 3918 3793 3974 summi

2177 4017 2338 4088 355
2369 4025 2424 4072 et
2452 4016 2609 4073 electi
2639 4015 2894 4071 antistitis
2920 4015 3148 4085 vigilans
3177 4014 3415 4071 studium
3444 4011 3787 4080 designetur,

2176 4123 2208 4163 a
2237 4123 2345 4178 quo
2395 4107 2663 4164 malorum
2713 4107 2972 4177 principia
3016 4106 3275 4162 velociter
3328 4104 3789 4174 comprimuntur.

2175 4201 2338 4269 Quasi
2387 4201 2530 4256 dicat
2563 4220 2577 4254 :
2610 4200 2776 4255 Valde
2817 4201 3046 4255 festinus
3075 4199 3344 4264 occurrit,
3393 4213 3503 4267 quo
3549 4196 3794 4251 absente

2175 4311 2278 4350 nec
2323 4296 2532 4350 initium
2572 4295 3012 4351 holocaustorum
3061 4293 3266 4349 habere
3307 4293 3533 4347 liberum
3571 4289 3787 4360 potuit.

2177 4384 2412 4442 Possunt
2451 4387 2602 4441 initia
2631 4386 2932 4455 praclarum
2977 4384 3205 4453 intelligi
3251 4383 3424 4438 electa
3454 4397 3688 4451 qumque
3719 4381 3791 4434 de

2175 4479 2391 4550 praedis.
2419 4477 2549 4544 Quae
2570 4486 2760 4549 aperto
2793 4493 2889 4533 ore
2917 4476 3135 4543 lubrici,
3166 4476 3262 4531 sed
3291 4474 3501 4530 occulta
3532 4475 3791 4529 caecitate

477 4568 645 4622 verbo
671 4610 686 4636 ,
718 4577 904 4639 turpes
945 4571 1187 4640 plerique
1233 4572 1320 4626 alii
1367 4574 1717 4643 resipiscunt,
1749 4583 1870 4644 post
1901 4590 2070 4644 expu-
2104 4595 2154 4654 ι)
2178 4569 2419 4641 percussi
2448 4568 2701 4637 offerunt,
2734 4567 2949 4640 quando
2979 4566 3104 4621 inde
3145 4582 3206 4622 se
3251 4566 3468 4636 placere
3502 4563 3617 4618 Deo
3661 4579 3788 4619 cre—

477 4668 696 4729 gnatum
726 4661 1003 4727 Amalech,
1032 4664 1110 4719 eis
1139 4665 1192 4719 in
1220 4663 1525 4721 Carmelum
1546 4667 1731 4722 venire
1752 4678 1852 4732 est,
1885 4676 1939 4722 et
1963 4667 2075 4723 for-

478 4753 656 4806 nicem
689 4754 1066 4823 triumphalem
1096 4757 1322 4826 erigere,
1350 4758 1417 4814 de
1446 4760 1710 4815 exstincta
1740 4760 1794 4814 in
1817 4760 2072 4829 subjectis

473 4843 700 4900 libidine
723 4886 737 4912 ,
767 4846 997 4901 inaniter
1019 4861 1204 4902 coram
1229 4849 1822 4920 simplicibusgloriari.
1850 4849 2072 4906 Carme-

473 4934 559 4990 lus
603 4938 858 5008 quidem,
890 4939 1110 5007 mollis,
1154 4941 1269 4997 sive
1317 4950 1471 4997 tener
1508 4942 1914 5011 interpretatur.
1967 4943 2070 5010 Qui

472 5029 617 5082 eni‘m
659 5030 831 5085 teneri
874 5031 1033 5100 hujus
1060 5033 1278 5088 nomine
1299 5074 1314 5100 ,
1341 5031 1443 5088 nisi
1478 5031 1532 5087 in
1561 5041 1746 5088 sancta
1775 5048 2069 5088 conversa-

470 5119 621 5176 tione
669 5122 830 5178 rudes
876 5123 1286 5194 intelliguntur?
1335 5126 1436 5192 Qui
1465 5127 1626 5181 etiam
1656 5127 1846 5181 molles
1871 5141 2073 5181 vocan-

468 5213 580 5282 t'ur,
611 5213 716 5273 nisi
751 5215 843 5288 qui
872 5217 1048 5273 adhuc
1066 5233 1166 5289 per
1190 5233 1347 5274 usum
1376 5218 1590 5274 virtutis
1615 5236 1720 5275 non
1751 5227 1875 5274 sunt
1905 5219 1956 5272 in
1990 5220 2071 5273 in-

471 5307 670 5364 choata
710 5309 954 5366 bonitate
997 5309 1246 5366 solidati?
1279 5309 1340 5365 In
1367 5308 1616 5367 Carmelo
1663 5312 1823 5379 igitur
1858 5311 2068 5380 signum

469 5399 710 5457 victoriae
740 5404 979 5474 erigunt;
1017 5405 1144 5475 quia
1172 5404 1392 5461 rudibus
1418 5413 1474 5461 et
1510 5405 1773 5461 debilibus
1800 5420 1859 5461 se
1887 5414 2069 5460 osten-

471 5489 634 5560 dunt,
666 5510 736 5550 ne
766 5512 797 5550 a
824 5498 1012 5567 peritis
1056 5497 1315 5568 fortibus,
1342 5500 1534 5571 quales
1564 5500 1620 5555 in
1648 5499 1877 5555 veritate
1907 5506 2063 5568 sunt,

468 5587 835 5644 inveniantur.

544 5676 632 5731 ll.
674 5677 741 5759 lli
779 5683 922 5736 enim
952 5699 1064 5739 non
1091 5685 1145 5740 in
1165 5684 1375 5752 verbis,
1407 5684 1502 5741 sed
1529 5684 1584 5738 in
1611 5683 1862 5755 operibus
1890 5680 2065 5749 fulgo-

467 5779 585 5825 rem
631 5770 872 5828 victor‘se
911 5788 1185 5847 quaerunt;
1230 5779 1358 5848 quia
1384 5777 1608 5835 arbores
1637 5773 1830 5832 nonin
1868 5773 2068 5831 decore

1340 5893 1370 5904 ον

2177 4663 2331 4729 dunt,
2361 4662 2505 4733 quod
2535 4663 2589 4716 in
2636 4660 2972 4716 auditoribus
3000 4659 3113 4714 suis
3141 4673 3203 4713 ea
3233 4658 3532 4728 perimunt,
3567 4671 3694 4723 qua:
3729 4657 3790 4713 in

2176 4770 2236 4811 se
2265 4755 2447 4810 vivere
2485 4753 2825 4823 permittunt.
2860 4750 3026 4817 Quasi
3055 4750 3196 4805 enim
3229 4748 3515 4805 indiscrete
3540 4746 3787 4802 offeren-

2175 4854 2286 4902 tem
2333 4845 2575 4916 apertius
2618 4841 3024 4914 reprehendens
3053 4840 3197 4896 dicat
3228 4858 3241 4894 :
3273 4837 3405 4893 Illud
3433 4838 3612 4892 vivum
3645 4836 3790 4892 oﬂ'e-

2173 4937 2346 5006 rebat,
2367 4936 2512 5006 quod
2541 4934 2733 4991 melius
2760 4932 2979 4989 oll‘erret
3000 4932 3343 4987 exstinctum.
3375 4929 3508 4984 Nam
3543 4930 3586 4982 si
3619 4929 3787 4996 juxta

2173 5031 2340 5086 verba
2363 5029 2574 5084 Domini
2597 5027 2830 5099 praedam
2844 5041 3062 5081 omnem
3088 5025 3143 5080 in
3172 5022 3431 5078 Amalech
3456 5023 3788 5090 exstingue-

2161 5128 2286 5189 ret,
2339 5122 2710 5177 holocaustum
2757 5117 2976 5175 omnino
3026 5115 3362 5186 acceptabile
3412 5113 3788 5181 omnipotenti

2173 5215 2286 5270 Deo
2315 5215 2613 5271 obtulisset.
2658 5211 2748 5267 Sic
2796 5212 3047 5266 nimirum
3084 5218 3141 5264 et
3175 5209 3368 5264 doctor
3410 5206 3690 5270 lubricus,
3739 5207 3788 5259 si

2172 5316 2366 5363 cuncta
2411 5306 2778 5362 blandimenta
2807 5303 3004 5368 carnis,
3033 5317 3152 5372 qua:
3182 5299 3449 5371 loquendo
3488 5297 3786 5366 reprobat.

2171 5400 2404 5456 volendo
2427 5398 2775 5469 reprobaret,
2809 5394 3188 5452 holocaustum
3218 5393 3593 5456 combureret,
3623 5388 3788 5467 quod

2173 5494 2453 5564 reprobari
2496 5509 2606 5548 non
2650 5499 2852 5563 posset.
2899 5487 3040 5557 Quid
3066 5496 3342 5555 estergo,
3373 5482 3516 5554 quod
3546 5481 3784 5544 dicitur,

2173 5585 2296 5654 quia
2353 5582 2600 5654 offerebat
2656 5581 2953 5651 prazdarum
3004 5579 3195 5643 initia,
3248 5592 3362 5647 qua:
3407 5573 3654 5627 attulerat
3708 5570 3790 5625 de

2172 5676 2440 5746 Amalech,
2462 5676 2564 5731 nisi
2587 5675 2713 5745 quia
2737 5674 2866 5730 caeci
2890 5671 3064 5728 cordis
3087 5670 3257 5737 caligo
3284 5667 3590 5729 damnatur,
3617 5661 3789 5732 quod

2173 5771 2251 5828 sic
2274 5771 2339 5827 de
2369 5786 2434 5827 eo
2478 5777 2723 5841 reputat,
2755 5766 2899 5840 quod
2925 5763 3148 5838 prodest
3171 5761 3291 5820 aliis
3311 5800 3329 5832 ,
3359 5769 3419 5820 ut
3450 5757 3634 5817 videre
3660 5772 3788 5815 ne-
