4052 6338
337 378 444 445 425
1168 395 1236 453 ΙΝ
1275 395 1541 460 PRIMUM
1579 402 1819 464 REGUM
1857 402 2382 473 EXPOSITIONES.
2420 442 2491 455 —
2527 412 2656 471 LIB.
2697 414 2765 473 ιν.
3503 429 3610 487 4‘26

332 503 497 573 gligat
518 543 533 570 ,
566 501 710 574 quod
736 504 894 563 obest
920 507 1055 566 sibi?
1094 511 1256 581 Quasi
1294 516 1436 575 dicat
1463 538 1475 575 :
1509 520 1586 578 De
1626 523 1721 580 illo
1762 525 1916 594 quasi
1941 528 1995 588 Α
2020 531 2339 585 metarentur
2367 530 2588 588 Domino
2627 531 2740 590 Deo
2772 539 2879 590 tuo.
2911 532 3076 601 Quasi
3101 534 3245 594 dicat
3272 554 3287 593 :
3318 536 3459 597 Vere
3485 559 3617 614 pecs

333 597 507 653 victor
550 598 819 668 gaudebat
845 603 1017 659 victor
1043 605 1098 660 in
1125 608 1276 677 aliis,
1312 613 1456 681 quod
1491 614 1545 670 in
1573 630 1631 671 se
1656 616 1834 673 vivum
1862 626 1919 675 et
2020 622 2160 677 cavit
2205 625 2461 695 populus,
2504 627 2597 683 sed
2635 643 2743 683 non
2791 629 2858 684 ad
2905 638 3168 698 mortem;
3217 633 3345 702 quia
3391 597 3615 705 pec‘cata

328 688 594 746 invictum
622 692 894 763 portabat.
926 696 991 751 Et
1016 698 1140 767 quia
1164 700 1480 775 plerumque
1507 715 1613 761 tam
1637 702 1925 766 dementer
2018 688 2221 783 operis,
2236 688 2367 784 jam,
2398 688 2486 772 me
2514 717 2857 787 exhortante,
2885 718 3067 776 delere
3098 688 3285 779 nititur
3309 688 3616 784 humilitate

327 780 641 850 insaniunt,
677 790 735 838 ut
763 784 927 842 etiam
952 786 1082 857 ipsis
1111 790 1298 849 electis
1326 802 1381 849 et
1404 796 1629 852 summis
1657 786 1927 869 priedicaa
2019 780 2393 863 confessionis.
2443 806 2646 880 Greges
2693 811 2893 882 quippe
2937 811 3221 882 Amalech,
3263 822 3320 870 et
3365 827 3614 888 armenta

324 877 537 933 toribus
594 886 916 950 praetextum
964 882 1179 942 virtutis
1233 887 1429 946 oﬂ'erre
1477 901 1760 949 conentur.
1810 892 1914 952 Se-
2015 893 2246 954 Domino
2266 877 2633 969 immolantur,
2664 902 2880 972 quando
2908 902 3100 960 lubrici
3129 913 3184 961 et
3210 905 3618 965 incontinentes

325 972 511 1042 quitur
543 989 557 1025 :

2017 985 2085 1041 ad
2112 988 2513 1047 confessionem
2541 992 2801 1062 veniunt,
2833 1002 2890 1051 et
2915 995 3061 1065 quod
3083 998 3333 1068 nequiter
3353 1009 3610 1070 egerunt,

396 1063 573 1135 (νει-ε.
606 1064 721 1138 15.)
760 1066 833 1123 Et
861 1071 983 1128 dum
1010 1076 1233 1131 venisset
1263 1076 1480 1135 Samuel
1505 1080 1574 1135 ad
1604 1080 1757 1150 Saul,
1780 1083 1915 1139 dixit
2016 1079 2329 1146 pinnitcndo
2354 1081 2537 1138 delere
2563 1091 2833 1154 satagunt.
2871 1063 3012 1143 Dicit
3036 1063 3213 1157 ergo}
3249 1063 3489 1161 Pepercit
3513 1063 3612 1161 p0;

321 1152 500 1212 Saul?
553 1159 855 1221 Benedictus
886 1176 939 1221 lu
979 1183 1013 1223 a
1050 1168 1307 1241 Domino,
1336 1172 1540 1245 implevi
1567 1174 1774 1231 verbum
1802 1175 1912 1233 Do-

319 1252 470 1308 mini.

391 1347 481 1402 15.
527 1347 758 1407 Verbum
803 1353 1016 1413 Domini
1043 1356 1175 1423 fuit.
1207 1370 1268 1417 ut
1308 1361 1564 1420 Amalech
1608 1363 1790 1422 delere
1816 1366 1911 1422 de-

320 1434 545 1493 buisset.
577 1438 716 1507 Quid
745 1452 829 1501 est
857 1455 1056 1517 autem,
1081 1451 1228 1519 quod
1257 1452 1421 1519 dicit,
1461 1456 1666 1528 implevi
1703 1458 1909 1514 verbum

316 1525 554 1601 Domini,
586 1532 689 1588 nisi
718 1536 843 1604 quia
870 1538 1026 1609 culpa
1056 1540 1426 1601 fornicationis
1450 1525 1558 1617 quo
1586 1548 1778 1604 fmdior
1800 1566 1911 1607 cer-

319 1619 490 1688 nitur,
515 1636 581 1676 eo
604 1638 634 1677 a
664 1627 909 1696 reprobis
936 1631 1227 1690 studiosius
1257 1637 1594 1695 occultatur?
1624 1640 1757 1708 Quia
1779 1656 1908 1713 ergo

316 1711 374 1777 ii,
399 1714 491 1783 qui
521 1715 698 1772 eidem
728 1720 1099 1781 fornicationis
1120 1726 1251 1784 vitio
1272 1731 1500 1801 subjecti
1525 1742 1670 1801 sunt,
1694 1711 1908 1808 semper

311 1804 487 1863 latere
516 1820 811 1881 appetunt,
843 1815 899 1871 in
928 1831 1116 1875 eorum
1144 1828 1270 1893 typo
1300 1831 1357 1880 et
1379 1824 1637 1883 Amalech
1661 1827 1787 1885 Saul
1811 1804 1904 1887 de-

2012 1168 2165 1237 pulus
2180 1187 2199 1235 ;
2228 1171 2282 1226 id
2306 1180 2409 1241 est,
2432 1181 2658 1244 peccato
2686 1174 2928 1231 indulsit.
2956 1177 3065 1233 Sed
3087 1178 3419 1235 adduxerunt
3447 1196 3529 1246 ea,
3555 1187 3614 1241 ut

2012 1260 2439 1332 immolarentur;
2466 1267 2592 1336 quia
2614 1268 2668 1322 in
2692 1268 2888 1339 quibus
2911 1284 2974 1325 se
2993 1272 3252 1328 cecidisse
3275 1272 3509 1344 populus
3531 1288 3613 1330 re~

2012 1350 2169 1420 colit,
2204 1354 2317 1424 jam
2359 1371 2420 1413 se
2463 1355 2775 1414 conﬁtendo
2819 1367 2875 1419 et
2914 1361 3227 1431 pmnitendo
3270 1365 3609 1435 compungit.

2012 1440 2265 1501 Meliores
2294 1461 2425 1503 vero
2452 1461 2641 1518 greges
2669 1458 2725 1505 et
2762 1460 3031 1521 armenta,
3055 1461 3114 1508 ut
3140 1468 3323 1527 supra,
3349 1450 3633 1513 electiora"

2011 1546 2236 1607 peccata
2261 1539 2489 1596 luxuriae
2510 1541 2879 1612 designantur.
2910 1543 3077 1610 Quasi
3106 1546 3250 1602 dicat
3282 1564 3294 1600 :
3326 1545 3390 1602 Et
3414 1547 3459 1605 si
3486 1562 3610 1616 gra-

2008 1631 2150 1688 viter
2197 1633 2422 1706 deliquit
2460 1637 2692 1707 p0pulus
2715 1677 2730 1705 ,
2770 1639 3028 1707 arguendi
3072 1654 3182 1696 non
3223 1655 3438 1707 sumus;
3477 1642 3611 1710 quia

2009 1739 2107 1795 pro
2136 1729 2504 1798 magnitudine
2531 1730 2770 1789 criminis
2796 1731 2960 1789 habet
2979 1733 3213 1790 lamenta
3233 1736 3609 1804 compunctio-

2007 1818 2111 1873 nis.
2160 1818 2299 1886 Quid
2342 1830 2454 1887 est,
2494 1822 2640 1892 quod
2681 1823 2757 1878 ait
2790 1841 2803 1878 :
2840 1822 2908 1879 Ut
2943 1824 3337 1881 immolarentur
3378 1826 3605 1885 Domino

310 1900 491 1991 moliri
521 1904 787 1974 deSpexit,
818 1915 873 1963 et
898 1910 964 1965 ad
995 1910 1300 1970 Samuelem
1325 1917 1462 1972 dixit
1494 1936 1507 1973 :
1541 1918 1759 1991 Implevi
1788 1939 1902 1979 ver-

2008 1907 2120 1965 Deo
2149 1912 2276 1967 tuo?
2317 1911 2426 1967 Sed
2468 1912 2743 1969 lallacinm
2783 1930 2884 1985 per
2909 1915 3014 1971 hoc
3043 1918 3381 1975 consuetudo
3422 1908 3607 1975 osten-

312 1986 431 2043 bum
464 1989 690 2049 Domini.
726 1996 889 2064 Quasi
919 2000 1102 2058 dicat:
1137 2003 1205 2059 Et
1244 2006 1299 2062 in
1330 2008 1451 2064 aliis
1489 1986 1764 2069 libidinem
1806 2014 1903 2070 do-

310 2083 424 2137 mui
444 2124 458 2148 ,
491 2093 546 2140 et
576 2087 626 2141 in
654 2089 862 2160 meipso
893 2092 1012 2163 ejus
1039 2095 1405 2156 blandimenta
1439 2105 1665 2173 peremi.
1693 2104 1755 2160 Et
1777 2107 1903 2177 quia

307 2172 506 2230 blanda
536 2176 845 2239 adulatione
871 2187 1068 2241 summi
1093 2187 1194 2244 viri
1242 2172 1462 2249 flectere
1509 2203 1748 2251 mentem
1776 2197 1903 2252 niti-

314 2274 440 2334 tur,
493 2272 787 2341 prirmisit,
840 2275 1067 2335 dicens:
1102 2280 1412 2341 Benedictus
1468 2294 1520 2341 tu
1567 2304 1599 2341 a
1652 2286 1899 2346 Domino.

310 2355 478 2423 Quasi
507 2360 691 2419 dicat:
724 2363 841 2421 Hoc
879 2369 1094 2438 quidem
1136 2386 1238 2443 ego
1279 2376 1397 2446 egi,
1445 2378 1540 2433 sed
1589 2392 1751 2449 agere
1795 2398 1903 2437 non

308 2448 447 2505 meis
469 2451 700 2520 viribus,
752 2457 847 2512 sed
900 2459 1005 2516 tuis
1052 2465 1296 2534 meritis,
1339 2475 1393 2523 et
1428 2468 1904 2530 intercessionibus

308 2542 484 2611 potui.
514 2543 622 2600 Sed
652 2548 878 2617 perfecti
902 2552 1006 2609 viri
1033 2556 1221 2614 audire
1249 2558 1435 2619 laudes
1477 2577 1602 2619 suas
1648 2576 1903 2635 possunt,

306 2646 340 2687 a
369 2633 548 2705 rigore
591 2646 774 2697 autem
818 2642 1041 2715 justitiae
1089 2648 1235 2707 ﬂecti
1282 2665 1580 2726 nequeunt.
1625 2658 1805 2726 Quare
1846 2668 1903 2718 et

305 2724 556 2784 subditur
587 2747 602 2784 :

381 2821 557 2891 (Vers.
590 2824 706 2896 14.)
744 2826 992 2903 Dixitque
1031 2831 1247 2892 Samuel
1275 2853 1294 2893 :
1326 2836 1396 2894 Et
1428 2858 1543 2914 quin
1564 2853 1641 2899 est
1669 2845 1779 2902 haec
1804 2863 1904 2902 vos:

306 2929 544 2985 gregum,
570 2935 685 2989 qua:
713 2932 924 2978 resonat
946 2926 1000 2979 in
1030 2928 1238 2985 auribus
1268 2933 1424 3000 meis,
1454 2943 1506 2990 et
1532 2947 1899 3009 armentorum,

307 3022 466 3078 quam
501 3026 596 3082 ego
625 3013 824 3070 audio?

386 3097 477 3154 M.
506 3099 624 3158 Vox
652 3117 873 3177 gregum
918 3117 974 3165 et
1016 3120 1384 3173 armentorum
1429 3116 1723 3189 Amalech,
1759 3121 1902 3179 fama

305 3190 704 3261 turpitudinum
758 3208 863 3256 est.
925 3200 1152 3270 Quando
1212 3207 1279 3264 de
1325 3210 1623 3270 minoribus
1676 3215 1900 3271 luxuriae

2007 2002 2168 2072 ditur,
2198 2005 2290 2075 qui
2311 2004 2438 2061 dum
2459 2007 2680 2063 summis
2704 2008 2835 2064 viris
2863 2009 3032 2065 latere
3060 2019 3352 2080 appetunt,
3381 2011 3605 2067 adulan-

2006 2100 2112 2148 tur.
2146 2095 2285 2163 Quid
2326 2097 2469 2153 enim
2499 2107 2610 2167 est,
2654 2099 2798 2171 quod
2845 2100 3016 2157 Deum
3057 2117 3215 2158 suum
3260 2103 3606 2176 singulariter

2007 2189 2220 2255 asserit,
2246 2190 2347 2246 nisi
2376 2191 2502 2260 quia
2530 2207 2653 2248 eum
2683 2193 3004 2251 familiarem
3038 2195 3136 2252 Dei
3160 2196 3393 2253 amicum
3414 2205 3602 2257 ostenta

2008 2278 2122 2334 dit?
2168 2280 2425 2350 Domino,
2458 2284 2663 2355 inquit,
2692 2284 2803 2342 Deo
2837 2296 2941 2344 tuo.
2985 2287 3105 2345 Non
3154 2305 3303 2354 meo,
3348 2289 3444 2345 sed
3482 2299 3602 2357 tuo;

2005 2372 2131 2441 quia
2160 2387 2262 2443 ego
2298 2358 2591 2446 peccator,
2621 2384 2682 2433 tu
2721 2378 3063 2449 singulariter
3102 2390 3323 2437 sanctus
3368 2395 3446 2441 es.
3496 2380 3606 2437 Sed

2005 2465 2237 2522 mirabili
2280 2484 2381 2524 usu
2422 2470 2623 2527 fraudis
2651 2471 2871 2529 fallaces
2899 2474 2978 2531 sic
3017 2489 3076 2530 se
3118 2482 3307 2547 tegunt
3337 2484 3395 2530 ut
3423 2476 3604 2546 profe-

2006 2566 2155 2627 rant,
2188 2569 2245 2616 ει
2263 2561 2563 2631 justiﬁcant
2590 2574 2649 2620 ut
2678 2574 2951 2623 accusent.
2984 2567 3359 2625 Accusationis
3386 2584 3606 2640 quoque

2004 2650 2224 2709 modum
2248 2652 2325 2709 sic
2354 2661 2688 2725 temperant,
2716 2665 2775 2712 ut
2801 2658 3107 2716 accusando
3123 2658 3254 2729 justi
3284 2668 3601 2731 appareant,

2005 2762 2089 2803 ne
2112 2749 2423 2806 excusando
2465 2750 2825 2807 innotescant.
2881 2753 3019 2808 Dum
3060 2753 3206 2809 enim
3245 2768 3401 2809 suum
3431 2752 3605 2817 Deum

2004 2840 2154 2909 dicit,
2184 2841 2331 2897 illum
2355 2841 2572 2912 quidem
2596 2845 2829 2913 extollit,
2853 2859 2915 2901 se
2942 2846 3158 2902 minuit.
3190 2846 3317 2915 Sed,
3344 2845 3471 2901 dum
3500 2845 3601 2900 ad-

2005 2929 2167 2987 ducta
2192 2930 2260 2987 ab
2284 2930 2544 2988 Amalech
2588 2934 2780 2990 asserit
2814 2950 2933 3005 quae
2972 2936 3202 2993 Domino
3234 2939 3605 3005 immolentur,

2008 3024 2170 3081 tacite
2200 3024 2407 3097 profert
2437 3043 2547 3083 non
2574 3029 2717 3085 unde
2742 3031 3072 3101 reprehendi
3104 3031 3334 3101 debeat,
3359 3031 3455 3088 sed
3485 3032 3603 3087 lau-

2004 3115 2140 3173 dari.
2172 3116 2237 3173 Et
2264 3119 2440 3177 adhuc
2468 3119 2691 3190 addens,
2713 3121 2883 3179 dicit:
2908 3122 3128 3195 Reliqua
3154 3140 3271 3180 vero
3297 3123 3603 3184 occidimus.

2004 3207 2335 3267 Occiduntur
2362 3214 2579 3283 quidem
2607 3223 2830 3285 peccata
2850 3258 2867 3286 ,
2902 3231 3024 3286 qua:
3056 3216 3421 3273 dimittuntur.
3462 3215 3607 3272 Viva‘

304 3282 482 3355 culpis
520 3287 744 3356 quilibet
771 3290 1075 3352 ditfamatur
1098 3340 1113 3367 ,
1140 3314 1249 3355 vox
1277 3315 1498 3374 gregum
1523 3321 1781 3364 resonare
1819 3308 1902 3364 di-
1928 3310 1976 3376 α
2005 3303 2223 3375 quidem
2264 3282 2487 3375 peccata
2516 3282 2644 3365 sun—t
2663 3350 2678 3377 ,
2704 3323 2824 3378 qua:
2851 3282 2946 3369 aut
2983 3310 3039 3365 iu
3076 3319 3259 3366 mente
3287 3309 3469 3368 adhuc
3504 3324 3604 3380 per

306 3372 471 3429 citur.
521 3374 747 3443 Quando
794 3381 925 3438 item
949 3385 1017 3441 de
1044 3372 1506 3450 criminosioribus
1535 3404 1591 3450 et
1617 3397 1902 3453 obscenio-

300 3463 456 3521 ribus
496 3481 814 3538 accusatur,
846 3490 951 3531 vox
978 3488 1367 3538 armentorum.
1411 3482 1578 3551 Quasi
1617 3488 1716 3541 sub
1759 3487 1906 3543 falsae

301 3556 521 3613 virtutis
566 3575 677 3615 suae
727 3562 1072 3623 simulatione
1117 3571 1454 3627 reconditum
1502 3574 1767 3641 denudet,
1818 3576 1904 3631 di-

304 3662 437 3703 cens
472 3666 487 3701 ε
522 3647 678 3706 Tute
706 3654 929 3724 proprio
954 3673 1050 3713 ore
1082 3657 1378 3730 justilicas;
1415 3666 1510 3720 sed
1539 3665 1907 3724 immunditia-

302 3754 426 3793 rum
472 3748 683 3797 tuarum
734 3746 907 3801 turba:
953 3762 1053 3819 per
1098 3752 1342 3809 omnium
1372 3770 1466 3811 ora
1511 3756 1764 3815 clamant.
1796 3758 1906 3817 Sed

299 3830 414 3901 jam
453 3834 545 3905 qui
571 3838 949 3897 excusationes
988 3844 1325 3913 praetendere
1353 3850 1543 3921 cmpit,
1575 3852 1769 3921 quibus
1804 3854 1902 3910 de-

302 3922 641 3985 fensionibus
676 3930 904 4001 objectae
944 3935 1181 3994 infamia:
1220 3941 1425 4000 crimen
1455 3944 1689 4014 evadat,
1720 3948 1904 4004 videa-

301 4033 447 4073 mus.
477 4018 731 4092 Sequitur
756 4040 767 4079 ε

384 4112 557 4205 (νει-ε.
589 4114 703 4187 15.)
744 4116 824 4174 De
868 4122 1115 4178 Amalech
1162 4126 1493 4185 adduxerunt
1534 4148 1615 4185 ea.
1664 4130 1905 4205 Pepercit

302 4204 527 4275 populus
554 4209 850 4266 melioribus
876 4215 1052 4270 ovibus
1078 4225 1127 4270 et
1157 4224 1405 4277 armentis
1422 4264 1438 4293 ,
1482 4232 1540 4278 ut
1572 4225 1904 4303 imntolarent

302 4294 534 4355 Domino
562 4298 674 4357 Deo
703 4311 789 4359 tuo
820 4320 839 4359 :
869 4306 1069 4377 reliqua
1097 4310 1400 4369 occidimus.

380 4387 468 4442 15.
512 4389 650 4457 Quid
698 4402 781 4450 est
831 4398 976 4465 quod
1020 4401 1097 4454 ait
1128 4418 1143 4453 :
1176 4402 1253 4457 De
1293 4406 1537 4461 Amalech
1576 4409 1904 4468 adduxerunt

300 4498 389 4547 ea,
412 4488 468 4537 et
507 4499 616 4539 non
656 4485 821 4556 dixit,
856 4489 1221 4551 Adduximus?
1269 4497 1379 4553 Sed
1426 4502 1641 4569 quando
1684 4506 1904 4576 reprobi

302 4579 635 4644 arguuntur,
676 4576 863 4647 culpas
907 4580 1197 4652 aliquando
1238 4589 1486 4658 negando
1537 4600 1753 4664 tegunt,
1802 4597 1899 4651 ali-

2004 3398 2498 3468 concupiscentiam
2527 3409 2773 3469 regnant,
2802 3409 2895 3456 aut
2913 3417 3032 3473 quae
3060 3414 3160 3472 per
3189 3402 3601 3458 conversionem

2007 3497 2336 3560 contempta,
2369 3490 2465 3545 sed
2510 3506 2607 3561 per
2635 3492 3004 3561 pinnitentiam
3026 3492 3202 3549 adhuc
3231 3508 3341 3549 non
3362 3500 3489 3548 sunt
3507 3492 3603 3547 de-

2004 3578 2132 3635 leta.
2165 3580 2259 3635 Illa
2298 3579 2519 3654 quidem
2560 3583 2748 3640 vivunt
2790 3586 2965 3641 adhuc
2992 3583 3059 3640 ad
3097 3585 3460 3657 voluptatem,
3499 3584 3603 3643 ista

2004 3673 2193 3728 vivunt
2221 3673 2288 3728 ad
2331 3688 2582 3744 poenam;
2634 3675 2760 3746 quia
2799 3676 2900 3732 etsi
2917 3677 3051 3748 .jam
3094 3693 3322 3749 peccare
3366 3674 3603 3733 deserui~

2004 3780 2156 3835 mus,
2186 3765 2290 3823 nisi
2318 3767 2603 3823 commissa
2626 3768 2945 3839 plangamus
2965 3807 2981 3837 ,
3013 3770 3425 3826 commissorum
3460 3768 3603 3825 obli-

2003 3856 2222 3926 gatione
2262 3856 2577 3913 retinemur.
2625 3857 2733 3914 Sed
2770 3859 2978 3929 majora
3016 3860 3312 3917 minoribus
3336 3899 3351 3926 ,
3395 3859 3603 3921 leviora

2005 3945 2305 4014 majoribus
2336 3946 2537 4003 tribuit.
2567 3947 2701 4003 Nam
2730 3950 2857 4019 quid
2878 3962 2979 4018 est,
3008 3953 3152 4022 quod
3175 3953 3305 4007 dicit
3336 3970 3349 4005 :
3380 3951 3605 4022 Reliqua

2005 4037 2307 4109 occidimus,
2332 4038 2434 4094 nisi
2465 4040 2593 4109 quia
2622 4048 2747 4095 sunt
2784 4043 3099 4112 parvissima
3129 4052 3353 4113 peccata
3380 4043 3603 4113 majori-

2003 4126 2126 4196 bus,
2154 4145 2274 4199 quie
2312 4131 2428 4186 sola
2468 4131 2810 4187 confessione
2850 4132 3133 4187 lavantur?
3174 4133 3603 4215 Quaevdoctores

2004 4220 2297 4288 occidunt,
2329 4222 2549 4292 quando
2578 4222 2854 4277 humiliter
2879 4222 3262 4278 confitentibus
3301 4224 3602 4293 apostolica

2004 4313 2328 4367 auctoritate
2354 4312 2649 4367 dimittunt.
2690 4310 2787 4367 His
2811 4311 2954 4366 enim
2976 4312 3153 4367 verbis
3173 4312 3441 4385 omnibus,
3475 4315 3601 4383 quia

2002 4416 2065 4459 se
2092 4404 2313 4459 fallaces
2342 4410 2526 4473 tegere
2551 4403 2826 4471 nituntur,
2858 4418 2968 4461 non
2992 4404 3247 4476 prodere,
3272 4422 3379 4477 qua
3399 4407 3602 4463 electo~

2004 4508 2128 4548 rum
2175 4492 2590 4564 praedicatorum
2630 4495 2956 4553 auctoritate
2996 4497 3390 4568 reprobentur,
3420 4499 3604 4569 adjun-

2002 4584 2147 4654 gitur
2177 4602 2192 4638 :

300 4665 524 4774 quando
579 4666 635 4721 in
680 4668 817 4774 alios
861 4673 1212 4732 transferunt.
1266 4678 1478 4750 Tegunt
1529 4685 1748 4754 quidem
1796 4702 1895 4743 ne-
1925 4693 1977 4753 D
2078 4696 2253 4767 (νει-ε.
2286 4696 2402 4767 16.)
2445 4697 2593 4753 Dixit
2629 4700 2768 4755 enim
2802 4700 3016 4760 Samuel
3035 4704 3106 4759 ad
3134 4704 3267 4762 Saul
3290 4722 3309 4761 :
3338 4705 3471 4762 Sine
3494 4722 3597 4774 me,

298 4755 505 4825 gando,
535 4772 656 4813 cum
679 4759 847 4817 latere
871 4775 1130 4835 possunt;
1163 4768 1277 4836 sed,
1301 4771 1431 4828 dum
1451 4776 1608 4845 quasi
1634 4776 1687 4831 in
1709 4788 1896 4849 aperto

301 4845 629 4918 deprehensi
678 4860 960 4920 tenentur,
1001 4860 1147 4928 quod
1194 4874 1393 4931 negare
1432 4875 1710 4936 nequeunt
1731 4845 1759 4934 ,⁷
1778 4869 1899 4925 aliis

299 4940 602 4998 ascribunt.
642 4941 847 5001 Horum
874 4948 1150 5019 :siquidem
1189 4964 1367 5009 mores
1404 4952 1535 5011 Saul
1582 4958 1897 5029 insinuans,

296 5031 469 5103 356
511 5034 587 5089 ait
616 5052 633 5091 :
668 5035 745 5093 De
783 5038 1031 5098 Amalech
1071 5043 1399 5101 adduxerunt
1427 5064 1507 5102 ea.
1534 5048 1773 5118 Pepercit
1807 5070 1903 5124 po-

202 5112 208 5167 ἓ
295 5125 454 5195 palus
482 5128 777 5187 melioribus
805 5133 979 5190 ovibus
1006 5144 1057 5193 et
1081 5140 1345 5194 armentis.
1381 5140 1543 5208 Quasi
1569 5112 1712 5198 dicat
1741 5162 1754 5197 :
1781 5112 1898 5202 hia-

300 5215 439 5284 lum,
466 5220 610 5288 quod
640 5222 888 5294 auditur,
920 5242 987 5283 ex
1026 5230 1209 5300 populi
1239 5232 1526 5301 fragilitate
1562 5236 1897 5305 pensandum

298 5317 410 5379 est,
438 5325 549 5367 non
570 5328 639 5369 ex
667 5315 868 5373 virtute
907 5321 1159 5388 pastoris.
1191 5320 1423 5378 Peccata
1452 5324 1668 5395 quidem
1709 5328 1895 5385 subdi-

299 5407 487 5457 torum
538 5404 593 5460 in
655 5408 1003 5478 praclaturum
1069 5416 1479 5486 comparatione
1551 5417 1900 5490 despicienda

299 5504 452 5551 sunt.
488 5496 628 5555 Dicit
657 5515 788 5573 ergo
821 5522 835 5558 :
866 5505 948 5559 De
975 5507 1221 5563 Amalech
1244 5510 1573 5567 adduxerunt
1606 5529 1687 5569 ea.
1735 5513 1900 5581 Quasi

298 5585 492 5643 dicat:
520 5589 653 5660 Hoc,
685 5596 831 5664 quod
874 5597 942 5652 de
973 5600 1115 5670 turpi
1136 5600 1245 5656 vita
1284 5612 1536 5671 resonat,
1569 5621 1756 5663 verum
1782 5614 1897 5677 est,

300 5681 401 5736 sed
426 5689 607 5740 tamen
628 5687 817 5743 eadem
847 5691 1119 5761 turpitudo
1143 5692 1194 5747 in
1224 5696 1460 5764 parvulis
1489 5697 1676 5766 viguit,
1706 5713 1815 5755 non
1841 5700 1895 5757 in

299 5772 536 5859 magnis.
574 5775 765 5835 Adhuc
807 5780 937 5836 item
966 5782 1208 5839 eamdem
1237 5786 1449 5859 culpam
1476 5788 1742 5859 levigans,
1775 5794 1851 5848 ait
1878 5810 1893 5848 :

302 5858 555 5935 Pepercit
578 5870 801 5941 populus
829 5874 1127 5934 melioribus
1152 5858 1333 5936 ovibus
1346 5887 1397 5937 et
1422 5883 1693 5956 amentis,
1716 5892 1775 5943 ut
1797 5886 1899 5943 im-

588 5987 865 6056 PA'rnOL.
909 5984 1236 6065 LXXIX.‘

2003 4789 2246 4846 indicabo
2276 4790 2385 4859 tibi,
2410 4808 2525 4863 quae
2552 4792 2750 4849 locutus
2781 4796 2848 4850 sit
2874 4787 3131 4855 Dominus
3150 4800 3221 4852 ad
3240 4816 3324 4855 me
3349 4809 3516 4859 nocte.

2079 4882 2168 4938 16.
2208 4883 2347 4950 Quid
2378 4892 2484 4949 εει,
2514 4885 2659 4953 quod
2689 4885 2764 4940 ait
2796 4903 2809 4939 :
2834 4886 2966 4945 Sine
2992 4905 3102 4955 me,
3128 4898 3177 4947 et
3203 4888 3444 4943 indicabo
3476 4889 3598 4957 tibi;

2006 4972 2106 5028 nisi
2149 4972 2277 5041 quia
2316 4972 2440 5028 dum
2476 4971 2698 5031 fallaces
2735 4974 3053 5034 verbositati
3104 4976 3376 5055 insistunt,
3404 4981 3604 5035 exami-

2005 5064 2260 5120 nantibus
2313 5065 2550 5135 praelatis
2595 5066 2849 5137 loquendi
2912 5068 3092 5126 locum
3149 5083 3256 5124 non
3326 5070 3608 5127 tribuunt?

2006 5156 2170 5224 Quasi
2197 5156 2342 5214 dicat
2374 5177 2387 5213 :
2411 5159 2547 5214 Dum
2573 5175 2605 5215 a
2632 5160 2961 5217 verbositate
2988 5178 3099 5218 non
3124 5162 3324 5221 desinis
3343 5204 3359 5231 ,
3391 5178 3454 5220 ea
3482 5182 3603 5234 qua:

2002 5249 2191 5304 audire
2228 5248 2431 5316 debes,
2464 5250 2615 5322 loqui
2641 5266 2729 5308 me
2770 5268 2876 5310 non
2914 5254 3201 5323 permittis.
3232 5253 3417 5313 Potest
3439 5256 3602 5315 etiam

2002 5340 2109 5396 hoc
2158 5341 2326 5398 verbo
2378 5340 2674 5400 adulatoris
2730 5345 2961 5401 intentio
3006 5345 3275 5414 derideri;
3333 5348 3449 5417 qui.
3473 5347 3601 5405 dum

2004 5430 2374 5489 blandimento
2417 5435 2591 5494 laudis
2618 5435 2833 5506 placere
2858 5451 2921 5495 se
2959 5438 3161 5506 credit,
3197 5454 3290 5495 eos
3318 5454 3454 5510 quos
3485 5443 3601 5499 lau-
3662 5444 3669 5477 ί

2004 5527 2117 5592 dat,
2151 5541 2210 5582 se
2241 5528 2393 5596 quasi
2422 5536 2610 5585 tenere
2631 5530 2834 5587 eisdem
2858 5531 3105 5592 laudibus
3135 5533 3442 5590 arbitratur.
3471 5533 3602 5593 Tale

2009 5625 2093 5673 est
2121 5631 2250 5687 ergo
2281 5633 2343 5673 ac
2372 5620 2417 5675 si
2446 5619 2785 5677 laudatorem
2830 5638 2988 5680 suum
3032 5624 3235 5681 electus
3272 5624 3465 5694 praesul
3496 5624 3597 5683 lu»

2005 5720 2162 5765 nesta
2209 5710 2473 5779 gravitate
2510 5710 2791 5780 derideat,
2832 5714 3016 5771 dicens
3050 5733 3062 5769 :
3098 5714 3200 5783 Qui
3244 5730 3331 5771 me
3378 5716 3594 5785 laudas,

2007 5801 2166 5873 357
2197 5802 2343 5872 loqui
2371 5801 2463 5858 tibi
2492 5800 2627 5858 dura
2666 5819 2776 5862 non
2802 5820 3041 5876 possum.
3083 5806 3213 5864 Sine
3243 5821 3371 5876 ergo
3391 5850 3406 5875 ,
3436 5805 3488 5861 id
3518 5813 3605 5861 est

2004 5895 2260 5966 permitte
2285 5908 2376 5957 me
2401 5894 2590 5968 loqui,
2620 5905 2677 5959 et
2701 5913 2767 5963 ea
2803 5914 2925 5973 quae
2964 5916 3081 5966 sum
3124 5901 3403 5971 locuturus
3438 5896 3605 5957 intel-

3120 6012 3197 6076 iis
