4052 6338
513 320 613 379 42⁷

1724 309 1965 373 SANCTI
2002 307 2328 371 GaEGORll
2361 306 2576 377 HAG-Nl

3656 311 3761 368 ιω

513 433 635 505 ligo.
668 429 737 489 Et
756 447 901 506 quis,
924 439 982 488 ut
1002 426 1131 496 dixi,
1157 426 1373 499 placere
1399 440 1463 487 se
1486 424 1754 488 laudando
1781 426 2086 485 adulatores
2111 428 2169 493 Δ
2186 425 2349 495 igitur
2364 442 2487 487 cum
2512 428 2773 500 arguitur,
2804 426 2921 499 ejus
2940 428 3209 502 praeterita
3223 434 3615 497 memorantur,
3637 429 3750 499 quid

512 528 735 585 credunt
754 567 771 594 ,
809 524 993 583 audire
1018 524 1086 581 ab
1127 522 1207 579 eis
1234 521 1395 587 dura,
1426 536 1563 592 quos
1604 519 1850 587 laudant,
1881 534 2087 590 nequa-

511 635 671 691 quam
708 625 917 689 putsnt.
964 616 1129 683 Quasi
1158 630 1287 684 ergo
1312 614 1425 683 jam
1456 613 1577 669 laeta
1602 620 1658 668 et
1696 628 1953 682 prospera
1988 628 2086 667 au-

510 710 741 778 diturus,
764 707 1105 776 subsequitur
1131 706 1278 772 Saul,
1309 704 1493 761 dicens
1517 721 1531 758 :
1564 702 1815 775 Loquere.
1851 702 1959 759 Sed
1980 702 2089 758 elc-

512 802 585 857 cti
618 803 750 868 viri,
798 816 924 857 cum
969 799 1157 855 laudes
1201 814 1326 855 suas
1363 796 1614 863 audiunt,
1663 796 1805 853 inter
1851 795 2087 853 fomenta

511 893 687 950 laudis
731 908 764 949 a
800 894 979 962 rigore
1019 890 1239 961 iustitia:
1281 905 1386 950 non
1434 888 1775 945 mollescunt.
1822 886 1956 947 Nam
1996 886 2091 955 qui

512 985 866 1056 reproborum
910 993 1031 1039 acta
1070 981 1387 1053 despiciunt,
1420 982 1669 1050 excipere
1695 979 1859 1035 verba
1882 992 2088 1047 nequa-

510 1097 673 1151 quam
701 1088 945 1151 possunt.
994 1079 1129 1146 Quia
1150 1092 1276 1148 ergo
1314 1076 1457 1133 flecti
1502 1077 1749 1135 laudibus
1791 1082 2085 1145 nequeunt.

511 1174 820 1229 laudatores
847 1172 1120 1243 improbos
1147 1180 1203 1227 et
1238 1171 1418 1233 subtili
1442 1170 1651 1226 ratione
1679 1170 2002 1233 discutiunt.
2033 1175 2091 1229 et

512 1264 767 1322 districtis
789 1263 1069 1319 sententiis
1093 1264 1464 1331 insequuntur.
1500 1259 1656 1318 Unde
1692 1260 1964 1328 sequitur:

585 1355 763 1426 (Vers.
791 1354 1002 1425 1749.)
1037 1352 1107 1410 Et
1135 1355 1208 1408 ait
1237 1354 1449 1409 Samuel
1480 1367 1501 1409 :
1530 1349 1722 1407 Nonne
1748 1368 1867 1405 cum
1900 1365 2091 1420 parsu-

512 1446 593 1500 lus
621 1463 756 1500 esses
782 1448 836 1500 in
864 1447 1026 1502 oculis
1056 1448 1179 1514 tuis,
1205 1454 1356 1516 caput
1383 1446 1436 1499 in
1468 1443 1695 1501 tribubus
1724 1443 1893 1503 Israel
1922 1445 2089 1514 factus

510 1538 604 1591 es!
633 1536 892 1608 (lusitque
920 1548 966 1592 te
986 1538 1239 1593 Dominus
1277 1538 1333 1593 in
1363 1553 1534 1607 regem
1580 1553 1734 1607 super
1762 1535 1960 1600 Israel;
1989 1534 2089 1588 mi-

510 1628 674 1698 sitque
716 1638 764 1684 te
782 1627 1038 1685 Dominus
1060 1630 1113 1684 iss
1130 1630 1285 1694 viam,
1308 1638 1358 1685 et
1376 1628 1487 1687 ait:
1520 1626 1682 1694 Vade,
1709 1627 1938 1697 interﬁce
1966 1640 2089 1696 pec-

507 1730 708 1775 catores
734 1723 1011 1787 Amalech,
1036 1732 1085 1777 et
1123 1722 1373 1792 pugnabis
1399 1730 1579 1779 contra
1605 1737 1691 1777 eos
1720 1736 1875 1791 usque
1905 1720 1973 1777 ad
1998 1719 2093 1773 in-

2190 518 2365 586 aliud,
2394 535 2556 590 quam
2589 520 2689 588 his,
2721 535 2840 591 qua:
2890 522 3157 593 habebat,
3184 536 3372 579 carere
3400 520 3753 581 ductibituri

2187 611 2322 669 Nam
2345 612 2622 684 superbire
2643 622 2938 684 nequeunt,
2964 614 3063 670 nisi
3085 614 3177 685 qui
3204 613 3353 684 prius
3372 610 3560 671 oculos
3589 613 3755 671 cordis

2188 704 2439 775 perdunt.
2473 705 2549 760 De
2592 705 2891 763 libidinosis
2916 722 3046 763 vero
3086 705 3244 765 valde
3284 706 3484 769 clarius
3513 714 3751 763 constat:

2188 798 2315 864 quia
2340 798 2392 852 in
2414 796 2785 857 fornicationis
2813 798 3033 861 baratre
3075 815 3135 857 se
3154 813 3432 872 nunquam
3455 798 3753 863 obruerent.

2189 889 2234 945 si
2261 904 2289 942 a
2315 889 2432 945 luce
2467 890 2668 945 intima:
2688 891 2872 961 gloria:
2895 907 3001 946 non
3024 900 3148 947 ante
3172 890 3485 959 callgarent.
3512 888 3617 955 Qui
3646 889 3757 960 quia

2190 978 2298 1035 alta
2319 980 2482 1055 358
2511 982 2780 1051 pudicitia:
2807 991 3071 1057 prmcepta
3095 989 3465 1047 contemnunt,
3497 981 3658 1037 etiam
3684 987 3757 1034 tu.

2190 1074 2355 1131 moris
2382 1084 2699 1149 arguuntur.
2729 1074 2831 1148 Qui
2861 1090 2991 1147 ergo
3020 1075 3292 1145 deponere
3315 1073 3660 1147 praepositum
3684 1086 3760 1129 re-

2190 1182 2311 1238 gem
2342 1177 2585 1233 venerat,
2612 1168 2738 1223 dicit
2766 1186 2777 1221 :
2804 1166 2931 1222 Cum
2954 1184 3088 1222 esses
3118 1167 3356 1237 parvulus
3378 1166 3433 1218 in
3459 1164 3622 1219 oculis
3644 1150 3760 1233 tuis,

2190 1270 2345 1331 caput
2363 1262 2418 1317 in
2441 1259 2671 1321 tribubus
2702 1258 2869 1317 Israel
2898 1262 3067 1335 factus
3104 1275 3194 1325 es;
3221 1273 3354 1315 nunc
3383 1253 3761 1331 fecistivmalum

2187 1354 2245 1411 in
2280 1354 2440 1409 oculis
2476 1352 2704 1411 Domini.
2737 1351 2903 1421 Quasi
2947 1351 3090 1409 dicat
3121 1349 3431 1427 :Superbus
3478 1347 3672 1415 modo,
3712 1352 3763 1401 et

2192 1466 2363 1507 aecus
2387 1454 2532 1522 juste
2577 1449 2892 1521 deponeris,
2926 1449 3018 1519 qui
3046 1446 3193 1519 prius
3238 1443 3428 1501 videns
3464 1450 3520 1499 et
3561 1437 3765 1497 humilis

2192 1557 2414 1614 regnum
2457 1540 2642 1597 sortiri
2668 1539 2931 1595 meruisti.
2973 1537 3107 1593 Nam
3154 1544 3210 1591 et
3260 1532 3482 1603 superbi
3516 1527 3764 1585 Pharisaei

2193 1634 2261 1689 ab
2297 1634 2412 1703 ipsa
2438 1632 2663 1687 veritate
2692 1631 2820 1686 ccci
2848 1630 3214 1695 nominantur,
3244 1642 3363 1697 quas
3391 1624 3461 1681 ad
3488 1622 3768 1695 discipulos

2197 1725 2271 1780 ait
2304 1742 2316 1777 :
2347 1724 2515 1781 Sinite
2541 1740 2625 1779 eos
2637 1740 2657 1791 ;
2686 1722 2809 1777 ιιωεὶ
2835 1730 2987 1788 sunt,
3016 1731 3063 1776 ct
3102 1721 3256 1779 duces
3284 1735 3533 1775 ctecorum
3560 1717 3767 1790 (Matth.

510 1814 858 1867 temecionem
874 1828 1069 1867 eorum.
1097 1810 1271 1875 Quare
1292 1828 1414 1882 ergo
1442 1827 1546 1871 non
1568 1810 1759 1865 audisti
1783 1826 1951 1867 vocem
1982 1806 2087 1865 Do-
2121 1804 2167 1873 Β
2194 1831 2284 1880 xv.
2321 1814 2432 1886 li).
2473 1814 2601 1889 Qua-
2646 1814 2831 1883 utique
2870 1812 3085 1873 czccitas
3126 1810 3431 1882 specialiter
3477 1807 3770 1864 libidinosis

507 1903 637 1958 mini
659 1943 674 1969 ,
702 1903 795 1959 sed
829 1919 1001 1957 uersus
1028 1902 1098 1957 ad
1126 1902 1359 1972 predum
1383 1918 1439 1961 es
1462 1943 1479 1971 ,
1510 1910 1559 1965 et
1606 1903 1772 1972 fecisti
1801 1901 1993 1957 malum
2038 1900 2094 1971 its

508 1996 671 2049 oculis
699 1993 950 2050 Domini?

582 2087 673 2140 17.
715 2085 809 2142 llis
834 2085 1034 2156 quippe
1068 2087 1247 2145 verbis
1283 2087 1500 2158 superbi
1546 2088 1686 2157 regis
1731 2086 2092 2151 inobedientia

511 2175 780 2235 subtiliter
806 2178 1145 2237 examinator
1169 2195 1183 2235 :
1205 2193 1332 2248 quia
1350 2193 1403 2242 ei
1434 2179 1579 2250 prius
1607 2179 1748 2235 dona
1774 2179 1969 2237 collata
1991 2179 2089 2235 ob-

510 2266 664 2337 jicit;
708 2266 902 2325 deinde
943 2268 1221 2329 audaciam
1250 2271 1692 2339 transgressionis
1721 2286 1817 2341 per
1849 2269 2092 2340 ejusdem

509 2358 681 2427 culpo:
720 2358 1133 2430 exquisitionem
1178 2361 1319 2421 ferit.
1360 2361 1585 2425 Subtilis
1612 2376 1843 2432 namque
1885 2362 2091 2417 exami-

509 2450 659 2509 natio
700 2458 818 2520 est,
865 2453 1081 2521 quando
1133 2454 1213 2511 sic
1266 2463 1518 2517 versutus
1562 2454 1791 2524 quisque
1842 2461 2094 2525 peccator

510 2541 813 2609 discutitur,
842 2553 902 2601 ut
921 2544 974 2603 ei
1006 2543 1175 2614 culpae
1203 2545 1482 2606 exettsatio
1527 2544 1675 2601 nulla
1721 2544 2090 2619 relinquatur,

509 2642 571 2689 ut
600 2635 744 2695 hunc
786 2636 853 2693 ad
895 2646 1127 2697 mortem
1170 2634 1357 2705 flagitii
1381 2636 1536 2707 quasi
1560 2638 1799 2697 vinctum
1840 2635 1936 2697 Dei
1964 2652 2090 2692 sen-

509 2728 675 2785 tentia
721 2733 935 2795 teneat,
973 2728 1063 2784 cui
1088 2732 1300 2799 peccati
1327 2727 1636 2798 coniugium
1668 2729 1871 2789 nullum
1901 2737 2089 2791 restat.

510 2817 581 2875 Ut
611 2832 742 2889 ergo
768 2820 944 2881 omnis
977 2820 1065 2877 via
1104 2819 1340 2891 fugiendi
1382 2820 1661 2879 fallacibus
1704 2820 1948 2892 superbis
1990 2819 2090 2875 ob.

506 2918 768 2977 struatur,
809 2918 1176 2969 memorantur
1213 2911 1264 2973 ei
1292 2920 1349 2969 et
1380 2911 1683 2971 sublimitas
1722 2911 1997 2981 dignitatis
2037 2917 2093 2971 et

509 2998 703 3059 modus
746 2998 1056 3066 ministerii,
1105 3016 1227 3059 cum
1266 3000 1397 3061 dicit
1426 3020 1438 3057 :
1467 3000 1661 3061 Nonne
1700 3019 1813 3061 cum
1850 3002 2094 3074 parvulus

509 3104 646 3149 esses
673 3090 726 3142 in
750 3089 913 3147 oculis
943 3089 1065 3155 tuis,
1090 3098 1243 3162 caput
1269 3090 1322 3145 in
1347 3089 1573 3151 tribubus
1604 3090 1771 3149 Israel
1802 3093 1967 3165 factus
2005 3107 2090 3155 es;

2195 1907 2495 1974 ascribitur,
2526 1908 2653 1976 quia
2682 1905 2826 1961 nulla
2875 1912 2999 1959 sunt
3028 1903 3156 1963 vitia
3206 1918 3325 1974 qua:
3368 1901 3657 1972 spissiores
3701 1910 3771 1955 te-

2195 1998 2389 2053 nebras
2420 1998 2587 2055 menti
2609 1998 2855 2066 ingeram
2884 2010 3045 2068 quam
3077 1993 3263 2055 libido.
3296 1992 3364 2047 At
3386 2008 3530 2047 nunc
3568 1992 3770 2069 pleros-

2194 2108 2300 2162 que
2346 2094 2531 2150 videas
2577 2094 2791 2151 stetisse
2832 2093 3088 2158 clericos.
3131 2090 3446 2153 sacerdotes
3487 2089 3772 2149 corruisse.

2195 2182 2397 2250 Quibus
2444 2191 2592 2239 certe
2620 2198 2719 2259 per
2763 2182 3030 2246 Samuelis
3069 2183 3352 2254 imperium
3389 2181 3623 2237 dicitur:
3655 2179 3772 2233 Cum

2194 2290 2329 2328 esses
2358 2274 2599 2344 parvulus
2635 2275 2689 2328 in
2718 2274 2879 2329 oculis
2910 2273 3030 2341 tuis,
3054 2281 3208 2345 caput
3260 2272 3316 2331 in
3346 2268 3580 2327 tribubus
3609 2266 3772 2324 Israel

2196 2367 2363 2438 factus
2392 2381 2464 2420 es.
2510 2364 2672 2433 Quasi
2724 2366 2868 2421 dicat
2899 2382 2914 2419 :
2946 2363 3079 2419 Cum
3110 2364 3164 2419 in
3201 2361 3396 2419 minori
3425 2358 3619 2417 ordine
3652 2359 3771 2416 illu-

2194 2456 2399 2515 minato
2430 2455 2592 2517 corde
2630 2456 2899 2527 pudicitia:
2929 2464 3197 2527 pra-cepta
3244 2453 3545 2529 servaveris
3576 2470 3589 2509 :
3619 2465 3774 2520 nunc,

2194 2549 2405 2607 amissis
2435 2549 2639 2616 oculis,
2671 2549 2726 2613 in
2760 2546 3133 2609 fornicationis
3179 2546 3457 2607 baratrum
3504 2542 3773 2600 corruisti.

2194 2643 2274 2697 Ad
2306 2641 2536 2714 prtedam
2564 2657 2734 2695 versus
2762 2657 2845 2707 es,
2876 2640 3003 2711 quia
3032 2639 3208 2693 divina
3241 2644 3509 2709 praecepta
3540 2636 3775 2695 violenta

2192 2733 2609 2808 praesumptione
2639 2732 2851 2803 rupisti.
2867 2732 3002 2801 Quia
3025 2731 3166 2789 enim
3187 2729 3531 2809 prohibente,
3556 2738 3614 2782 et.
3633 2726 3777 2798 quasi

2194 2825 2353 2885 minis
2384 2824 2591 2881 armato
2621 2832 2677 2880 et
2703 2824 2952 2881 obstante
2975 2822 3087 2879 Deo
3106 2865 3122 2895 ,
3154 2821 3221 2879 ad
3249 2821 3561 2877 violandum
3602 2835 3774 2876 sacra-

2196 2916 2335 2971 rium
2363 2914 2625 2971 castitatis
2655 2913 3157 2983 irrumpuntzquasi
3182 2926 3279 2982 per
3294 2910 3539 2985 rapinam
3570 2910 3781 2983 prmdaa,

2195 3006 2453 3069 Amalech
2483 3005 2654 3061 electa
2684 3004 2752 3059 ad
2783 3004 2995 3059 Domini
3043 3012 3241 3063 terram
3290 3004 3511 3057 ducunt.
3558 2998 3625 3057 Et
3654 3001 3778 3071 quia

2198 3106 2456 3169 quantum
2479 3104 2722 3167 possunt,
2749 3094 2939 3150 lubrici
2964 3093 3404 3167 prendicatoribus
3434 3092 3782 3149 abscondun-

510 3188 562 3235 et
582 3181 656 3235 ait
703 3180 793 3237 tibi
838 3178 1094 3243 Dominus
1127 3196 1147 3237 :
1182 3180 1425 3257 Interﬁce
1466 3191 1759 3257 peccatores
1801 3183 2044 3239 Amalech
2065 3184 2091 3238 7
2117 3176 2164 3247 ο
2196 3196 2302 3257 tur,
2331 3188 2385 3244 in
2423 3195 2715 3259 conspectu
2745 3186 2957 3241 Domini
2985 3185 3183 3240 malum
3212 3184 3341 3243 Saul
3370 3182 3566 3241 fecisse
3593 3200 3782 3258 repre-

507 3270 580 3329 Et
607 3281 665 3333 ut
689 3272 1078 3336 circumdatum
1108 3274 1222 3351 jam
1253 3284 1307 3333 et
1341 3277 1621 3337 obsessum
1664 3278 2091 3337 ratiocinationi-
2195 3280 2468 3337 henditur.
2500 3278 2664 3347 Quasi
2693 3278 2834 3334 enim
2865 3277 3076 3333 minans
3123 3284 3179 3332 et
3219 3284 3428 3333 terrens
3452 3277 3783 3351 prmdicator

508 3364 612 3423 bus
654 3365 866 3437 capiat,
913 3383 1137 3429 manum
1182 3368 1353 3441 culpa:
1407 3368 1610 3439 injicit,
1655 3369 1842 3431 dicens
1872 3389 1884 3426 :
1919 3370 2092 3437 Quare
2194 3372 2247 3429 in
2276 3372 2451 3428 carnis
2476 3373 2752 3442 voluptate
2786 3370 2936 3441 lapso
2965 3370 3111 3424 dicat
3145 3387 3157 3423 :
3185 3367 3401 3424 Crimen
3431 3368 3783 3426 immunditiis

506 3475 629 3530 ergo
653 3476 757 3521 non
783 3460 978 3523 audisti
1004 3478 1174 3519 vocem
1203 3460 1431 3529 Domini,
1456 3463 1545 3525 sed
1566 3481 1736 3521 versus
1766 3464 1835 3523 ad
1861 3465 2093 3537 prtedatn
2192 3464 2496 3521 hominibus
2537 3463 2755 3535 quidem
2803 3461 3174 3529 absconditur,
3205 3460 3300 3516 sed
3344 3461 3555 3516 videnti
3599 3462 3782 3516 omnia

513 3563 591 3614 es,
620 3556 668 3603 et
691 3550 856 3619 fecisti
878 3550 1071 3607 malum
1087 3568 1263 3609 coram
1289 3554 1449 3613 oculis
1468 3553 1884 3624 Domini?Quasi
1913 3558 2088 3618 dicat:
2194 3572 2303 3613 non
2331 3557 2553 3612 celatur.
2604 3554 2729 3609 ilco
2755 3554 2969 3625 quidem
3000 3562 3055 3608 et
3082 3553 3166 3610 his
3191 3554 3384 3610 similia
3432 3569 3559 3611 cum
3588 3554 3782 3625 impin-

512 3636 656 3695 Ecce
682 3639 811 3710 quid
839 3655 989 3708 eras,
1017 3643 1109 3712 qui
1147 3642 1320 3701 factus
1348 3660 1439 3715 es,
1466 3648 1595 3717 quid
1624 3650 1853 3709 debui~ti
1881 3651 2090 3720 facere,
2193 3651 2428 3706 nitentes
2470 3648 2721 3713 audiunt,
2750 3646 2939 3702 terreri
2968 3661 3307 3720 nequaquam
3339 3653 3587 3716 possunt.
3622 3643 3779 3701 Unde

512 3743 643 3785 ecce
668 3729 797 3798 quid
825 3727 1032 3799 fecisti;
1064 3748 1191 3789 ecce
1212 3743 1470 3804 quantum
1500 3738 1566 3792 ab
1590 3754 1675 3805 eo,
1702 3740 1845 3811 quod
1865 3739 2093 3797 debuisti

510 3834 787 3891 exercere,
808 3825 1119 3880 recesseris.
1144 3826 1279 3881 Dum
1299 3840 1427 3897 ergo
1450 3828 1652 3900 intulit,
1675 3832 1856 3889 dicens
1882 3849 1895 3887 :
1920 3832 2093 3898 Quare

511 3913 679 3986 fecisti
708 3916 905 3973 malum
930 3918 985 3973 in
1020 3918 1181 3975 oculis
1204 3917 1453 3975 Domini?
1481 3921 1635 3993 quasi
1663 3920 1907 3981 fallacem
1936 3938 2091 3983 reum

509 4004 894 4070 circumdanda
920 4009 1348 4079 comprehendit.

578 4094 667 4151 18.
709 4095 817 4157 Sed
842 4097 898 4157 in
926 4097 1031 4155 hoc
1068 4098 1187 4155 loco
1215 4099 1512 4156 notandum
1542 4109 1624 4156 est
1650 4100 1807 4174 quia,
1840 4102 1965 4161 dum
1994 4119 2092 4160 rex

507 4187 772 4269 superbus
818 4190 1082 4259 arguitur,
1120 4190 1400 4251 electionis
1429 4192 1547 4263 ejus
1589 4200 1832 4265 tempora
1879 4211 2089 4259 metuo-

508 4286 719 4349 rantur,
750 4288 810 4337 ut
838 4288 1019 4342 tumor
1058 4281 1239 4345 cordis
1265 4285 1546 4350 sentiatur,
1578 4300 1685 4341 non
1714 4286 1948 4343 adfuisse
1989 4288 2089 4351 eli-

508 4367 707 4437 gendo,
738 4369 833 4427 sed
861 4384 930 4429 ex
956 4371 1188 4429 culmine
1217 4374 1450 4433 crevisse
1492 4376 1737 4446 prmlato.
1783 4377 1830 4431 Α
1858 4376 2088 4437 Domino

509 4457 725 4526 quidem
755 4459 929 4515 bonus
958 4461 1162 4516 electus
1189 4471 1291 4531 est,
1322 4465 1417 4519 sed
1447 4464 1570 4519 dum
1602 4468 1772 4521 crevit
1800 4484 1865 4523 ex
1895 4469 2087 4526 culmi-

511 4562 600 4615 ne,
629 4547 871 4603 decrevit
900 4550 1154 4609 elatione.
1182 4552 1321 4607 Dicit
1350 4568 1504 4623 ergo:
1529 4554 1655 4610 Cum
1682 4572 1816 4611 esses
1846 4560 2087 4627 parvulus
2117 4563 2167 4622 D

505 4637 560 4691 in
590 4638 750 4693 oculis
777 4641 893 4707 tuis,
927 4650 1081 4711 caput
1104 4642 1157 4696 in
1180 4642 1407 4698 tribubus
1430 4643 1601 4699 Israel
1625 4648 1790 4718 factus
1821 4663 1907 4709 es;
1938 4649 2087 4703 modo

506 4745 679 4785 versus
726 4730 795 4783 ad
825 4731 1088 4803 prtedom,
1120 4734 1287 4805 fecisti
1316 4735 1509 4789 malum
1545 4737 1598 4789 in
1644 4739 1807 4792 oculis
1857 4737 2085 4794 Domini.

505 4821 671 4888 Quasi
698 4822 841 4879 dicat
871 4842 884 4879 :
918 4824 1023 4881 Per
1049 4827 1333 4882 veritatem
1360 4828 1680 4884 humilitatis
1708 4845 1927 4898 regnum
1957 4847 2086 4901 pro-

505 4915 764 4982 meruisti,
798 4917 891 4972 sed
920 4934 1063 4973 nunc
1088 4925 1352 4989 prmtextu
1378 4917 1627 4987 humilis,
1661 4922 1886 4977 veritate
1928 4923 2087 4977 tumi-

424 5008 429 5011 ’
507 5005 606 5059 dus
632 5019 855 5074 regnum
886 5008 1083 5079 perdis.
1114 5007 1252 5075 Quid
1273 5008 1416 5063 enim
1439 5020 1565 5065 sunt
1586 5011 1722 5066 oculi
1752 5009 1953 5079 cordis,
1982 5012 2087 5068 nisi

505 5109 755 5170 aspectus
806 5104 1063 5160 rationis?
1104 5104 1239 5161 Nam
1268 5108 1363 5176 qui
1408 5108 1644 5177 integros
1671 5109 1818 5164 visus
1863 5109 2086 5164 rationis

502 5191 696 5259 habet,
730 5193 969 5265 perfecte
1017 5196 1349 5253 illuminatus
1376 5206 1477 5254 est.
1520 5198 1578 5254 ln
1624 5201 1793 5256 oculis
1822 5216 1949 5271 ergo
1977 5201 2086 5258 suis

502 5290 585 5336 est
611 5283 847 5352 humilis,
871 5286 1041 5354 quise
1062 5288 1296 5357 perfecte
1324 5290 1572 5360 rcSpicit,
1607 5301 1661 5345 et
1683 5292 1935 5346 humilem
1959 5307 2084 5363 per-

504 5371 644 5428 fecta
672 5375 882 5430 visione
922 5378 1219 5444 cognoscit.
1267 5378 1360 5433 llis
1390 5394 1518 5449 ergo
1558 5382 1737 5437 verbis
1764 5383 1897 5453 lapsi
1942 5384 2085 5454 regis

503 5477 613 5517 non
649 5464 823 5520 solum
854 5467 1125 5538 prmterita
1171 5468 1473 5537 humilitas,
1520 5471 1614 5527 sed
1649 5473 1810 5527 etiam
1855 5475 2079 5531 rationis

506 5556 705 5615 acuitas
742 5559 1186 5614 commendatur:
1210 5563 1333 5630 quia
1361 5563 1613 5619 videlicet
1640 5572 1819 5619 tantus
1842 5574 1960 5620 erat
1987 5582 2077 5621 ra-

506 5647 652 5703 tione
670 5692 684 5715 ,
717 5660 777 5703 ut
799 5664 859 5704 se
883 5650 1118 5719 perfecte
1145 5662 1526 5722 cognosceret;
1559 5663 1613 5711 et
1640 5663 1821 5711 tantus
1849 5657 2075 5724 virtute,

508 5746 565 5789 ut
592 5753 649 5792 se
678 5739 945 5796 subtiliter
972 5742 1205 5809 intuens,
1232 5759 1361 5800 vere
1385 5744 1642 5804 humilem
1669 5747 1896 5805 videret.
1938 5748 2075 5814 Quia

2193 3744 2294 3805 etsi
2328 3742 2439 3813 jam
2468 3741 2882 3797 ratiocinatione
2911 3741 3057 3813 capti
3084 3749 3244 3811 sunt,
3274 3740 3422 3795 velut
3447 3755 3658 3810 angues
3686 3754 3780 3813 per

2194 3835 2458 3893 lubricum
2484 3834 2647 3889 dilabi
2675 3848 2704 3885 a
2725 3834 2957 3889 tenentis
2976 3848 3035 3888 se
3061 3831 3309 3889 manibus
3337 3842 3615 3901 satagunt.
3642 3832 3783 3889 Cau-

2192 3927 2313 3982 dam
2339 3924 2635 3996 proferunt,
2656 3931 2817 3994 caput
2836 3923 3169 3979 abscondunt
3199 3940 3214 3978 :
3242 3923 3369 3993 quia
3397 3924 3654 3979 videntur
3672 3924 3781 3994 jam

2192 4030 2433 4081 extrema
2462 4034 2708 4089 operum,
2739 4017 2831 4073 sed
2859 4018 3171 4076 earumdem
3192 4018 3389 4091 tegitur
3417 4018 3658 4090 qualitas
3688 4033 3781 4074 ac-

2193 4110 2419 4165 tionum.
2452 4105 2604 4163 Unde
2633 4116 2687 4163 et
2717 4107 2993 4181 sequitur:

2267 4212 2446 4303 (Vers:
2472 4230 2585 4300 20.)
2618 4228 2687 4284 Et
2714 4230 2811 4293 fait
2856 4230 2990 4293 Saul
3037 4230 3107 4287 ad
3145 4228 3441 4288 Samuelem
3468 4245 3491 4285 ι
3520 4226 3644 4285 Iaso
3681 4245 3778 4285 an-

2190 4325 2295 4385 divi
2318 4340 2488 4385 vocent
2509 4322 2742 4390 Domini,
2770 4332 2820 4378 et
2841 4322 3097 4377 ambulavi
3120 4338 3210 4393 per
3238 4322 3372 4377 viam
3402 4336 3505 4393 quo
3525 4322 3671 4376 misit
3698 4334 3779 4372 me

2190 4413 2464 4483 Dominus,
2493 4424 2543 4473 et
2568 4414 2766 4473 adduxi
2792 4413 2939 4486 Agag
2977 4429 3146 4486 regent
3162 4411 3427 4481 Anastasii,
3455 4422 3509 4468 et
3526 4411 3779 4467 Amalech

2188 4508 2441 4579 interfeci.

2264 4622 2350 4677 l9.
2390 4621 2557 4689 Quasi
2603 4622 2745 4677 enim
2795 4619 3007 4676 occulta
3047 4626 3269 4687 tegens,
3314 4617 3550 4673 aliorum
3600 4617 3783 4675 disco-

2192 4719 2378 4785 operta
2400 4713 2696 4784 proferens,
2718 4727 2778 4767 se
2800 4710 3037 4767 lubricus
3055 4710 3249 4771 doctor
3274 4709 3341 4765 de
3361 4709 3617 4781 profectu
3644 4726 3783 4783 prai-

2189 4806 2470 4861 dicationis
2496 4804 2859 4870 commendat,
2888 4804 3072 4861 dicens
3101 4819 3116 4856 :
3144 4802 3223 4857 De
3247 4801 3592 4856 subditorum
3617 4802 3781 4871 culpa

2188 4897 2513 4969 reprehendi
2541 4912 2651 4952 non
2681 4896 2880 4961 debeo,
2912 4894 3007 4951 sed
3053 4893 3290 4959 laudari,
3320 4908 3487 4962 quam
3517 4895 3576 4949 iu
3606 4895 3785 4949 delin-

2188 4990 2474 5057 quentibus
2494 4988 2834 5059 praedicando
2852 4986 3047 5044 delevi.
3073 4986 3329 5041 Amalech
3351 4988 3602 5056 percussi
3620 5004 3634 5040 :
3652 4985 3783 5058 quia

2190 5079 2563 5136 fornicationis
2589 5080 2810 5150 spiritus
2839 5079 2895 5133 in
2922 5078 3229 5134 auditorum
3248 5093 3495 5134 meorum
3515 5080 3784 5135 cordist

2188 5174 2382 5243 linguas
2417 5191 2551 5231 mae
2577 5174 2754 5243 gladio
2785 5174 3007 5233 corruit.
3036 5172 3152 5229 Rex
3180 5175 3282 5230 etsi
3309 5174 3472 5240 vivit,
3506 5174 3785 5231 adductis

2186 5274 2271 5322 est
2298 5268 2459 5337 :quia
2486 5267 2585 5323 etsi
2623 5281 2813 5325 sensus
2839 5266 3037 5334 carnis,
3067 5265 3306 5336 quandiu
3348 5281 3539 5322 sumus
3568 5268 3628 5323 in
3655 5281 3788 5320 rar-

2188 5380 2276 5434 ne,
2308 5367 2524 5422 omnino
2549 5367 2699 5437 perdi
2728 5383 2835 5423 non
2863 5375 3059 5438 potest,
3088 5377 3279 5438 captus
3305 5373 3408 5433 est.
3433 5374 3494 5422 ut
3520 5368 3644 5435 cari
3679 5381 3785 5434 po-

2184 5460 2285 5514 tuit
2312 5460 2433 5529 quia
2456 5461 2750 5530 praevalere
2771 5461 2969 5517 rationi
2999 5478 3105 5517 non
3127 5469 3326 5532 potest.
3348 5460 3503 5530 Ipsos
3523 5459 3785 5514 subditos

2185 5561 2482 5620 correptos,
2514 5560 2569 5606 et
2595 5562 2820 5622 peccata
2841 5555 3162 5610 confitentes
3190 5553 3478 5610 ostendere
3505 5553 3779 5622 gestiens,

2183 5641 2461 5711 subjunxit
2482 5640 2667 5697 dicens
2691 5660 2705 5696 :
2942 5658 2945 5663 ί

2255 5748 2429 5821 (Vers.
2461 5749 2576 5824 21.)
2621 5750 2763 5808 Tulit
2789 5759 2958 5809 autem
2990 5754 3208 5828 populus
3248 5754 3312 5810 de
3352 5753 3533 5826 prada
3570 5768 3691 5811 oves
3726 5758 3788 5806 es
