4052 6338
312 324 415 384 ιὶθ

1130 320 1198 381 tu
1234 320 1500 383 PRIMUM
1536 316 1781 386 ΒεϐοΜ
1816 318 2446 393 mosmouas..-—
2481 321 2613 384 LIB.
2653 323 2715 383 ν.

3476 335 3583 399 450

311 446 497 510 boves,
525 438 783 511 primitias
804 450 981 495 eorum
1012 455 1126 512 quia
1153 457 1289 497 caesa
1327 450 1478 509 sunt,
1513 448 1573 495 ut
1606 440 1897 496 immolaret
1922 442 1977 509 Α
2000 437 2128 493 dum
2158 438 2274 505 fuit,
2313 448 2373 494 ut
2418 438 2676 495 Amalech
2726 448 3099 511 percuteretur
3122 459 3136 498 :
3161 444 3259 502 sed
3295 449 3443 519 quia,
3478 454 3587 508 Deo

310 532 538 590 Domino
568 531 677 588 Deo
703 549 796 586 suo
828 533 881 587 in
912 530 1163 591 Galaalis.

381 627 471 684 20.
506 627 729 695 Quando
774 640 1105 683 armatorum
1153 627 1409 684 violentia
1440 627 1668 699 alicujus
1697 627 1899 699 aliquid

309 722 589 794 proprium
643 719 868 787 tollitur,
916 719 1090 792 praeda
1142 721 1469 779 nominatur.
1523 720 1667 777 Vitia
1715 730 1898 777 autem

309 814 487 872 carnis
516 820 571 869 et
597 812 809 878 animm,
838 811 963 881 quia
993 810 1209 866 diabolo
1240 818 1559 880 suggerente
1590 823 1900 883 propagan-

308 913 417 972 tur,
460 904 576 976 ejus
616 904 760 960 velut
790 904 1068 978 proprium
1098 912 1244 959 sunt.
1270 902 1523 977 Quisquis
1552 916 1682 973 ergo
1734 906 1789 961 in
1835 919 1896 960 se

307 1012 483 1068 nuper
511 996 784 1065 remissus,
818 1013 959 1053 nunc
988 1004 1167 1051 autem
1195 996 1462 1054 violentus
1487 997 1614 1053 vitia
1644 997 1896 1068 destruit,

305 1089 545 1162 praedam
572 1088 702 1144 facit
732 1107 746 1158 ;
778 1090 902 1161 quia
930 1105 1049 1160 qua:
1070 1089 1244 1145 aliena
1271 1099 1416 1159 sunt,
1448 1097 1698 1161 potenter
1726 1090 1890 1161 rapit.

306 1184 375 1240 Et
403 1183 727 1250 notandum,
760 1183 885 1254 quia
915 1182 1110 1239 credere
1147 1190 1203 1239 et
1232 1184 1413 1255 praeda
1438 1182 1653 1249 dicitur,
1698 1192 1756 1238 ut
1787 1183 1893 1238 alia

305 1287 519 1336 mortua
566 1278 772 1344 relicta,
807 1277 909 1337 alia
936 1277 1056 1334 viva
1084 1275 1264 1331 delata
1301 1292 1421 1332 esse
1467 1276 1744 1332 doceatur.
1776 1273 1898 1329 Cae-

307 1371 505 1428 duntur
548 1369 763 1443 quidem
796 1368 1189 1423 oblectamenta
1236 1367 1499 1437 libidinis,
1536 1366 1752 1441 quando
1782 1367 1886 1420 vir-

305 1471 420 1520 tute
445 1476 691 1534 superna:
716 1458 1028 1515 intentionis
1056 1458 1398 1529 depelluntur
1418 1474 1449 1513 a
1477 1457 1659 1523 corde,
1685 1466 1740 1511 et
1759 1472 1893 1511 con-

304 1536 525 1611 tritiOne
570 1552 790 1625 spiritus
835 1550 1149 1605 reciduntur
1172 1565 1202 1604 a
1233 1563 1482 1619 corpore.
1529 1546 1639 1604 Sed
1671 1548 1791 1603 viva
1822 1545 1890 1602 ad

303 1644 692 1704 immolandum
718 1643 1089 1710 deducuntur;
1113 1642 1237 1714 quia
1260 1642 1360 1697 etsi
1381 1642 1739 1698 conversione
1763 1654 1890 1713 pec-

303 1737 539 1803 catoris,
566 1735 745 1795 carnis
766 1736 871 1805 {aut
897 1734 1092 1790 mentis
1119 1734 1573 1790 delectamentum
1602 1732 1887 1795 deseritur.

2001 529 2313 599 auxiliante,
2334 530 2586 596 vincitur,
2615 532 2973 607 supplendum
2995 543 3133 603 erat,
3158 544 3217 591 ut
3236 551 3356 609 quae
3386 539 3442 596 in
3471 544 3587 612 ejus

2003 625 2411 683 immolarentur
2431 628 2695 684 sacrificio
2721 638 3084 685 servarentur.
3120 630 3277 700 Quod
3306 646 3494 705 aperte
3535 639 3589 694 in

2003 719 2247 788 superbis
2288 727 2550 791 apparet:
2577 720 2703 790 quia
2750 736 2873 777 cum
2919 730 3163 793 apertam
3212 725 3369 795 culpa
3411 727 3591 785 celare

2004 828 2112 868 non
2134 824 2387 884 possunt,
2414 824 2721 887 permutare
2741 825 2836 872 aut
2854 818 3099 875 minuere
3119 833 3401 878 conantur.
3425 824 3591 892 Quasi

2002 905 2145 961 dicat
2164 922 2178 960 :
2197 904 2262 961 Et
2292 907 2336 963 si
2353 907 2566 976 judicas
2585 918 2798 980 apertas
2825 910 3011 982 culpas
3038 913 3241 983 operis,
3265 918 3591 973 attendenda

1999 1006 2082 1053 est
2107 999 2319 1054 occulta
2346 1001 2661 1072 simplicitas
2684 1004 3018 1061 intentionis.
3047 1004 3219 1078 Culpa
3243 1009 3463 1081 quidem
3500 1027 3591 1068 es-

1996 1098 2080 1146 set
2108 1091 2174 1145 de
2195 1091 2451 1149 Amalech
2478 1094 2678 1166 aliquid
2703 1095 2916 1161 afferre,
2950 1098 3054 1153 nisi
3083 1098 3248 1154 allata
3275 1099 3389 1157 Deo
3417 1102 3581 1159 debe-

1996 1192 2119 1237 rent
2144 1182 2429 1239 immolari.
2470 1182 2588 1241 Hoc
2613 1187 2831 1256 quidem
2858 1204 3003 1260 saepe
3045 1190 3098 1245 in
3125 1193 3468 1250 monasteriis
3496 1211 3592 1251 ac-

2000 1273 2149 1339 cidit,
2176 1289 2298 1328 cum
2326 1277 2553 1346 quisque
2574 1278 2734 1341 nimis
2760 1280 3041 1351 religiosus
3068 1283 3311 1341 subditus
3339 1286 3597 1357 Spiritua-

1994 1361 2124 1417 lium
2169 1365 2512 1433 pmlatorum
2561 1368 2802 1440 imperiis
2842 1370 3078 1441 adjicere
3118 1378 3429 1445 praesumit;
3467 1394 3592 1434 cum

1994 1454 2294 1523 regularem
2319 1472 2661 1515 communem
2689 1461 2858 1515 vitam
2888 1461 3139 1533 despicit,
3170 1474 3223 1520 et
3244 1469 3477 1538 propriae
3497 1484 3587 1525 se-

1997 1547 2178 1616 quitur
2204 1550 2486 1605 arbitrium
2516 1551 2830 1607 voluntatis.
2864 1552 2999 1609 Dum
3024 1557 3167 1611 enim
3194 1558 3485 1615 meliorare
3512 1561 3595 1616 vi-

1997 1650 2109 1694 tam
2149 1641 2397 1711 eligendo
2443 1658 2606 1713 quam
2652 1644 2958 1703 obedieudo
3007 1649 3224 1717 nititur,
3270 1652 3399 1720 quid
3443 1652 3590 1709 aliud

1997 1746 2158 1801 quam
2195 1744 2440 1803 apertam
2466 1735 2890 1792 inobedientiam
2922 1740 3223 1797 intentione
3251 1743 3465 1800 virtutis
3495 1760 3592 1801 co-

302 1847 467 1905 pmna
514 1829 798 1904 praeterita
845 1828 1220 1885 delectationis
1269 1827 1482 1900 penitus
1511 1842 1619 1882 non
1663 1825 1891 1881 deletur.
1925 1823 1972 1885 B
1999 1825 2179 1881 lorare
2202 1829 2571 1884 monstratur?
2598 1828 2769 1896 Quem
2801 1830 3049 1900 profecto
3076 1834 3255 1891 locum
3281 1853 3389 1893 non
3416 1840 3595 1896 solum

303 1923 593 1981 (laedantur
621 1937 751 1993 ergo
776 1922 904 1978 vitia
924 1962 939 1989 ,
966 1922 1127 1997 359
1157 1920 1407 1991 primitiae
1426 1920 1562 1976 viva:
1599 1920 1665 1976 ad
1695 1920 1893 1977 immo-

304 2016 528 2073 landum
566 2016 872 2070 nullatenus
899 2022 1212 2070 serventur:
1234 2022 1294 2068 ut
1319 2013 1410 2084 qui
1457 2013 1565 2067 vim
1596 2011 1806 2084 peccati
1838 2011 1893 2065 in

302 2114 675 2179 contemptum
705 2105 1130 2161 oblectationum
1162 2112 1419 2176 potenter
1440 2104 1684 2176 perimit,
1714 2104 1897 2185 vivere

303 2200 408 2256 sibi
451 2199 518 2254 ad
560 2184 949 2255 immolandum
996 2198 1185 2252 timeat
1230 2212 1449 2268 poenam
1496 2184 1893 2252 delectationis.

303 2292 565 2348 Primitiae
593 2306 722 2361 ergo
753 2305 1016 2347 ausorum
1045 2290 1173 2359 quid
1200 2296 1344 2356 sunt,
1375 2288 1477 2344 nisi
1506 2288 1894 2344 delectationes

308 2382 726 2456 peccaminum?
750 2378 860 2436 Has
877 2380 1093 2451 quidem
1122 2378 1319 2436 οπεπο
1343 2378 1562 2446 dicitur,
1593 2379 1685 2448 qui
1712 2394 1898 2434 coram

305 2475 423 2532 Deo
450 2473 819 2538 sacerdotibus
844 2472 1156 2529 conﬁtetur.
1206 2470 1273 2526 Et
1299 2470 1480 2527 oblata
1524 2470 1895 2539 immolantur,

305 2569 524 2639 quando
538 2584 725 2624 eorum
747 2583 904 2643 paena
921 2566 1231 2639 paenitendo
1243 2565 1558 2623 destruitur.
1577 2564 1740 2635 Quasi
1756 2565 1901 2622 enim

306 2662 365 2719 in
404 2662 656 2733 primitiis
705 2677 844 2719 caesa
886 2660 1211 2729 oﬁeruntur,
1242 2668 1299 2717 et
1323 2674 1424 2732 per
1464 2659 1771 2731 posteriora
1814 2658 1900 2713 vi-

304 2762 444 2810 vunt
471 2769 485 2808 :
515 2753 732 2824 quando
763 2753 956 2823 aliquis
991 2760 1221 2823 peccata
1262 2749 1573 2815 conﬁtetur,
1604 2759 1662 2824 et
1706 2748 1902 2805 immo-

308 2846 448 2917 lare,
476 2817 582 2902 hoc
611 2854 692 2902 est
719 2817 900 2901 coram
922 2817 1036 2901 De-o
1058 2852 1317 2909 mactare,
1347 2817 1663 2915 paenitendo
1686 2857 1793 2898 non
1819 2842 1902 2896 ni-

308 2936 464 2993 titur.
492 2936 629 2992 Dnm
657 2951 787 3007 ergo
816 2951 1077 2993 cmsomm
1114 2934 1366 3006 primitia:
1403 2934 1665 2990 reservari
1696 2932 1762 2987 ad
1802 2932 1902 2986 im-

308 3028 620 3085 molandum
647 3027 918 3098 dicuntur,
946 3026 1302 3099 quorumdam
1334 3041 1488 3081 error
1527 3024 1896 3092 confunditur,

1997 1916 2227 1985 subditi,
2266 1919 2363 1973 sed
2403 1920 2567 1975 etiam
2608 1922 2817 1992 praelati
2845 1921 3043 1979 intueri
3072 1926 3345 1984 subtiliter
3371 1930 3595 1989 debent.

1997 2008 2239 2079 Subjecti
2261 2011 2478 2081 quidem
2502 2023 2695 2072 notare
2716 2016 2989 2075 subtiliter
3008 2018 3208 2077 debent
3235 2040 3247 2074 :
3272 2023 3399 2093 quia
3428 2039 3498 2080 ex
3526 2041 3596 2082 eo

1997 2100 2128 2157 Saul
2156 2102 2267 2159 Deo
2288 2105 2579 2176 displicuit,
2608 2109 2754 2179 quod
2784 2109 2897 2166 Deo
2928 2111 3213 2170 immolare
3247 2123 3447 2187 przeter
3465 2133 3595 2187 pro—

1998 2197 2177 2266 phetae
2201 2209 2528 2272 praeceptum
2550 2205 2799 2260 tentavit.
2832 2204 3117 2264 Subtiliter
3145 2217 3336 2266 notent
3360 2214 3594 2282 praelati,

1996 2285 2121 2356 quia
2151 2288 2477 2347 demoliendi
2518 2293 2776 2351 Amalech
2807 2297 3071 2369 propheta
3114 2301 3227 2371 regi
3262 2313 3598 2375 praeceptum

2003 2379 2177 2437 dedit.
2209 2381 2301 2440 Sic
2329 2385 2473 2441 enim
2515 2386 2677 2443 debet
2705 2388 2896 2447 doctor
2920 2391 3141 2452 laudare
3168 2398 3473 2452 communia
3497 2440 3513 2466 ,
3540 2406 3601 2455 ut

2000 2471 2334 2542 singulorum
2354 2479 2570 2548 propria
2593 2495 2700 2535 non
2722 2488 3053 2538 contemnat.
3077 2481 3173 2539 Illa
3195 2486 3411 2558 quidem
3440 2504 3596 2545 com-

2000 2565 2179 2621 munis
2207 2567 2320 2624 vita
2361 2568 2632 2637 laudatur,
2672 2586 2792 2643 quae
2830 2574 2993 2647 360
3021 2574 3287 2633 charitate
3316 2579 3598 2651 conjungi-

2006 2666 2113 2728 tur,
2136 2660 2281 2717 vitiis
2301 2663 2661 2725 mediantibus
2678 2681 2792 2722 non
2819 2666 3078 2726 fuscatur.
3104 2671 3347 2742 Apostoli
3375 2673 3601 2745 quidem

2006 2752 2273 2832 sententia
2294 2761 2375 2808 est
2394 2771 2407 2807 :
2434 2751 2571 2818 Quia
2590 2758 2934 2833 unusquisque
2952 2762 3218 2831 proprium
3238 2763 3428 2818 domm
3450 2765 3605 2823 habet

2010 2856 2042 2893 a
2070 2839 2205 2910 Deo,
2232 2857 2365 2896 unus
2388 2844 2594 2921 quidem
2622 2847 2719 2911 sic,
2749 2847 2883 2901 alius
2904 2864 3021 2902 vero
3061 2850 3138 2903 sic
3166 2849 3222 2922 (Ι
3246 2848 3366 2907 Cor.
3398 2868 3489 2919 vn,
3518 2852 3598 2924 7).

2007 2931 2250 3005 Quorum
2275 2948 2405 3007 ergo
2433 2936 2539 2992 cibi
2568 2945 2622 2992 et
2650 2953 2837 2994 mensa
2862 2954 3180 2998 communes
3204 2951 3365 3009 sunt,
3402 2943 3604 3002 debent

2009 3025 2289 3084 attendere
2326 3043 2437 3084 non
2476 3028 2653 3085 solum
2690 3045 2979 3088 commune
3023 3032 3227 3089 bonum
3264 3034 3599 3106 refectionis,

305 3121 403 3194 qui
424 3129 647 3193 peccata
674 3122 951 3191 deserunt,
977 3137 1079 3177 nec
1106 3130 1287 3177 tamen
1310 3120 1585 3192 plangunt.
1610 3118 1746 3187 Quia
1767 3132 1898 3189 ergo
1923 3116 1971 3183 α
2002 3117 2097 3173 sed
2125 3119 2513 3191 proprietatem
2530 3121 2804 3193 passionis
2828 3131 2921 3179 :ut
2940 3124 3147 3197 pariter
3167 3127 3475 3195 comedant,
3498 3127 3600 3185 sed

306 3231 421 3273 non
449 3215 623 3272 solum
653 3214 957 3272 confitenda
987 3223 1112 3271 sunt
1137 3220 1380 3286 peccata,
1411 3214 1505 3270 sed
1534 3214 1698 3269 etiam
1729 3213 1900 3284 paeni-

306 3308 493 3364 tentia:
520 3308 834 3371 austeritate
856 3308 1115 3377 delenda,
1164 3309 1293 3363 dum
1337 3308 1467 3363 boni
1501 3307 1741 3364 doctoris
1770 3306 1900 3362 Saul

306 3410 497 3474 typum
546 3402 784 3472 simulat,
830 3402 1102 3473 subjectos
1149 3419 1276 3459 suos
1324 3417 1587 3458 caesorum
1636 3400 1900 3471 primitias

304 3494 667 3551 immolandas
721 3494 905 3549 tulisse
952 3503 1244 3549 asseverat.
1296 3493 1433 3562 Quia
1480 3494 1643 3550 etiam
1689 3493 1902 3550 ratione

303 3588 701 3661 scripturarum
730 3586 919 3645 modus
948 3585 1280 3658 poenitentia:
1308 3585 1679 3643 decernendus
1707 3592 1810 3652 est,
1845 3584 1899 3639 in

303 3676 543 3750 Galgalis
564 3676 814 3749 primitiae
843 3676 1185 3732 immolanda:
1214 3676 1570 3732 deducuntur.
1601 3674 1776 3733 Boves
1807 3691 1905 3732 au-

306 3780 418 3827 tem
446 3787 555 3827 non
583 3770 780 3837 solum,
806 3768 899 3824 sed
925 3777 981 3825 et
1002 3783 1132 3824 oves
1162 3767 1228 3823 ad
1254 3766 1643 3823 immolandum
1673 3782 1903 3822 servan-

306 3871 396 3919 tur
417 3880 433 3919 :
450 3862 609 3933 utqui
631 3863 776 3918 circa
794 3861 1025 3918 salutem
1041 3875 1194 3916 suam
1210 3859 1428 3915 solliciti
1448 3867 1594 3927 sunt,
1616 3858 1696 3915 sic
1719 3858 1905 3915 delere

306 3958 623 4031 paenitendo
650 3971 845 4027 magna
871 3954 1144 4023 studeant,
1174 3961 1234 4010 ut
1258 3954 1473 4010 minora
1501 3953 1761 4023 plangere
1788 3967 1901 4008 non

2004 3217 2192 3265 contra
2224 3210 2600 3268 fornicationis
2627 3212 2876 3269 stimulos
2924 3223 3136 3270 certare
3181 3231 3279 3291 per
3320 3217 3598 3272 abstinen-

2006 3302 2135 3356 tiam
2166 3302 2368 3372 pariter
2397 3319 2504 3359 non
2533 3304 2885 3360 contendant.
2908 3304 3040 3375 Ejus
3060 3322 3190 3362 vero
3219 3323 3346 3364 caro
3368 3309 3598 3379 amplius

2006 3391 2273 3447 domanda
2300 3402 2401 3461 est,
2442 3395 2529 3450 cui
2559 3395 2736 3452 carnis
2761 3396 3011 3452 stimulus
3038 3398 3210 3468 magis
3236 3399 3462 3466 infestus
3491 3408 3595 3457 est.

2004 3478 2124 3536 Jam
2154 3496 2284 3555 ergo
2315 3500 2421 3539 non
2450 3486 2689 3542 excitare
2716 3487 3018 3547 communis
3048 3497 3129 3544 est
3157 3489 3287 3557 vita,
3321 3491 3415 3547 ubi
3440 3507 3598 3548 com-

2007 3578 2245 3635 munitas
2266 3578 2579 3636 refectionis
2606 3580 2920 3650 attenditur,
2950 3583 3044 3638 sed
3066 3592 3257 3640 contra
3272 3585 3601 3655 singularem

2006 3686 2239 3745 pugnam
2270 3687 2509 3745 pugnare
2539 3673 2883 3745 singulariter
2906 3674 3241 3747 perhibetur.
3270 3675 3381 3733 Nec
3409 3678 3605 3736 doctor

2006 3762 2145 3819 bene
2173 3764 2446 3840 praecipit,
2489 3765 2535 3821 si
2563 3782 2673 3823 non
2702 3756 2970 3837 praecipit,
3004 3767 3147 3825 unde
3177 3767 3436 3827 Amalech
3474 3786 3602 3843 per-

2007 3857 2223 3925 cutitur,
2266 3859 2361 3913 sed
2391 3857 2531 3914 unde
2568 3857 2721 3914 vivit.
2762 3855 3047 3931 Przecipiat
3094 3874 3224 3930 ergo
3262 3862 3471 3929 doctor,
3504 3864 3600 3919 sed

2009 3957 2067 4002 ut
2096 3946 2471 4006 fornicationis
2491 3951 2713 4022 spiritus
2740 3961 3045 4025 superetur.
3077 3952 3196 4009 Non
3227 3955 3448 4009 obedire
3468 3955 3567 4010 sub
3585 3985 3601 3998 -

306 4050 584 4109 amittant.
624 4047 703 4105 De
729 4048 977 4121 superbis
1005 4056 1185 4103 autem
1214 4045 1558 4103 manifestum
1588 4053 1671 4102 est
1702 4063 1716 4099 :
1749 4046 1897 4116 quia,
2000 4038 2133 4109 jecti
2180 4038 2465 4111 refugiant,
2514 4044 2608 4099 sed
2636 4045 2730 4099 ubi
2759 4045 3022 4114 superbire
3038 4044 3243 4098 crimen
3286 4045 3599 4115 incurritur,

306 4161 436 4203 cum
475 4159 689 4217 semper
714 4147 895 4214 magni
920 4143 1093 4199 videri
1122 4149 1410 4213 appetant,
1442 4142 1616 4198 notari
1647 4150 1901 4214 peccato-
2004 4148 2111 4189 non
2150 4134 2292 4189 unde
2330 4134 2605 4189 baratrum
2652 4134 2843 4188 mortis
2887 4134 3177 4189 devitatur.
3220 4133 3601 4191 lnobedientes

307 4254 399 4296 res
426 4238 768 4296 erubescunt.
800 4236 1130 4310 Deprehensi
1157 4236 1322 4292 etiam
1345 4234 1622 4299 resistunt,
1647 4245 1702 4291 ei
1729 4234 1783 4289 in
1814 4234 1899 4292 his
2005 4232 2185 4281 autem
2208 4224 2334 4280 dum
2359 4226 2585 4280 tumenti
2606 4226 2769 4279 corde
2791 4223 3054 4295 majorum
3072 4225 3220 4296 jussa
3242 4242 3348 4282 non
3370 4226 3602 4297 faciunt,

307 4333 475 4390 etiam
499 4331 633 4401 justi
661 4345 925 4404 apparere
961 4328 1213 4400 cupiunt,
1262 4342 1383 4401 qua:
1422 4334 1607 4397 agunt.
1639 4325 1777 4393 Quid
1819 4332 1902 4383 est
2005 4317 2680 4390 cummeliorarequodeis
2702 4317 2997 4389 injungitur
3012 4330 3413 4388 conantur,sua
3435 4333 3605 4393 Opera

308 4441 462 4497 ergo,
492 4424 636 4496 quod
666 4425 781 4480 ait:
820 4422 937 4479 Ima
967 4423 1141 4479 audivi
1187 4438 1358 4479 vocem
1402 4420 1651 4481 Domini?
1680 4417 1899 4475 Samuel
1929 4462 1986 4526 Β
2012 4410 2122 4467 Deo
2160 4411 2355 4515 offerre
2397 4410 2521 4464 dum
2559 4410 2810 4516 cupiunt,
2847 4413 3168 4484 semetipsos
3211 4414 3424 4470 tollunt.
3465 4414 3603 4469 Nam

309 4527 491 4575 autem
520 4516 648 4575 dicit
678 4533 692 4572 :
724 4515 852 4571 Sine
890 4531 1001 4582 me,
1025 4525 1075 4571 et
1111 4514 1353 4570 indicabo
1398 4513 1523 4581 tibi,
1551 4514 1673 4585 quid
1702 4514 1902 4568 locutus

309 4612 376 4667 sit
404 4610 531 4665 mihi
563 4608 812 4667 Dominus
852 4619 1020 4667 nocte.
1044 4607 1111 4663 Et
1138 4616 1262 4679 post
1286 4622 1459 4678 pauca
1484 4626 1498 4662 :
1528 4605 1701 4675 Quare
1728 4623 1901 4663 versus

310 4705 381 4759 ad
406 4704 640 4773 pristiam
661 4720 738 4772 es,
767 4712 817 4758 et
846 4703 1013 4778 fecisti
1037 4704 1230 4759 malum
1259 4719 1434 4758 coram
1461 4702 1623 4759 oculis
1649 4701 1902 4759 Domini?

310 4796 471 4853 Patet
515 4810 678 4868 ergo,
726 4810 889 4867 quam
926 4795 1243 4855 mirabiliter
1282 4802 1517 4861 tumeat,
1548 4794 1641 4865 qui
1673 4801 1799 4853 tunc
1843 4808 1903 4851 se

309 4887 603 4961 justifieare
623 4888 850 4961 appetit,
870 4887 1089 4960 quando
1117 4886 1402 4949 Dominum
1418 4900 1480 4942 se
1500 4885 1903 4957 reprehendere

309 4984 379 5039 de
408 4989 635 5053 peccato
660 4983 1020 5052 recognoscit.

381 5072 475 5127 2|.
507 5072 567 5128 Si
593 5087 722 5129 vero
765 5071 967 5128 idcirco
995 5071 1075 5134 sic
1104 5068 1448 5141 respondisse
1476 5068 1735 5140 creditur,
1779 5070 1907 5141 quia

308 5164 478 5221 verba
508 5163 818 5236 prophetae,
867 5177 975 5225 non
1014 5162 1227 5218 Domini
1275 5175 1396 5221 esse
1435 5160 1762 5231 crediderit,
1810 5160 1909 5225 sed

308 5254 623 5326 prophetae,
647 5253 890 5315 videmus
918 5253 1094 5311 adhuc
1130 5252 1429 5311 imitatores
1456 5250 1586 5309 Saul
1604 5292 1618 5317 ,
1648 5251 1738 5322 qui
1777 5250 1906 5315 dum

310 5348 366 5405 in
408 5346 629 5417 propria
658 5346 961 5409 eruditione
989 5343 1283 5412 conﬁdunt,
1314 5344 1576 5415 majorum
1601 5342 1749 5414 jussa
1788 5358 1905 5414 quae

311 5440 583 5509 audiunt,
613 5447 669 5499 et
706 5455 804 5511 per
850 5446 1114 5497 tumorem
1159 5437 1490 5509 despiciunt,
1521 5445 1576 5492 et
1621 5437 1907 5492 meliorare

311 5534 676 5605 permutando
701 5534 944 5594 credunt.
977 5532 1116 5603 Quid
1145 5539 1228 5587 est
1255 5545 1404 5601 ergo,
1428 5530 1568 5601 quod
1594 5529 1755 5591 dicit:
1790 5528 1906 5591 Ima

316 5624 495 5680 audivi
514 5641 686 5681 uocem
711 5623 939 5691 Domini,
971 5633 1019 5678 et
1036 5623 1233 5678 adduxi
1253 5623 1401 5694 Agag
1430 5639 1598 5691 regem
1626 5622 1907 5677 Amalech?

317 5714 430 5783 Sed
459 5716 569 5781 tale
593 5725 712 5788 est,
741 5732 805 5775 ac
825 5716 869 5772 si
899 5715 1044 5771 dicat
1075 5732 1089 5769 :
1122 5713 1189 5767 Et
1228 5714 1373 5785 quod
1416 5723 1743 5784 praeceptum
1773 5712 1907 5781 fuit,

320 5806 551 5877 implere
579 5806 780 5877 studui,
812 5814 869 5865 et
894 5804 1040 5879 quod
1079 5806 1256 5864 minus
1285 5813 1404 5860 erat
1429 5805 1697 5875 supplevi.
1728 5804 1909 5873 Agen-

2009 4522 2106 4577 per
2126 4506 2259 4559 alias
2280 4504 2507 4559 virtutes
2532 4511 2719 4558 nostra
2742 4504 2793 4558 ei
2816 4505 3192 4576 impendimus,
3216 4521 3314 4579 per
3335 4504 3604 4561 obedien-

2008 4598 2140 4653 tiam
2182 4595 2543 4668 nosmetipsos
2572 4594 2909 4653 exhibemus.
2955 4596 3176 4654 Samuel
3211 4611 3339 4668 ergo
3370 4594 3598 4664 subjun-

2006 4704 2160 4762 gens,
2188 4689 2265 4744 ait
2290 4708 2300 4742 :

2080 4783 2255 4857 (Vers.
2305 4781 2422 4854 22.)
2453 4780 2703 4857 Nunquid
2732 4782 2838 4836 vult
2880 4780 3022 4837 Deus
3054 4782 3355 4839 holocausta
3378 4788 3429 4836 et
3456 4781 3603 4836 victi-

2008 4893 2141 4945 mas,
2172 4886 2218 4931 et
2248 4894 2349 4931 non
2379 4878 2549 4948 potius
2576 4885 2632 4929 ut
2660 4874 2930 4930 obediatur
2958 4874 3067 4929 voci
3094 4872 3346 4927 Domini?

2083 4971 2166 5026 22.
2195 4970 2331 5041 Quid
2357 4970 2499 5026 enim
2525 4978 2649 5025 sunt
2672 4969 2815 5025 bona
2846 4970 3145 5025 electorum
3169 4966 3447 5023 hominum
3471 4982 3605 5037 ope-

2010 5079 2095 5135 ra,
2124 5064 2228 5120 nisi
2252 5062 2480 5119 victimae
2509 5073 2565 5118 et
2590 5062 2944 5120 holocausta?
2965 5060 3097 5115 Cum
3128 5072 3255 5129 ergo
3284 5058 3605 5114 holocausta

2013 5164 2067 5213 et
2114 5157 2363 5211 victimas
2392 5171 2490 5226 per
2525 5155 2697 5226 legem
2722 5152 2902 5209 offerri
2945 5151 3205 5207 Dominus
3235 5150 3606 5223 praecepisset,

2013 5249 2141 5319 quid
2165 5256 2268 5316 est,
2297 5246 2447 5318 quod
2476 5247 2734 5305 Dominus
2762 5245 3078 5301 holocausta
3107 5251 3161 5299 et
3189 5242 3433 5298 victimas
3460 5240 3608 5295 nolle

2014 5342 2231 5409 dicitur,
2258 5340 2399 5395 velle
2428 5348 2606 5395 autem
2636 5346 2699 5392 ut
2737 5336 2789 5393 ei
2828 5336 3112 5400 obediatur
3158 5334 3471 5415 pollicetur,
3502 5330 3608 5393 nisi

2013 5436 2136 5506 quia
2161 5451 2280 5506 quae
2298 5445 2494 5507 praeter
2516 5430 2876 5489 obedientiam
2901 5427 3052 5497 fiunt,
3081 5428 3402 5484 holocausta
3428 5434 3483 5481 et
3502 5426 3605 5480 vic-

2015 5532 2156 5591 timae
2188 5547 2292 5585 non
2325 5529 2484 5595 sunt?
2526 5527 2690 5601 Quasi
2734 5525 2877 5580 dicat
2908 5543 2920 5578 :
2956 5523 3105 5581 Tunc
3135 5524 3275 5579 bona
3304 5528 3428 5576 sunt
3462 5518 3607 5576 bona

2017 5640 2179 5695 opera
2199 5665 2212 5690 ,
2243 5620 2458 5694 quando
2487 5634 2518 5673 a
2546 5618 2959 5689 praepositorum
2987 5615 3316 5673 conscientia
3351 5628 3455 5667 non
3495 5610 3607 5666 dis-

2015 5715 2260 5771 cor-dant.
2286 5712 2343 5769 Si
2372 5725 2501 5767 vero
2531 5709 2633 5765 hoc
2656 5708 2777 5765 ideo
2799 5708 2991 5766 dicitur
3018 5708 3259 5764 utvirtus
3281 5699 3607 5761 obedientize

2014 5804 2443 5868 commendetur,
2468 5799 2639 5872 liquet
2667 5816 2828 5872 quam
2855 5798 3083 5857 sublime
3108 5798 3310 5857 bonum
3340 5793 3434 5862 sit,
3460 5784 3605 5863 quod
