4052 6338
498 350 594 424 tsi

1713 359 1950 422 SANCTI
1988 351 2319 423 GREGORll
2348 356 2559 417 MAGNI

3670 327 3781 414 tsi

498 503 729 562 victimis
748 510 805 561 et
830 490 1106 560 sacriﬁciis
1132 500 1369 557 excellit.
1399 500 1537 568 Quid
1556 509 1637 557 est
1666 501 1973 571 ergo,quod
1997 497 2080 552 di-
2107 495 2161 556 Α
2186 497 2457 566 propriam
2511 493 2839 551 voluntatem
2869 491 3055 551 alienae
3078 498 3294 563 semper
3319 490 3588 549 voluntati
3611 496 3771 567 subji-

495 601 657 666 citur,
688 598 794 651 vult
816 606 871 649 ut
898 594 1166 652 obediatur
1194 594 1305 648 voci
1345 592 1589 656 Domini,
1622 592 1723 646 nisi
1750 591 1875 660 quia
1906 589 2087 645 omnia

494 688 636 746 bona
666 702 832 758 opera
871 685 1241 756 postponenda
1283 694 1409 738 sunt
1438 683 1520 739 his
1564 682 1719 739 bonis
1742 696 1860 751 qua:
1886 679 2080 749 juben-

494 784 616 837 tur?
644 780 779 835 Nam
806 794 929 835 cum
954 778 1093 833 bene
1118 776 1323 847 prmlati
1345 775 1555 843 jubent,
1588 776 1729 829 bona
1758 788 1876 843 qum
1901 788 1970 828 ex
1997 787 2086 827 ar-

492 874 656 928 bitrio
685 872 915 940 subjecti
957 870 1179 938 eligunt,
1224 868 1567 937 przelatorum
1597 865 1835 935 imperiis
1863 871 2086 944 postpo-

492 973 713 1019 nnntur.
740 963 860 1034 Ipsa
898 977 1031 1017 vero
1078 974 1241 1029 opera
1272 959 1376 1013 illis
1419 958 1739 1029 postposita,
1769 956 2081 1015 holocausta

491 1064 549 1110 et
574 1053 1199 1128 victimannominantur,
1221 1059 1279 1104 ut
1304 1066 1411 1104 non
1440 1050 1614 1103 solum
1646 1050 1947 1105 sentiantur
1972 1063 2082 1103 non

493 1162 614 1203 esse
657 1144 984 1201 conferenda
1030 1143 1296 1212 majorum
1322 1142 1561 1212 imperiis
1590 1141 1857 1195 minorum
1890 1154 2080 1211 parva,

494 1243 589 1298 sed
630 1242 861 1296 maxima
891 1240 1207 1295 holocausta
1246 1238 1461 1308 quidem
1492 1252 1680 1292 eorum
1723 1244 1868 1303 sunt,
1901 1237 1993 1307 qui
2021 1251 2081 1294 se

492 1333 714 1388 omnino
744 1332 1061 1387 subtrahere
1085 1330 1271 1386 volunt
1296 1346 1326 1384 a
1351 1330 1566 1400 publico
1596 1344 1783 1399 opere,
1806 1337 1865 1385 ut
1884 1328 1998 1384 Deo
2022 1344 2081 1385 se

491 1435 639 1481 totos
668 1441 762 1497 per
789 1440 1027 1481 amorem
1049 1424 1363 1479 combustos
1383 1422 1614 1479 offerant
1633 1423 1686 1478 in
1709 1430 1919 1479 secreto
1944 1437 2079 1477 con-

492 1518 872 1589 templationis.
906 1516 1150 1571 Victima:
1175 1527 1301 1570 sunt
1325 1530 1513 1570 eorum
1542 1515 1633 1584 qui
1662 1529 1722 1569 se
1748 1528 1779 1568 a
1805 1512 2081 1568 communi

488 1608 703 1677 publico
754 1622 1095 1677 nequaquam
1136 1614 1411 1677 separant,
1443 1606 1537 1662 sed
1585 1606 1843 1676 singulari
1880 1606 2079 1660 virtute

488 1705 676 1767 agunt,
714 1706 774 1751 ut
821 1698 1047 1752 virtutes
1087 1697 1314 1751 aliorum
1346 1696 1643 1751 districtius
1670 1696 1900 1751 vivendo
1930 1691 2119 1751 tran-°

2188 603 2313 644 cere
2339 603 2500 659 quam
2546 588 2751 658 magnis
2775 586 2996 657 jejuniis
3031 600 3226 656 corpus
3272 594 3527 654 attererc,
3558 597 3653 642 aut
3679 604 3774 660 per

2190 680 2659 751 compunctionem
2698 696 2756 735 se
2789 679 2843 733 in
2881 678 3162 735 secretiori
3203 678 3472 735 sacriﬁcio
3512 692 3771 739 mactare.

2188 768 2327 838 Quid
2368 780 2452 828 est
2476 772 2618 827 enim
2645 772 2809 843 adeps
2849 772 3074 828 arietum
3104 772 3207 827 nisi
3235 773 3447 845 pinguis
3478 785 3534 829 et
3562 775 3774 835 interna

2187 863 2403 918 devotio
2434 864 2685 919 electoris
2714 866 2737 917 ?
2782 862 3009 933 Atlipem
3038 878 3169 933 ergo
3210 864 3442 923 arietum
3470 862 3648 930 offert,
3683 866 3775 935 qui

2186 952 2242 1008 in
2269 954 2445 1009 studio
2476 962 2697 1009 secreta:
2724 956 3153 1011 conversationis
3175 955 3384 1011 devotae
3409 958 3669 1012 orationis
3694 960 3774 1011 al-

2185 1042 2387 1101 fectutn
2416 1045 2597 1101 habet.
2631 1045 2819 1101 Melior
2847 1058 2921 1101 est
2945 1057 3110 1102 tamen
3137 1048 3429 1103 obedientia
3456 1067 3612 1120 quam
3634 1048 3775 1103 rir'li~

2186 1155 2303 1205 mw,
2334 1150 2383 1194 et
2404 1157 2557 1211 quam
2577 1141 2763 1209 oﬂ'erre
2784 1142 2988 1212 adipem
3004 1142 3244 1195 arietum.
3270 1140 3403 1209 Quia
3428 1143 3521 1212 qui
3541 1143 3778 1213 perfecte

2184 1229 2519 1286 voluntatem
2547 1232 2893 1302 pncceptoris
2920 1233 3000 1287 sui
3023 1232 3247 1302 implere
3264 1233 3547 1301 didicit,‘in
3574 1238 3675 1292 c021
3712 1234 3775 1288 sli

2186 1338 2376 1392 regno,
2427 1332 2483 1378 et
2530 1323 2923 1378 abstinentibus
2974 1332 3029 1378 et
3075 1322 3325 1380 ﬂentibus
3379 1326 3617 1382 excellit.
3666 1328 3778 1385 llnc

2190 1423 2360 1483 certe,
2382 1414 2507 1485 quia
2529 1424 2717 1470 contra
2742 1415 3140 1486 superbientem
3161 1425 3322 1485 atque
3349 1426 3535 1487 aperte
3565 1418 3779 1473 Domini

2187 1506 2438 1561 mandata
2487 1517 2927 1565 contemnentem
2983 1509 3134 1578 dicit,
3178 1525 3283 1565 non
3314 1510 3527 1567 confert
3576 1511 3779 1571 bonum

2185 1598 2330 1667 quod
2357 1597 2485 1655 fecit
2512 1601 2655 1656 bono
2681 1602 2825 1671 quod
2872 1602 3234 1673 contempsit;
3265 1600 3362 1657 sed
3391 1604 3519 1658 boni
3550 1605 3777 1660 simula-

2186 1692 2385 1747 tionem
2410 1692 2659 1759 destruit,
2685 1695 2921 1750 melioris
2942 1695 3071 1751 boui
3092 1702 3311 1750 ostensa
3339 1696 3589 1751 veritate.
3615 1695 3777 1764 Quasi

486 1788 764 1843 scendant.
800 1787 929 1843 llaec
958 1788 1197 1857 quidem,
1223 1796 1278 1842 et
1316 1786 1625 1856 hujusmodi
1654 1803 1779 1845 cum
1806 1781 2076 1841 bonorum
2106 1785 2157 1845 B
2182 1782 2325 1837 dicat
2351 1800 2364 1849 ;
2398 1782 2462 1837 Et
2488 1783 2534 1837 si
2568 1800 2668 1855 pro
2698 1786 3067 1841 excellentiori
3098 1788 3355 1841 virtutum
3385 1787 3556 1857 gloria
3603 1791 3780 1845 excel-

484 1892 757 1938 rectorum
786 1882 1141 1951 permissione
1168 1889 1415 1949 aguntur,
1442 1879 1668 1935 victima:
1689 1886 1744 1934 et
1765 1878 2081 1934 holocausta

484 1984 629 2043 sunt,
657 1990 777 2045 quae
800 1975 942 2029 Deus
964 1976 1159 2044 probat
1183 1993 1193 2026 :
1220 1989 1339 2029 cum
1366 1989 1495 2030 vero
1524 1974 1603 2030 sic
1626 1974 1780 2040 fiunt,
1814 1980 1872 2028 ut
1898 1987 1995 2043 per
2014 1986 2080 2028 ea

484 2066 751 2134 majorum
777 2074 1047 2136 prrecepta
1074 2066 1433 2137 negligantur,
1460 2067 1681 2123 audiant
1702 2067 1794 2136 qui
1819 2067 2075 2134 oll'erunt,

483 2157 615 2225 quid
649 2173 689 2230 a_
713 2157 941 2213 Domino
971 2158 1167 2212 missus
1194 2158 1261 2213 ad
1308 2159 1706 2214 iuobedientem
1740 2174 1921 2230 regem
1953 2173 2078 2228 pro-

483 2250 649 2321 pheta
676 2227 911 2318 loquitur
935 2266 948 2303 :
971 2249 1220 2319 Nunquid
1261 2251 1362 2303 vult
1386 2249 1526 2303 Deus
1569 2227 1870 2303 holocausta
1894 2227 2074 2302 avic-

484 2343 660 2407 timus,
691 2351 740 2395 et
768 2357 868 2394 non
902 2342 1071 2411 potius
1098 2351 1154 2394 ut
1183 2340 1451 2394 obediatur
1489 2342 1597 2395 voci
1644 2340 1881 2394 domini?
1912 2339 2077 2406 Quasi

482 2432 631 2503 iussa
660 2441 875 2503 patrum
900 2433 1049 2488 velut
1069 2432 1278 2487 minora
1307 2432 1686 2502 despicientes,
1715 2440 1769 2486 et
1791 2446 1887 2485 sua
1920 2429 2078 2500 quasi

482 2525 691 2594 majora
731 2524 1051 2579 exhibentes
1089 2530 1321 2588 terreat,
1363 2523 1547 2577 dicens
1578 2540 1591 2576 :
1629 2519 1746 2576 Hoc
1785 2522 1910 2590 quia
1953 2538 2073 2577 ma-

481 2630 645 2686 gnum
676 2628 836 2683 agere
864 2613 1084 2684 putatis,
1114 2627 1358 2683 parvum,
1387 2620 1442 2667 et
1470 2610 1738 2680 abiectum
1764 2610 2070 2683 despicitis;

481 2705 581 2759 sed
607 2706 652 2761 si
676 2712 861 2775 aperte
890 2703 1129 2770 cernitis,
1157 2718 1251 2773 per
1278 2703 1383 2757 hoc
1406 2700 1634 2758 Domino
1669 2718 1776 2757 non
1826 2702 2074 2772 placetis.

481 2798 629 2854 Bene
656 2810 858 2865 autem,
890 2800 1016 2855 dum
1046 2798 1404 2867 superborum
1432 2812 1567 2865 opus
1597 2795 1908 2863 discutitur,
1940 2810 2073 2865 pro-

478 2891 641 2961 pheta
672 2899 829 2946 acute
874 2888 1132 2958 exquirit,
1155 2888 1338 2943 dicens
1364 2904 1376 2940 :
1402 2884 1656 2957 Nunquid
1676 2887 1780 2941 vult
1809 2886 1953 2942 Deus
1978 2887 2074 2941 ho-
2099 2928 2110 2943 .

479 2981 717 3037 locausta
754 2990 803 3037 et
846 2982 1113 3047 victimas,
1155 2990 1203 3033 et
1232 2996 1334 3035 non
1356 2981 1524 3047 potius
1563 2988 1619 3033 ut
1660 2979 1933 3035 obediatur
1965 2980 2075 3034 voci
2120 2998 2126 3005 ·

2187 1874 2305 1928 lens
2333 1874 2531 1929 bonum
2560 1877 2859 1945 quaerebas,
2891 1877 3096 1932 bonum
3126 1876 3472 1943 obedientia‘,
3506 1880 3657 1949 quod
3688 1897 3772 1936 ex-

2185 1967 2504 2023 cellentibus
2520 1970 2681 2024 etiam
2714 1969 2947 2037 excellit,
2976 1970 3175 2040 eligere
3197 1970 3375 2041 potius
3405 1972 3664 2029 debuisti.
3694 1976 3780 2030 Sic

2183 2061 2429 2130 profecto
2472 2062 2698 2133 loquens
2745 2063 3143 2119 simulationem
3174 2064 3301 2120 boni
3352 2069 3779 2134 argumentando

2182 2152 2447 2221 destruit;
2479 2154 2575 2210 sed
2606 2154 2996 2226 subjungendo,
3033 2170 3227 2225 parens
3254 2156 3635 2214 inobedientiru
3664 2177 3771 2215 nia-

2180 2244 2291 2299 lum
2316 2255 2502 2316 aperte
2530 2245 2833 2316 confundit,
2863 2246 3051 2304 dicens
3076 2266 3090 2302 :

2259 2354 2437 2426 (Vers.
2498 2354 2631 2427 25.)
2690 2355 2947 2421 Quoniam
2989 2361 3140 2442 quasi
3193 2370 3459 2431 peccatum
3514 2365 3775 2420 ariolandi

2178 2456 2275 2514 est,
2326 2465 2652 2521 repugnare;
2682 2460 2732 2505 et
2752 2453 2899 2522 quasi
2945 2451 3109 2508 scelus
3128 2452 3466 2524 idololatritz,
3518 2459 3661 2513 nolle
3697 2474 3769 2511 ac-

2178 2554 2452 2607 quiescere.

2252 2628 2339 2682 24.
2372 2628 2639 2695 Quidnam
2694 2641 2794 2700 est,
2838 2636 2981 2705 quod
3022 2636 3301 2695 ariolis'et
3329 2638 3651 2711 idololatris,
3694 2660 3771 2700 re-

2185 2732 2502 2792 pugnantes,
2527 2734 2583 2781 et
2610 2727 2956 2797 acquiescere
2978 2730 3225 2787 nolentes
3248 2746 3280 2787 a
3300 2734 3570 2805 propheta
3590 2746 3615 2775 θ
3633 2737 3765 2793 εἱυιί-

2182 2812 2363 2868 lantur
2379 2854 2395 2881 ,
2424 2816 2527 2870 nisi
2554 2817 2680 2886 quia
2703 2820 2858 2874 arioli
2885 2820 3066 2877 divina
3090 2837 3440 2892 cognoscere,
3456 2836 3627 2896 atque
3651 2832 3772 2884 abs-

2183 2918 2347 2959 consa
2396 2905 2635 2962 divinare
2682 2908 3041 2978 nitebantur;
3098 2913 3396 2970 idololatrae
3448 2927 3633 2973 autem
3681 2920 3773 2990 lig-

2183 2999 2379 3053 mentis
2425 3014 2483 3054 se
2524 3001 2829 3057 venerando
2872 3004 3205 3061 subdidere?
3245 3006 3347 3074 Qui
3376 3016 3561 3063 autem
3612 3026 3773 3082 repu-

481 3074 730 3129 Domini?
760 3073 1006 3143 Exquirit
1036 3073 1325 3142 siquidem,
1357 3081 1416 3126 ut
1441 3073 1709 3143 superbia:
1737 3081 1918 3128 tumor
1947 3088 2070 3142 pas-

2181 3097 2341 3158 gnant
2370 3091 2715 3159 praelatorum
2744 3093 3003 3165 imperiis,
3054 3096 3181 3152 ideo
3209 3099 3397 3170 utique
3443 3073 3776 3172 repugnant,

480 3169 644 3224 torali
672 3166 995 3223 auctoritate
1038 3165 1283 3220 feriatur.
1316 3164 1456 3220 Dicit
1488 3184 1499 3218 :
1528 3162 1781 3236 Nunquid
1804 3165 1909 3219 vult
1930 3162 2071 3218 Deus

482 3261 786 3316 holocausta
806 3269 856 3314 et
875 3260 1145 3313 victimas?
1165 3256 1299 3324 Quia
1315 3257 1405 3326 qui
1421 3257 1572 3327 sequi
1593 3257 1864 3328 propriam
1880 3256 2072 3311 volun-

478 3362 590 3411 tem
619 3355 774 3425 3631
810 3353 1038 3423 eligunt,
1080 3352 1192 3407 Deo
1221 3351 1436 3422 placere
1458 3368 1517 3408 se
1546 3358 1770 3423 putant;
1804 3348 1905 3406 sed
1932 3349 2073 3405 Deus

477 3426 667 3504 eorum
711 3462 905 3518 opera,
938 3462 1061 3502 cum
1090 3460 1282 3515 magna
1324 3454 1380 3501 et
1401 3444 1638 3516 ingentia
1675 3452 1834 3511 sunt,
1868 3457 2073 3512 nequa—

478 3521 641 3610 quam
672 3541 884 3610 probat.
929 3538 1037 3594 Sed
1080 3539 1193 3608 jam
1228 3538 1423 3609 quibus
1470 3536 1717 3593 laudibus
1762 3535 2072 3593 obedientia

480 3630 824 3700 prmdicanda
852 3630 923 3683 sit
951 3628 1244 3696 subiunxit,
1277 3637 1440 3699 atque
1466 3630 1540 3682 ait
1573 3647 1584 3680 :

552 3722 728 3793 (Vers.
761 3719 873 3790 22.)
908 3719 1098 3773 Melior
1128 3730 1202 3773 est
1224 3722 1361 3774 enim
1409 3720 1697 3775 obedientia
1731 3736 1882 3791 quam
1931 3720 2078 3774 victi-

480 3831 600 3882 mae,
623 3825 673 3869 et
697 3814 987 3868 auscultare
1013 3815 1180 3885 magis
1206 3831 1361 3885 quam
1388 3814 1576 3884 o/ferre
1606 3817 1809 3886 adipem
1835 3817 2070 3870 arietum.

555 3908 647 3962 9.3.
698 3907 832 3974 Quia
881 3908 1024 3962 enim
1054 3906 1302 3976 superius
1329 3907 1440 3962 ait:
1494 3906 1746 3979 Nunquid
1786 3910 1888 3963 vult
1936 3911 2073 3964 Deus

480 4002 781 4056 holocausta
810 4010 858 4056 et
886 4001 1118 4054 victimas
1140 4000 1167 4052 ?-
1204 4000 1454 4068 Nunquid
1496 4010 1781 4071 utrumque
1809 4002 2070 4057 obedien-

480 4096 569 4149 tice
625 4094 870 4148 laudibus
909 4091 1222 4162 subjiciens,
1270 4090 1397 4146 dum
1448 4093 1694 4148 victimas
1743 4101 1798 4149 et
1843 4094 2073 4149 arietum

479 4184 695 4254 adipem
746 4185 965 4254 posuit,
1020 4183 1075 4238 in
1129 4182 1285 4252 adipe
1336 4183 1707 4239 holocaustum
1763 4184 2073 4240 intellexit?

481 4274 749 4342 Quidquid
780 4274 971 4328 melius
991 4282 1091 4339 est,
1120 4274 1262 4329 bono
1291 4275 1478 4344 utique
1498 4275 1694 4330 melius
1723 4286 1825 4331 est.
1856 4276 1945 4331 illa
1976 4292 2073 4331 au-

2177 3180 2301 3250 quia
2329 3180 2564 3236 divinam
2592 3184 2923 3240 voluntatem
2954 3201 3013 3241 se
3062 3188 3203 3243 scire
3233 3190 3428 3247 melius
3477 3193 3775 3250 :cstimant.

2177 3269 2342 3335 Quasi
2380 3285 2509 3341 ergo
2540 3282 2819 3343 peccatum
2852 3276 3114 3331 ariolandi
3145 3287 3228 3334 est
3256 3295 3561 3351 repugnare
3588 3300 3600 3336 :
3628 3285 3777 3352 quia,

2180 3360 2327 3415 velut
2378 3372 2695 3433 contempto
2751 3364 2939 3421 divino
2994 3366 3171 3434 altari,
3204 3367 3271 3422 ad
3320 3384 3441 3425 aras
3469 3370 3774 3427 daemonum

2180 3466 2437 3522 responsa
2471 3453 2798 3524 percipiunt,
2833 3455 2960 3510 dum
3000 3458 3176 3513 cordis
3221 3460 3302 3514 sui
3333 3461 3686 3532 pratstigiosis
3714 3478 3777 3520 ac

2180 3543 2427 3614 superbis
2444 3544 2912 3603 adinventionibus
2928 3548 3248 3618 credunt,:et
3265 3550 3571 3606 salubribus
3583 3554 3775 3624 praela-

2181 3644 2357 3692 torum
2380 3638 2617 3693 consiliis
2645 3640 2915 3704 contraria
2948 3641 3229 3698 sentiendo
3258 3642 3623 3713 refragantur.
3649 3645 3777 3701 Nol-

2180 3720 2231 3781 le
2261 3736 2439 3782 autem
2468 3728 2836 3798 acquiescere,
2864 3729 3181 3786 idololatria:
3209 3733 3401 3787 sceleri
3430 3734 3611 3789 simile
3642 3735 3775 3790 dici-

2178 3826 2298 3883 tur;
2328 3818 2448 3888 quia
2479 3819 2725 3873 nimirum
2768 3821 2823 3875 in
2854 3822 3233 3877 inobedientiae
3256 3839 3369 3878 suze
3399 3824 3778 3881 obstinatione

2178 3925 2337 3964 nemo
2360 3909 2691 3979 persisteret,
2716 3911 2760 3965 si
2784 3912 3046 3982 propositi
3069 3912 3151 3967 sui
3170 3913 3479 3980 figmentum
3502 3916 3557 3970 in
3586 3919 3775 3985 corde.

2177 3998 2327 4067 quasi
2353 3996 2553 4053 idolum
2580 4016 2687 4055 non
2721 4009 2976 4070 gestaret.
3010 4003 3145 4057 Dum
3175 4004 3318 4059 enim
3341 4008 3548 4073 agenda
3576 4006 3632 4060 in
3664 4024 3773 4063 cor.

2176 4088 2244 4145 de
2279 4090 2535 4161 concipit,
2579 4092 2735 4161 quasi
2775 4094 2935 4164 362
2966 4094 3166 4149 idolum
3198 4096 3345 4162 facit,
3399 4106 3452 4152 et
3482 4098 3613 4153 dum
3647 4118 3771 4155 con.

2176 4186 2393 4248 ceptum
2443 4182 2638 4237 mentis
2686 4185 3023 4254 propositum
3082 4200 3140 4241 se
3190 4195 3435 4242 acturum
3484 4189 3771 4258 deliberat,

2176 4273 2330 4340 quasi
2360 4272 2427 4327 ad
2469 4273 2799 4331 adorandum
2846 4278 3191 4333 simulacrum
3231 4295 3289 4335 se
3328 4281 3575 4337 inclinat.
3610 4283 3772 4350 Quasi

480 4370 593 4418 tem
615 4363 927 4418 holocausta
960 4374 1014 4418 et
1042 4365 1290 4429 victimm,
1317 4382 1447 4435 quas
1474 4382 1580 4421 non
1607 4368 1722 4421 vult
1743 4368 1903 4434 Deus,
1927 4370 2068 4425 bona
2099 4397 2152 4459 Β
2176 4380 2305 4435 ergo
2335 4368 2512 4425 scelus
2539 4371 2873 4428 idololatrian
2904 4375 3187 4445 est,5nolle
3225 4379 3572 4447 acquiescere
3603 4400 3615 4435 :
3651 4383 3772 4453 quia

481 4457 704 4512 minime
733 4467 873 4511 sunt.
908 4456 1046 4522 Quid
1069 4467 1148 4510 est
1178 4472 1329 4526 ergo,
1357 4458 1501 4528 quod
1526 4461 1579 4515 in
1603 4460 1923 4516 obedienliw
1954 4463 2068 4517 lau-
2100 4456 2135 4518 ί
2176 4458 2417 4527 quisquis
2446 4462 2498 4515 in
2549 4465 2767 4534 propria
2798 4465 3188 4521 deliberatione
3217 4467 3522 4526 obstinatus
3552 4482 3660 4541 est,
3692 4474 3770 4528 id-

479 4548 575 4603 des
597 4547 809 4612 dicitur,
835 4546 1024 4602 Melior
1043 4556 1117 4601 est
1138 4548 1423 4603 obedientia
1444 4570 1594 4623 quam
1615 4554 1853 4619 victimw,
1878 4566 1926 4607 et
1948 4571 2068 4607 aus-

479 4642 676 4695 cultare
703 4657 857 4712 quam
904 4640 1093 4709 o/ferre
1133 4642 1337 4711 adipem
1366 4647 1606 4713 arietum,
1656 4647 1756 4700 nisi
1787 4646 1909 4714 quia
1942 4655 2069 4702 tunc

480 4731 791 4788 obedientia
820 4731 1010 4786 melior
1039 4740 1157 4799 est,
1196 4749 1318 4789 cum
1349 4736 1725 4792 holocaustum
1768 4748 1824 4791 et
1854 4737 2067 4794 victima

480 4828 623 4881 mala
655 4843 761 4882 non
806 4827 931 4883 est?
960 4826 1121 4893 Quasi
1151 4844 1280 4899 ergo
1308 4831 1703 4902 superbientes,
1751 4833 2067 4890 inobedien-

481 4928 668 4992 tesque
689 4927 753 4980 ad
772 4928 904 4983 tanti
921 4927 1047 4983 boni
1069 4924 1560 4980 considerationem
1582 4926 1824 4997 redueat,
1847 4928 2061 4987 dicens:

479 5009 548 5066 Et
574 5014 619 5068 si
648 5017 721 5071 nil
752 5034 781 5072 a
809 5019 962 5074 vobis
988 5032 1086 5089 per
1115 5018 1582 5088 praesumptionem
1611 5017 1783 5087 fieret,
1814 5023 2070 5079 obedien-

480 5106 567 5160 tiae
594 5106 762 5163 virtus
798 5110 1049 5180 eperibus
1080 5125 1198 5179 quae
1228 5109 1422 5177 eligitis
1452 5110 1644 5167 melior
1680 5122 1842 5168 esset.
1877 5113 2070 5185 Liquet

479 5209 627 5267 ergo,
662 5212 769 5267 quo
798 5199 897 5254 sita
918 5200 988 5257 sit
1017 5201 1270 5265 culmine,
1296 5215 1461 5269 quam
1484 5203 1677 5258 divinis
1707 5205 2067 5265 oblationibus

477 5285 743 5355 propheta
768 5288 901 5343 vidit
927 5289 1196 5346 altiorem.
1238 5290 1389 5357 Quod
1420 5293 1483 5360 si,
1509 5302 1567 5348 ut
1599 5313 1782 5366 supra,
1813 5298 2066 5368 spiritua-

479 5372 586 5455 lerti
613 5393 828 5434 sensum
856 5381 1153 5451 sequimur,
1183 5382 1414 5439 victimae
1439 5384 1509 5439 ad
1540 5402 1744 5456 magn-.0
1770 5404 2063 5447 conversa-

481 5468 643 5540 tionis
692 5475 1079 5544 austeritatem,
1127 5476 1442 5534 holocausta
1487 5479 1553 5535 ad
1594 5485 2063 5551 compunctionem

479 5561 603 5615 vitae
631 5565 937 5620 secretioris
966 5568 1245 5625 referenda
1272 5578 1418 5625 sunt.
1454 5570 1644 5627 Melior
1680 5583 1755 5628 est
1783 5576 1916 5629 enim
1954 5576 2067 5632 obe-

480 5653 677 5708 dienria
706 5673 856 5726 quam
879 5657 1117 5729 victimae,
1141 5672 1190 5715 et
1213 5663 1505 5719 auscultare
1533 5668 1695 5738 magis
1727 5684 1878 5740 quam
1910 5671 2069 5744 σθεν-

480 5762 538 5800 re
581 5748 798 5800 arietum
829 5748 1052 5818 adipem.
1108 5752 1242 5817 Quia
1298 5755 1455 5823 longe
1500 5756 1704 5814 altioris
1749 5760 1928 5816 meriti
1982 5774 2065 5821 est

557 5848 582 5875 η
612 5838 877 5909 Corrupte
905 5840 957 5897 in
980 5843 1098 5900 aliis
1127 5845 1279 5902 editis
1302 5850 1632 5909 simuluntur.

1157 6024 1205 6034 ,ιιι

2176 4548 2322 4604 circo
2352 4551 2481 4607 foris
2513 4554 2566 4608 in
2618 4556 2881 4624 majorum
2931 4566 3300 4629 eontemplum
3346 4561 3599 4629 erigitur,
3649 4567 3769 4635 quis

2175 4639 2319 4696 intus
2366 4642 2444 4698 eis
2472 4658 2591 4713 quae
2624 4646 2871 4715 tingendo
2911 4650 3103 4704 statuit
3139 4653 3400 4721 propusiti
3432 4655 3518 4709 sui
3549 4656 3768 4710 simula-

2176 4734 2281 4789 cris
2324 4734 2653 4792 incurvatur.
2703 4724 2806 4794 Sed
2834 4741 3182 4809 quzcrcndum
3210 4743 3367 4800 valde
3412 4756 3515 4813 est,
3559 4762 3661 4802 cur
3690 4762 3765 4803 (ει

2178 4842 2413 4898 pugnare
2440 4830 2699 4886 ariolandi
2728 4843 2976 4903 peccato,
3009 4844 3064 4891 et
3092 4836 3240 4892 nolle
3269 4839 3626 4906 acquiescere
3655 4855 3763 4896 sce-

2175 4919 2271 4975 leri
2320 4921 2635 4976 idololatria
2689 4933 3051 4997 comparatur.
3099 4926 3290 4982 Scelus
3320 4928 3525 4999 quippe
3552 4932 3763 4985 nonnisi

2172 5028 2423 5083 magnum
2478 5024 2755 5086 peccatum
2806 5016 3024 5087 dicitur,
3075 5028 3355 5088 peccatum
3408 5035 3542 5077 vero
3597 5024 3757 5077 etiam

2172 5103 2317 5171 quod
2346 5104 2464 5159 leve
2508 5112 2590 5159 est
2622 5104 2928 5159 nominatur
2954 5124 2967 5171 ;
3023 5107 3116 5162 sed
3147 5108 3190 5161 si
3221 5110 3288 5163 ab
3316 5124 3411 5164 ara
3439 5109 3761 5166 dicebantur

2172 5195 2345 5260 arioli,
2378 5210 2444 5251 eo
2472 5195 2615 5267 quod
2659 5212 2914 5267 responsa
2959 5200 3240 5270 percipere
3267 5201 3607 5258 consulendo
3631 5222 3759 5260 con-

2170 5294 2480 5356 sueverant,
2511 5288 2828 5345 idololatriw
2855 5298 3137 5360 peccatum
3164 5293 3219 5347 in
3249 5292 3363 5362 ejus
3393 5296 3759 5365 comparatio-

2173 5397 2241 5438 ne
2266 5386 2441 5441 scelus
2470 5395 2604 5453 erat,
2635 5388 2757 5456 quia
2789 5388 3091 5445 dementius
3128 5398 3248 5446 erat
3288 5392 3498 5461 lapides
3530 5396 3755 5450 adorare

2171 5489 2332 5544 quam
2381 5478 2479 5532 sub
2527 5480 2707 5548 specie
2736 5480 3036 5536 divinorum
3066 5482 3199 5537 falsa
3229 5483 3369 5538 bene
3399 5485 3619 5540 vivendi
3648 5501 3751 5540 res-

2172 5581 2337 5636 ponsa
2367 5572 2662 5648 percipere.
2709 5569 2819 5626 Cur
2848 5586 2977 5642 ergo
3007 5588 3307 5644 repugnare
3331 5587 3618 5645 peceatum
3658 5594 3750 5647 per

2168 5660 2568 5716 similitudinem
2610 5678 2728 5717 esse
2761 5663 2975 5733 dicitur,
3007 5668 3353 5736 acquiescere
3381 5678 3563 5725 autem
3611 5670 3743 5727 nolle

2166 5749 2382 5807 scelus?
2425 5747 2530 5807 Sed
2576 5766 2875 5823 repugnare
2903 5763 2987 5835 est
3032 5756 3099 5810 ab
3126 5755 3445 5828 imperantis
3475 5760 3741 5816 voluntate
