4052 6338
480 456 582 523 835

1666 448 1911 513 SANCTI
1949 434 2275 506 cn'scomt
2317 442 2529 503 MAGNI

3647 448 3751 505 456

481 592 593 639 mm
638 581 885 649 possunt,
938 552 1131 630 eadem
1178 575 1403 641 peCcata
1448 564 1720 638 levigant,
1750 583 1821 624 ne
1846 566 1939 636 qui
1984 562 2062 622 eis
2090 566 2143 629 Α
2167 569 2223 618 ει
2249 558 2403 633 quasi
2431 560 2749 617 recedentes
2770 557 3011 627 veniunt,
3038 560 3167 619 dum
3193 560 3373 637 lapsos
3393 562 3641 619 subditos
3661 578 3753 633 pa-

480 670 735 744 praesunt,
767 674 954 721 coram
999 660 1430 744 gran'ditudinem
1478 658 1778 713 attendant.
1827 654 1907 711 Ad
1938 671 2066 744 pec-

480 742 659 819 catum
688 758 849 814 etiam
880 756 1046 811 fortes
1072 759 1216 817 sunt,
1248 748 1315 806 ad
1357 743 1531 805 ﬂenda
1563 754 1784 818 peccata
1824 742 2060 812 debiles;

482 853 667 909 volunt
711 848 932 918 quidem
978 844 1189 915 peccati
1227 840 1674 897 delectationibus
1722 838 1937 903 resolvi,
1967 838 2063 893 sed

482 940 811 1015 pmnitentia:
840 937 1032 993 nolunt
1061 934 1355 991 acerbitate
1381 932 1616 1002 purgari.
1648 930 1783 999 Quid
1804 940 1885 986 est
1911 945 2063 999 ergo,

480 1030 627 1103 quod
641 1029 791 1094 dicit,
805 1028 971 1083 Porta
992 1033 1256 1097 peccatum
1268 1040 1452 1089 meum,
1468 1024 1571 1080 nisi
1587 1023 1713 1093 quia
1730 1030 1785 1078 et
1807 1031 2061 1093 peccato-

482 1136 602 1183 rum
627 1123 969 1181 dulcedinem
1015 1121 1070 1176 in
1116 1135 1174 1175 se
1212 1120 1340 1191 ipsis
1370 1119 1667 1190 excipiunt,
1712 1117 1808 1174 sed
1836 1132 2065 1173 onerare

482 1216 737 1291 praelatos
772 1229 940 1272 onere
966 1213 1279 1270 earumdem
1304 1220 1653 1283 peccatorum
1680 1212 1906 1268 volunt?
1931 1210 2063 1282 Qui-

482 1310 607 1367 dam
656 1307 822 1366 etiam
851 1315 1045 1380 sponte
1072 1306 1137 1361 ad
1166 1302 1529 1362 conﬁtendum
1560 1306 1804 1373 veniunt,
1845 1306 1939 1362 sed
1970 1321 2067 1376 pro

483 1400 682 1474 quibus
725 1414 784 1455 se
811 1404 1088 1466 accusant,
1120 1412 1229 1452 non
1274 1394 1376 1467 ipsi
1422 1395 1628 1467 lugent,
1674 1397 1769 1453 sed
1808 1397 2071 1467 poenitere

484 1492 622 1554 alios
650 1492 949 1556 obsecrant,
979 1488 1082 1546 fide
1102 1489 1219 1546 sola
1240 1487 1434 1544 salvari
1461 1489 1748 1555 mstimant,
1777 1505 1873 1560 per
1908 1488 2072 1558 paeni-

483 1585 709 1641 tentiam
736 1590 1009 1639 revertere
1038 1580 1234 1651 abjecti
1282 1596 1389 1635 non
1419 1587 1632 1635 curant.
1670 1578 1817 1635 Unde
1846 1589 1901 1635 et
1943 1579 2073 1634 Saul

482 1674 680 1743 subdit,
706 1671 890 1730 dicens
915 1688 929 1727 :
970 1670 1043 1726 Et
1070 1680 1320 1727 revertere
1344 1688 1541 1726 mecum
1569 1680 1624 1725 ut
1656 1671 1866 1727 adorem
1891 1668 2077 1727 Domi-

483 1784 628 1825 num.
682 1767 844 1835 Quasi
875 1767 1021 1823 enim
1049 1764 1309 1821 recedens
1336 1770 1419 1820 est
1458 1763 1794 1834 prmdicator,
1820 1781 1941 1819 cum
1970 1764 2075 1818 im-

483 1860 751 1931 pudentes
800 1856 1023 1927 abiicit;
1070 1856 1200 1911 dicit
1249 1869 1417 1923 ergo:
1455 1852 1726 1908 Revertere
1772 1870 1969 1907 mecum
2018 1860 2076 1906 ut

484 1949 696 2006 adorem
740 1947 1043 2005 Dominum.
1084 1946 1219 2001 Cum
1259 1961 1325 2001 eo
1356 1953 1560 2000 tantum
1612 1960 1643 1999 a
1693 1945 2073 2001 communione

2170 664 2324 712 terna
2372 653 2663 710 alilictione
2693 655 3061 711 comitantur?
3104 654 3239 712 Cum
3288 661 3367 712 eis
3396 671 3527 725 ergo
3578 672 3755 712 rever-

2170 757 2377 813 tuntur,
2406 762 2529 803 cum
2571 757 2795 817 peccata
2823 747 3161 803 subditorum
3188 757 3243 805 et
3271 748 3375 820 ipsi
3408 747 3629 814 subditi,
3665 749 3757 818 qui

2168 844 2551 908 peccaverunt,
2585 844 2640 891 et
2670 835 2876 905 pr.rlati
2903 837 2994 906 qui
3025 845 3314 905 steterunt,
3367 838 3573 909 pariter
3598 836 3754 907 plan-

2170 937 2324 999 gunt.
2355 927 2488 985 Tale
2533 930 2806 1000 estigitur
2841 946 2905 987 ac
2945 931 2992 986 si
3038 930 3219 987 dicat:
3247 928 3367 986 Jam
3417 939 3471 986 te
3520 932 3759 1002 paternis

2170 1023 2469 1079 visceribus
2496 1024 2769 1079 adhaerere
2794 1024 2955 1096 365
2984 1040 3080 1094 per
3107 1026 3533 1095 increpationem
3579 1026 3746 1097 praedi

2173 1114 2402 1172 cationis
2443 1114 2572 1170 mihi
2603 1116 2819 1185 agnovi,
2850 1132 3010 1185 quem
3049 1132 3151 1172 nec
3178 1117 3392 1187 longius
3420 1133 3648 1188 peccare
3679 1133 3752 1173 re-

2173 1208 2396 1278 liquisti.
2427 1207 2562 1276 Quia
2593 1223 2745 1278 ergo,
2796 1216 2851 1264 te
2900 1210 3242 1279 objurgante,
3292 1212 3517 1281 resipui,
3550 1228 3761 1270 mecum

2173 1301 2357 1357 redire
2382 1311 2436 1355 te
2462 1315 2620 1370 rogo,
2648 1302 2771 1373 quia
2802 1303 3035 1372 propriis
3062 1302 3269 1359 viribus
3295 1303 3365 1358 ad
3393 1312 3560 1359 tantm
3587 1306 3760 1374 pravi-

2178 1394 2303 1449 tatis
2347 1393 2769 1464 magnitudinem
2813 1394 3095 1453 delendam
3144 1412 3485 1468 nequaquam
3533 1398 3759 1453 sufﬁcio.

2179 1480 2286 1537 Sed
2321 1483 2454 1537 tanti
2510 1482 2734 1539 affectus
2778 1500 2967 1555 preces
3012 1486 3331 1556 recipiendi:
3377 1495 3584 1553 essent,
3607 1487 3655 1541 si
3697 1503 3761 1543 ex

2183 1571 2363 1630 cordis
2408 1574 2635 1630 veritate
2689 1576 3079 1646 procederent;
3124 1584 3251 1649 apte
3286 1592 3415 1646 ergo
3472 1577 3766 1650 hypocrita

2188 1680 2505 1736 ’esponsum
2540 1673 2659 1722 est:
2710 1665 2835 1724 Non
2882 1677 3109 1723 revertar
3136 1676 3320 1726 tecum.
3376 1670 3540 1737 Quasi
3586 1671 3760 1725 dicat:

2203 1756 2287 1812 ’ro
2319 1764 2373 1813 te
2397 1757 2703 1814 sacriiicare
2734 1758 2844 1814 Deo
2871 1761 3077 1823 nescio,
3110 1776 3272 1832 quem
3298 1762 3529 1818 veritate
3556 1762 3762 1817 humili

2182 1849 2308 1903 tatis
2332 1848 2443 1904 Deo
2472 1848 2742 1905 subditum
2770 1866 2878 1905 non
2908 1852 3129 1907 attendo
3155 1870 3171 1920 ;
3200 1860 3257 1907 et
3282 1869 3400 1924 quae
3419 1854 3599 1923 priora
3628 1854 3757 1921 inge

2182 1938 2409 2006 minans,
2441 1939 2516 1995 ait
2544 1958 2556 1994 :
2607 1938 2744 2004 Quia
2773 1938 3037 2014 projecisti
3066 1959 3350 1997 sermonem
3384 1942 3621 2007 Domini,
3652 1960 3765 2014 pro~

483 2044 780 2099 electorum
810 2056 920 2095 non
962 2036 1127 2093 dividi
1157 2045 1328 2109 putat,
1360 2035 1503 2108 quod
1538 2036 1696 2094 ﬁdem
1728 2053 2070 2094 communem
2102 2045 2152 2111 Β
2170 2031 2299 2103 jecit
2330 2041 2377 2088 te
2418 2031 2689 2101 Dominus,
2718 2051 2783 2089 ne
2808 2036 2879 2088 sis
2900 2052 3031 2100 rex;
3063 2044 3140 2103 ei.
3180 2036 3305 2106 (illia
3330 2037 3535 2092 νεΐευιί
3557 2046 3615 2093 ει
3641 2036 3765 2105 abji-

482 2139 704 2195 servat;
735 2131 821 2185 vel
849 2137 997 2184 certe
1042 2128 1327 2185 Dominum
1373 2128 1603 2184 adorare
1644 2135 1728 2183 est
1764 2126 1918 2183 subdi
1948 2129 2047 2184 reli

486 2223 633 2293 gioni
664 2219 811 2287 fidei,
846 2230 901 2276 et
921 2220 1178 2277 custodite
1208 2221 1366 2275 bona:
1396 2216 1749 2290 operationis.
1782 2220 1918 2286 Quia
1942 2235 2074 2277 vero

488 2311 645 2369 fictos
666 2311 974 2383 hypocritas
1002 2310 1132 2365 Saul
1153 2310 1405 2377 insinuat,
1436 2310 1715 2379 sequitur:

556 2405 734 2476 (Vers.
771 2404 889 2473 26.)
919 2405 1007 2459 Ait
1041 2403 1255 2460 Samuel
1281 2402 1351 2457 ad
1390 2402 1524 2459 Saul
1544 2417 1562 2457 :
1596 2401 1721 2458 Non
1743 2412 1968 2458 revertar
1998 2413 2076 2461 te-

485 2514 623 2566 cum,
651 2498 771 2564 quia
812 2497 1077 2569 projecisti
1113 2512 1398 2551 sermonem
1439 2494 1675 2565 Domini,
1715 2502 1763 2550 et
1788 2496 2006 2567 projecit
2033 2504 2081 2551 te

486 2587 764 2655 Dominus,
796 2604 862 2643 ne
888 2588 962 2642 sis
986 2603 1101 2642 rex.

559 2680 650 2736 28.
668 2680 807 2749 Quid
824 2688 905 2735 est
922 2694 1071 2751 ergo,
1097 2677 1241 2750 quod
1264 2678 1530 2750 propheta
1543 2684 1765 2749 portare
1791 2685 2078 2750 peccatum

488 2772 799 2844 pmnitentis
829 2772 969 2841 regis
990 2772 1187 2836 renuit,
1221 2764 1323 2826 nisi
1348 2770 1475 2842 quia
1498 2768 1646 2826 hunc
1672 2786 1779 2826 non
1806 2785 1935 2826 vere
1962 2786 2075 2841 pcn-

487 2864 750 2920 nitentem
794 2863 926 2919 vidit
955 2864 978 2917 ‘l
1006 2861 1107 2918 Cui
1135 2872 1196 2917 ea
1227 2876 1347 2932 quae
1375 2860 1525 2931 prius
1554 2859 1872 2931 abjectionis
1909 2861 2077 2917 verba

485 2955 787 3024 respondit,
819 2955 944 3026 quia
976 2970 1100 3009 eum
1143 2952 1535 3031 immutandum
1561 2960 1586 2989 ι
1615 2952 1837 3007 minime
1875 2967 2079 3023 cogno-

486 3046 584 3102 vit.
616 3048 732 3113 Qua
762 3047 1010 3101 nimirum
1032 3045 1312 3117 prophetae
1347 3046 1648 3102 constantia
1677 3046 1894 3118 quidam
1916 3046 2078 3101 nimis

487 3136 785 3194 clementes
822 3137 978 3207 hujus
1006 3140 1267 3209 temporis
1300 3140 1611 3195 sacerdotes
1641 3148 1954 3209 arguuntur,
1984 3137 2077 3209 qui

490 3232 907 3289 conversatione
952 3231 1151 3287 inlirmi
1180 3240 1323 3299 sunt,
1357 3233 1664 3288 temeritate
1694 3230 1881 3291 fortes.
1911 3232 1982 3287 Sc
2018 3246 2079 3289 se

489 3324 580 3379 vix
624 3325 909 3391 sustinent,
942 3331 997 3380 et
1040 3322 1301 3395 portanda
1332 3325 1606 3396 suscipere
1634 3324 1864 3379 aliorum
1912 3340 2080 3381 onera

492 3416 731 3482 audent;
776 3415 913 3471 levia
955 3432 1048 3473 sua
1080 3432 1185 3471 non
1230 3415 1426 3483 ferunt,
1465 3425 1521 3471 et
1550 3416 1982 3487 importabilibus
2020 3432 2081 3472 se

2180 2123 2356 2180 ciendi
2380 2134 2432 2180 et
2460 2124 2744 2181 deserendi
2771 2134 2916 2190 sunt,
2957 2126 3203 2197 sequitur
3233 2143 3247 2178 :

2251 2216 2429 2290 (γεγε.
2459 2216 2573 2287 27.)
2614 2212 2682 2271 Et
2707 2235 2977 2274 conversus
3007 2228 3082 2273 est
3112 2218 3346 2285 Samuel,
3372 2226 3429 2273 ut
3456 2218 3645 2274 abiret.

2254 2307 2312 2365 In
2340 2326 2444 2381 qua
2477 2307 2723 2380 profecto
2753 2310 3018 2379 majorum
3050 2309 3359 2366 decessione
3404 2311 3576 2379 magis
3603 2310 3765 2383 hypo-

2183 2402 2334 2461 critae
2373 2403 2719 2460 amissionem
2762 2402 3080 2472 temporalis
3110 2403 3333 2459 honoris
3359 2404 3580 2468 timent,
3614 2418 3769 2474 quam

2184 2502 2402 2552 mterna:
2436 2492 2788 2555 hmreditatis.
2838 2490 2992 2549 Unde
3018 2500 3074 2548 et
3099 2494 3378 2565 quiescere
3414 2495 3579 2549 etiam
3616 2494 3768 2550 dere-

2186 2586 2300 2643 licti
2331 2602 2437 2642 non
2462 2593 2711 2657 possunt,
2741 2584 2835 2640 sed
2863 2601 2925 2641 ea
2956 2600 3078 2654 qua:
3106 2599 3268 2654 agere
3309 2599 3406 2654 per
3433 2601 3491 2641 se
3510 2600 3633 2657 [non
3672 2601 3767 2640 au-

2183 2676 2336 2744 dent,
2382 2677 2673 2746 impetrare
2701 2674 2819 2732 aliis
2845 2674 3328 2733 intervenientibus
3360 2675 3604 2731 student.
3637 2675 3773 2733 Bene

2183 2780 2314 2838 ergo
2344 2766 2683 2837 subjungitur
2708 2786 2722 2821 :

2259 2857 2436 2925 (νει-ε.
2465 2857 2581 2928 27.)
2605 2854 2706 2912 Ille
2735 2865 2905 2913 autem
2933 2857 3273 2930 apprehendit
3302 2859 3652 2930 quantitatem
3674 2858 3774 2931 pal-

2184 2946 2243 3006 lii
2268 2951 2403 3023 ejus,
2436 2966 2550 3023 qua:
2570 2951 2735 3005 scissa
2756 2957 2851 3004 est.

2256 3040 2347 3095 29.
2376 3039 2506 3108 Quae
2533 3050 2657 3097 sunt
2686 3042 3007 3097 vestimenta
3028 3041 3288 3107 doctoris,
3317 3041 3421 3097 ηἲεί
3449 3040 3652 3098 docere
3680 3041 3773 3100 sibi

2188 3130 2579 3186 adhaerentium
2608 3130 2944 3187 subditorum
2973 3132 3295 3202 qualitates?
3321 3131 3397 3187 De
3422 3133 3623 3202 quibus
3650 3150 3777 3205 pro~

2188 3225 2332 3279 tecto
2372 3222 2607 3279 vestibus
2635 3237 2830 3292 magno
2858 3226 3061 3294 pastori
3092 3241 3188 3295 per
3231 3226 3557 3297 prophetam
3584 3242 3778 3298 repro-

2188 3316 2448 3372 mittitur°
2505 3314 2642 3370 Vivit
2687 3313 2961 3383 Dominus,
2988 3318 3109 3388 quia
3149 3318 3227 3372 Itis
3255 3317 3490 3373 omnibus
3518 3319 3655 3373 velut
3700 3335 3779 3373 ve-

2187 3410 2429 3461 stimento
2471 3408 2670 3462 vestiris
2704 3407 2835 3473 (lsa.
2885 3426 3030 3478 χιιι,
3064 3408 3175 3479 l8).
3224 3407 3287 3463 Et
3318 3426 3414 3481 per
3445 3409 3778 3465 Psalmistam

491 3508 802 3579 subjiciunt.
827 3504 1132 3564 Eccefortis
1154 3509 1411 3579 pr0pbeta
1434 3506 1629 3579 refugit
1652 3508 1923 3580 suscipere
1947 3524 2085 3564 onus
2111 3489 2159 3551 Ο
2190 3501 2441 3557 canitur:
2474 3498 2729 3555 υοηιίηυδ
2772 3500 3038 3574 regnavit.
3085 3502 3317 3558 decorem
3359 3503 3563 3571 ίηάιιίίν
3614 3504 3778 3557 indu“

490 3602 689 3670 regalis
718 3602 945 3669 peccati,
990 3609 1049 3655 ut
1077 3596 1329 3656 sacerdos
1357 3598 1612 3657 Ecclesir
1636 3601 1845 3665 timeat,
1883 3608 1937 3656 et
1957 3616 2083 3672 pec-

493 3700 737 3748 caturum
778 3691 1199 3760 importabilium
1229 3692 1468 3761 pondera
1502 3692 1680 3747 subire
1716 3691 2079 3761 pertimescat.

494 3780 819 3852 Plerumque
843 3792 1022 3837 autem
1055 3783 1134 3838 sic
1162 3782 1336 3837 aliena
1365 3790 1586 3854 peccata
1616 3785 1891 3855 suscipiat,
1915 3793 1975 3838 ut
2000 3792 2085 3839 ta-

492 3884 620 3931 men
646 3892 710 3932 ea
735 3892 852 3946 quae
879 3877 1143 3946 expianda
1173 3874 1414 3946 suscipit,
1448 3875 1577 3931 ﬂere
1605 3893 1748 3944 eum,
1778 3893 1809 3932 a
1838 3892 1945 3947 quo
1976 3876 2086 3932 sint

494 3969 800 4037 commissa,
826 3969 1123 4039 permittat.
1150 3967 1301 4023 Unde
1326 3979 1378 4023 et
1407 3966 1626 4023 Samuel
1653 3978 1871 4038 portare
1894 3982 2087 4039 pecca-

494 4066 611 4116 tUm
649 4062 790 4131 regis
819 4061 1038 4116 minime
1064 4054 1333 4132 promisit,
1364 4068 1420 4117 et
1441 4069 1618 4115 tamen
1646 4076 1789 4128 eum,
1818 4078 1977 4133 quem
2006 4077 2089 4117 re-

492 4152 636 4217 tulit,
666 4152 930 4222 abjectnm
961 4151 1189 4221 planxit.
1219 4147 1349 4205 Nam
1389 4148 1458 4206 de
1485 4166 1552 4207 eo
1582 4160 1703 4223 post
1730 4168 1897 4223 pauca
1923 4152 2086 4223 scrip-

492 4251 608 4299 tum
634 4254 753 4301 est:
807 4244 1035 4315 Lugebat
1082 4244 1295 4300 Samuel
1327 4245 1482 4313 Saul,
1531 4247 1773 4315 quoniam
1803 4245 2084 4302 Dominum

494 4336 793 4407 paenitebat,
823 4336 958 4408 quod
996 4339 1347 4391 constituisset
1372 4354 1486 4393 eum
1516 4356 1684 4409 regem
1714 4356 1866 4410 super
1889 4338 2081 4397 Israel.

493 4422 611 4483 Non
639 4427 855 4497 quidem
895 4428 1142 4498 promisit
1170 4430 1219 4484 ei
1244 4436 1457 4496 portare
1507 4440 1789 4500 peccatum
1829 4432 1991 4502 regis,
2024 4442 2085 4489 ut

492 4533 592 4574 rex
620 4516 747 4575 illud
791 4520 923 4577 ﬂere
959 4522 1219 4579 studeret.
1254 4523 1361 4579 Sed
1409 4534 1587 4581 tamen
1617 4542 1779 4597 quem
1823 4528 2083 4584 retulerat

492 4596 680 4679 ﬂebat,
712 4619 771 4665 ut
799 4610 1085 4668 Dominum
1115 4614 1165 4669 ei
1183 4615 1471 4686 propitium
1498 4596 1721 4674 faceret.
1745 4619 1828 4673 Ad
1848 4619 2083 4676 litteram

492 4708 644 4771 Vero,
670 4703 796 4759 dum
820 4708 1141 4762 sententiam
1171 4710 1435 4779 propheta
1459 4712 1771 4781 ingeminat,
1801 4712 2079 4770 irrevoca-

492 4795 656 4854 biletn
685 4799 879 4855 divina:
907 4802 1173 4872 aequitatis
1201 4804 1525 4858 sententiam
1569 4814 1834 4860 monstrat
1874 4822 1978 4875 qua
2004 4808 2083 4863 sic

2192 3591 2449 3648 Dominus
2476 3594 2831 3665 fortitudinem
2863 3592 3036 3667 (Psal.
3064 3611 3228 3664 xcxn,
3262 3596 3338 3658 l).
3372 3595 3556 3652 induit
3582 3598 3781 3667 quippe

2192 3685 2465 3752 decorem,
2491 3686 2584 3756 qui
2608 3686 2678 3741 ad
2700 3687 2934 3758 seipsum
2955 3688 3263 3760 splendidas
3287 3690 3520 3747 ﬁdelium
3552 3702 3781 3758 mentes,

2195 3779 2348 3851 quasi
2375 3779 2695 3835 vestimenta
2723 3780 3023 3851 conjunxit.
3056 3781 3186 3839 Saul
3213 3799 3342 3854 ergo
3370 3784 3639 3842 Samuelis
3666 3788 3782 3857 pal-

2192 3867 2324 3923 lium
2353 3868 2727 3938 apprehendit,
2760 3885 2880 3924 cum
2910 3871 3175 3942 superbus
3204 3872 3432 3944 quisque
3460 3882 3516 3929 et
3538 3875 3781 3945 abjectus

2191 3957 2452 4015 honorem
2483 3956 2730 4015 culminis
2756 3959 2859 4016 sibi
2888 3958 3085 4017 deferri
3107 3979 3138 4017 a
3169 3964 3392 4019 summis
3420 3964 3552 4020 viris
3577 3981 3675 4036 per
3697 3983 3781 4023 co—

2190 4050 2459 4107 haerentes
2494 4049 2596 4106 sibi
2635 4045 2864 4107 dilectos
2893 4060 2949 4108 et
2983 4052 3274 4111 familiares
3299 4057 3528 4126 quzerit,
3561 4066 3617 4113 et
3654 4060 3778 4129 quia

2196 4161 2295 4219 pro
2321 4144 2558 4218 reprobo
2588 4147 2954 4217 perfectorum
2985 4146 3287 4206 auditorum
3310 4152 3486 4208 nullus
3507 4153 3779 4223 obsecrat,

2188 4255 2298 4295 non
2320 4236 2561 4310 pallium,
2593 4239 2686 4296 sed
2715 4238 2860 4311 pallii
2879 4243 3263 4310 summitatem,
3289 4244 3341 4300 id
3366 4254 3448 4302 est
3467 4250 3781 4304 extremita-

2189 4336 2298 4384 tem
2340 4329 2758 4399 apprehendisse
2803 4332 3153 4400 perhibetur;
3204 4335 3299 4391 scd
3342 4351 3404 4391 ea
3462 4342 3779 4396 extremitas

2188 4422 2469 4489 Scinditur,
2494 4423 2620 4493 quia
2640 4424 2731 4493 qui
2754 4424 2959 4480 inutilia
2981 4428 3238 4496 suggerit,
3269 4431 3621 4500 reprobatur.
3641 4433 3773 4489 Cum

2192 4514 2335 4570 enim
2363 4515 2541 4569 minor
2572 4516 2862 4571 indiscreta
2886 4533 3081 4588 rogans
3108 4520 3415 4591 repellitur,
3444 4524 3595 4579 velut
3619 4528 3780 4580 vesti-

2189 4606 2358 4661 menti
2382 4607 2661 4662 summitas
2702 4609 2870 4664 scindi
2914 4610 3246 4682 perhibetur.
3296 4610 3455 4669 Velut
3483 4617 3634 4671 enim
3659 4634 3789 4687 pars,

2186 4699 2339 4771 pallii
2377 4701 2571 4755 summi
2603 4704 2878 4773 propheta:
2907 4704 3069 4759 scissa
3110 4713 3223 4773 est,
3247 4707 3462 4776 quando
3488 4709 3634 4763 male
3660 4723 3779 4777 sug-

2190 4795 2397 4865 gerenti
2453 4793 2613 4850 Petro
2662 4797 2963 4867 respondit,
3023 4797 3245 4854 dicens:
3307 4799 3453 4855 Vade
3500 4812 3641 4857 retro
3699 4820 3774 4857 me

492 4898 750 4957 peccator
773 4891 1075 4962 projicitur,
1107 4902 1164 4948 ut
1184 4893 1363 4949 redire
1394 4892 1462 4949 ad
1480 4893 1674 4949 divinae
1697 4896 2076 4953 misericordia:

2192 4885 2416 4951 Satana,
2448 4903 2551 4940 non
2571 4889 2707 4941 enim
2741 4890 2883 4959 sapis
2907 4906 2968 4943 ea
2995 4907 3109 4961 qua:
3137 4888 3235 4945 Dei
3262 4900 3398 4957 sunt,
3430 4894 3522 4947 sed
3544 4912 3660 4963 quia
3688 4896 3776 4949 ho-

493 4996 715 5038 manum
764 5002 1037 5056 nunquam
1080 4987 1446 5057 permittatur.
1479 4986 1665 5044 Potest
1712 4999 1767 5043 et
1794 4989 1952 5046 aliter
1996 4991 2083 5047 in-

497 5072 686 5143 telligi,
737 5074 876 5146 quod
928 5080 1128 5134 reverti
1178 5095 1361 5136 secum
1412 5081 1749 5151 prophetam,
1784 5090 1845 5137 ut
1893 5084 2086 5139 adoret

495 5161 805 5234 Dominum,
846 5179 1020 5239 rogat.
1068 5171 1201 5226 Nam
1248 5171 1421 5226 sancti
1475 5172 1595 5237 viri,
1645 5174 1737 5243 qui
1786 5173 2080 5231 Dominum

498 5259 773 5329 peccando
798 5276 904 5315 non
932 5261 1212 5327 deserunt,
1243 5260 1311 5316 ad
1341 5277 1463 5316 eum
1494 5278 1717 5319 necesse
1744 5281 1850 5320 non
1880 5265 2082 5319 habent

497 5356 560 5401 ut
582 5351 888 5417 paenitendo
909 5359 1269 5407 revertantur.
1305 5351 1520 5409 Reverti
1541 5356 1685 5410 enim
1708 5356 1953 5411 abeuntis
1976 5364 2077 5412 est.

500 5436 655 5504 Quod
687 5442 933 5496 nimirum
965 5444 1334 5512 peccatoribus
1366 5460 1463 5515 per
1492 5454 1770 5516 peccatum
1801 5463 1831 5500 a
1854 5445 2081 5502 Domino

501 5531 882 5585 recedentibus
934 5535 1213 5600 convenit,
1265 5536 1426 5604 justis
1478 5536 1921 5607 permanentibus
1973 5553 2080 5593 non

501 5622 770 5675 convenit.
816 5622 949 5688 Quid
972 5632 1053 5678 est
1079 5640 1226 5693 ergo,
1258 5629 1401 5696 quod
1433 5629 1630 5683 reverti
1674 5644 1795 5682 cum
1825 5638 2084 5699 peccante

502 5707 631 5762 Saul
654 5710 828 5777 justus
857 5711 1071 5768 Samuel
1100 5717 1316 5783 petitur,
1351 5719 1452 5773 nisi
1484 5720 1608 5788 quia
1638 5720 1795 5774 electi
1824 5719 2082 5789 priedica-

500 5810 651 5858 tores
679 5818 778 5871 pro
805 5802 968 5874 lapsis
996 5806 1218 5863 subditis
1239 5809 1383 5864 velut
1420 5812 1746 5880 pmnitentes
1774 5811 2082 5883 aliliguntur

2191 4983 2387 5036 minum
2419 4979 2631 5053 (Matth.
2658 4999 2767 5051 xvr,
2796 4981 2910 5055 Q5).
2944 4983 3078 5040 Hinc
3104 4985 3233 5040 item
3264 4987 3533 5057 przccipit,
3558 4988 3773 5044 dicens:

2188 5073 2251 5127 Si
2291 5090 2475 5128 manus
2504 5083 2625 5143 tua,
2667 5076 2744 5128 vel
2771 5092 2860 5140 pes
2891 5087 3003 5132 tuus
3047 5076 3371 5131 scandalizat
3412 5088 3488 5145 te,
3534 5082 3776 5135 abscide

2186 5186 2318 5234 eutn,
2351 5179 2400 5223 et
2439 5169 2634 5241 projice
2659 5169 2750 5224 abs
2784 5180 2864 5237 te;
2890 5172 3046 5239 item,
3078 5175 3121 5227 si
3151 5176 3327 5229 oculus
3366 5184 3480 5229 tuus
3506 5176 3773 5230 scandali—

2184 5270 2269 5316 zat
2298 5271 2365 5327 te,
2388 5279 2506 5317 erue
2534 5279 2669 5328 eum,
2704 5272 2753 5317 et
2778 5265 2975 5335 projice
2999 5266 3089 5321 abs
3111 5275 3159 5321 te
3185 5266 3395 5337 (Matth.
3430 5284 3486 5335 ν,
3507 5268 3623 5331 '50).
3651 5268 3764 5335 Qui-

2182 5356 2283 5412 bus
2315 5358 2562 5412 nimirum
2609 5360 2786 5414 verbis
2814 5376 2923 5415 non
2954 5362 3129 5416 solum
3159 5364 3439 5419 summitas
3481 5364 3651 5434 pallii,
3682 5362 3768 5418 sed

2186 5447 2350 5501 etiam
2403 5448 2580 5503 media
2628 5448 2991 5507 abscindenda
3044 5452 3430 5523 designantur:
3480 5458 3611 5525 quia
3650 5471 3766 5511 cum
3817 5452 3825 5515 ζ’

2185 5538 2327 5595 male
2368 5549 2690 5610 suggerunt,
2737 5543 2961 5612 pcrl’ecti
3001 5545 3165 5600 etiam
3204 5547 3480 5602 auditores
3524 5556 3757 5603 contem-
3812 5572 3821 5617 φ

2188 5629 2349 5685 nendi
2376 5640 2520 5686 sunt.
2566 5630 2702 5688 Hinc
2729 5649 2959 5703 namque
2986 5644 3101 5701 est,
3130 5637 3275 5706 quod
3304 5637 3547 5694 Zebedaai
3577 5640 3673 5693 lilii
3701 5640 3762 5693 εἰς

2187 5724 2299 5777 mni
2345 5739 2469 5779 cum
2517 5733 2689 5781 matre
2729 5743 2867 5783 unus
2896 5728 2963 5783 ad
3002 5729 3300 5797 dexteram,
3347 5734 3485 5787 alter
3531 5748 3659 5788 vero
3700 5731 3761 5786 ad
3818 5718 3827 5727 ’

2187 5815 2454 5870 sinistram
2479 5813 2850 5887 Redemptoris
2870 5820 3058 5877 sedere
3083 5831 3302 5894 petunt;
3324 5824 3421 5881 sed
3438 5826 3594 5898 quasi
3613 5825 3759 5880 bona

574 5927 601 5956 ι
630 5917 803 5977 Vatic.
845 5928 901 5977 et
928 5920 1213 5993 Gussanv.,
1241 5928 1443 5982 nomine
1484 5931 1734 6000 cognovit.
1785 5929 1948 5987 Error
1975 5938 2263 6004 est,.quem
2293 5946 2361 5987 ex
2384 5930 2548 5989 Gilot.
2582 5933 3001 5992 emendarimus.
