4052 6338
312 451 410 511 45Ἱ

1192 440 1259 498 ΙΝ
1294 438 1556 499 PRIMUM
1593 436 1837 501 REGUM
1874 440 2391 503 EXPOSITIONES.
2420 474 2492 489 —
2529 446 2658 503 LIB.
2700 448 2761 504 V.

3483 450 3590 512 438

313 563 590 644 ρειῑιίοηῖε
614 559 807 634 ignari,
836 556 1172 631 repelluntur
1199 556 1418 630 (Hann.
1443 558 1561 629 xx).
1582 556 1901 619 Velutenim
1929 560 1983 625 Α
2008 569 2173 617 eunte
2190 557 2323 616 Juda
2350 559 2612 617 Dominus
2639 558 2805 617 dicit:
2831 554 2989 617 Nunc
3008 562 3327 634 elariﬁcatus
3344 574 3421 621 est
3451 566 3594 638 ﬁlius

312 670 524 735 partem
553 656 852 727 chlamydis
880 655 1137 712 Dominus
1163 653 1351 721 scidit,
1384 670 1507 711 cum
1534 670 1599 711 ea
1637 658 1898 743 membra,

311 768 433 823 quin
458 750 749 807 movebant
768 745 1077 804 scandalum
1094 785 1112 811 ,
1136 744 1465 816 increpando
1488 745 1802 803 confutavit.
1836 746 1899 805 Et

314 842 612 900 notandum
655 839 781 910 quia
823 855 932 895 non
975 845 1147 893 totum
1190 838 1435 910 pallium,
1466 839 1561 895 sed
1603 855 1729 911 pars
1756 841 1903 912 pallii

308 935 579 993 scinditur
602 951 617 987 :
646 934 771 1002 quia
792 932 918 987 dum
946 932 1121 987 bonus
1145 930 1284 986 mala
1307 931 1567 1001 suggerit,
1595 931 1650 986 in
1670 946 1736 988 eo
1757 933 1901 1003 quod

310 1029 453 1085 male
482 1027 720 1097 suggerit
743 1024 934 1095 repelli
964 1012 1149 1091 debet,
1179 1032 1234 1079 et
1263 1024 1317 1079 in
1345 1038 1412 1081 eo
1442 1022 1587 1097 quod
1615 1024 1775 1083 aliter
1798 1025 1901 1083 bo-

307 1136 411 1176 nus
441 1128 543 1187 est,
570 1135 639 1175 ex
665 1117 953 1174 dilectione
980 1116 1220 1174 retineri.

320 1233 324 1236 ~
381 1212 471 1267 50.
516 1206 620 1268 Per
666 1209 1048 1267 vestimentum
1077 1209 1239 1265 etiam
1288 1211 1517 1268 rectoris
1555 1212 1901 1269 conversatio

308 1304 653 1373 designatur,
691 1299 977 1356 Psalmista
1006 1309 1312 1368 attestante,
1341 1300 1434 1373 qui
1456 1303 1532 1359 ait
1556 1320 1568 1357 :
1593 1302 1905 1360 Sacerdotes

311 1397 387 1451 tui
432 1397 714 1451 induantur
752 1391 1217 1467 justitiam-(Psal.
1251 1411 1433 1463 cxxxi,
1465 1394 1556 1464 ιθ).
1605 1394 1905 1452 Summitas

305 1504 440 1559 ergo
470 1488 618 1558 pallii
646 1486 1098 1559 apprehenditur,
1132 1488 1348 1557 quando
1378 1487 1569 1543 doctor
1609 1487 1678 1543 de
1707 1502 1904 1558 magna

304 1584 600 1639 sanctitate
622 1581 895 1649 laudatur,
918 1596 1040 1636 cum
1068 1580 1201 1636 illud
1221 1581 1274 1636 in
1302 1581 1419 1649 ejus
1440 1580 1654 1636 laudem
1679 1580 1901 1650 dicitur,

306 1675 455 1749 quod
508 1674 765 1731 decorum
814 1673 945 1730 foris
997 1672 1253 1730 ostendit.
1305 1671 1415 1728 Sed
1460 1674 1586 1742 quia
1628 1672 1902 1743 justorum

302 1767 462 1839 plura
484 1775 611 1822 sunt
636 1766 777 1822 bona
815 1780 935 1836 qua:
965 1765 1167 1831 latent,
1198 1764 1349 1836 pallii
1380 1772 1590 1845 tantum
1619 1760 1902 1821 summitas

304 1856 642 1929 apprehendi
682 1865 901 1928 potest:
944 1858 1070 1926 quia
1104 1872 1297 1927 parum
1330 1865 1412 1912 est
1444 1856 1590 1928 quod
1631 1857 1698 1913 de
1742 1857 1903 1913 electi

308 1946 555 2004 doctoris
591 1946 797 2015 justitia
824 1947 1093 2015 cernitur,
1120 1946 1348 2002 multum
1382 1962 1514 2003 vero
1546 1946 1690 2017 quod
1717 1947 1902 2005 occul-

305 2047 470 2093 tatur.
524 2040 688 2109 366
724 2038 903 2108 Ipsum
934 2053 1065 2092 vero
1107 2052 1297 2113 parum
1348 2039 1494 2108 quod
1540 2018 1731 2106 scitur,
1774 2055 1898 2096 cum

2006 654 2229 709 hominis
2255 653 2437 725 (Joan.
2460 671 2576 723 xui,
2608 654 2733 725 '51);
2763 656 2889 726 quia
2914 664 3130 713 noctem
3155 658 3278 713 vita
3298 658 3441 715 illius
3460 661 3596 716 vidit

2006 746 2307 815 discedere,
2338 755 2395 803 et
2422 764 2611 817 puram
2639 748 2815 805 lucem
2838 749 3063 819 justitite
3087 750 3143 806 in
3168 750 3287 807 aliis
3315 750 3597 823 discipulis

2007 850 2346 906 permanere.
2395 835 2601 894 Dicitur
2629 839 2831 895 etiam:
2882 840 3091 909 Hodie,
3120 841 3247 913 quia
3290 851 3475 900 amoto
3504 860 3595 899 su-

2004 928 2195 999 perbo,
2226 928 2341 999 regi
2368 928 2560 985 humili
2584 944 2809 1001 regnum
2835 931 3169 990 tradebatur.
3206 930 3362 991 Unde
3385 942 3440 991 et
3466 935 3599 992 sub-

2001 1017 2148 1077 ditur
2170 1040 2183 1077 :

2078 1114 2259 1185 (Vers.
2288 1112 2406 1187 28.)
2445 1112 2515 1169 Et
2536 1114 2751 1170 tradidit
2775 1116 2907 1170 illud
2924 1117 3165 1183 proximo
3191 1124 3278 1173 tuo
3297 1104 3500 1174 meliori
3528 1127 3595 1176 te.
3674 1150 3677 1153 -

2075 1202 2210 1260 Cum
2248 1218 2379 1274 ergo
2419 1203 2537 1261 dies
2564 1205 2793 1275 dicitur,
2822 1222 2933 1262 non
2970 1206 3170 1277 abjecti
3193 1208 3335 1278 regis
3363 1208 3598 1265 lucidum

2003 1294 2206 1367 aliquid
2233 1293 2495 1363 cernitur,
2528 1295 2621 1352 sed
2650 1296 2927 1353 substituti
2948 1297 3119 1367 gloria
3138 1300 3479 1370 praedicatur,
3503 1298 3599 1371 qui

2005 1384 2074 1442 de
2109 1382 2262 1457 regni
2288 1385 2523 1443 culmine
2558 1401 2769 1459 magnae
2797 1386 3013 1444 virtutis
3040 1388 3271 1445 debebat
3309 1388 3601 1462 splendore

2006 1475 2238 1532 radiare.
2292 1474 2362 1532 Et
2409 1472 2605 1533 divina:
2656 1477 2943 1536 sententia:
2998 1478 3600 1539 incommutabilitatem

2005 1586 2255 1629 asserens
2283 1571 2486 1638 subdit,
2515 1570 2698 1630 dicens
2724 1590 2739 1628 :

2081 1660 2260 1737 (Vcrs.
2287 1663 2404 1739 29.)
2447 1664 2617 1723 Porro
2644 1667 2990 1740 triumphator
3007 1669 3064 1723 in
3084 1664 3258 1725 Israel
3281 1684 3384 1725 non
3400 1660 3611 1741 parcet,

2004 1765 2054 1813 et
2079 1758 2396 1829 paenitudine
2414 1774 2520 1814 non
2548 1758 2802 1828 ﬂectetur.

2076 1850 2168 1907 52.
2210 1851 2342 1919 Quis
2391 1851 2535 1906 enim
2565 1850 2727 1919 hujus
2757 1851 3165 1921 triumphatoris
3206 1853 3460 1923 nomine,
3497 1853 3603 1911 nisi

2006 1944 2270 2002 Conditor
2295 1943 2520 1999 humani
2544 1944 2756 2014 generis
2785 1941 3167 2014 intelligendus
3190 1947 3317 2001 est?
3345 1945 3479 2001 Nam
3508 1960 3604 2001 oc-

2010 2039 2187 2095 cultos
2229 2037 2571 2095 adversarios
2609 2037 2919 2109 quicunque
2954 2044 3207 2108 superat,
3246 2037 3363 2107 ejus
3403 2038 3605 2095 virtute

304 2130 752 2202 apprehenditur,
774 2130 1037 2186 scinditur
1060 2148 1074 2184 :
1097 2130 1224 2201 quia
1242 2130 1369 2200 justi
1392 2131 1502 2187 suis
1524 2131 1770 2193 laudibus
1789 2147 1901 2189 non
2006 2132 2194 2196 vincit,
2222 2130 2315 2203 qui
2336 2131 2386 2187 ei
2407 2130 2636 2201 gratiam
2656 2127 2975 2202 superandus
2997 2127 3603 2199 tentationisimpendit.

305 2230 582 2278 tenentur.
632 2221 769 2290 Quia
800 2222 944 2279 enim
981 2237 1074 2277 eas
1103 2222 1157 2277 in
1202 2232 1481 2279 momento
1522 2230 1898 2292 contemnunt,
2008 2224 2148 2293 Quid
2177 2232 2264 2283 est
2290 2225 2437 2296 quod
2460 2224 2823 2294 triumphator
2849 2239 2960 2279 non
2988 2238 3211 2293 parcere
3239 2223 3457 2290 dicitur,
3478 2238 3605 2279 cum

307 2312 463 2384 quasi
493 2314 725 2370 scissura
769 2312 918 2385 pallii
950 2313 1123 2369 teneri
1153 2324 1451 2386 nequeunt.
1503 2314 1744 2371 Tenetur
1780 2316 1900 2387 qui-
2007 2316 2228 2374 Samuel
2254 2324 2476 2386 rogatur
2495 2318 2519 2371 1
2540 2316 2667 2386 quia
2688 2331 2811 2372 cum
2841 2314 3223 2386 praedicatores
3250 2314 3607 2384 peccantibus

304 2402 433 2459 dem
478 2420 603 2475 pars
629 2400 797 2461 scissa
834 2405 1162 2473 vestimenti,
1212 2407 1475 2477 pr0pheta
1503 2422 1613 2463 non
1644 2416 1857 2464 tenetur
1882 2427 1895 2463 :
2007 2408 2237 2465 subditis
2266 2408 2594 2474 irascuntur,
2623 2422 2747 2463 cum
2774 2405 3040 2478 superbos
3058 2414 3153 2461 aut
3171 2405 3407 2461 lubricos
3425 2404 3608 2460 divina

306 2496 438 2567 quia
460 2512 649 2552 verum
680 2505 783 2565 est,
807 2497 955 2567 quod
977 2496 1043 2553 de
1058 2498 1190 2567 justi
1220 2498 1379 2554 laude
1407 2499 1622 2565 dicitur,
1645 2512 1697 2555 et
1721 2509 1902 2557 tamen
2007 2500 2279 2555 sententia
2310 2497 2528 2565 feriunt,
2560 2513 2670 2553 non
2698 2497 2905 2569 impetu
2934 2496 3131 2552 furoris
3159 2498 3261 2564 sui,
3292 2496 3386 2552 sed
3414 2497 3608 2553 divinae

306 2580 458 2659 justi,
484 2586 610 2643 dum
637 2597 993 2645 contemnunt
1008 2590 1149 2659 quod
1173 2590 1419 2657 audiunt,
1442 2592 1597 2660 quasi
1616 2592 1904 2649 scissuram
2010 2590 2306 2649 voluntatis
2338 2590 2601 2660 judicium
2625 2596 3019 2660 exsequuntur.
3041 2588 3207 2656 Quasi
3245 2598 3395 2644 certe
3424 2588 3604 2643 dicat:

307 2679 367 2737 in
398 2683 626 2738 tenentis
666 2684 918 2741 manibus
943 2685 1275 2756 relinquunt.
1324 2686 1592 2757 Majorum
1616 2702 1745 2759 ergo
1774 2690 1904 2760 quia

307 2771 558 2841 qumdam
604 2775 730 2831 sciri
780 2784 1037 2846 possunt,
1087 2778 1243 2847 quasi
1285 2793 1412 2849 pars
1460 2781 1903 2849 apprehenditur.

309 2860 450 2918 Cum
475 2879 605 2920 vero
631 2873 805 2921 totum
833 2867 1001 2922 scitur
1022 2882 1051 2920 a
1075 2868 1310 2937 parvulis
1332 2869 1478 2938 quod
1498 2878 1706 2938 agetur,
1730 2872 1776 2926 si
1797 2872 1910 2926 lau-

311 2952 495 3023 datur,
528 2959 873 3016 nihilominus
901 2960 1261 3031 abjiciendum
1288 2972 1404 3031 est;
1432 2965 1558 3036 quia
1578 2966 1782 3036 aliquid
1807 2968 1907 3024 bo-

310 3062 511 3103 norum
561 3065 787 3120 operum
835 3068 932 3124 per
977 3055 1270 3110 vanitatem
1316 3057 1609 3113 tenendum
1646 3074 1756 3115 non
1805 3068 1908 3116 est.

312 3138 456 3196 Hinc
483 3156 717 3214 namque
741 3152 825 3199 est
843 3187 858 3212 ,
887 3144 1035 3216 quod
1066 3146 1194 3202 dum
1220 3145 1459 3204 Joannes
1485 3149 1664 3207 adhuc
1691 3151 1909 3213 adoles-

310 3245 445 3287 cens
476 3234 925 3304 comprehensum
947 3235 1058 3305 jam
1090 3238 1375 3295 Dominum
1404 3241 1678 3311 sequitur,
1718 3251 1777 3299 et
1813 3258 1911 3313 per

315 3319 541 3393 pallium
580 3331 826 3393 tenetur,
866 3335 921 3381 et
946 3328 1135 3383 relicto
1165 3329 1328 3399 pallio
1359 3330 1538 3387 nudus
1579 3331 1780 3401 fugisse
1814 3332 1911 3389 de-

312 3413 570 3471 scribitur
593 3415 788 3489 (Marc.
818 3419 951 3489 xiv).
986 3417 1089 3474 Per
1109 3420 1492 3478 vestimentum
1519 3437 1753 3493 namque
1774 3424 1908 3479 ado-

2014 2682 2130 2755 Ego
2151 2682 2367 2754 quidem
2390 2698 2501 2738 non
2522 2696 2722 2749 meam,
2749 2681 2844 2737 sed
2863 2679 3006 2736 illius
3029 2679 3355 2736 sententiam
3382 2677 3607 2750 protuli,

2012 2777 2107 2846 qui
2152 2775 2301 2846 quod
2327 2775 2667 2832 decernendo
2696 2774 2935 2846 profert,
2981 2772 3230 2829 revocari
3268 2787 3375 2828 non
3405 2779 3607 2842 potest.

2013 2868 2135 2923 Non
2160 2881 2290 2936 ergo
2320 2868 2514 2938 parcit,
2542 2864 2697 2938 367
2745 2874 2802 2923 et
2847 2866 3181 2937 plenitudine
3209 2881 3318 2922 non
3338 2864 3610 2930 flectitur;

2018 2959 2115 3015 sed
2145 2960 2223 3015 eis
2250 2958 2341 3029 qui
2360 3000 2378 3026 ,
2417 2973 2520 3014 nec
2545 2973 2578 3012 a
2620 2958 2859 3027 peccatis
2890 2958 3004 3014 suis
3032 2957 3311 3024 desinere,
3343 2971 3449 3012 nec
3477 2972 3610 3027 pec-

2017 3060 2265 3107 catorum
2294 3057 2520 3120 possunt
2559 3063 2680 3119 qum
2725 3048 2955 3120 diligunt
2976 3047 3272 3120 pmnitere'
3314 3056 3372 3103 et
3390 3060 3612 3103 causam

1982 3188 1985 3191 .
2018 3142 2333 3212 subjiciens,
2364 3142 2441 3197 ait
2465 3159 2480 3193 ε

2090 3237 2270 3307 (Vers.
2319 3235 2435 3307 29.)
2476 3233 2662 3309 Neque
2690 3236 2829 3291 enim
2869 3234 3023 3291 homo
3064 3241 3178 3304 est,
3213 3242 3271 3289 ut
3294 3241 3421 3307 agat
3447 3233 3614 3305 pani-

2019 3338 2255 3385 tentiam.

2093 3417 2259 3485 Quasi
2285 3417 2467 3473 dicat:
2498 3415 2567 3471 Et
2594 3416 2793 3472 iterum
2814 3428 2934 3472 esse
2960 3413 3012 3469 ei
3032 3421 3141 3482 est,
3168 3412 3258 3470 cui
3284 3412 3617 3468 mutabilitas

313 3504 528 3563 lescens
550 3476 779 3579 capitur,
803 3476 1020 3580 quando
1043 3512 1110 3567 de
1130 3513 1287 3568 bona:
1305 3476 1734 3572 conversationis
1757 3517 1913 3573 initio
1930 3476 1989 3540 ε
2023 3511 2174 3567 nulla
2221 3518 2322 3566 est.
2373 3510 2563 3565 Potest
2590 3509 2756 3565 etiam
2787 3507 3196 3578 triumphatoris
3238 3506 3458 3563 nomine
3484 3506 3615 3561 sub-

316 3597 694 3666 collaudatur;
720 3600 815 3655 sed
844 3601 1033 3656 relicta
1054 3602 1281 3659 sindone
1306 3605 1482 3659 nudus
1527 3606 1791 3677 profugit,
1822 3607 1915 3676 qui

315 3690 509 3747 laudes
537 3704 670 3759 quas
698 3690 852 3747 audit
872 3692 1169 3763 vilipeudit.
1202 3694 1416 3750 Nudum
1447 3711 1682 3766 namque
1705 3697 1914 3768 fugere,

316 3793 402 3839 est
429 3781 757 3838 laudabilem
779 3784 943 3839 vitam
972 3785 1190 3845 habere.
1220 3786 1316 3843 sed
1343 3787 1527 3843 electa:
1547 3790 1670 3845 vita:
1700 3790 1914 3847 laudem

318 3872 620 3942 despicere.
656 3872 820 3941 Quasi
848 3876 990 3933 enim
1018 3877 1189 3933 nudus
1211 3878 1365 3947 fugit,
1388 3881 1477 3949 qui
1502 3881 1568 3936 de
1591 3892 1784 3938 ornatu
1807 3886 1917 3940 vir-

318 3976 494 4023 tutum
526 3966 624 4023 sibi
654 3985 751 4039 per
779 3985 972 4025 vanam
1010 3970 1233 4041 gloriam
1268 3973 1401 4027 nihil
1430 3974 1671 4032 ascribit.
1728 3962 1917 4034 Potest

324 4059 491 4114 etiam
535 4059 733 4115 idcirco
780 4062 956 4119 nudus
1000 4063 1201 4131 lugisse
1248 4065 1492 4134 intelligi,
1539 4068 1664 4136 quia
1695 4050 1787 4139 qui
1818 4087 1917 4141 per

323 4159 508 4222 partes
536 4153 773 4209 sindonis
802 4164 994 4225 captus
1020 4156 1303 4224 asseritur,
1324 4158 1607 4227 reliquisse
1633 4160 1916 4217 sindonem

321 4250 670 4322 perhibetur;
692 4252 816 4321 quia
840 4253 1155 4324 plerumque
1182 4254 1234 4307 in
1259 4254 1556 4310 electorum
1585 4257 1916 4315 conscientia

322 4343 519 4410 agitur,
546 4350 623 4406 ut,
647 4358 743 4412 per
769 4343 872 4398 hoc
896 4344 1039 4412 quod
1063 4359 1132 4398 ex
1154 4352 1306 4414 parte
1330 4345 1637 4411 laudantur,
1662 4364 1768 4403 non
1792 4364 1917 4418 pars

322 4432 662 4500 meritorum,
694 4434 789 4488 sed
816 4449 977 4490 omne
998 4434 1155 4490 bona:
1184 4436 1307 4490 vita:
1336 4438 1587 4492 meritum
1618 4440 1916 4509 perdidisse

323 4524 689 4596 suspicentur.
742 4525 1006 4582 Samuelis
1053 4541 1182 4597 ergo
1212 4528 1433 4599 pallium
1474 4532 1755 4599 scinditur,
1787 4534 1916 4604 quia

324 4616 514 4673 laudes
534 4634 658 4674 suas
675 4618 831 4673 electi
848 4617 1099 4676 doctores
1124 4620 1479 4691 vilipendunt.
1506 4622 1574 4679 Et
1593 4627 1721 4696 quia
1742 4627 1917 4683 laudi-

325 4706 427 4762 bus
460 4723 566 4763 non
596 4704 906 4777 ﬂectuntur,
931 4710 1272 4768 severitatem
1302 4714 1499 4783 prioris
1523 4720 1806 4774 sententiae
1832 4734 1920 4776 re-

326 4800 513 4869 plicat,
543 4801 728 4857 dicens
753 4820 767 4857 :

399 4889 579 4962 (Vers.
604 4890 718 4964 28.)
743 4891 948 4948 Scindit
974 4893 1226 4951 Dominus
1252 4914 1465 4969 regnum
1492 4897 1664 4957 Israel
1683 4902 1748 4956 de
1761 4917 1919 4959 manu

328 4990 421 5037 tua
449 4984 620 5040 hodie.

407 5075 496 5128 51.
524 5074 750 5133 Perfecli
771 5080 972 5136 etenim
993 5080 1114 5148 viri,
1141 5082 1266 5151 quia
1288 5097 1319 5136 a
1336 5082 1514 5152 rigore
1533 5083 1759 5153 iustitiae
1781 5086 1927 5143 nulla

327 5164 492 5223 laude
530 5162 881 5235 mollescunt,
914 5171 1049 5227 tales
1073 5181 1199 5228 ante
1226 5174 1414 5244 quales
1454 5184 1574 5245 post
1611 5177 1784 5233 laudis
1811 5194 1925 5234 suae

328 5257 701 5314 nstiinonium
724 5270 866 5329 sunt,
891 5272 946 5319 et
972 5279 1094 5334 quae
1115 5264 1264 5335 prius
1289 5265 1559 5333 dixerant,
1584 5268 1774 5323 eadem
1798 5279 1927 5340 post

330 5349 631 5420 repetendo
661 5352 1001 5409 confirmant.
1034 5354 1141 5410 Sed
1166 5358 1515 5427 quaerendum
1546 5369 1656 5427 est,
1687 5361 1817 5431 quid
1846 5362 1923 5418 si-

330 5440 555 5512 gniticet
583 5442 705 5510 hoc,
735 5442 879 5512 quod
910 5444 1138 5502 dicitur:
1172 5448 1364 5505 Hodie.
1404 5451 1461 5506 Si
1488 5453 1630 5507 enim
1662 5456 1923 5525 reprobo-

331 5549 457 5590 rum
483 5532 589 5587 vita
618 5550 726 5589 nox
755 5543 872 5603 est,
900 5537 1030 5607 quid
1059 5547 1141 5593 cst
1165 5541 1307 5609 quod
1336 5542 1389 5597 in
1425 5543 1512 5598 die
1539 5544 1667 5599 Saul
1695 5561 1924 5615 regnum

334 5624 641 5687 scinditur?
689 5629 795 5685 Sed
821 5632 866 5689 si
896 5648 1005 5688 nox
1031 5641 1114 5688 est
1135 5633 1243 5689 vita
1270 5638 1506 5705 pastoris
1536 5640 1770 5710 reprobi,
1800 5656 1927 5696 cum

337 5718 461 5790 ejus
491 5736 714 5791 regnum
748 5722 1039 5791 scinditur,
1070 5724 1209 5780 diem
1239 5726 1384 5781 facit.
1434 5728 1557 5784 Dies
1597 5731 1797 5803 quippe
1822 5748 1933 5788 non

340 5810 431 5877 lit,
465 5813 563 5869 nisi
595 5830 716 5869 cum
745 5832 853 5872 nox
874 5815 1098 5872 recedit.
1132 5816 1269 5873 Dicit
1297 5832 1455 5887 ergo,
1480 5818 1673 5887 Ilodie,
1703 5823 1828 5891 quia
1849 5839 1936 5879 ca-

340 5901 454 5973 ligo
485 5903 845 5965 inobedientis
878 5907 1121 5965 damnari
1168 5907 1503 5981 perhibetur.
1562 5910 1715 5968 Unde
1741 5922 1797 5969 et
1836 5930 1933 5971 ex-

2021 3603 2200 3660 stituti
2248 3603 2390 3674 regis
2427 3601 2692 3674 perfectio
2742 3600 3035 3671 designari,
3084 3599 3179 3670 qui
3225 3607 3280 3655 et
3320 3598 3617 3654 multorum

2025 3695 2424 3765 triumphorum
2462 3695 2691 3763 gloriam
2721 3694 3006 3750 habiturus
3031 3701 3177 3759 erat,
3220 3700 3276 3749 et
3303 3700 3493 3749 contra
3520 3708 3619 3748 vo-

2023 3787 2286 3842 luntatem
2309 3784 2617 3841 Conditoris
2636 3800 2861 3856 parcere
2879 3785 3041 3841 alicui
3066 3801 3177 3841 non
3195 3787 3441 3841 auderet.
3468 3786 3621 3842 Unde

2023 3888 2079 3933 et
2119 3879 2170 3932 in
2199 3878 2305 3934 hoc
2334 3879 2450 3949 ipso
2480 3879 2670 3934 eodem
2700 3878 2864 3947 libro,
2892 3878 2960 3935 de
2987 3894 3054 3935 eo
3082 3880 3343 3951 scriptum
3370 3888 3454 3935 est
3479 3897 3493 3933 :
3547 3878 3621 3934 Et

2020 3972 2337 4040 percutiebat
2377 3972 2548 4027 Dauid
2574 3989 2778 4027 omnem
2807 3982 3030 4042 terram,
3057 3989 3151 4027 nec
3191 3974 3511 4041 relinquebat
3538 3974 3617 4028 si-

2020 4066 2423 4133 sentemvirum,
2453 4074 2503 4119 et
2533 4067 2801 4121 mulierem
2841 4066 2893 4123 (1
2928 4065 3061 4137 Reg.
3095 4080 3275 4130 xxvn,
3309 4068 3390 4135 9).
3440 4066 3518 4121 De
3547 4080 3616 4122 eo

2021 4158 2185 4214 etiam
2215 4158 2450 4213 dicitur:
2492 4156 2676 4229 Neque
2716 4160 2855 4213 enim
2886 4160 3039 4213 homo
3064 4166 3173 4226 est,
3200 4166 3257 4211 ut
3288 4166 3412 4228 agat
3448 4160 3617 4228 paeni-

2024 4251 2256 4305 tentiam.
2306 4249 2449 4317 Quid
2480 4250 2624 4305 enim
2654 4250 2760 4304 hoc
2788 4249 2910 4303 loco
2936 4248 3099 4304 homo
3118 4287 3134 4315 ,
3182 4250 3282 4304 nisi
3309 4250 3619 4309 carnalibus

2022 4343 2366 4415 passionibus
2394 4342 2638 4397 subditus
2666 4342 3009 4413 designatur?
3040 4343 3201 4411 Quasi
3229 4344 3404 4401 adhuc
3429 4360 3619 4416 super-

2024 4434 2152 4489 bum
2174 4434 2443 4502 mordeat,
2465 4433 2649 4488 dicens
2672 4452 2687 4487 :
2712 4432 2789 4489 Te
2810 4435 2973 4490 modo
2996 4444 3337 4505 peccatbrsm
3368 4436 3618 4507 paenitet,

2025 4542 2151 4584 cum
2178 4526 2416 4581 audacias
2446 4532 2548 4580 tua:
2575 4526 2902 4582 sententiam
2930 4528 3193 4597 percipis;
3215 4528 3310 4583 sed
3333 4528 3421 4584 ille
3447 4528 3619 4598 pinni-

2024 4619 2253 4674 tentiam
2279 4632 2388 4673 non
2416 4624 2561 4686 aget,
2589 4617 2702 4687 qui,
2733 4626 2792 4673 ut
2836 4619 3001 4675 homo
3037 4628 3096 4676 et
3127 4620 3527 4686 iiiobedieatiae,
3562 4627 3620 4676 et

2026 4710 2226 4766 tumori
2273 4724 2384 4764 non
2411 4708 2675 4779 subjacet.
2716 4709 2788 4765 Et
2815 4711 2906 4767 ille
2924 4712 3099 4769 adhuc
3116 4713 3172 4767 in
3192 4730 3290 4771 ore
3328 4729 3428 4769 suo
3446 4710 3617 4768 (ποηῶ

2024 4812 2192 4870 tetur,
2222 4804 2448 4860 dicens:

2102 4896 2282 4967 (Vere.
2313 4896 2431 4965 50.)
2470 4895 2709 4956 Peccavi.

2100 4987 2272 5058 ipsius
2300 4996 2480 5043 autem
2501 4988 2855 5045 confessionis
2877 4988 3193 5059 qualitatem
3216 4988 3470 5055 ostendit,
3493 4992 3619 5062 quin

2031 5078 2326 5149 subiunxit,
2357 5079 2541 5135 dicens
2564 5099 2575 5132 :

2108 5172 2285 5243 (Vers.
2316 5171 2430 5242 50.)
2472 5171 2578 5227 Sed
2611 5189 2747 5226 nunc
2786 5172 2985 5228 honora
3008 5188 3090 5227 me
3116 5190 3293 5229 coram
3334 5174 3622 5232 senioribus

2032 5265 2210 5336 populi
2238 5264 2361 5333 mei,
2388 5274 2438 5319 et
2469 5282 2644 5319 coram
2674 5263 2861 5319 Israel.

2107 5358 2195 5412 55.
2238 5356 2460 5427 Liquet,
2490 5374 2649 5429 quam
2682 5358 3066 5428 plenitudinem
3093 5367 3276 5427 gerat,
3321 5359 3414 5429 qui
3443 5360 3622 5419 adhuc

2034 5450 2291 5504 honorari
2313 5449 2600 5505 desiderat.
2628 5450 2761 5504 Nam
2783 5451 2826 5504 si
2850 5452 2930 5506 sui
2958 5452 3166 5521 peccati
3188 5453 3333 5509 hunc
3352 5456 3620 5511 veraciter

2035 5542 2352 5613 paeniteret,
2384 5544 2697 5599 inhonorari
2725 5545 2907 5615 potius
2938 5560 3101 5614 quam
3130 5548 3387 5603 honorari
3416 5564 3621 5606 concu4

2035 5636 2277 5705 pivisset.
2324 5635 2594 5690 Admirari
2623 5636 2783 5704 igitur
2812 5637 2941 5693 libet
2983 5638 3212 5708 projecti
3250 5642 3429 5697 cordis
3471 5644 3620 5699 duri.-

2037 5727 2186 5783 tiam.
2240 5726 2311 5782 Ut
2352 5728 2434 5781 vir
2478 5727 2575 5782 Dei
2603 5729 2915 5784 mandatum
2958 5730 3266 5789 Conditoris
3294 5750 3619 5805 exsequens,

2035 5810 2203 5875 dicit:
2239 5819 2473 5891 Projecit
2503 5830 2550 5876 te
2576 5820 2830 5879 Dominus
2850 5864 2867 5891 ,
2898 5844 2962 5880 ne
2988 5827 3058 5881 sis
3082 5844 3207 5883 rex:
3238 5840 3460 5884 econtra
3489 5846 3619 5886 vero
3704 5818 3710 5823 ’

2035 5913 2126 5984 qui
2167 5913 2485 5983 abjectionis
2524 5916 2844 5973 sententiam
2889 5920 3146 5991 suscipit,
3184 5936 3284 5991 per
3321 5922 3619 5991 appetitum
