4052 6338
485 394 593 457 459

1661 375 1908 436 SANC'I'I
1944 369 2271 434 GREGORII
2309 369 2524 432 MAGNI

3653 369 3761 428 640

481 488 750 571 elationis,
782 502 1017 559 honores
1044 497 1261 570 quierit.
1286 494 1426 565 Quid
1451 501 1537 553 est
1556 506 1709 565 ergo,
1736 493 1882 564 quod
1904 492 2062 547 dicit:
2098 489 2149 552 Α
2171 484 2329 557 rique
2356 484 2576 541 illorum
2601 482 2732 541 dum
2761 482 3162 557 quodammodo
3190 479 3261 538 ad
3290 494 3388 539 eor
3421 479 3677 550 redeunt,
3705 498 3764 541 se

484 596 741 653 Peccavi?
784 592 1194 649 Confessionem
1235 589 1454 661 quidem
1489 586 1702 658 peccati
1740 602 1849 643 non
1890 587 2067 642 honor

482 698 575 743 aut
613 686 815 757 gloria,
847 684 941 740 sed
971 684 1173 737 utilitas
1203 690 1259 737 et
1301 687 1644 750 contemptus
1687 678 1839 748 sequi
1885 678 2064 733 debet.

482 776 624 846 Quid
654 778 797 833 enim
826 775 1051 848 prodest
1080 774 1328 829 conﬁteri
1371 771 1565 841 ﬂagitia
1584 814 1599 840 ,
1642 772 1688 826 si
1717 770 2071 826 confessionis

480 886 671 927 vocem
701 885 809 924 non
830 868 1072 937 sequitur
1092 864 1313 921 afﬂictio
1337 864 1701 935 ptenitentize?
1725 860 1849 916 Tria
1872 861 2073 932 quippe

480 962 535 1017 in
562 974 892 1030 unoquoque
912 956 1303 1013 consideranda
1324 964 1448 1011 sunt
1468 955 1735 1009 veraciter
1753 953 2070 1023 ptenitente,

481 1054 772 1119 videlicet,
805 1052 1093 1107 conversio
1121 1049 1352 1117 mentis,
1383 1046 1653 1103 confessio
1693 1046 1803 1102 oris
1823 1085 1839 1112 ,
1868 1054 1925 1100 et
1952 1046 2075 1100 vin-

477 1144 625 1201 dicta
659 1144 891 1214 peccati.
922 1142 1076 1209 Nam,
1108 1141 1197 1211 qui
1226 1141 1389 1201 corde
1420 1157 1530 1197 non
1561 1139 1913 1206 convertitur,
1946 1138 2078 1209 quid

483 1236 711 1307 prodest
755 1236 845 1303 ei,
873 1236 919 1290 si
950 1242 1173 1305 peccata
1205 1234 1564 1291 conﬁteatur?
1612 1234 1900 1290 Peccatum
1930 1232 2077 1303 quod

479 1326 723 1398 diligitur
754 1328 1058 1383 confitendo
1080 1326 1300 1381 minime
1323 1326 1551 1381 deletur.
1584 1325 1833 1382 Nonnulli
1861 1326 2076 1396 quidem

485 1423 614 1473 sunt
654 1418 745 1487 qui
770 1426 987 1489 peccata
1016 1416 1328 1473 conﬁtendo
1355 1418 1634 1487 aperiunt,
1666 1418 1759 1473 sed
1804 1433 1913 1472 non
1942 1433 2071 1474 con-

484 1512 769 1578 vertendo,
802 1525 1140 1582 nequaquam
1167 1511 1528 1567 detestantur.
1579 1511 1644 1565 lli
1674 1510 1919 1582 profecto
1943 1527 2077 1568 con-

487 1600 689 1657 fitendo
738 1602 870 1657 nihil
920 1610 1106 1671 agunt,
1148 1604 1276 1671 quia
1319 1604 1464 1674 quod
1511 1604 1782 1673 loquendo
1830 1604 2074 1673 ejiciunt,

488 1691 719 1747 amando
742 1692 1112 1748 introducunt.
1146 1692 1300 1749 Unde
1323 1702 1378 1749 et
1403 1694 1691 1750 salubriter
1712 1694 1957 1750 conﬁteri
1986 1710 2079 1749 vo-

2173 591 2386 633 errasse
2407 575 2757 632 conﬁtentur.
2808 576 2910 644 Qui
2945 584 3128 632 tamen
3155 576 3234 632 sic
3262 575 3455 631 volunt
3482 584 3674 632 contra
3704 592 3763 635 se

2174 678 2397 740 peccata
2427 667 2690 739 proferre,
2724 676 2785 723 ut
2810 669 2978 724 velint
2998 668 3173 725 adhuc
3203 668 3273 725 de
3300 667 3481 724 officio
3503 670 3647 725 sacri
3677 685 3763 724 or-

2176 759 2315 815 dinis
2357 760 2647 826 honorari;
2691 768 2876 831 turpes
2906 761 2960 815 in
2989 768 3203 816 secreto
3241 776 3302 817 se
3330 761 3644 831 proferunt,
3674 763 3766 817 sed

2178 850 2309 907 foris
2337 861 2534 921 prteter
2561 852 2767 908 ordinis
2796 852 3167 909 celsitudinem
3198 853 3371 909 videri
3399 854 3633 911 humiles
3655 870 3769 910 eru-

2178 942 2425 999 bescunt.
2460 942 2599 1010 Quid
2622 958 2751 1014 ergo
2780 945 2869 1000 isti
2894 945 2997 1001 nisi
3023 944 3266 1014 abjectos
3290 960 3351 1000 se
3378 944 3583 1012 vident,
3607 955 3665 1000 et
3694 954 3771 999 ta-

2177 1057 2303 1098 men
2323 1042 2462 1098 velle
2483 1043 2741 1098 honorari
2759 1044 3000 1100 audent?
3021 1043 3177 1115 Sche
3198 1052 3377 1099 autem
3400 1060 3509 1099 non
3532 1059 3565 1099 a
3585 1045 3771 1115 seipsis

2178 1134 2433 1201 veniunt,
2463 1134 2557 1188 sed
2586 1134 2738 1189 inviti
2773 1136 3095 1207 capiuntur;
3126 1135 3446 1205 abjectionis
3484 1152 3595 1192 suae
3620 1152 3771 1192 man-

2178 1227 2304 1283 data
2344 1228 2667 1299 percipiunt,
2718 1237 2773 1283 et
2800 1236 2983 1284 tamen
3030 1238 3258 1300 rogant,
3310 1238 3370 1285 ut
3416 1229 3773 1284 honorentur.

2180 1319 2381 1375 Volunt
2409 1321 2608 1391 quippe
2638 1320 2910 1375 immunda
2942 1335 3127 1392 agere,
3156 1321 3252 1378 sed
3277 1320 3479 1376 audent
3502 1321 3674 1376 sacris
3702 1322 3777 1375 al—

2175 1412 2382 1469 taribus
2410 1412 2692 1469 inhzerere.
2723 1412 2866 1468 Ecce
2888 1422 3021 1483 quot
3052 1413 3243 1470 Saules
3275 1413 3626 1480 attendimus,
3648 1422 3778 1482 quot

2176 1514 2336 1569 reges
2364 1501 2543 1571 lapsos
2574 1518 2604 1557 a
2634 1511 2835 1559 sancte
2867 1501 3125 1559 Ecclesiae
3160 1503 3396 1559 culmine
3426 1503 3769 1573 contempla-

2178 1607 2320 1647 mur.
2367 1592 2607 1659 Quorum
2636 1593 2883 1663 profecto
2912 1594 3137 1664 singulis
3164 1594 3454 1650 dicendum
3486 1604 3571 1649 est
3598 1612 3611 1647 :
3662 1596 3781 1665 quia

2181 1687 2447 1757 puojeciati
2477 1702 2767 1741 sermonem
2796 1686 3033 1753 Domini,
3064 1690 3281 1759 projecit
3311 1695 3361 1742 te
3391 1687 3681 1753 Dominus,
3720 1704 3782 1741 ne

484 1782 723 1839 lentibus
747 1784 1030 1856 Scriptura
1060 1785 1325 1851 insinuat,
1368 1786 1555 1841 dicens
1580 1804 1593 1840 :
1643 1784 1809 1840 Corde
1849 1786 2077 1840 creditur
2108 1806 2157 1866 Β
2183 1778 2255 1832 δίε
2276 1794 2369 1831 ηπ
2392 1794 2410 1831 -'
2440 1786 2500 1833 ιιι
2527 1778 2882 1834 ministerium
2912 1780 3135 1835 caeleste
3160 1795 3269 1835 non
3298 1787 3483 1849 agant,
3512 1794 3656 1849 Quos
3678 1788 3783 1834 ter-

484 1876 559 1929 ud
575 1876 857 1947 justitiam,
886 1894 976 1932 ore
995 1887 1166 1931 autem
1186 1878 1444 1949 confessio
1464 1879 1525 1947 fit
1554 1879 1622 1931 ad
1649 1878 1866 1932 salutem
1894 1877 2075 1948 (Rom.

484 1977 542 2032 ι,
576 1965 689 2036 10).
721 1966 859 2033 Quid
890 1974 974 2023 est
999 1967 1164 2023 corde
1190 1968 1413 2023 credere
1440 1968 1505 2023 ad
1526 1967 1813 2037 justitiam,
1844 1968 1946 2023 nisi
1976 1983 2076 2023 vo-

483 2056 750 2113 luntatem
781 2059 1013 2129 dirigere
1040 2060 1108 2114 ad
1136 2059 1319 2125 fidem,
1351 2075 1449 2131 per
1472 2060 1817 2116 dilectionem
1846 2074 2049 2131 operan

484 2152 636 2205 tem?
664 2149 797 2205 Cum
824 2165 955 2220 ergo
976 2152 1095 2221 quis
1124 2150 1304 2207 cordis
1334 2152 1687 2208 intentionem
1716 2152 1787 2207 ad
1812 2152 2074 2223 justitiam

485 2256 587 2313 per
615 2258 854 2299 amorem
901 2244 1111 2315 dirigit,
1158 2260 1255 2315 per
1293 2246 1504 2301 initium
1550 2248 1707 2301 bona:
1736 2246 2070 2312 voluntatis,

484 2335 722 2389 fructum
751 2335 913 2390 habet
938 2336 1093 2391 home
1117 2338 1513 2393 conversionis.
1564 2335 1665 2394 Hic
1693 2344 1843 2398 certe
1867 2336 1980 2406 jam
2008 2336 2078 2391 ad

485 2426 718 2482 salutem
765 2425 1075 2493 conﬁtetur,
1120 2428 1245 2497 quia
1295 2429 1415 2498 plus
1464 2428 1736 2497 loquendo
1765 2427 1833 2483 de
1858 2428 2084 2482 vulnere

485 2520 824 2590 ejicit-quam
852 2521 1212 2577 conversione
1237 2522 1572 2592 compunxit.
1603 2520 1786 2575 Tertia
1808 2535 1937 2590 ergo
1958 2537 2083 2592 spe-

486 2611 620 2677 cies,
652 2612 702 2667 id
734 2620 817 2668 est
846 2611 1106 2679 vindicta,
1148 2614 1301 2683 quasi
1332 2613 1598 2668 medicina
1628 2613 1935 2668 necessaria
1964 2619 2081 2679 cst;

486 2709 549 2757 ut
576 2710 856 2772 apostema
884 2711 1089 2771 reatus,
1120 2703 1269 2773 quod
1297 2705 1656 2759 conversione
1679 2705 2078 2775 compungitur,

485 2789 799 2848 conﬁtendo
841 2801 1129 2862 purgetur,
1174 2792 1590 2863 afﬂictionisque
1618 2793 1887 2849 medicina
1917 2808 2080 2849 sane-

487 2890 599 2937 tur.
629 2881 773 2955 Ergo
794 2884 887 2955 qui
915 2884 1079 2940 corde
1107 2884 1178 2938 ad
1199 2884 1465 2955 justitiam
1496 2899 1605 2939 non
1634 2884 1835 2952 credit,
1863 2884 2081 2941 confes-

485 2973 701 3035 Ifmnem
730 2977 798 3030 ad
824 2978 1054 3032 salutem
1080 2992 1421 3046 nequaquam
1440 2976 1589 3040 facit,
1613 2977 1738 3045 quia
1759 2976 1905 3031 velut
1927 2977 2084 3033 make

492 3065 704 3121 arboris
750 3065 879 3119 folia
925 3066 1181 3132 ostendit,
1232 3067 1384 3137 cujus
1424 3068 1563 3121 altas
1605 3067 1816 3123 radices
1861 3065 1975 3135 ﬁgit
2027 3069 2084 3124 in

493 3154 680 3211 corde.
711 3140 932 3224 Signum
965 3169 1093 3226 ergo
1113 3171 1255 3211 verte
1276 3156 1630 3212 confessionis
1658 3171 1766 3212 non
1790 3164 1872 3212 est
1896 3157 1951 3211 in
1974 3158 2086 3213 oris

2183 1883 2316 1925 rena
2341 1868 2543 1939 ﬂagitia
2573 1870 2865 1939 inquinare
2895 1887 3004 1925 non
3026 1878 3263 1927 cessant.
3287 1870 3391 1927 Sed
3414 1872 3519 1926 hoc
3541 1871 3784 1941 profecto

2193 1958 2367 2015 iicere
2414 1974 2723 2030 possumus,
2771 1959 2993 2015 lubricis
3021 1967 3203 2015 tamen
3251 1959 3514 2015 ministris
3558 1960 3785 2015 suadere

2185 2068 2296 2108 non
2324 2067 2633 2124 possumus.
2687 2052 2823 2108 Nam
2853 2052 2985 2108 Saul
3013 2060 3071 2108 et
3106 2052 3378 2122 abjectum
3407 2067 3469 2107 sc
3494 2051 3707 2107 audivit
3735 2058 3788 2107 et

2184 2140 2472 2215 regnavit;
2520 2149 2649 2217 quia
2690 2146 2956 2201 immundi
2995 2146 3310 2202 sacerdotes
3355 2160 3416 2201 se
3457 2145 3787 2201 sacerdotali

2182 2237 2419 2295 culmine
2446 2238 2688 2308 dejectos
2716 2255 2816 2310 per
2848 2240 3074 2295 luxurie
3111 2238 3519 2309 inquinamenta
3544 2252 3785 2307 cognos-

2186 2338 2349 2398 cunt;
2378 2339 2433 2386 et
2457 2340 2638 2388 tamen
2660 2340 2847 2389 contra
2867 2333 2965 2389 Dei
2990 2333 3321 2388 voluntatem
3338 2332 3503 2388 sacra
3526 2332 3787 2404 mysteria

2187 2432 2423 2479 tractare
2451 2439 2558 2480 non
2589 2424 2862 2481 desinunt.
2893 2426 2997 2481 Sed
3021 2439 3117 2480 rex
3143 2431 3333 2481 contra
3357 2423 3578 2479 Domini
3602 2422 3789 2479 volun-

2188 2522 2357 2571 tatem
2384 2531 2647 2587 regnans,
2678 2534 2787 2573 non
2814 2528 2899 2575 est
2926 2534 3051 2584 rex,
3084 2518 3179 2573 sed
3211 2529 3472 2591 tyrannus
3501 2516 3637 2584 fuit;
3669 2518 3791 2589 quia

2188 2606 2446 2663 sacerdos
2472 2609 2744 2678 indignus,
2768 2611 2860 2680 qui
2886 2610 3081 2665 merito
3103 2626 3214 2665 sum
3243 2610 3640 2679 inquinationis
3663 2610 3792 2677 abji~

2188 2697 2349 2762 citur,
2396 2714 2519 2754 cum
2566 2700 2875 2755 ministrare
2925 2702 3225 2770 prxcsumit,
3276 2701 3343 2755 ad
3393 2709 3561 2755 tantae
3608 2702 3792 2770 gloria

2187 2790 2400 2845 culmen
2432 2798 2457 2827 ι
2485 2790 2819 2847 damnandus
2841 2792 3102 2847 ascendit.
3130 2790 3286 2848 Unde
3314 2799 3371 2847 et
3391 2799 3664 2863 tyrannos
3688 2802 3790 2847 ter-

2186 2895 2310 2936 rere
2338 2882 2527 2937 volens
2555 2882 2677 2939 eteli
2709 2884 2800 2939 ille
2821 2898 3045 2955 magnus
3073 2893 3292 2941 senator
3323 2902 3337 2939 :
3374 2882 3478 2947 Qui
3505 2885 3791 2941 manducet

2189 2987 2410 3042 panem,
2454 2972 2663 3043 inquiti,
2696 2982 2745 3028 et
2774 2972 2899 3028 bibit
2940 2975 3247 3045 sanguinem
3296 2972 3510 3028 Domini
3559 2975 3788 3046 indigne,

2185 3062 2442 3133 judicium
2470 3063 2568 3117 sibi
2591 3065 2899 3131 manducat,
2924 3073 2973 3118 et
3004 3064 3130 3117 bibit
3160 3062 3215 3135 (Ι
3244 3063 3365 3120 Cor.
3392 3081 3468 3129 χι,
3500 3064 3620 3136 27).
3676 3064 3790 3120 Pico

2189 3170 2423 3225 rumque
2451 3164 2632 3211 autem
2663 3157 2885 3212 instanti
2908 3158 3252 3215 confessione
3280 3160 3485 3229 agitur,
3518 3170 3581 3216 ut
3616 3160 3789 3217 conﬁo

494 3245 867 3314 confessione,
918 3248 1016 3303 sed
1063 3248 1116 3302 in
1171 3246 1463 3304 afﬂictione
1518 3249 1873 3319 ptenitentite.
1934 3244 2085 3305 Tunc
2116 3286 2167 3319 μ
2192 3248 2428 3303 tentibus
2457 3249 2525 3303 de
2554 3249 2734 3304 cordis
2764 3249 2925 3304 etiam
2953 3252 3313 3307 conversione
3343 3252 3624 3309 credatur.
3677 3254 3788 3309 Ali-

491 3352 728 3409 namque
757 3340 898 3395 bene
923 3354 1243 3397 conversum
1271 3348 1613 3413 peccatorem
1642 3342 1937 3408 cernimus,
1962 3357 2086 3398 cum
2118 3338 2163 3356 “
2192 3339 2410 3408 quando
2448 3340 2807 3409 reproborum
2836 3338 3027 3396 falsam
3058 3341 3422 3398 humilitatem
3453 3344 3617 3399 electi
3655 3360 3789 3417 prte-

491 3430 654 3501 digna
682 3431 990 3489 afﬂictionis
1023 3433 1342 3490 austeritate
1366 3434 1552 3489 delere
1577 3434 1768 3489 nititur
1785 3476 1800 3503 ,
1833 3434 1978 3505 quod
2008 3434 2089 3489 lo-
2194 3430 2463 3487 dicatores
2482 3432 2774 3503 accipiunt,
2800 3440 2860 3488 ut
2879 3434 3128 3505 exemplo
3150 3450 3340 3491 eorum
3357 3435 3448 3491 alii
3471 3436 3539 3491 ad
3562 3437 3788 3493 salutem

488 3523 705 3593 qucudo
727 3523 1036 3581 cbnﬁtetur.
1066 3524 1215 3581 Unde
1234 3523 1470 3582 Joannes
1492 3526 1737 3597 Baptista
1760 3528 1923 3598 368
1946 3526 2088 3583 male
2194 3525 2582 3596 perducantur.
2634 3524 2752 3581 Duo
2799 3526 3000 3597 quippe
3030 3526 3083 3581 in
3129 3527 3427 3599 hypocritis
3466 3537 3785 3599 agnoscunt,

490 3630 785 3675 conversos
810 3615 1025 3673 Judmos
1055 3617 1124 3671 ad
1152 3632 1212 3673 se
1248 3618 1584 3673 conﬂuentes
1613 3620 1932 3688 increpans,
1966 3618 2081 3672 ait:
2193 3632 2361 3671 unum
2389 3616 2557 3685 intus,
2589 3617 2817 3672 alterum
2847 3618 3000 3674 foris.
3034 3617 3184 3673 Intus
3211 3618 3427 3688 quidem
3455 3634 3653 3690 purum
3679 3636 3790 3677 ma-

485 3705 1123 3778 ﬂenimiaaciperarum,
1156 3710 1269 3777 quis
1291 3710 1517 3764 ostendit
1545 3710 1685 3764 vobis
1716 3712 1895 3780 fugere
1915 3727 1946 3763 a
1966 3726 2089 3764 ven-
2193 3708 2329 3777 lum,
2359 3710 2489 3765 foris
2511 3711 2711 3766 bonum
2742 3710 3071 3768 simulatum.
3100 3710 3400 3783 Utrumque
3425 3712 3788 3783 detestantur,

495 3797 755 3850 tura-ira?
777 3795 963 3851 Facite
980 3814 1100 3869 ergo
1121 3798 1302 3869 dignas
1326 3802 1521 3869 fructus
1541 3801 1853 3869 paenitentiae
1871 3799 2087 3871 (Matth.

494 3902 582 3953 ιιι,
614 3884 692 3957 7).
723 3886 782 3942 In
810 3886 988 3943 fructu
1016 3902 1168 3958 ergo,
1199 3904 1309 3944 non
1348 3890 1403 3944 in
1434 3887 1575 3944 foliis
1604 3899 1698 3945 aut
1719 3891 1886 3945 ramis
1912 3891 2087 3961 paeni-

493 3978 664 4037 tentia
692 3978 1066 4049 cognoscenda
1095 3986 1197 4035 est.
1224 3978 1390 4045 Quasi
1419 3978 1582 4035 arbor
1602 3980 1801 4050 quippe
1820 3980 1962 4036 bona
1990 3997 2090 4038 vo-

415 4056 442 4084 "
491 4071 673 4129 luntas
705 4082 809 4130 est.
856 4071 1225 4131 Confessionis
1250 4088 1380 4143 ergo
1409 4073 1575 4129 verba
1600 4074 1729 4144 quid
1763 4082 1889 4131 sunt
1917 4075 2084 4144 aliud,

492 4166 598 4221 nisi
626 4165 792 4225 folia?
831 4166 950 4223 Non
989 4180 1119 4236 ergo
1157 4166 1315 4223 nobis
1352 4165 1482 4224 folia
1511 4176 1736 4239 pr0pter
1762 4168 1962 4240 seipsa,
1991 4169 2087 4225 sed

487 4269 716 4330 propter
739 4261 977 4317 fructum
997 4263 1305 4334 expetenda
1325 4270 1455 4319 sunt
1476 4280 1501 4331 ;-
1524 4264 1650 4333 quia
1680 4264 1883 4321 idcirco
1911 4265 2087 4321 omnis

487 4351 758 4406 confessio
773 4361 1119 4421 peccatorum
1139 4354 1423 4423 recipitur,
1441 4362 1499 4408 ut
1526 4354 1728 4410 fructus
1753 4355 2085 4426 paenitentiae

486 4441 871 4509 subsequatur.
903 4440 1059 4498 Unde
1094 4451 1153 4499 et
1181 4443 1441 4500 Dominus
1468 4445 1718 4501 arborem
1746 4446 1889 4502 foliis
1917 4447 2083 4505 deco-

486 4544 625 4596 ram,
659 4530 831 4586 fructu
861 4532 1104 4589 sterilem
1132 4534 1413 4590 maledixit
1434 4534 1627 4604 (Marc.
1654 4536 1768 4607 1|);
1794 4539 1922 4606 quia
1952 4555 2083 4594 con-

478 4620 740 4677 fessionis
767 4632 1019 4680 ornatum
1042 4640 1152 4681 non
1176 4627 1369 4697 recipit
1398 4627 1515 4683 sine
1544 4628 1719 4685 fructu
1749 4628 2079 4687 afﬂictionis.

2196 3801 2291 3857 sed
2311 3816 2454 3873 saepe
2479 3811 2801 3872 przetextum
2822 3803 2951 3858 boni
2985 3804 3037 3858 in
3066 3804 3147 3859 eis
3174 3804 3466 3872 simulant;
3496 3806 3575 3861 ut‘
3588 3808 3681 3879 qui
3704 3808 3789 3863 bo-

2194 3909 2324 3949 num
2342 3894 2473 3949 foris
2489 3905 2717 3951 cernunt
2739 3896 2943 3951 malum
2961 3896 3185 3952 interius
3208 3899 3479 3965 nesciunt,
3495 3899 3630 3956 boni
3646 3900 3789 3971 quod

2195 3986 2465 4057 aspiciunt
2494 3987 2741 4059 exempla
2772 3997 3087 4059 sequantur.
3120 3989 3266 4047 Bene
3289 4003 3420 4061 ergo
3442 3992 3787 4063 subjunctum

2193 4087 2277 4134 εει
2302 4095 2317 4135 ε

2268 4171 2444 4245 (Vers.
2468 4171 2584 4246 51.)
2616 4172 2869 4229 Reversus
2888 4191 3010 4247 ergo
3040 4176 3255 4231 Samuel
3274 4185 3477 4233 secutus
3506 4187 3587 4232 est
3623 4176 3778 4245 Sani,

2192 4274 2244 4318 et
2263 4264 2498 4320 adoravit
2520 4265 2653 4321 Saul
2681 4265 2981 4321 Dominum.

2262 4358 2350 4413 35.
2411 4358 2518 4417 Per
2568 4360 2770 4416 malum
2818 4361 3054 4432 quippe,
3099 4355 3251 4430 quod
3287 4361 3517 4417 interius
3557 4362 3781 4429 latebat,

2188 4453 2352 4525 369
2370 4453 2555 4508 audire
2578 4454 2778 4509 meruit
2804 4471 2817 4508 :
2847 4453 3077 4526 Projecit
3102 4463 3150 4508 te
3175 4454 3450 4523 Dominus,
3480 4470 3550 4509 ne
3577 4456 3650 4509 si:
3672 4471 3779 4509 rex.

2188 4543 2295 4597 Sed
2319 4551 2378 4597 ut
2401 4550 2665 4612 przetextu
2686 4542 2815 4599 boui
2842 4544 2909 4599 ad
2930 4544 3171 4614 ejusdem
3192 4544 3321 4601 boni
3346 4545 3635 4600 veritatem
3652 4545 3783 4599 alios

2187 4635 2459 4700 traheret,
2487 4633 2707 4690 Samuel
2740 4634 2869 4690 Saul
2899 4636 3054 4707 sequi
3076 4636 3283 4706 voluit,
3312 4644 3369 4691 et
3398 4652 3524 4692 eum
3556 4637 3785 4693 adorare

484 4711 619 4769 Saul
645 4728 797 4786 ergo,
824 4718 917 4787 qui
945 4718 1236 4775 conﬁtetur
1262 4729 1320 4776 et
1338 4721 1597 4778 honorari
1624 4724 1759 4791 vult,
1783 4741 1891 4781 non
1916 4725 2079 4794 aﬂligi
2108 4736 2162 4797 ι)
2186 4725 2473 4781 Dominum
2521 4727 2674 4782 vidit.
2719 4727 3058 4799 Quandoque
3102 4730 3267 4786 etiam
3294 4730 3437 4785 mala
3480 4746 3702 4802 regum,
3732 4738 3785 4785 et

486 4814 544 4860 et
566 4804 857 4876 humiliari,
879 4808 1007 4880 quid
1033 4810 1299 4882 designat,
1325 4812 1427 4868 nisi
1448 4828 1543 4868 eos
1569 4813 1661 4883 qui
1682 4814 2081 4871 confessionem

484 4896 729 4961 sterilem
756 4898 996 4967 habent,
1028 4910 1084 4957 et
1110 4905 1345 4959 fructum
1374 4919 1483 4958 non
1513 4904 1752 4972 habent;
1795 4907 1887 4976 qui
1913 4908 2078 4965 deco-

482 5003 602 5045 rem
647 4989 1005 5050 confessionis
1050 4996 1231 5052 verbis
1280 4998 1570 5053 humilibus
1615 4998 1928 5068 prteferunt,
1981 5002 2079 5058 sed

483 5083 773 5141 verborum
820 5086 1077 5153 virorem,
1122 5106 1233 5147 non
1259 5090 1567 5149 humilitate
1592 5094 1954 5164 paenitentia),
1985 5110 2074 5152 se-

476 5184 723 5243 ‘quuntur
743 5177 767 5231 Ἰ

553 5268 644 5324 54.
685 5268 793 5325 Sed
820 5271 950 5341 quid
977 5272 1231 5343 antiquos
1255 5273 1606 5342 attendimus,
1633 5292 1758 5332 cum
1784 5292 1928 5333 nunc
1955 5286 2076 5334 tan-

424 5394 429 5399 ι
480 5368 593 5416 tam
614 5362 887 5434 lapsorum
911 5378 1096 5433 regum
1124 5367 1523 5423 multitudinem
1545 5370 1861 5427 videamus?
1884 5373 2076 5429 Cater-

480 5454 648 5507 vatim
674 5469 909 5525 namque
933 5474 1075 5515 nunc
1111 5459 1163 5513 in
1192 5458 1392 5530 ﬂagitia
1423 5474 1713 5530 corruunt,
1756 5482 1865 5520 non
1896 5467 2069 5522 solum

479 5544 711 5612 subjecti
732 5547 971 5615 debiles,
1004 5551 1098 5604 sed
1127 5551 1291 5605 etiam
1320 5553 1530 5623 praelati
1560 5565 1615 5610 et
1641 5557 1953 5613 sacerdotes
1979 5573 2074 5614 ne-

481 5636 765 5705 giigentes.
796 5638 1030 5697 Lubrica
1054 5644 1332 5711 peccando
1360 5655 1546 5717 agunt,
1579 5648 1671 5717 qui
1698 5648 1889 5705 ordine
1907 5650 2072 5705 mini-

2183 4826 2343 4875 terra:
2388 4834 2707 4890 magnorum
2752 4822 3034 4878 toleranda
3082 4832 3240 4890 sunt,
3274 4838 3343 4881 ne
3377 4827 3689 4895 exasperati
3720 4822 3784 4878 ad

2182 4910 2368 4983 pejora
2397 4912 2723 4969 dilabantur.
2775 4914 2917 4971 Deos
2963 4915 3166 4986 quippe
3202 4916 3442 4985 gentium
3485 4916 3581 4971 ﬁlii
3620 4916 3784 4972 Israel

2180 5018 2326 5074 szepe
2352 5005 2657 5061 coluerunt.
2689 5004 2846 5062 Unde
2873 5015 2930 5062 et
2959 5007 3027 5063 de
3056 5008 3337 5065 conversis
3362 5024 3393 5063 a
3419 5008 3679 5064 Samuele
3704 5025 3788 5063 su~

2182 5098 2366 5169 perius
2393 5098 2597 5154 dictum
2623 5108 2707 5155 est
2749 5118 2761 5153 :
2798 5100 3132 5156 Abstulerunt
3169 5103 3267 5173 filii
3306 5101 3479 5156 Israel
3513 5104 3579 5157 de
3616 5104 3784 5157 medio

2186 5191 2269 5245 sui
2301 5189 2504 5245 Baaiim
2529 5202 2577 5246 ct
2603 5192 2851 5247 Astaroth
2878 5191 2931 5265 (I
2961 5193 3092 5265 Reg.
3118 5209 3221 5260 vtt,
3249 5192 3329 5265 4).
3381 5192 3451 5246 Et
3477 5193 3711 5248 fortasse
3740 5193 3782 5246 si
3841 5254 3847 5273 ρ

2188 5280 2431 5351 abjectus
2460 5298 2554 5337 rex
2586 5297 2772 5337 secum
2800 5284 2867 5337 ad
2894 5283 3230 5338 adorandum
3271 5284 3563 5338 Dominum
3590 5298 3779 5339 rever-
3842 5284 3847 5349 ξ

2180 5380 2385 5428 tentem
2402 5374 2721 5444 prophetam
2744 5390 2852 5431 non
2874 5383 3142 5440 cerneret,
3160 5375 3465 5431 daemonum
3492 5374 3780 5431 simulam
3842 5362 3849 5367 ’

2182 5466 2456 5521 adoraret.
2484 5467 2552 5521 Et
2574 5467 2792 5537 projicit
2819 5482 2947 5538 ergo
2976 5483 3120 5535 eum,
3145 5477 3201 5524 et
3222 5484 3346 5523 cum
3367 5484 3434 5524 eo
3457 5469 3776 5533 revertitur;

2184 5560 2309 5629 quia
2360 5560 2412 5615 in
2446 5560 2758 5631 potentibus
2789 5561 2947 5630 hujus
2992 5563 3172 5618 saeculi
3223 5564 3303 5617 sic
3344 5571 3427 5619 est
3467 5560 3773 5617 damnanda

2176 5652 2452 5722 iniquitas,
2478 5662 2539 5709 ut
2562 5654 2765 5710 bonum
2785 5655 2932 5725 quod
2958 5655 3159 5711 habent
3183 5652 3491 5724 exasperati
3523 5668 3634 5707 non
3658 5665 3771 5723 per-

482 5730 1011 5788 steriisaeramentis
1038 5736 1347 5794 coelestibus
1374 5739 1619 5812 deputati
1647 5751 1792 5800 sunt.
1826 5742 1933 5800 Sed
1956 5743 2073 5814 ple-
2173 5745 2324 5804 dant.
2374 5747 2530 5819 Saepe
2575 5748 2721 5811 enim
2762 5749 2892 5815 mali
2934 5757 3063 5815 sunt
3107 5750 3164 5807 in
3186 5746 3513 5823 occulto,et
3566 5745 3770 5801 bonum

556 5878 581 5907 α
617 5870 811 5943 Gjlot.,
838 5872 1114 5931 damnatus
1140 5878 1395 5945 ascendit.
