4052 6338
314 380 409 438 ιιι

1162 368 1229 426 ιΝ
1268 368 1537 428 PRIMUM
1576 369 1818 430 REGUM
1853 368 2370 432 EXPOSITIONES.
2410 403 2482 417 —
2516 374 2648 433 LIB.
2689 374 2758 433 ν.

3488 384 3598 445 με

313 488 458 565 quod
483 487 724 545 cernitur
745 483 838 542 alii
863 483 1112 542 devotius
1133 484 1432 541 imitantur.
1462 483 1601 540 Mala
1624 493 1772 542 certe
1797 500 1900 557 po-
1924 490 1971 549 Α
2000 485 2268 559 plerique,
2317 489 2444 545 dum
2480 488 2725 546 converti
2771 489 3057 563 incipiunt,
3094 503 3479 566 expavescunt.
3526 496 3599 557 Et

235 627 243 649 _.
314 590 521 641 sentum
558 578 773 647 saeculi,
802 591 996 648 magna
1026 577 1105 632 eis
1132 576 1273 631 mala
1300 584 1455 645 sunt;
1486 576 1578 633 sed
1613 577 1756 633 bona
1783 592 1903 649 quae

236 670 243 679 ’
312 675 617 751 proferunt,
653 673 720 727 ad
742 672 1050 743 exemplum
1074 670 1331 739 ﬁdelium,
1364 670 1535 739 magis
1561 685 1723 741 quam
1761 672 1904 727 bona

311 771 542 827 aliorum
571 775 818 840 prosunt.
840 765 985 822 Bene
1006 780 1135 836 ergo
1161 765 1381 821 Samuel
1402 782 1525 821 cum
1545 766 1756 837 abjecto
1777 782 1905 838 rege

312 860 635 927 revertitur;
664 858 792 929 quia
821 858 979 914 electi
1008 858 1410 928 praedicatores,
1446 857 1626 913 saeculi
1658 866 1907 929 potentes

309 964 369 1011 et
397 968 497 1025 pro
527 952 812 1022 iniquitate
854 952 1186 1023 percutiunt,
1236 960 1291 1007 et
1337 967 1437 1022 pro
1454 953 1717 1031 'exemplo
1762 953 1903 1010 bona

308 1062 472 1119 agere
491 1046 735 1116 quaedam
762 1045 963 1100 sinunt.
998 1043 1150 1100 Unde
1175 1052 1231 1099 et
1257 1045 1538 1117 sequitur:

383 1141 558 1210 (Vers.
585 1140 700 1212 32.)
745 1140 993 1211 Dixitque
1048 1140 1264 1196 Samuel
1295 1158 1313 1196 :
1344 1140 1600 1195 Adducite
1635 1139 1785 1213 Agag
1814 1156 1901 1196 re-

307 1251 423 1305 gem
466 1233 731 1291 Amalech.
757 1232 828 1288 Et
865 1232 1068 1288 oblatus
1114 1242 1192 1289 est
1235 1234 1283 1289 ei
1330 1233 1478 1305 Agag
1526 1232 1901 1305 pinguissimus

309 1334 554 1381 tremens.

380 1418 472 1473 56.
508 1418 683 1488 Reges
709 1417 996 1474 Dominum
1036 1418 1290 1487 adorant,
1340 1420 1561 1491 quando
1601 1419 1819 1490 superbi
1847 1427 1905 1476 et

307 1516 713 1580 contemptores
738 1524 797 1565 se
826 1508 894 1564 ad
918 1510 1132 1565 Domini
1162 1511 1415 1566 mandata
1449 1511 1693 1568 facienda
1724 1512 1903 1568 humi-

307 1598 465 1653 liant.
494 1598 735 1655 Adorant
779 1599 993 1665 lubrici,
1026 1601 1243 1670 quando
1283 1601 1396 1657 Deo
1416 1600 1780 1672 subjiciuntur
1806 1618 1906 1676 per

307 1692 669 1749 obedientiam
701 1692 990 1749 castitatis.
1023 1693 1327 1763 Aliquando
1354 1702 1535 1751 autem
1576 1694 1806 1752 adorare
1842 1711 1905 1753 se

304 1784 569 1841 simulant
606 1803 620 1851 ;
650 1783 775 1854 quia
804 1785 1053 1841 nonnulli
1078 1793 1403 1857 prtetextum
1452 1786 1774 1843 humilitatis
1809 1795 1904 1844 aut

304 1874 572 1930 castitatis
594 1875 817 1941 habent,
846 1875 942 1931 sed
972 1875 1097 1931 dum
1133 1876 1336 1932 habere
1359 1876 1414 1932 in
1443 1877 1671 1933 veritate
1698 1878 1902 1934 bonum
1932 1907 1981 1968 Β

303 1966 621 2031 creduntur,
653 1965 744 2020 alii
783 1981 883 2037 per
907 1966 1111 2023 bonum
1136 1967 1282 2038 quod
1311 1967 1543 2024 credunt
1574 1968 1699 2024 mali
1722 1970 1902 2039 operis

305 2074 462 2113 usum
490 2059 744 2129 perdunt.
778 2059 926 2130 Agag
964 2074 1095 2131 ergo
1142 2075 1327 2131 regem
1378 2061 1619 2117 Samueli
1662 2062 1901 2129 tradunt,

302 2150 432 2219 quia
458 2150 823 2207 sensualitatis
848 2166 962 2206 suae
980 2151 1224 2222 vigorem
1262 2150 1569 2208 conﬁtendo
1599 2152 1901 2224 proferunt.

302 2242 530 2311 Quando
559 2244 702 2299 enim
752 2244 1082 2300 confitentur
1122 2253 1347 2317 peccata
1376 2246 1623 2315 luxurire,
1654 2262 1774 2317 quae
1802 2262 1903 2318 per

300 2333 546 2404 vigorem
565 2334 743 2389 carnis
766 2335 1171 2403 commiserunt,
1196 2335 1327 2406 quid
1348 2335 1518 2406 aliud,
1547 2351 1709 2407 quam
1740 2336 1901 2392 Ama-

304 2430 429 2486 lech
454 2444 636 2499 regem
696 2430 1128 2487 interﬁciendum
1167 2430 1449 2502 prophetis
1483 2429 1755 2487 offerunt?
1792 2430 1902 2488 Sed

303 2523 436 2593 quid
462 2532 547 2579 est
574 2524 719 2594 quod
751 2525 1141 2596 pinguissimus
1178 2525 1329 2595 Agag
1378 2524 1598 2593 dicitur,
1645 2524 1740 2581 sed
1777 2540 1902 2581 sen-

304 2616 577 2673 sualitatis
606 2617 763 2686 vigor
806 2617 859 2673 in
908 2618 1028 2675 aliis
1056 2618 1290 2689 pinguis,
1334 2620 1388 2673 in
1419 2618 1538 2676 aliis
1577 2633 1760 2675 macer
1784 2622 1903 2676 est?

304 2704 449 2773 Quid
476 2714 561 2761 est
581 2720 729 2776 ergo,
760 2707 905 2776 quod
928 2708 1141 2779 pinguis
1160 2707 1404 2773 offertur,
1437 2710 1538 2764 nisi
1560 2709 1684 2780 quia
1715 2725 1744 2765 a
1774 2711 1901 2767 sub-

304 2795 436 2849 ditis
460 2795 603 2864 regis
639 2797 859 2868 reprobi
910 2798 1244 2854 ducebatur?
1272 2798 1407 2853 Nam
1446 2814 1591 2870 saepe
1617 2802 1895 2871 negligen-

304 2893 390 2941 tes
434 2894 560 2942 sunt
594 2888 822 2957 subditi;
850 2889 944 2945 sed
982 2889 1108 2945 dum
1154 2891 1313 2947 electi
1343 2893 1573 2962 pastoris
1598 2894 1680 2948 sui
1710 2910 1895 2949 exem-

300 2975 394 3047 pla
419 2978 775 3048 conspiciunt,
806 2978 948 3034 inter
971 2980 1111 3034 mala
1134 2995 1255 3049 qua:
1282 2980 1488 3037 faciunt
1516 2982 1893 3050 ingemiscunt.

300 3065 411 3121 Per
446 3066 784 3138 fragilitatem
814 3070 993 3125 carnis
1024 3070 1089 3125 ad
1122 3070 1491 3127 immunditias
1531 3073 1759 3139 cadunt;
1798 3073 1895 3129 sed

299 3160 546 3231 percussi
594 3161 859 3232 exemplis
907 3162 1202 3232 majorum,
1238 3163 1460 3219 omnino
1494 3164 1731 3234 gaudere
1751 3165 1893 3221 inter

298 3250 655 3308 immunditise
695 3254 1092 3310 oblectamenta
1148 3271 1257 3312 non
1304 3266 1549 3327 possunt.
1593 3256 1652 3312 In
1698 3259 1893 3327 quibus

2006 582 2128 652 quia
2160 584 2406 640 carnales
2431 584 2633 655 quique
2660 584 2968 655 relinquere
2990 587 3389 646 oblectamenta
3417 593 3598 652 carnis

2004 674 2163 729 solita
2192 676 2310 731 sine
2341 691 2571 733 mterore
2596 693 2704 733 non
2732 687 2980 750 possunt,
3007 681 3252 752 sequitur
3283 699 3297 736 :

2080 768 2259 838 (Vers.
2281 767 2397 841 52.)
2426 768 2714 842 Dixitque:
2747 771 2955 827 Siccine
2976 783 3186 845 separat
3209 790 3394 829 amara
3422 776 3599 833 mors?

2078 859 2165 915 57.
2188 860 2303 918 Hoc
2330 862 2531 935 quippe
2572 864 2752 919 dicere
2777 865 2982 920 carnali
3004 866 3206 933 sensui,
3230 875 3314 923 est
3336 877 3596 937 mentem,

2006 966 2106 1023 pro
2129 952 2418 1009 amissione
2437 954 2729 1025 voluptatis
2758 956 2947 1022 solitai,
2980 956 3210 1012 tristitiae
3239 959 3598 1016 conversione

2004 1044 2240 1114 pulsare.
2274 1043 2411 1112 Quia
2443 1046 2589 1101 enim
2636 1060 2833 1115 magna
2882 1048 3258 1105 amaritudinis
3289 1050 3394 1106 tela
3423 1064 3598 1121 nuper

2004 1135 2253 1191 conversi
2302 1136 2617 1206 patiuntur,
2671 1137 2827 1208 quasi
2866 1153 2988 1208 rex,
3035 1138 3120 1196 cui
3175 1139 3498 1209 servierant,
3530 1140 3599 1197 de

2004 1235 2180 1283 morte
2208 1228 2453 1297 queritur
2485 1246 2499 1282 :
2533 1229 2659 1298 quia
2700 1229 2756 1284 in
2797 1229 2874 1285 eis
2904 1229 3195 1287 carnalitas
3237 1230 3354 1287 sine
3392 1245 3591 1301 magna

2005 1319 2357 1377 tribulatione
2400 1321 2623 1377 minime
2674 1330 2921 1378 necatur.
2974 1321 3318 1393 Interrogare
3354 1337 3483 1393 ergo
3527 1323 3599 1380 de

2005 1414 2349 1485 separatione
2374 1414 2585 1479 mortis,
2615 1414 2819 1469 carnali
2841 1414 3044 1480 sensui,
3077 1422 3162 1470 est
3181 1414 3390 1471 tristem
3419 1414 3599 1471 adhuc

2008 1509 2258 1565 conversi
2293 1518 2532 1565 mentem
2581 1508 2650 1564 de
2693 1508 2980 1579 praeteritae
3014 1507 3391 1565 delectationis
3430 1509 3598 1565 amis~

2006 1602 2162 1659 sione
2190 1602 2426 1674 pulsare.
2456 1600 2562 1657 Sed
2593 1608 2650 1656 et
2678 1599 2872 1656 modus
2895 1600 3253 1671 separationis
3273 1600 3595 1670 exquiritur,

2006 1710 2129 1752 cum
2158 1695 2291 1751 dicit
2321 1712 2334 1749 :
2366 1694 2600 1749 siccine?
2628 1692 2797 1761 Quasi
2825 1693 2970 1749 enim
2998 1693 3129 1749 visis
3170 1692 3596 1761 austeritatibus,

2004 1790 2199 1861 quibus
2225 1789 2503 1845 subdenda
2533 1796 2634 1853 est,
2686 1787 2831 1843 dicat
2870 1787 3042 1843 menti
3084 1787 3404 1843 sensualitas
3456 1800 3593 1842 sua:

2006 1880 2150 1935 Laeta
2194 1894 2294 1950 pro
2334 1887 2443 1934 tam
2491 1877 2736 1933 tristibus
2760 1878 3009 1947 spernis?
3057 1876 3205 1933 Hanc
3232 1884 3379 1933 certe
3403 1890 3596 1937 vocem

2011 1970 2229 2027 Samuel
2278 1968 2427 2024 audit
2457 1986 2471 2022 :
2504 1967 2631 2038 quia
2676 1974 2940 2024 tentatum
2990 1981 3087 2021 cor
3123 1966 3341 2033 subditi,
3373 1964 3596 2036 quibus-

2010 2064 2131 2120 dam
2170 2062 2383 2119 indiciis
2409 2061 2614 2117 electus
2640 2059 2961 2131 praedicator
3008 2057 3273 2126 agnoscit.
3306 2056 3413 2113 Sed
3466 2056 3596 2126 quid

2010 2154 2232 2226 prodest
2260 2166 2573 2222 agnoscere,
2603 2151 2649 2207 si
2680 2157 2870 2206 contra
2899 2148 2972 2216 id,
3002 2146 3147 2218 quod
3178 2146 3321 2201 intus
3346 2146 3400 2200 in
3430 2146 3597 2202 corde

2008 2246 2236 2317 subjecti
2283 2244 2540 2312 infremit,
2591 2241 2791 2313 aliquid
2829 2242 2946 2313 ipse
2973 2256 3083 2297 non
3111 2238 3277 2295 dicit?
3341 2237 3596 2308 Sequitur
3634 2297 3643 2309 ,

2006 2352 2136 2408 ergo
2166 2353 2182 2392 :
3328 2418 3331 2421 Α

2081 2430 2258 2502 (Vers.
2308 2427 2424 2496 55.)
2474 2426 2542 2481 Et
2585 2428 2658 2481 ait
2704 2424 2919 2482 Samuel
2950 2422 3139 2479 :Sieut
3191 2421 3314 2494 fecit
3354 2421 3596 2475 mulieres

2005 2523 2196 2594 absque
2234 2520 2409 2575 liberis
2454 2518 2660 2590 gladius
2692 2526 2830 2585 tuus,
2860 2518 2935 2573 sic
2956 2517 3147 2588 absque
3175 2514 3349 2570 liberis
3382 2512 3479 2569 erit
3508 2514 3594 2570 ἕης

2002 2620 2080 2666 ter
2104 2610 2346 2665 mulieres
2372 2618 2539 2663 mater
2568 2616 2677 2663 tua.

2073 2702 2162 2757 58.
2195 2702 2323 2769 Quae
2348 2709 2433 2756 est
2469 2711 2643 2756 mater
2680 2698 2913 2756 carnalis
2936 2713 3147 2766 sensus,
3188 2697 3293 2752 nisi
3313 2694 3596 2765 originalis

2002 2795 2202 2866 culpa?
2256 2792 2393 2861 Quia
2448 2794 2596 2850 enim
2651 2801 2780 2849 ante
2827 2802 3114 2864 peccatum
3163 2791 3320 2862 primi
3360 2790 3595 2847 hominis

2003 2885 2152 2940 nulla
2181 2884 2437 2939 membris
2488 2883 2653 2938 libido
2694 2884 2910 2950 inerat,
2953 2899 3051 2937 rex
3104 2882 3441 2936 Amalechita
3486 2896 3595 2940 non

2004 2986 2140 3034 erat.
2165 2975 2298 3031 Erat
2344 2976 2545 3047 quippe
2592 2990 2785 3032 sensus
2814 2975 3014 3043 carnis,
3055 2973 3150 3030 sed
3187 2973 3359 3044 turpis
3382 2986 3443 3028 ac
3469 2972 3595 3028 libi-

2001 3068 2224 3124 dinosus
2265 3084 2373 3123 non
2403 3075 2558 3134 erat;
2592 3067 2685 3122 sed
2716 3066 2898 3121 statim
2931 3074 2990 3120 ut
3019 3065 3087 3121 ad
3133 3064 3345 3136 culpam
3374 3064 3593 3131 cecidit,

1998 3162 2267 3233 pruritum
2289 3162 2656 3217 membrorum
2698 3160 2868 3215 sensit
2901 3178 2913 3214 :
2946 3159 3072 3229 quia
3103 3158 3444 3215 obedientem
3473 3172 3592 3214 mo-

2000 3261 2112 3309 tum
2142 3255 2322 3310 carnis
2374 3254 2576 3309 habere
2626 3268 2737 3309 non
2792 3254 2991 3323 potuit,
3044 3250 3262 3321 quando
3318 3251 3431 3322 ipse
3476 3250 3593 3307 Deo

296 3355 431 3411 ergo
471 3343 850 3413 pinguissimus
878 3354 964 3401 est
1003 3347 1173 3416 Agag,
1216 3348 1318 3403 nisi
1349 3350 1403 3403 in
1431 3349 1536 3405 illis
1580 3350 1649 3405 de
1696 3352 1892 3420 quibus
1921 3327 1967 3390 Ο
1998 3342 2313 3399 inobediens
2333 3342 2452 3398 fuit.
2494 3342 2663 3413 Culpa
2692 3357 2822 3411 ergo
2864 3342 3144 3411 originalis
3190 3348 3365 3395 mater
3399 3349 3593 3395 contu-

294 3430 495 3487 dicitur
528 3450 541 3486 :
572 3432 862 3503 Lwtantur,
887 3453 1001 3490 cum
1031 3438 1165 3492 male
1192 3440 1431 3508 fecerint,
1467 3450 1517 3494 et
1545 3443 1809 3496 exsultant
1836 3445 1893 3497 in

293 3522 450 3579 rebus
476 3526 749 3595 pessimis?
778 3526 963 3596 (Prov.
995 3544 1053 3592 ll,
1083 3529 1193 3600 14).
1236 3530 1477 3599 Subjecti
1507 3548 1744 3602 namque
1787 3533 1895 3591 las-

292 3614 398 3670 civi
440 3614 680 3670 doctoris
708 3625 860 3672 tanto
888 3618 1147 3675 audacius
1193 3630 1448 3690 peccant,
1483 3633 1689 3691 quanto
1720 3624 1895 3695 majo-

290 3722 415 3761 rum
455 3720 681 3762 suorum
710 3707 855 3762 nulla
901 3724 1083 3765 coram
1146 3712 1324 3780 posita
1365 3713 1567 3769 habent
1619 3715 1887 3785 exempla,

291 3813 413 3869 quae
440 3798 679 3854 videant.
726 3798 833 3855 Sed
870 3800 1030 3856 valde
1076 3800 1381 3860 dementius
1428 3818 1488 3860 se
1532 3804 1892 3876 praecipitant,

292 3905 419 3946 cum
448 3890 502 3946 in
532 3892 838 3961 pastoribus
874 3893 985 3948 suis
1024 3893 1254 3964 bonum,
1284 3895 1430 3965 quod
1453 3905 1751 3968 sequantur
1777 3914 1887 3954 non

290 3982 501 4049 vident,
529 3991 586 4038 et
613 3984 766 4054 cujus
805 3986 1055 4057 exemplo
1096 3996 1324 4057 pereant
1370 3989 1569 4044 malum
1592 3989 1797 4047 vident.
1825 3989 1885 4047 in

290 4072 385 4129 his
405 4072 603 4143 quippe
631 4074 779 4145 Agag
810 4075 1115 4146 pinguescit
1139 4094 1153 4130 :
1185 4078 1310 4149 quia
1336 4078 1663 4148 gaudenter,
1695 4095 1887 4137 secure

294 4171 355 4221 et
383 4162 550 4221 libere
576 4165 729 4235 vigor
749 4169 931 4222 carnis
959 4169 1013 4223 in
1040 4169 1265 4225 luxuriae
1314 4171 1589 4240 voluptate
1625 4171 1886 4228 distendi-

290 4262 404 4322 tur,
435 4256 527 4325 qui
554 4271 657 4311 usu
686 4257 973 4325 illecebrm,
998 4259 1147 4314 nulla
1183 4274 1244 4314 re
1274 4260 1549 4329 obviante,
1580 4261 1879 4318 fraudatur.

290 4345 677 4414 Pinguissimus
730 4363 860 4418 ergo
905 4350 1313 4408 interﬁciendus
1362 4352 1609 4423 offertur,
1642 4357 1883 4426 .quando

291 4436 371 4491 illi
402 4446 813 4508 convertuntur,
861 4441 952 4510 qui
1006 4442 1059 4496 in
1121 4442 1401 4513 voluptate
1450 4444 1677 4501 luxuriae
1726 4448 1885 4505 valde

291 4527 458 4581 lmtati
481 4536 606 4582 sunt
635 4546 649 4582 :
674 4530 824 4599 quasi
851 4532 993 4586 enim
1042 4533 1272 4587 traditur
1300 4549 1419 4601 rex,
1448 4536 1665 4604 quando
1696 4538 1759 4603 is,
1791 4540 1884 4609 qui

288 4618 461 4671 menti
490 4618 810 4688 imperabat,
844 4623 1076 4679 carnalis
1102 4639 1323 4693 sensus,
1355 4626 1555 4682 Christi
1586 4630 1885 4685 sacerdoti-

1991 3436 2202 3491 meliosi
2249 3450 2443 3491 sensus
2486 3435 2663 3491 carnis
2692 3442 2841 3490 recte
2886 3434 3223 3502 intelligitur,
3252 3432 3380 3502 quia
3407 3447 3476 3487 ex
3496 3431 3590 3488 illa

1991 3529 2265 3585 nascendo
2309 3528 2517 3599 prodit,
2562 3528 2657 3597 qui
2703 3541 2824 3583 esse
2868 3527 2937 3583 ab
2980 3527 3070 3582 illa
3116 3526 3297 3599 coepit.
3344 3524 3494 3583 Unde
3536 3534 3592 3583 et

1992 3620 2290 3691 Apostolus
2328 3619 2485 3689 quasi
2530 3618 2858 3674 severissimi
2890 3618 3104 3691 tyranni
3154 3619 3327 3690 legem
3357 3618 3591 3675 carnalis

1989 3727 2183 3769 sensus
2208 3713 2538 3780 exhorretis,
2569 3727 2678 3767 non
2706 3712 2880 3768 solum
2911 3713 3085 3783 ipsum
3115 3726 3317 3783 regem,
3344 3711 3441 3791 sgd
3470 3727 3591 3769 tua-

1993 3811 2131 3860 trem
2172 3804 2443 3870 ostendit,
2491 3804 2719 3861 dicens:
2753 3801 2935 3877 Itaque
2965 3806 3081 3873 jam
3116 3821 3225 3859 non
3266 3821 3358 3874 ego
3404 3821 3589 3869 operor

1988 3895 2140 3961 illud,
2156 3896 2247 3950 sed
2268 3896 2405 3967 quod
2428 3895 2684 3951 inhabitat
2699 3895 2754 3949 in
2774 3912 2855 3949 me
2874 3905 3138 3965 peccatum
3159 3895 3336 3967 (Rom.
3352 3912 3444 3961 vn,
3469 3895 3584 3966 29).

1992 3985 2283 4043 Peccatum
2311 4003 2574 4059 namque,
2624 3990 2770 4058 quod
2799 4003 2860 4044 se
2906 4004 3013 4043 non
3045 3988 3259 4058 operari
3290 3988 3586 4057 perhibuit,

1989 4087 2199 4135 motum
2228 4080 2405 4136 carnis
2431 4080 2728 4145 intellexit;
2760 4086 3042 4149 peccatum
3065 4085 3247 4131 autem
3276 4077 3329 4130 in
3354 4090 3414 4130 se
3439 4076 3589 4131 inha-

1988 4169 2200 4241 bitans,
2241 4171 2557 4241 originalem
2599 4170 2836 4238 culpam.
2876 4166 3012 4233 Quia
3059 4179 3187 4235 ergo
3228 4181 3295 4220 ex
3334 4165 3587 4233 originali

1989 4263 2148 4335 culpa
2182 4261 2241 4317 ﬁt
2267 4270 2551 4333 peccatum
2581 4258 2841 4316 motionis
2870 4257 3069 4324 carnis,
3100 4257 3225 4313 dum
3255 4272 3438 4327 regem
3467 4273 3587 4314 car-

1989 4355 2172 4411 nalem
2201 4369 2422 4411 sensum
2449 4351 2802 4419 attendimus,
2821 4358 3051 4407 matrem
3072 4348 3186 4420 ejus
3210 4365 3329 4406 esse
3358 4350 3585 4421 primam

1987 4448 2202 4518 culpam
2226 4455 2376 4503 recte
2402 4446 2761 4501 nominamus.
2793 4442 2973 4499 Liberi
3003 4452 3181 4500 autem
3205 4444 3363 4513 hujus
3392 4446 3585 4503 matris

1986 4549 2112 4597 sunt
2138 4554 2329 4595 omnes
2354 4536 2841 4609 concupiscentiae,
2871 4546 3096 4609 peccata
3115 4578 3131 4607 ,
3164 4547 3222 4595 et
3248 4538 3399 4593 vitia.
3446 4540 3584 4597 Abs-

1987 4646 2093 4702 que
2121 4630 2306 4685 liberis
2330 4630 2516 4698 utique
2543 4627 2602 4683 ﬁt
2630 4638 2827 4697 mater,
2866 4628 3086 4698 quando
3127 4631 3304 4685 omnis
3334 4647 3364 4685 a
3395 4646 3581 4698 carne,

286 4707 394 4763 bus
414 4722 512 4777 per
539 4708 929 4765 confessionem
953 4713 1247 4768 revelatur.
1270 4713 1486 4771 Nutrire
1516 4716 1681 4771 etiam
1704 4719 1883 4784 ignem
1912 4718 1967 4779 D
1990 4722 2166 4779 omnis
2196 4737 2228 4777 a
2251 4730 2433 4778 mente
2455 4721 2567 4793 jam
2596 4723 2754 4794 culpa
2784 4737 3069 4780 remanere
3096 4723 3330 4780 videtur.
3356 4724 3484 4778 Sine
3512 4725 3581 4778 li-

286 4801 565 4872 pinguedo
602 4801 772 4857 solet.
805 4802 952 4859 Bene
981 4819 1110 4874 ergo
1158 4805 1508 4863 Amalechitae
1549 4810 1663 4878 regi
1709 4810 1879 4865 ascri-

287 4892 480 4948 bitur:
513 4893 638 4963 quia
685 4895 814 4949 dum
852 4904 1091 4951 mentem
1129 4896 1505 4954 fornicationis
1533 4900 1753 4970 spiritus
1781 4902 1880 4957 ob-

285 4986 449 5052 tinet,
475 5001 584 5057 quo
611 4986 821 5042 dulcius
847 5003 913 5044 ac
949 4989 1146 5058 sacpius
1184 4988 1293 5045 illic
1324 5005 1421 5058 per
1461 5001 1648 5061 turpes
1674 4993 1880 5062 cogita-

285 5076 467 5134 tiones
498 5077 760 5149 pascitur,
788 5077 857 5132 ad
881 5086 906 5114 α
936 5079 1237 5147 augendum
1281 5079 1458 5149 ignem
1489 5081 1880 5151 concupiscen-

283 5168 379 5227 tize
399 5172 652 5228 uberiora
671 5171 775 5229 sibi
815 5165 1056 5231 fementa
1088 5174 1423 5230 tribuuntur.
1457 5172 1722 5231 Tremens
1746 5190 1878 5233 vero

281 5264 451 5334 37o
478 5265 703 5336 dicitur,
746 5270 873 5340 quia
920 5268 1154 5325 carnalis
1198 5282 1409 5333 sensus,
1458 5266 1675 5338 quando
1716 5268 1882 5338 spiri-

281 5358 521 5416 tualibus
547 5362 677 5417 viris
703 5379 803 5433 per
840 5362 1235 5419 confessionem
1274 5361 1527 5425 traditur,
1556 5360 1877 5418 inﬁrmatur.

279 5447 510 5519 Signum
538 5466 669 5521 ergo
717 5453 811 5508 dat
849 5463 1107 5520 tremens,
1139 5455 1264 5525 quia
1293 5455 1659 5509 membrorum
1717 5455 1881 5511 robur

280 5557 393 5597 non
424 5543 607 5600 habet.
666 5546 804 5602 Dum
842 5563 973 5617 ergo
1012 5548 1267 5603 infirmari
1320 5549 1475 5618 vigor
1514 5550 1881 5608 sensualitatis

279 5633 505 5705 incipit,
544 5638 672 5707 quid
719 5639 886 5707 aliud,
934 5654 1097 5709 quam
1125 5656 1223 5697 rex
1270 5641 1728 5699 Amalechitarum
1771 5652 1881 5700 tre-

283 5724 423 5780 mit?
465 5724 568 5783 Vel
612 5736 847 5787 tremere
876 5730 1093 5800 dicitur,
1138 5732 1264 5804 quia
1287 5734 1524 5803 rigorem
1548 5736 1879 5807 paenitentia:

359 5895 387 5925 ι
410 5885 552 5947 Male
564 5887 636 5952 .in
659 5887 834 5951 Vatic.
864 5895 922 5949 et
945 5888 1130 5965 Guss.,
1162 5890 1232 5949 ad
1252 5891 1525 5965 agendum.

1985 4816 2130 4873 beris
2159 4828 2392 4885 namque
2418 4823 2546 4869 tunc
2573 4823 2685 4879 est,
2732 4814 2859 4883 quia
2904 4814 3007 4869 etsi
3036 4830 3067 4869 a
3098 4831 3259 4872 carne
3289 4815 3432 4869 nulla
3466 4815 3581 4884 jam
3648 4879 3659 4902 κ

1986 4908 2261 4979 turpitudo
2288 4916 2401 4973 est,
2432 4907 2476 4963 si
2516 4906 2660 4961 nulla
2699 4905 2810 4975 jam
2840 4917 3033 4977 regnat
3060 4905 3495 4975 concupiscentia
3526 4906 3580 4961 in

1986 5009 2204 5068 mente,
2240 5016 2464 5056 manens
2516 5008 2695 5055 tamen
2736 4999 2790 5054 in
2820 5014 2923 5054 nos
2964 4999 3054 5054 illa
3084 4998 3272 5069 culpa,
3314 5013 3457 5054 nunc
3484 4999 3581 5054 do-

1987 5090 2154 5146 ctoris
2184 5090 2381 5145 virtute
2409 5090 2563 5161 perdi
2593 5106 2701 5146 non
2732 5100 2931 5161 potest.
2964 5088 3102 5157 Quid
3131 5099 3216 5145 est
3243 5090 3406 5157 enim,
3432 5092 3579 5161 quod

1986 5183 2063 5237 ait
2091 5182 2381 5253 Apostolus
2411 5200 2423 5236 :
2451 5181 2576 5236 Iam
2602 5199 2707 5238 non
2736 5199 2827 5254 ego
2849 5198 3033 5253 operor
3054 5180 3315 5249 illud,sed
3336 5175 3577 5253 quod'm-

1983 5272 2185 5328 habitat
2210 5272 2265 5327 in
2294 5289 2374 5328 me
2403 5276 2705 5345 peceatum?
2726 5272 2807 5329 Ex
2830 5274 2919 5328 illa
2949 5274 3167 5343 quidem
3195 5273 3381 5343 culpa,
3413 5288 3573 5341 quam

1983 5378 2053 5420 ex
2082 5365 2274 5421 vitiosa
2308 5374 2513 5421 natura:
2544 5376 2743 5421 nostra:
2772 5367 2958 5423 radice
2985 5369 3379 5436 contrahimus,
3409 5368 3577 5425 babe-

1979 5472 2100 5512 mus
2114 5466 2173 5513 ut
2199 5459 2473 5529 corrumpi
2488 5459 2741 5514 vitiorum
2769 5461 3105 5530 passionibus
3134 5463 3429 5520 valeamus.
3460 5463 3575 5521 Lex

1978 5564 2108 5620 ergo
2137 5550 2442 5607 inordinata
2469 5554 2839 5610 membrorum
2869 5556 3087 5626 quando
3108 5565 3305 5627 praeter
3326 5558 3573 5616 volunta-

1980 5653 2090 5700 tem
2116 5652 2359 5701 nostram
2386 5645 2629 5701 membra
2652 5656 2854 5716 movet,
2874 5662 2974 5705 nos
3001 5664 3111 5707 non
3134 5650 3240 5707 hoc
3263 5666 3567 5722 operamur,

1979 5740 2075 5799 sed
2099 5740 2244 5813 quod
2284 5740 2551 5799 inhabth
2596 5743 2652 5801 in
2691 5758 2793 5803 nos
2838 5754 3142 5817 peccatum.
3175 5744 3327 5802 Velle
3351 5746 3569 5817 quidem
