4052 6338
490 386 615 469 us

1684 400 1929 462 SANCTi
1966 394 2296 460 GREGOR"
2332 396 2547 458 MAGNI

3676 401 3777 459 ιιι

503 522 658 585 nobis
686 535 811 582 tunc
840 508 1071 595 adiacet,
1099 516 1197 579 sed
1228 520 1401 577 adhuc
1427 533 1587 594 posse
1616 534 1725 576 non
1755 518 2085 587 invenimus;
2114 519 2171 583 Δ
2194 526 2302 588 tur,
2340 518 2466 589 quia
2505 518 2719 591 quoties
2759 516 2971 591 pulsat,
3019 520 3262 575 necatur.
3307 513 3444 573 Dum
3480 529 3613 588 ergo
3640 514 3781 575 vices

502 614 766 689 siquidem
795 610 1074 678 vellemus,
1104 620 1162 667 nt
1188 610 1343 668 nobis
1382 610 1583 680 invitis,
1613 608 1810 679 aliquid
1840 610 1893 665 in
1935 608 2091 665 nobis
2191 620 2435 668 motuum
2464 611 2755 668 convenire
2779 629 2886 668 non
2912 613 3183 679 sinuntur,
3204 612 3357 682 quasi
3381 610 3616 669 cadaver
3638 611 3776 683 Agag

504 708 711 765 moveri
764 722 871 763 non
918 715 1122 778 posset.
1169 702 1234 760 Et
1280 703 1333 759 hi
1381 702 1609 759 fortasse
1654 702 1813 773 371
1846 699 2091 772 pessima:
2189 701 2246 761 in
2275 704 2442 759 frusta
2470 702 2789 761 conciditur.
2825 703 2923 760 Vel
2953 702 3182 760 fortasse
3209 703 3331 759 talis
3360 714 3444 760 est
3483 703 3632 774 Agag
3660 705 3774 771 iste,

503 801 690 859 matris
714 806 1028 872 conceptus,
1060 798 1256 870 quibus
1297 797 1453 869 culpa
1484 795 1573 851 illa
1618 796 2018 866 impraegnatur,
2046 794 2093 850 si
2194 805 2255 854 ut
2282 796 2381 853 nisi
2414 797 2665 854 concisus
2696 798 2748 853 in
2779 797 2945 853 frusta
2985 796 3122 854 mori
3154 815 3261 855 non
3308 800 3496 869 possit.
3547 796 3621 854 Ut
3645 799 3781 853 enim

501 889 559 951 in
589 902 773 967 turpes
811 901 966 950 actus
995 900 1050 949 et
1078 892 1362 949 obscoenos
1391 890 1638 947 sinuntur
1657 886 1861 944 'eti‘undi
1880 928 1895 955 ,
1941 887 2092 957 quasi

517 988 655 1044 tasci
684 987 1058 1059 perhibentur.
1090 981 1211 1040 Filii
1258 998 1386 1054 ergo
1432 990 1558 1039 sunt
1598 989 1810 1047 motus,
1863 979 1955 1051 qui
1986 994 2093 1035 non

482 1070 683 1137 solum
712 1077 1031 1134 naturaliter
1078 1077 1221 1132 intus
1259 1083 1403 1141 sunt,
1434 1072 1529 1131 sed
1554 1076 1645 1146 qui
1695 1075 1747 1129 in
1777 1073 2021 1144 turpibus
2045 1080 2101 1128 et

506 1170 780 1227 obscaenis
819 1168 1071 1240 operibus
1095 1166 1526 1224 manifestantur.
1576 1165 1747 1221 Mater
1791 1179 1920 1236 ergo
1952 1165 2100 1236 Agag

506 1258 625 1315 sine
654 1258 838 1315 liberis
865 1258 941 1327 lit,
977 1259 1193 1331 quando
1223 1257 1501 1328 originalis
1538 1260 1697 1331 culpa
1724 1258 1802 1314 sic
1824 1257 2103 1326 restringi-

508 1357 614 1415 tur,
639 1358 701 1405 ut
730 1350 908 1407 nullos
928 1359 1078 1407 actus
1106 1357 1199 1405 aut
1219 1357 1399 1407 motus
1422 1344 1587 1405 edere
1613 1349 1970 1421 permittatur.
2002 1346 2102 1403 Vel

509 1439 739 1498 fortasse
766 1443 882 1499 sine
910 1442 1093 1499 liberis
1118 1440 1178 1496 lit
1195 1482 1213 1510 ,
1262 1440 1386 1512 quia
1413 1440 1609 1497 liberos
1633 1439 1839 1496 habuit.
1874 1438 2102 1507 Quando

488 1540 639 1606 ergo
670 1544 981 1607 peccatores
1002 1534 1270 1603 conversi,
1288 1551 1408 1591 esse
1431 1544 1614 1607 turpes
1634 1542 1742 1590 tam
1772 1543 1915 1601 actu,
1941 1549 2103 1606 quam

507 1628 745 1699 gestibus
774 1626 998 1685 luxuriae
1040 1628 1323 1699 desinunt,
1351 1629 1506 1702 quasi
1546 1638 1720 1685 mater
1762 1628 2011 1685 habitans
2048 1627 2104 1684 in

511 1721 591 1777 eis
619 1720 773 1792 culpa
807 1721 928 1778 filiis
956 1723 1199 1779 orbatur.

488 1804 493 1809 ’
578 1811 666 1868 39.
701 1810 769 1867 Et
790 1812 1106 1881 notandum,
1136 1813 1262 1884 quia
1287 1812 1406 1869 sine
1428 1810 1546 1867 (iliis
1569 1810 1683 1868 fieri
1705 1811 1904 1867 diettur
1931 1820 2107 1869 mater

2195 889 2441 959 Superius
2471 888 2603 956 dixi,
2647 905 2797 945 more
2828 888 2965 959 ignis
2996 888 3159 945 libido
3203 889 3574 958 succenditur;
3624 899 3701 953 et,
3742 891 3783 946 si

2197 982 2530 1052 negligenter
2572 980 2951 1053 exstinguitur,
3000 980 3252 1051 adjacens
3292 980 3487 1051 stipula
3534 978 3784 1036 velociter

2202 1076 2587 1133 inﬂammatur.
2633 1075 2857 1148 Magnus
2899 1093 3116 1148 quoque
3158 1076 3294 1145 ignis
3335 1076 3608 1147 dispersus
3652 1090 3785 1145 stepe

2204 1170 2472 1239 exstingui
2516 1168 2709 1224 melius
2738 1176 2935 1239 potest.
2984 1165 3115 1223 Nam
3159 1182 3282 1223 cum
3325 1166 3381 1221 in
3429 1180 3596 1222 unum
3643 1164 3790 1219 multi

2205 1262 2470 1317 carbones
2517 1256 2876 1330 conveniunt,
2910 1258 3179 1329 ingentem
3217 1272 3450 1313 massam
3503 1268 3789 1329 prunarum

2205 1354 2428 1409 faciunt.
2463 1352 2540 1409 Ne
2567 1367 2697 1423 ergo
2722 1353 3068 1423 exstinguens
3106 1351 3471 1417 comburatur,
3503 1362 3790 1420 prunarum

2206 1462 2383 1505 massa
2412 1456 2537 1502 ante
2562 1444 2838 1517 sapienter
2864 1445 3204 1518 dispergitur,
3249 1442 3414 1517 372
3448 1452 3505 1498 ut
3550 1458 3651 1514 per
3685 1443 3794 1498 sin-

2207 1538 2451 1609 gulorum
2513 1537 2808 1594 carbonum
2868 1537 3035 1593 frusta
3095 1537 3358 1593 velociter
3403 1534 3793 1605 exstinguatur.

2210 1627 2347 1697 Quid
2389 1630 2530 1683 enim
2558 1628 2913 1698 cogitationes
2942 1627 3185 1695 luxuriae,
3227 1626 3354 1697 quid
3379 1632 3506 1682 sunt
3531 1624 3798 1683 libidinosi

2210 1722 2459 1793 corporis
2488 1730 2696 1787 motus,
2740 1716 2841 1775 nisi
2877 1718 3137 1775 carbones
3185 1717 3355 1789 ignis?
3401 1716 3504 1786 Qui
3552 1716 3800 1773 nimirum

2210 1814 2257 1871 si
2284 1815 2336 1869 in
2365 1810 2527 1869 corde
2558 1824 2652 1867 aut
2680 1813 2731 1868 in
2773 1826 2934 1868 carne
2963 1811 3316 1877 conveniunt,
3348 1810 3673 1866 comburere
3698 1808 3802 1864 cito

505 1918 605 1978 per
634 1907 1117 1978 comparationem.
1173 1905 1343 1975 Sicut,
1376 1905 1569 1975 inquit,
1602 1906 1713 1960 sine
1761 1904 1934 1961 liberis
1986 1907 2107 1976 fecit
2138 1945 2185 2006 Β
2210 1915 2461 1981 possunt,
2504 1890 2773 1977 exstingui
2798 1905 2955 1961 facile
2983 1920 3256 1975 nunquam
3298 1910 3545 1975 possunt.
3590 1902 3802 1975 Disper-

508 1999 746 2054 mulieres
796 1998 1000 2070 gladius
1050 2006 1186 2065 tuus,
1218 1998 1293 2051 sic
1331 1999 1431 2052 erit
1456 1998 1566 2053 sine
1594 1998 1766 2053 liberis
1798 2006 1960 2053 mater
1993 2008 2100 2055 tua.

507 2088 749 2147 Virtutes
778 2094 992 2157 mentis,
1043 2104 1112 2145 ex
1156 2090 1351 2161 quibus
1395 2091 1536 2146 bona
1566 2106 1729 2162 opera
1768 2092 2103 2163 procedunt,

509 2191 715 2239 matres
742 2190 867 2238 sunt
892 2200 903 2234 :
933 2180 1141 2253 gladius
1179 2198 1309 2239 vero
1337 2182 1489 2254 Agag‘
1521 2184 1749 2253 luxuriae
1778 2184 1941 2239 telum
1965 2183 2103 2240 dici-

510 2279 631 2342 tur,
672 2276 763 2347 qtti
790 2274 1042 2330 nimirum
1070 2274 1323 2331 mulieres
1352 2274 1556 2346 absque
1587 2272 1768 2331 liberis
1796 2276 1942 2343 facit,
1974 2277 2103 2345 quia

513 2374 708 2422 cuncta
755 2366 896 2421 bona
944 2382 1110 2437 opera
1159 2366 1326 2422 libido
1366 2367 1636 2423 interlicit.
1682 2367 1781 2424 Vel
1810 2374 1957 2423 certe
1987 2383 2105 2422 mu-

511 2452 672 2513 lieres
700 2454 937 2512 ﬁdelium
960 2466 1168 2514 mentes
1191 2455 1582 2526 intelliguntur,
1617 2458 1707 2512 lilii
1738 2473 1868 2515 vero
1893 2467 2103 2513 sancta-

513 2559 633 2601 rum
683 2547 941 2601 mentium
990 2546 1146 2604 bonze
1190 2548 1567 2617 cogitationes,
1602 2549 1826 2603 virtutes
1870 2557 1925 2603 et
1964 2549 2108 2605 bona

512 2654 678 2711 Opera
706 2649 848 2697 sunt.
879 2642 1023 2713 Agag
1059 2657 1189 2698 vero
1216 2642 1425 2713 gladius
1464 2648 1664 2698 matres
1688 2643 1892 2714 absque
1924 2642 2108 2702 liberis

512 2730 641 2789 fecit
666 2748 679 2800 ;
708 2732 835 2804 quia
862 2732 1147 2791 delectatio
1172 2734 1415 2803 luxuria),
1442 2736 1485 2791 si
1519 2736 1792 2807 evaginari
1820 2738 1971 2807 quasi
1995 2738 2109 2806 gla-

512 2823 635 2881 dius
662 2824 879 2895 sinitur,
933 2826 999 2883 ab
1045 2829 1124 2883 eis
1172 2826 1423 2883 nimirum
1468 2842 1656 2883 omnes
1700 2825 1856 2884 boum
1901 2829 2110 2898 cogita-

512 2917 710 2986 tiones,
730 2935 917 2975 omnes
933 2922 1181 2987 virtutes,
1200 2928 1255 2977 et
1275 2920 1415 2977 bona
1440 2937 1605 2992 opera
1628 2929 1911 2978 necantur.
1938 2920 2109 2977 Acuta

511 3008 713 3078 quippe
742 3012 909 3079 pestis
938 3009 1100 3080 hujus
1130 3010 1541 3077 delectationis,
1576 3012 1621 3067 si
1650 3028 1681 3067 a
1705 3022 1887 3068 mente
1919 3014 2113 3085 recipi-

513 3104 623 3166 tur,
649 3098 774 3153 dum
799 3098 930 3155 libet
957 3103 1215 3157 attentius
1240 3102 1568 3158 immundum
1591 3106 2111 3172 cernere,mundum

514 3196 570 3244 et
613 3196 861 3246 sanctum
893 3192 1136 3260 cogitare
1184 3191 1311 3247 nihil
1357 3199 1570 3264 potest;
1620 3202 1674 3249 et
1704 3195 1831 3250 dum
1862 3195 2113 3253 ardenter

516 3278 584 3335 ad
614 3279 807 3337 nefarii
840 3282 1020 3353 operis
1047 3285 1408 3355 eXpletionem
1454 3287 1743 3359 pertrahtt,
1776 3290 1987 3346 virtutis
2012 3291 2115 3347 ali-

2211 2012 2367 2075 gatur
2386 2016 2514 2073 ergo
2551 2000 2708 2070 ignis,
2747 2000 2799 2054 in
2823 1996 2991 2055 frusta
3021 1998 3337 2054 concidatur
3358 1996 3526 2067 Agag,
3552 2004 3608 2051 et
3629 2004 3803 2051 custo-

2208 2096 2389 2151 diatur
2412 2110 2588 2160 mens,
2612 2100 2671 2147 ut
2702 2088 3004 2147 immundas
3032 2089 3386 2159 cogitationes
3412 2087 3718 2159 dispergat,
3742 2101 3804 2142 ne

2209 2204 2370 2243 unam
2394 2186 2546 2241 alteri
2566 2186 2843 2241 adhaerere
2870 2183 3167 2256 permittat.
3192 2181 3325 2250 Quia
3348 2180 3492 2237 enim
3517 2195 3681 2250 agere
3702 2196 3804 2237 non

2208 2285 2411 2351 potest,
2445 2286 2502 2332 ut
2549 2278 2769 2331 innoxia
2816 2290 3090 2346 nunquam
3118 2278 3338 2345 cogitet,
3381 2281 3506 2344 agat
3531 2273 3679 2343 quod
3709 2286 3802 2343 po-

2209 2378 2336 2439 test,
2365 2380 2425 2426 ut
2448 2371 2628 2427 statim
2661 2369 3046 2440 cogitationem
3084 2364 3295 2438 ejiciat,
3329 2384 3447 2438 quae
3473 2365 3805 2435 negligenter

2209 2466 2277 2519 ad
2326 2472 2563 2519 mentem
2594 2464 2778 2520 intrat.
2821 2463 2911 2518 Sic
2943 2461 3193 2517 nimirum
3224 2460 3377 2533 quasi
3426 2461 3606 2530 ignem
3640 2457 3805 2513 maxi-

2210 2572 2358 2613 mum
2406 2556 2459 2613 in
2504 2555 2770 2612 carbones
2815 2556 3057 2627 singulos
3103 2563 3159 2611 et
3195 2555 3456 2610 velociter
3502 2552 3714 2616 dividit,
3757 2561 3808 2607 et

2208 2648 2457 2707 celeriter
2485 2649 2797 2720 exstinguit,
2825 2648 2871 2703 si
2914 2663 3104 2703 omnes
3132 2644 3375 2701 llammas
3414 2644 3808 2713 cogitationum

2212 2743 2292 2798 sic
2322 2750 2568 2815 separat,
2599 2750 2657 2796 ut
2686 2739 2940 2811 conjungi
2987 2739 3039 2795 in
3085 2747 3268 2795 mente
3308 2752 3481 2809 neque
3513 2753 3612 2807 per
3642 2734 3808 2805 negli-

2216 2832 2483 2906 gentiam,
2517 2848 2693 2903 neque
2737 2849 2833 2903 per
2868 2830 3196 2888 desiderium
3244 2830 3405 2885 sinat.
3440 2828 3532 2884 Sic
3562 2827 3809 2883 nimirum

2216 2936 2271 2984 et
2300 2935 2478 2983 motus
2525 2924 2770 2997 corporis
2796 2924 3038 2996 vigorem
3067 2923 3265 2980 mentis
3290 2922 3565 2995 reprimit,
3594 2937 3720 2978 cum
3750 2921 3811 2977 ad

2216 3018 2450 3074 invicem
2495 3017 2789 3074 convenire
2827 3017 3048 3072 minime
3076 3015 3362 3087 permittit.
3402 3013 3581 3070 Motus
3612 3013 3810 3085 quippe

2215 3109 2567 3166 illecebrosus
2596 3109 2773 3165 carnis
2792 3152 2806 3174 ,
2849 3108 2892 3163 si
2923 3124 3021 3180 per
3049 3107 3433 3177 cogitationem
3462 3106 3693 3161 minime
3720 3120 3813 3175 pa-

2217 3201 2407 3269 scitur,
2438 3201 2733 3257 convenire
2763 3216 2887 3256 cum
2930 3199 3099 3255 altero
3129 3216 3235 3255 non
3275 3197 3507 3253 videtur.
3540 3194 3817 3252 Glutinum

2218 3295 2416 3369 quippe
2446 3292 2885 3350 illecebrosorum
2918 3301 3198 3361 motuum,
3248 3289 3527 3345 immunda
3557 3286 3817 3358 cogitatio

514 3374 643 3445 quid
667 3388 827 3445 agere
856 3374 989 3431 nihil
1020 3379 1301 3449 permittit.
1348 3377 1413 3435 Et
1440 3356 1565 3452 quia
1593 3398 1689 3452 per
1727 3382 1843 3452 ejus
1890 3385 2114 3439 combu-
2140 3356 2189 3422 c
2219 3356 2488 3457 estsquia
2515 3387 2603 3457 qui
2626 3386 2858 3441 libenter
2879 3383 3151 3439 immunda
3182 3356 3347 3449 videt,
3379 3380 3565 3437 statim
3594 3356 3817 3437 carnem

515 3465 749 3522 stionem
784 3468 965 3524 omnia
1006 3478 1267 3540 pereunt,
1320 3487 1428 3527 non
1479 3473 1652 3528 solum
1703 3473 1851 3546 Agag
1882 3475 1994 3542 lilii,
2019 3482 2115 3533 sed

515 3572 709 3618 Omnes
759 3562 1046 3619 mulierum
1100 3563 1192 3620 lilii
1250 3567 1606 3626 trucidantur.
1665 3568 1883 3641 Absque
1932 3573 2115 3630 liberis

516 3666 648 3724 ergo
675 3664 874 3712 matres
904 3654 1063 3726 facit,
1106 3658 1231 3729 quia
1258 3658 1548 3718 delectatio
1579 3662 1803 3718 luxuria:
1833 3663 1897 3719 ad
1946 3664 2116 3722 instar

518 3744 681 3817 gladii
708 3747 832 3802 dum
862 3748 1068 3805 fructus
1089 3751 1348 3808 mentium
1376 3756 1629 3825 percutit,
1658 3757 1874 3813 virtutis
1902 3761 2113 3828 cogita-

522 3836 701 3893 tiones
731 3844 824 3893 aut
864 3840 1044 3910 operis
1086 3840 1289 3897 bonum
1338 3844 1519 3901 vivere
1567 3863 1908 3919 nequaquam
1964 3851 2111 3907 sinit.

522 3926 676 3986 Sicut
723 3946 850 4001 ergo
882 3932 1087 4003 absque
1118 3932 1301 3991 liberis
1331 3934 1457 3991 fecit
1486 3947 1718 4007 matres,
1750 3940 1821 3995 ita
1864 3949 1919 3997 et
1946 3952 2119 3998 mater

522 4018 642 4092 ejus
674 4022 732 4076 lit
759 4024 964 4094 absque
992 4022 1192 4089 liberis,
1220 4042 1341 4081 cum
1370 4026 1449 4083 sic
1476 4039 1737 4109 peccator
1762 4033 2117 4103 convertitur,

524 4123 584 4169 ut
618 4122 816 4185 praeter
842 4114 1057 4188 culpam
1094 4114 1251 4173 nobis
1293 4118 1507 4173 insitam
1537 4122 1857 4189 naturalem,
1890 4123 1963 4179 nil
1990 4141 2120 4181 con-

523 4207 695 4263 versis
722 4206 789 4265 de
811 4207 1081 4266 obscoenis
1118 4210 1395 4282 operibus,
1427 4222 1519 4267 aut
1563 4212 1798 4271 motibus
1842 4231 2123 4273 remanere

524 4296 787 4352 videatur.
823 4297 978 4356 Unde
1007 4308 1061 4356 et
1087 4309 1211 4373 apte
1240 4300 1616 4374 subjungitur:
1976 4354 1983 4363 .

598 4384 775 4459 (Vers.
803 4386 917 4459 55.)
950 4386 1017 4443 Et
1044 4391 1097 4445 in
1131 4394 1299 4463 frusta
1342 4394 1567 4448 concidit
1609 4393 1758 4469 Agag
1788 4392 2005 4452 Samuel
2029 4413 2119 4453 co-

528 4490 643 4532 ram
669 4475 893 4535 Domino
918 4480 970 4535 in
1002 4479 1253 4554 Galgalis.

601 4569 691 4625 40.
724 4569 880 4638 Quod
924 4573 975 4627 in
1009 4573 1175 4629 frusta
1218 4576 1536 4645 conciditur,
1582 4594 1682 4650 per
1712 4595 1908 4651 parvas
1950 4579 2121 4652 parti-

530 4660 680 4719 culas
733 4673 979 4719 mortuus
1026 4676 1259 4724 secatur.
1320 4668 1468 4740 Agag
1520 4672 1723 4743 quippe
1772 4671 2116 4741 interﬁcitur,

530 4750 748 4823 quando
788 4756 965 4811 carnis
1010 4758 1161 4828 vigor
1208 4758 1569 4831 abstinentits,
1600 4761 1811 4833 vigiliis,
1848 4780 1912 4821 ac
1957 4765 2121 4837 spiri-

445 4883 455 4915 η
531 4848 769 4905 tuaiibus
816 4849 1255 4909 meditationibus
1282 4854 1361 4911 sic
1407 4854 1645 4922 eliditur,
1688 4864 1747 4910 ut
1794 4855 1924 4911 nihil
1964 4856 2123 4912 lasci-

530 4954 689 5007 vum,
743 4938 872 4999 nihil
920 4943 1261 5002 libidinosum
1300 4964 1521 5004 movere
1551 4948 1835 5004 sentiatur.
1890 4946 2123 5006 interﬁci

533 5032 730 5101 quippe
756 5035 892 5103 ejus,
936 5044 1019 5094 est
1044 5052 1261 5093 carnem
1291 5040 1522 5109 turpiter
1550 5054 1769 5095 movere
1799 5055 1903 5095 non
1940 5055 2121 5111 posse.

533 5118 642 5175 Sed
688 5122 951 5180 interfecti
1004 5128 1234 5184 cadaver
1272 5130 1540 5200 integrum
1593 5138 1705 5199 est,
1762 5132 1974 5202 quando
2004 5131 2125 5202 ejus

533 5221 713 5269 motus
742 5225 1003 5275 remanet.
1040 5217 1231 5276 Libido
1265 5237 1374 5277 non
1422 5230 1691 5289 remanet,
1740 5221 1956 5292 quando
2007 5222 2122 5281 solo

537 5307 777 5376 pondere
832 5318 1067 5366 mentem
1127 5320 1355 5383 gravat;
1405 5330 1527 5371 cum
1577 5315 1827 5371 videlicet
1870 5315 2123 5373 membris

537 5399 764 5469 simplex
792 5415 855 5456 ac
885 5405 1145 5462 naturalis
1186 5406 1393 5464 insidet
1438 5414 1617 5464 motus
1644 5409 1842 5473 carnis,
1877 5407 1971 5464 sed
2001 5408 2124 5464 libi-

539 5488 713 5545 dinosi
744 5492 815 5546 nil
863 5495 1023 5551 habet
1067 5495 1295 5555 ardoris.
1344 5499 1460 5557 Hoc
1509 5500 1681 5571 ipsum
1732 5510 1944 5566 autem.
2000 5501 2124 5572 (lilia

542 5580 836 5636 electorum
866 5595 1075 5643 mentes
1105 5590 1340 5658 graviter
1368 5592 1623 5660 tolerant,
1646 5592 1798 5663 quasi
1824 5592 1966 5661 regis
1988 5608 2125 5647 mor-

542 5672 621 5727 tui
650 5673 913 5744 integrunt
953 5678 1182 5736 cadaver
1226 5692 1467 5753 portant.
1502 5682 1639 5752 Quid
1671 5699 1799 5738 vero
1830 5695 1929 5749 est,
1980 5685 2127 5757 quod

543 5763 595 5822 in
626 5764 793 5822 frusta
826 5767 1264 5840 conciditur,nisi
1294 5773 1421 5845 quia
1442 5788 1551 5839 nec
1580 5774 1681 5846 ipsi
1703 5773 1933 5831 naturali
1956 5777 2129 5833 motui

2219 3478 2288 3536 ad
2316 3485 2493 3533 amata
2524 3476 2956 3549 concupiscendo
2981 3476 3246 3532 violenter
3274 3484 3491 3543 movet;
3514 3490 3623 3543 quo
3646 3474 3818 3529 liben-

2218 3572 2325 3627 tius
2353 3586 2417 3626 ac
2442 3569 2706 3625 morosius
2734 3568 2959 3637 cogitat,
2990 3567 3145 3637 quasi
3176 3566 3442 3622 carbones
3465 3564 3815 3631 carbonibus,

2217 3670 2401 3733 turpes
2429 3660 2755 3733 turpioribus
2796 3670 2973 3715 motus
3005 3660 3153 3728 ligat.
3201 3658 3407 3715 Teneat
3435 3673 3567 3728 ergo
3597 3656 3799 3713 fortem

2218 3755 2514 3811 custodiam
2546 3752 2738 3819 animi,
2771 3753 2863 3825 qui
2911 3762 3162 3823 potenter
3200 3750 3311 3805 vult
3350 3751 3669 3822 dispergere
3708 3765 3815 3805 mo«

2219 3855 2307 3901 tus
2329 3846 2523 3901 carnis.
2554 3844 2699 3901 intus
2722 3844 2921 3916 quippe
2947 3853 3073 3899 ante
3112 3842 3259 3913 Agag
3285 3838 3559 3906 dividitur,
3591 3852 3653 3897 ut
3685 3841 3813 3896 foris

2222 3940 2427 4011 pariter
2470 3938 2522 3993 in
2568 3936 2736 3993 frusta
2786 3934 3093 3998 dividatur;
3154 3935 3281 4003 quia
3319 3933 3412 4004 qui
3452 3934 3813 4003 cogitationes

2224 4030 2391 4087 malas
2418 4032 2708 4087 convenire
2732 4046 2839 4085 non
2868 4030 3085 4100 patitur,
3116 4044 3165 4083 et
3195 4026 3447 4081 nimirum
3478 4036 3667 4095 turpes
3702 4040 3814 4079 mo-

2228 4134 2313 4180 tus
2342 4123 2536 4189 carnis,
2569 4121 2724 4193 quasi
2752 4123 2803 4177 in
2832 4119 2999 4177 frusta
3042 4119 3376 4175 dividuntur.
3428 4118 3518 4173 Sic
3564 4119 3818 4172 nimirum

2228 4214 2377 4287 Agag
2417 4214 2799 4286 pinguissimus
2828 4214 3109 4276 occiditur,
3142 4211 3185 4265 si
3228 4212 3282 4266 in
3313 4208 3477 4265 frusta
3511 4209 3818 4273 dividatur;

2229 4307 2354 4378 quia
2385 4322 2601 4361 sensum
2633 4303 2810 4361 carnis
2837 4321 2958 4361 cum
3000 4303 3287 4359 immundis
3314 4302 3570 4367 motibus,
3604 4318 3729 4356 cum
3772 4304 3820 4355 tn

2230 4414 2479 4469 corpore,
2513 4406 2624 4452 tum
2656 4397 2709 4452 in
2749 4397 2926 4453 anima
2959 4406 3087 4453 tunc
3118 4405 3368 4467 potenter
3404 4393 3819 4462 exstinguimus,

2226 4488 2273 4547 si
2300 4490 2369 4544 ad
2388 4488 2524 4560 .ejus
2554 4487 2789 4558 singulas
2819 4486 3040 4543 insidias
3060 4486 3317 4555 singulari
3356 4484 3662 4539 intentione
3687 4483 3817 4551 vigi-

2227 4581 2419 4638 lemus.
2456 4578 2608 4635 Unde
2642 4588 2699 4635 et
2725 4579 2954 4650 Sapiens
2994 4578 3084 4633 ille
3110 4578 3392 4645 diligenter
3421 4576 3706 4641 admonet,
3738 4573 3820 4627 di-

2227 4688 2355 4729 cens
2380 4691 2393 4726 :
2423 4671 2579 4725 Omni
2607 4670 2839 4725 custodia
2862 4687 3007 4724 serva
3029 4686 3115 4723 cor
3140 4677 3279 4722 tuum
3297 4709 3313 4735 ,
3345 4668 3465 4739 quia
3490 4683 3557 4721 ea:
3584 4667 3701 4737 ipso
3724 4666 3822 4718 vita

2226 4762 2476 4836 procedit,
2525 4772 2572 4817 et
2602 4763 2664 4817 de
2712 4764 2940 4834 neglecto
2981 4778 3119 4815 mors
3149 4763 3256 4815 exit
3303 4758 3578 4832 (Proverb.
3606 4774 3683 4827 tv,
3711 4757 3820 4828 25).

2228 4852 2351 4911 Vita
2382 4869 2614 4924 namque
2642 4853 2906 4925 procedit,
2938 4868 3060 4909 cum
3087 4868 3182 4908 cor
3210 4860 3481 4918 servatur,
3513 4851 3669 4921 quia,
3700 4848 3823 4904 dum

2228 4947 2566 5004 immunditia
2596 4948 2769 5004 omnis
2806 4947 3106 5018 repellitur,
3152 4947 3221 5003 ad
3249 4947 3477 5002 virtutes
3522 4960 3817 5001 converso-

2226 5058 2343 5097 rum
2374 5042 2592 5114 spiritus
2632 5042 2920 5097 animatur.
2964 5040 3022 5096 in
3064 5040 3233 5095 frusta
3281 5054 3411 5110 ergo
3455 5040 3607 5109 Agag
3638 5056 3673 5095 a
3703 5054 3822 5108 pro-

2225 5136 2389 5204 pheta
2435 5133 2759 5201 conciditur,
2799 5132 3014 5205 quando
3059 5148 3155 5203 per
3203 5133 3491 5189 doctorum
3535 5133 3818 5188 consilium

2231 5226 2452 5297 singulte
2481 5225 2942 5282 imntunditiarum
2962 5225 3268 5298 particulae,
3296 5235 3352 5282 et
3380 5226 3433 5280 in
3465 5240 3702 5295 corpore
3732 5238 3822 5276 au-
3843 5274 3857 5313 ζ

2230 5319 2487 5388 ditorutn,
2535 5329 2591 5375 et
2639 5319 2693 5374 in
2740 5328 2924 5376 mente
2967 5321 3323 5391 perimuntur.
3375 5318 3525 5375 Bene
3555 5328 3739 5374 autem
3772 5324 3857 5371 et'

2232 5426 2413 5467 coram
2460 5410 2688 5466 Domino
2735 5418 2790 5465 et
2830 5412 2883 5466 in
2925 5410 3162 5481 Galgalis
3208 5409 3421 5466 concidi
3471 5409 3819 5480 perhibetur;

2232 5501 2358 5569 quia
2408 5500 2484 5555 illi
2532 5502 2786 5557 minutias
2834 5501 3275 5557 illecebrosarum
3323 5501 3739 5569 cogitationum,
3770 5505 3820 5550 et

2236 5593 2466 5661 turpium
2496 5602 2737 5648 motuum
2777 5592 3016 5649 dividere
3060 5602 3310 5665 potenter
3356 5600 3604 5663 possunt,
3650 5591 3819 5661 quiet

2230 5682 2298 5739 de
2328 5684 2698 5754 omnipotente
2739 5682 2884 5753 Deo,
2929 5693 2985 5739 et
3012 5682 3077 5739 de
3104 5684 3304 5740 sanctis
3348 5682 3645 5755 Scripturis
3675 5681 3817 5749 cogi-

2234 5784 2348 5830 tare
2379 5776 2651 5843 sapienter
2680 5772 2878 5831 sciunt.
2910 5772 3049 5844 Sed,
3092 5785 3153 5831 ut
3192 5775 3333 5843 dixi,
3380 5775 3631 5830 simulata
3677 5774 3815 5827 bona

545 5860 850 5930 relinquere
894 5863 1133 5931 vigorem
1161 5866 1385 5922 volunt?
1428 5867 1487 5922 lu
1527 5867 1697 5924 frusta
1741 5881 1868 5938 ergo
1894 5869 2135 5926 concidi-
2237 5870 2522 5939 malorum,
2552 5884 2698 5941 saepe
2722 5869 2976 5927 doctores
3003 5885 3115 5928 non
3138 5886 3236 5942 pro
3264 5869 3417 5939 ipsis,
3446 5869 3543 5929 sed
3571 5880 3674 5940 pro
3694 5864 3813 5921 alii:
