4052 6338
261 445 372 502 4‘45
1091 438 1159 497 ιδ
1199 436 1467 498 PRIMUM
1502 437 1751 499 REGUM
1783 436 1877 501 EX

1997 437 2306 500 ii‘l'lONES.
2339 464 2417 486 ε·-
2448 436 2580 499 LIB.
2622 438 2692 497 Ἴ.
3433 442 3541 501 446

259 559 563 625 ιαιὶιιθιιις
593 554 721 627 quia
743 553 895 626 quod
936 552 1188 611 simulate
1214 559 1380 625 agunt
1414 568 1526 611 non
1569 554 1849 610 simulato-
1878 557 1931 621 Α
1953 552 2334 612 emendatione
2375 552 2588 610 invitati
2624 548 2881 609 redeunt.
2924 550 3093 609 Abire
3118 565 3251 624 ergo
3278 553 3541 626 doctoris,

260 655 445 717 ribm,
493 650 591 709 sed
631 649 937 708 videntibus
974 649 1215 720 prodest.
1246 648 1405 720 Saepe
1449 650 1668 720 quidem
1692 651 1855 707 electi
1958 653 2042 702 est
2081 646 2483 717 impaenitentes
2530 646 2727 717 impios
2773 652 3037 716 perpetua
3078 646 3549 706 animadversione

259 746 525 808 simulae
542 744 688 801 bona
731 743 999 799 maiorum
1029 742 1243 810 vident;
1285 741 1382 797 sed
1410 742 1536 811 quia
1564 742 1729 798 corda
1755 757 1854 798 που
1957 739 2231 796 deserere.
2261 735 2352 795 Sic
2392 740 2536 795 enim
2560 746 2785 809 peccata
2814 738 2887 793 ad
2920 746 3149 794 mortem
3176 753 3276 810 per
3300 738 3551 810 improui-

259 840 462 903 scium,
483 837 711 903 bonum,
730 835 878 906 quod
898 834 1105 906 fulgere
1127 834 1342 890 videtur
1366 841 1609 890 exterius
1638 834 1856 891 imitan-
1957 832 2199 889 tudinem
2224 840 2515 904 operantes
2540 832 2815 898 deserunt,
2836 838 2896 886 ut
2915 830 2985 886 ad
3012 846 3108 886 eos
3128 831 3307 887 redire
3326 832 3553 887 ulterius

257 939 369 986 tur.
402 929 534 986 Sani
560 928 871 985 Samudem
899 936 959 982 ut
982 942 1167 983 secum
1193 926 1261 982 ad
1289 926 1628 982 adorandum
1671 927 1855 983 Domi-
1957 938 2069 982 non
2099 935 2383 996 cogantur.
2416 926 2563 981 Bene
2588 937 2721 994 ergo
2749 924 2886 979 dixit
2928 941 2942 979 :
2978 924 3104 980 Non
3131 925 3259 980 uidit
3288 924 3421 981 Sani
3449 925 3554 979 Sa-

256 1038 390 1083 num
435 1026 825 1085 reverteretur,
870 1018 1117 1089 rogavit;
1156 1018 1251 1074 sed
1286 1018 1380 1073 ille
1404 1032 1655 1075 reversus
1702 1019 1851 1089 Agag
1958 1020 2173 1075 niualem
2200 1022 2341 1076 ultra
2363 1036 2523 1091 usque
2552 1019 2621 1073 ad
2644 1018 2781 1073 diem
2809 1019 2990 1073 mortis
3014 1034 3143 1074 suae.
3194 1018 3264 1072 Et
3288 1018 3414 1088 quia
3445 1019 3552 1074 hoc

257 1115 511 1172 infmia
551 1112 825 1179 concidit,
865 1111 994 1187 quia
1021 1110 1182 1167 electi
1227 1110 1482 1166 doctores
1519 1125 1618 1183 per
1661 1124 1848 1180 opera,
1959 1126 2081 1170 esse
2131 1114 2395 1183 agendum
2443 1114 2496 1167 in
2545 1126 2770 1168 summa;
2815 1111 3060 1169 veritatis
3100 1111 3557 1183 contemplatione

257 1221 383 1276 quae
408 1204 627 1276 reprobi
654 1203 881 1271 Γπῖιωιν
909 1203 1119 1259 θῙθειοε
1144 1202 1213 1258 ad
1243 1204 1384 1259 be“
1411 1201 1626 1259 Viventii
1669 1202 1850 1260 studia
1960 1208 2300 1280 percipiunt,
2335 1208 2388 1262 in
2419 1204 2690 1263 Ramatha
2730 1204 2881 1261 abire
2907 1205 3262 1262 memoratur.
3291 1203 3558 1260 Consum-

258 1304 607 1355 convertunt.
652 1295 765 1352 Sed
800 1296 928 1365 quia
958 1294 1190 1367 idipsum
1240 1294 1635 1365 dispensative,
1678 1293 1732 1349 id
1772 1299 1856 1349 est

1997 1311 2108 1358 tata
2132 1316 2366 1372 namque
2386 1302 2547 1369 visio,
2565 1306 2649 1357 est
2670 1297 2873 1356 intimae
2892 1298 3138 1355 veritatis
3158 1300 3296 1355 ratio
3320 1299 3561 1357 perfecta

259 1397 488 1460 propter
509 1385 658 1443 aliud
686 1386 922 1453 faciunt,
949 1401 1077 1441 cum
1116 1385 1539 1456 dispensationis
1562 1384 1855 1441 necessitas

1997 1396 2041 1452 le
2070 1408 2201 1465 ergo
2228 1396 2643 1467 praedicatorum
2683 1393 2952 1450 districtio
2982 1392 3148 1448 nimia
3180 1409 3299 1449 esse
3327 1391 3560 1448 carnali-

261 1479 478 1544 transit,
503 1478 653 1550 ipsos
670 1479 957 1549 reprobos,
984 1492 1124 1547 quos
1142 1478 1299 1548 quasi
1326 1478 1393 1533 ad
1423 1478 1566 1534 bona
1589 1491 1755 1549 opera
1778 1488 1860 1532 se-

1997 1506 2066 1545 uus
2085 1488 2374 1566 iudicetur,
2396 1505 2517 1546 cum
2535 1489 2603 1544 ab
2628 1487 2883 1545 Ecclesiae
2905 1488 3286 1543 communione
3300 1486 3564 1556 reprobos

258 1581 523 1645 quuntur,
553 1572 626 1629 ad
665 1571 885 1644 reprobi
931 1571 1112 1628 cordis
1158 1571 1632 1642 impmnitudinem
1679 1571 1860 1643 lapsos

1997 1599 2021 1639 n
2050 1591 2370 1654 perpetuum
2398 1589 2685 1654 separant,
2713 1581 2965 1647 audiant;
2995 1579 3119 1652 quia
3147 1587 3431 1650 postquam
3462 1577 3564 1634 Sa—

259 1664 543 1723 deserunt.
572 1661 718 1720 Bene
748 1663 933 1733 itaque
958 1663 1209 1720 subditur
1230 1680 1249 1718 :

1997 1674 2113 1730 nuel
2145 1675 2197 1730 in
2231 1674 2499 1729 Ramatha
2525 1674 2702 1741 venit,
2736 1672 2866 1728 Sani
2895 1672 3036 1727 ultra
3080 1687 3189 1727 non
3230 1671 3393 1739 vidit;
3438 1669 3565 1742 quia

336 1756 524 1827 (νεηο
554 1755 657 1822 3‘»
685 1754 804 1828 35ι)
830 1755 970 1810 Abl“
1006 1765 1179 1811 “mm
1217 1754 1435 1811 Simul
1475 1755 1532 1809 ξπ
1572 1753 1857 1822 Βαηῑαυοσν
1966 1766 2116 1823 illum
2158 1765 2354 1823 doctor
2382 1766 2714 1821 aeternaliter
2753 1759 2966 1829 dividit,
2996 1780 3159 1835 quem
3187 1766 3462 1835 pertinere
3491 1763 3559 1818 ad

262 1845 399 1903 Sall
422 1862 539 1903 vero
567 1846 804 1902 ascendit
830 1847 887 1901 in
914 1846 1124 1901 densum
1160 1861 1312 1900 unus
1348 1846 1405 1900 in
1442 1844 1644 1912 ϐεοαα,
1669 1852 1721 1899 et
1753 1858 1858 1899 non

2001 1859 2265 1915 lectorum
2296 1872 2583 1914 numerum
2609 1872 2727 1913 non
2747 1856 3048 1925 cognoscit.
3073 1855 3180 1911 Sed
3204 1856 3312 1911 hoc
3341 1854 3562 1911 ilducia-

262 1941 393 1997 υωίί
421 1941 637 1997 sum
663 1941 805 1996 im"
829 1954 988 2011 usque
1016 1939 1086 1993 αδ
1113 1940 1254 1994 dm
1280 1940 1463 1994 mm“
1481 1952 1610 1994 Μ’
1892 1939 1934 1948 ⁷
1964 1952 2090 2009 liter
2135 1954 2396 2021 creditur,
2428 1952 2473 2007 si
2515 1952 2571 2007 in
2618 1952 2788 2005 l‘orma
2835 1947 3103 2004 Samuelis
3148 1947 3563 2019 praedicatorum

336 2031 432 2088 41.
463 2031 595 2099 Qua
619 2040 704 2089 est
731 2033 925 2089 domus
950 2031 1353 2101 trangressoris,
1382 2032 1489 2088 nisi
1526 2028 1863 2087 consuetudo

1997 2056 2166 2103 anctze
2211 2047 2467 2103 Ecclesia:
2497 2044 2778 2103 charitatis
2804 2045 3028 2101 affectus
3054 2042 3354 2100 districtius
3376 2044 3565 2099 videa-

263 2126 420 2198 pravi
438 2126 656 2198 operis?
676 2124 930 2197 Quisquis
944 2126 1089 2182 enim
1113 2126 1169 2181 in
1192 2139 1448 2196 perversa
1469 2122 1864 2181 consuetudine

1997 2154 2080 2196 ur.
2112 2138 2475 2196 Districtionis
2515 2139 2716 2210 quippe
2758 2138 2909 2194 zelus
2950 2137 3274 2203 ostenditur,
3306 2137 3432 2207 quia
3463 2151 3571 2194 non

259 2218 559 2287 clauditur,
585 2218 739 2289 quasi
779 2218 835 2273 in
860 2218 1026 2275 domo
1051 2224 1426 2291 conversatur.
1476 2215 1532 2271 in
1565 2217 1725 2289 373
1754 2218 1860 2271 do-

1997 2231 2170 2288 'idisse
2197 2230 2329 2286 Sani
2360 2244 2532 2302 usque
2575 2228 2644 2285 ad
2673 2229 2816 2286 diem
2846 2228 3037 2285 mortis
3064 2242 3175 2284 suae
3219 2234 3566 2283 memoratur.

266 2323 419 2365 mum
467 2322 599 2380 ergo
639 2324 793 2365 suam
835 2307 968 2364 Sani
1010 2306 1287 2377 ascendit,
1336 2307 1554 2379 quando
1602 2306 1866 2378 reprobus

1997 2327 2048 2381 )e
2076 2324 2271 2381 affectu
2303 2340 2431 2379 vero
2460 2322 2742 2381 charitatis
2769 2322 3114 2394 subiunctum
3145 2328 3228 2376 est
3256 2336 3270 2375 :

265 2400 501 2471 quisque
527 2406 653 2471 post
674 2399 1101 2470 increpationem
1125 2398 1408 2455 doctorum
1436 2397 1507 2454 ad
1532 2398 1662 2454 mali
1686 2398 1861 2469 operit

2038 2417 2215 2493 (Vers.
2234 2417 2351 2488 55.)
2384 2416 2750 2473 Verumtamen
2774 2416 2981 2489 lugebat
3012 2416 3227 2472 Samuel
3257 2412 3412 2483 Sani,
3441 2428 3569 2487 quo-

646 2491 818 2595 Qflasi
834 2493 1077 2595 Ψίω-δίί
1107 2493 1268 2595 Nai“
1307 2493 1619 2595 άθδθθηξίίίν
1648 2492 1865 2564 quam“)
1967 2491 2118 2568 niam
2148 2510 2434 2567 Dominum
2481 2511 2788 2583 paenitebat,
2834 2510 2971 2585 quod
3011 2508 3355 2567 constituisset
3404 2521 3573 2581 regem

268 2584 632 2641 humilitatem
660 2584 899 2650 simulat,
940 2593 999 2640 ut
1029 2586 1319 2655 praesulum
1360 2587 1615 2642 mandata
1660 2600 1866 2656 cogno-
1968 2605 2106 2662 δαηι
2132 2620 2286 2675 ευμεν
2317 2604 2507 2659 Israel,

264 2676 577 2781 tantaQuid
605 2684 689 2732 est
727 2692 878 2744 vero,
906 2677 1051 2748 quod
1080 2679 1233 2748 prius
1259 2678 1474 2734 Samuel
1505 2679 1675 2747 abire,
1703 2694 1865 2751 quam

2044 2696 2135 2752 45.
2169 2694 2307 2763 Quid
2336 2695 2479 2751 enim
2511 2698 2624 2760 est,
2655 2692 2799 2764 quod
2828 2694 3009 2764 luget,
3036 2706 3198 2764 quem
3229 2704 3453 2781 cernere
3479 2687 3575 2743 de-

270 2767 474 2825 Sa‘m“
740 2784 893 2872 5‘1“
919 2769 1211 2872 “md”?
1238 2769 1470 2826 dicm"?
1499 2769 1630 2839 sed,
1650 2777 1709 2825 ιη
1732 2770 1864 2872 dixi,
1975 2787 2243 2857 dignatur,
2276 2785 2379 2841 nisi
2410 2784 2537 2856 quia
2580 2791 2637 2840 et
2683 2799 2803 2838 cum
2852 2783 2976 2838 zelo
3024 2777 3359 2838 rectitudinis
3404 2777 3577 2839 sancti

269 2876 397 2918 eum
420 2861 718 2917 necessitas
742 2860 972 2916 aliorum
999 2868 1226 2927 nonest,
1251 2874 1470 2917 manere
1498 2876 1621 2917 cum
1648 2870 1869 2916 versuto

1997 2879 2236 2934 lectores
2262 2876 2467 2932 habent
2493 2874 2745 2931 allectum
2771 2888 2980 2943 magum
3011 2873 3307 2938 charitatis,
3339 2872 3453 2941 ipsa
3483 2885 3579 2924 aus

268 2952 481 3010 electus
509 2952 832 3023 prmdicator
860 2966 970 3009 non
1011 2960 1230 3023 potest;
1278 2960 1335 3008 et
1370 2954 1495 3023 quia
1538 2954 1591 3008 in
1619 2954 1863 3010 absentia

2001 2984 2088 3025 em
2116 2967 2399 3024 cbaritatis
2423 2964 2736 3035 magnitudo
2765 2963 3087 3028 ostenditur,
3120 2964 3245 3035 quia
3276 2961 3576 3033 projectum

270 3044 516 3103 doctoris
536 3045 822 3101 simulator
844 3046 1076 3117 proiicit,
1093 3044 1227 3103 Sani
1247 3045 1300 3101 in
1326 3046 1547 3103 domum
1576 3063 1683 3102 non
1712 3047 1866 3115 abiit,

1977 3075 2165 3133 regem
2193 3059 2356 3133 374
2385 3057 2642 3132 plangere
2669 3056 3021 3130 perhibetur?
3065 3055 3185 3124 Quo
3215 3068 3343 3124 ergo
3383 3052 3580 3115 ail'ectu

270 3136 373 3194 sed
391 3137 653 3194 ascendit.
678 3136 985 3194 Ascendere
1007 3138 1210 3209 quippe
1228 3138 1493 3208 reprobis,
1518 3144 1603 3194 est
1627 3137 1696 3194 de
1723 3137 1868 3194 maio

1997 3153 2283 3210 electorum
2336 3151 2679 3209 subditorum
2728 3161 2951 3223 peccata
3000 3151 3292 3222 plangunt,
3341 3146 3430 3216 qui
3481 3163 3581 3218 pro

270 3232 342 3288 ad
373 3230 526 3301 pejus
554 3229 844 3302 proﬁcere.
890 3204 1043 3287 Cum
1069 3204 1200 3287 item
1228 3204 1563 3287 descendere
1608 3229 1871 3301 superbus

1997 3245 2241 3315 )rojectis
2279 3242 2529 3314 rcprobis
2576 3204 2835 3312 plangrere
2882 3204 3335 3297 tamratleuctuose
3360 3204 3581 3293 Ididice-

272 3324 501 3392 dicitur,
529 3323 825 3380 ascendere
853 3322 1188 3394 perhibetur.
1230 3322 1542 3379 Ascendere
1588 3322 1789 3392 quippe
1817 3321 1873 3377 in

271 3416 498 3472 domum
523 3428 678 3470 suam
721 3414 988 3485 superbo,
1037 3420 1122 3469 est
1172 3412 1537 3483 superbiendo
1583 3428 1756 3482 usque
1803 3411 1875 3466 ad

270 3520 610 3570 mensuram,
629 3515 653 3541 α
675 3519 782 3575 qua
800 3504 1139 3561 damnandus
1156 3511 1261 3571 est,
1284 3518 1345 3560 se
1366 3503 1649 3559 extollere.
1668 3504 1872 3560 Domus

273 3615 513 3671 namque
544 3600 791 3670 superbi,
840 3607 925 3655 est
954 3598 1213 3668 nequitiae
1255 3612 1367 3653 suae
1409 3612 1683 3653 mensura.
1733 3595 1871 3651 Dum

274 3693 423 3749 enim
447 3698 548 3763 per
574 3703 836 3761 prospera
865 3687 1045 3745 saeculi
1068 3702 1231 3757 agere
1254 3686 1617 3760 tyrannidem,
1645 3686 1867 3741 turbare

274 3796 499 3851 terram,
530 3796 785 3856 premere
814 3783 1006 3849 bonos,
1031 3784 1350 3838 innocentes
1380 3780 1620 3849 adﬂigere
1648 3780 1873 3850 permit-

274 3885 486 3943 tuetur,
498 3874 628 3946 quid
655 3875 819 3940 aliud,
843 3889 1007 3945 quam
1030 3874 1325 3931 ascendere
1352 3871 1567 3944 superbi
1588 3871 1848 3927 videntur

276 3966 391 4024 Sed
417 3966 541 4036 quia
579 3964 904 4037 prteiinitum
932 3973 1016 4020 est
1061 3978 1092 4018 a
1145 3962 1259 4020 Deo
1298 3969 1563 4030 quantum
1608 3967 1871 4029 noceant,

275 4068 540 4133 quantum
593 4056 819 4116 saeviant
844 4098 860 4125 ,
933 4066 1196 4129 quantum
1256 4070 1357 4127 per
1409 4054 1747 4125 tyrannidem
1814 4067 1876 4109 se

277 4151 576 4220 extollant,
626 4165 799 4221 usque
843 4149 915 4205 ad
956 4149 1177 4205 domum
1223 4163 1376 4205 suam
1404 4148 1698 4203 ascendere
1748 4162 1875 4218 per-

277 4247 591 4303 mittuntur.
645 4246 846 4301 Domus
898 4259 1133 4314 namque
1188 4258 1412 4309 eorum,
1465 4256 1721 4298 mensura
1779 4257 1876 4297 ne-

278 4339 466 4409 quitis
514 4347 639 4403 est,
691 4340 747 4395 in
793 4355 902 4411 qua
948 4352 1167 4411 semper
1218 4346 1375 4395 erunt
1426 4355 1439 4391 :
1490 4338 1614 4407 quia
1668 4335 1761 4393 ubi
1808 4335 1876 4391 ad

279 4429 444 4499 plena
482 4426 686 4497 ﬂagitia
725 4431 1006 4499 venerint,
1049 4430 1334 4500 rapiuntur
1379 4443 1477 4498 per
1518 4435 1780 4493 mortem,
1822 4432 1880 4480 et

279 4534 381 4591 per
404 4527 609 4575 aeterna
648 4528 919 4577 tormenta
965 4521 1277 4591 puniuntur.
1312 4519 1474 4587 Quasi
1517 4520 1661 4574 enim
1692 4518 1746 4573 in
1782 4518 1879 4573 do-

1980 3338 2149 3391 runt?
2175 3335 2435 3391 instantia
2464 3350 2698 3405 namque
2728 3333 2909 3389 luctus
2937 3332 3262 3396 ostenditur,
3293 3330 3418 3400 quia
3450 3330 3582 3386 subs

1977 3427 2226 3497 junctum
2259 3435 2342 3482 est
2369 3442 2386 3480 :

2595 3512 2826 3572 CAPUT
2885 3511 2973 3568 lii.

2058 3606 2112 3681 (Ι
2159 3606 2295 3678 Reg.
2327 3622 2451 3675 xvr,
2503 3606 2581 3678 i.)
2635 3606 2784 3662 Dixit
2833 3604 3089 3660 Dominus
3135 3602 3204 3659 ad
3245 3598 3583 3658 Samuelem:

1983 3700 2256 3775 Usquequo
2287 3710 2338 3754 tu
2376 3701 2517 3772 luges
2564 3699 2714 3765 Saul,
2747 3714 2860 3753 cum
2891 3712 2984 3769 ego
3012 3695 3320 3768 projecerim
3349 3710 3485 3760 eum,
3515 3706 3583 3746 ne

1980 3804 2161 3867 regnet
2198 3807 2351 3864 super
2390 3788 2561 3847 Israel
2584 3792 2608 3846 ?

2056 3885 2110 3940 l.
2144 3884 2243 3942 Cui
2274 3884 2417 3939 enim
2447 3883 2645 3939 dicitur
2676 3901 2690 3937 :
2726 3880 2997 3955 Usquequo
3028 3886 3082 3933 tu
3111 3878 3298 3949 luges?
3323 3876 3588 3932 instanter

1983 3978 2174 4050 iugere
2198 3978 2524 4034 declaratur.
2576 3975 2803 4047 Magnus
2834 3989 2965 4046 ergo
2996 3980 3079 4029 est
3107 3971 3332 4027 allectus
3363 3976 3587 4026 sancto-

1983 4089 2128 4139 rum,
2158 4072 2323 4129 etiam
2353 4086 2479 4127 cum
2520 4071 2892 4125 austeritatem
2920 4065 3168 4120 vindictae
3192 4061 3428 4117 exterius
3458 4075 3590 4130 pro-

1987 4168 2186 4221 ferunt.
2231 4163 2366 4219 Nam
2396 4161 2528 4217 foris
2556 4158 2802 4225 smviunt,
2831 4156 2927 4210 sed
2955 4156 3099 4209 intus
3123 4167 3222 4223 per
3249 4164 3491 4206 antorem
3520 4148 3587 4203 li-

1983 4266 2267 4329 quescunt.
2310 4256 2460 4311 More
2502 4261 2737 4307 matrum
2786 4248 3042 4319 parvulos
3096 4246 3421 4312 verberant,
3491 4243 3586 4300 sed

1984 4350 2180 4406 all'ectu
2212 4352 2438 4418 gemunt
2457 4340 2847 4414 cumparvulis,
2863 4356 2998 4411 quos
3023 4336 3308 4409 castigant.
3332 4337 3437 4394 Sed
3459 4335 3591 4410 quid

1985 4448 2094 4506 est,
2128 4439 2273 4509 quod
2302 4437 2563 4493 Dominus
2611 4436 2688 4489 ait
2717 4452 2729 4487 ε
2759 4433 3032 4507 Usquequo
3064 4440 3114 4487 tu
3142 4432 3283 4504 luges
3309 4430 3485 4487 Saul.’
3505 4432 3590 4487 An

1987 4536 2169 4601 potest
2197 4536 2373 4584 mater
2401 4525 2566 4580 illium
2597 4524 2920 4581 morientem
2949 4538 3201 4589 cernere,
3247 4534 3303 4579 et
3331 4538 3428 4595 per
3456 4524 3591 4580 scis-

280 4626 374 4667 mo
403 4618 618 4677 manet,
649 4611 742 4680 qui
786 4625 819 4667 a
858 4610 1285 4667 conversationis
1321 4625 1432 4666 suae
1475 4611 1650 4680 poenis
1695 4608 1877 4678 egredi

1997 4623 2200 4679 sionem
2245 4618 2516 4674 viscerum
2565 4630 2906 4687 nequaquam
2950 4616 3123 4672 ﬂere?
3172 4613 3442 4671 Mortuum
3471 4615 3591 4669 sine

281 4717 561 4774 nunquam
588 4711 789 4773 βαθεί-
835 4702 990 4772 (ὶυοά
1019 4719 1128 4761 non
1156 4704 1331 4760 801ml!
1366 4703 1436 4759 de
1475 4704 1755 4774 ευρθτὺίε,
1786 4703 1883 4759 30d
1909 4702 1950 4711 —
1989 4712 2141 4769 luctu
2169 4709 2389 4775 tolerat,
2415 4721 2535 4778 quae
2559 4707 2806 4773 moritur,
2834 4705 2929 4761 sed
2957 4706 3280 4762 intimatur.
3314 4704 3453 4773 Quid
3483 4708 3589 4771 est,

279 4803 341 4852 et
366 4796 439 4852 de
467 4794 786 4862 luxuriosis,
837 4804 894 4851 et
928 4796 1181 4852 omnibus
1208 4795 1455 4867 reprobis
1493 4795 1882 4851 convenienter

282 4888 513 4959 intelligi
542 4898 744 4961 potest.
776 4890 833 4945 In
864 4903 1093 4946 ascensu
1135 4890 1353 4961 quippe,
1399 4895 1455 4942 et
1482 4903 1590 4943 non
1635 4888 1690 4941 in
1720 4886 1884 4942 domo

284 4980 467 5037 adhuc
492 4988 673 5047 erant,
692 4981 765 5037 de
781 4982 976 5053 quibus
997 4980 1194 5036 dicitur
1216 4998 1231 5035 :
1262 4977 1515 5034 Nondum
1534 4980 1745 5049 impleta
1766 4985 1885 5032 sunt

282 5082 499 5146 peccata
530 5074 952 5131 Amorrhworum
984 5072 1141 5147 (Gen.
1171 5088 1265 5141 xv,
1296 5072 1408 5141 iii).
1437 5070 1575 5125 Hinc
1602 5070 1728 5125 item
1758 5071 1889 5125 bea-

287 5177 385 5223 tus
424 5166 624 5223 Paulus
650 5167 932 5239 apostolus
974 5166 1144 5222 dicit:
1180 5165 1249 5221 Ut
1274 5164 1525 5236 impleant
1553 5170 1762 5234 peccata
1791 5178 1888 5217 sua

285 5256 346 5332 (Ι
374 5258 555 5315 Thess.
578 5274 638 5325 ll,
670 5259 779 5331 16).
807 5258 951 5330 Ergo
976 5260 1045 5314 ad
1072 5259 1293 5315 domum
1325 5256 1643 5321 ascendunt,
1666 5255 1884 5325 quando

282 5351 537 5423 profectu
589 5351 719 5407 mali
765 5354 833 5407 ad
881 5365 1048 5422 opera
1094 5352 1358 5423 nequiora
1411 5348 1732 5420 proﬁciunt,
1782 5363 1884 5421 pro

283 5443 488 5513 quibus
512 5451 717 5498 aeterna
742 5450 1013 5499 tormenta
1052 5441 1416 5497 sustinebunt.

358 5533 449 5588 42.
485 5534 705 5591 Samuel
750 5544 929 5590 autem
968 5534 1025 5590 in
1077 5534 1341 5591 Ramatha
1379 5533 1531 5589 abire
1574 5535 1792 5593 dicitur.
1838 5535 1884 5592 Α

285 5626 539 5694 mprobis
555 5627 756 5697 quippe
774 5626 931 5683 divisi
958 5626 1212 5684 doctores
1231 5644 1340 5683 non
1369 5638 1518 5695 eunt,
1542 5630 1635 5686 sed
1661 5630 1883 5686 abeunt.

287 5714 509 5770 Vadnnt
548 5717 749 5787 quippe
768 5758 784 5784 ,
814 5717 1033 5787 quando
1062 5719 1413 5788 corrigendos
1441 5720 1696 5777 deserunt
1715 5761 1730 5786 ,
1759 5724 1887 5792 quia

289 5823 433 5877 quos
460 5808 610 5864 velut
651 5809 775 5866 irati
801 5811 1109 5879 dimittunt,
1156 5812 1227 5866 ab
1253 5812 1332 5868 eis
1357 5812 1704 5885 postmodum
1742 5815 1886 5873 bona

370 5980 397 6008 ει
429 5970 619 6045 ϐἱιοῒη
640 5990 742 6047 qua
770 5975 1048 6032 damnatus
1074 5980 1169 6030 est.

1995 4801 2139 4873 quod
2171 4800 2302 4856 dicit
2326 4816 2339 4854 :
2373 4798 2648 4869 Usquequo
2669 4804 2721 4849 tu
2745 4796 2887 4867 luges
2918 4795 3086 4851 Saul?
3105 4795 3217 4850 Nisi
3246 4795 3369 4864 quia
3394 4790 3591 4864 perditi

1993 4897 2153 4952 nimis
2180 4893 2400 4965 lugendi
2430 4906 2539 4947 non
2570 4891 2730 4946 sunt?
2759 4888 2893 4944 Nam
2922 4904 3065 4958 saepe
3090 4886 3284 4943 doctor
3311 4886 3379 4941 de
3408 4883 3589 4955 perdi-

1995 4988 2143 5045 tione
2189 4985 2388 5041 subditi
2437 4983 2790 5039 vehementer
2840 4979 3133 5048 aiiligitur,
3184 4975 3279 5033 sed
3338 4985 3592 5049 respectu

1992 5093 2215 5135 summae
2252 5075 2475 5146 iustitia:
2502 5074 2833 5130 consolatur.
2867 5070 2983 5128 Hoc
3014 5083 3143 5140 ergo
3182 5067 3364 5125 dicere
3392 5069 3489 5125 Dei
3520 5069 3588 5123 ad

1992 5171 2314 5242 prophetam
2341 5170 2469 5239 quid
2497 5177 2580 5225 est
2600 5208 2615 5233 ,
2674 5168 2774 5222 nisi
2816 5163 3183 5237 prmdicatoris
3227 5171 3463 5217 mentem
3496 5176 3592 5231 per

1993 5264 2268 5320 internum
2315 5262 2571 5319 solatium
2618 5262 2685 5317 ab
2714 5258 3009 5317 aiiiictione
3036 5256 3319 5313 relevare?
3374 5253 3439 5309 Et
3465 5256 3589 5323 quia

1991 5356 2159 5427 lapsis
2223 5354 2460 5427 praelatis
2507 5352 2667 5409 electi
2723 5364 2822 5422 per
2873 5348 3107 5405 divinam
3160 5344 3589 5402 misericordiam

1989 5449 2373 5518 subrogantur,
2404 5444 2731 5515 subjungens
2760 5440 3043 5503 Dominus,
3078 5437 3152 5493 ait
3182 5456 3195 5491 :
3636 5434 3638 5438 ’

2064 5540 2247 5609 (Vers.
2278 5538 2357 5609 i.)
2389 5537 2558 5608 Imple
2583 5549 2741 5589 cornu
2780 5539 2924 5586 tuum
2953 5531 3085 5595 oleo,
3118 5538 3168 5583 et
3204 5530 3356 5583 veni:
3386 5528 3590 5582 mittam

1992 5641 2041 5688 te
2084 5633 2153 5686 ad
2188 5631 2298 5687 Isai
2330 5630 2765 5687 Bethlchemitem.
2814 5624 3031 5681 Providi
3061 5622 3198 5679 enim
3234 5622 3290 5678 in
3317 5618 3447 5694 ﬁliis
3472 5622 3587 5694 ejus

1992 5727 2121 5781 mihi
2148 5744 2339 5795 regem.

2067 5817 2118 5879 2.
2148 5817 2313 5889 Quasi
2342 5815 2487 5874 enim
2526 5814 2800 5887 lugentem
2824 5811 3139 5882 consolans,
3169 5813 3288 5873 ait:
3316 5811 3425 5867 Cur
3458 5824 3578 5889 pro.
