4052 6338
545 359 651 417 447

1743 353 1989 415 SANCTI
2025 350 2356 411 GREGORII
2395 352 2613 411 MAGNI

3710 367 3811 426 “8

541 477 667 551 iacti
687 489 917 549 persona
935 474 1224 546 plangitur,
1246 487 1370 532 eum
1389 472 1581 531 melior
1599 471 1954 543 subrogatur?
1974 468 2129 525 Unde
2153 468 2207 531 Α
2230 467 2339 536 nis,
2376 467 2591 540 quando
2634 476 2689 525 et
2713 470 2957 530 sublimis
2989 474 3186 546 gradus
3212 476 3542 548 ascenditur,
3586 480 3683 536 sed
3726 485 3809 553 qui

540 579 598 628 et
624 570 753 626 Saul
779 583 887 624 non
917 566 1199 638 provisus,
1217 567 1387 623 David
1407 574 1587 622 autem
1608 565 1854 636 provisus
1883 562 2125 619 ostendi-

460 680 468 742 ;
542 671 647 719 tur.
671 661 914 729 Quantus
942 673 1090 729 ergo,
1124 668 1180 714 et
1214 658 1390 728 qualis
1416 657 1596 722 fuerit,
1627 658 1789 712 citata
1813 655 2126 712 considera-

539 754 687 810 tione
714 758 991 823 pensetur,
1021 750 1113 820 qui
1137 749 1342 819 judicio
1369 758 1426 803 et
1453 749 1718 804 electione
1746 747 1841 803 Dei
1872 747 2124 817 omnipo-

537 848 701 904 tentis
718 845 1044 902 decernitur.
1066 841 1206 909 Quid
1223 850 1305 898 est
1326 849 1505 897 autem
1526 840 1673 910 quod
1693 840 1834 896 Deus
1855 838 2150 915 providet,.

536 946 593 994 et
619 937 881 1008 propheta
905 935 974 990 ad
1012 934 1319 1003 ungendum
1344 934 1608 994 mittitur;
1643 933 1745 988 nisi
1771 933 1897 1003 quia
1924 940 2121 987 sancta:

536 1030 791 1087 Ecclesiae
831 1027 1137 1099 spirituales
1184 1041 1361 1082 mores
1405 1027 1802 1091 describuntur,
1834 1040 1952 1095 qua:
1989 1039 2119 1080 con-

506 1124 760 1181 'stituere
789 1124 934 1177 nulla
955 1120 1209 1187 cernitur,
1233 1120 1333 1175 nisi
1355 1134 1474 1191 quae
1501 1120 1811 1189 prmeligere
1839 1127 1893 1173 et
1921 1132 2120 1188 praeor-

534 1216 722 1273 dinare
747 1218 915 1273 Deum
956 1213 1386 1285 contemplatur?
1429 1210 1571 1275 Veni,
1606 1212 1810 1283 inquit,
1841 1212 2041 1265 mittam
2072 1218 2120 1265 te

535 1307 605 1361 ad
631 1305 741 1361 Isai
770 1305 1199 1360 Bethleltemitem.
1240 1302 1455 1358 Providi
1484 1304 1620 1357 enim
1649 1304 1704 1357 in
1733 1303 1856 1357 ﬁliis
1896 1303 2007 1373 ejus
2037 1318 2120 1356 re-

535 1416 666 1472 gem.
700 1399 861 1466 Quasi
890 1399 1071 1454 dicat:
1100 1397 1147 1452 A
1177 1404 1230 1452 te
1275 1396 1408 1451 nihil
1446 1411 1771 1467 prmsumas,
1817 1394 1911 1451 sed
1942 1396 2117 1462 illum,

535 1506 694 1561 quem
718 1490 955 1561 praevidi,
982 1487 1280 1543 ordinando
1306 1487 1670 1557 subsequeris.
1704 1485 1857 1542 Unde
1882 1494 1936 1541 et
1964 1486 2124 1556 paulo

532 1594 654 1656 post
677 1583 877 1650 subdit,
907 1583 1092 1639 dicens
1117 1599 1130 1635 :
1163 1580 1233 1635 Et
1262 1597 1420 1653 unger
1450 1597 1597 1652 quem
1625 1589 1977 1635 monstravere
2009 1578 2121 1635 tibi.

532 1674 666 1741 Quid
691 1682 775 1730 est
802 1675 927 1739 hoc,
961 1673 1063 1727 nisi
1089 1672 1215 1744 quia
1244 1674 1523 1741 propheta:
1550 1686 1670 1726 esse
1698 1670 1917 1733 debent.
1948 1669 2039 1740 qui
2066 1668 2119 1724 in

531 1766 767 1821 culmine
806 1764 1064 1821 Ecclesiae
1093 1764 1226 1818 alios
1267 1762 1455 1818 volunt
1493 1763 1783 1817 ordinare?
1828 1759 2120 1815 Prmvisum

424 1902 425 1905 η
527 1868 765 1929 namque
792 1873 822 1912 a
862 1862 977 1912 Deo
1006 1869 1336 1923 cognoscere
1364 1864 1617 1923 possunt,
1659 1853 1703 1907 si
1729 1851 1799 1906 ad
1839 1852 2119 1908 invenien-

526 1948 655 2004 dum
687 1964 976 2020 personam
1022 1945 1252 2014 eligendi
1300 1944 1563 2015 pontiﬁcis
1608 1958 1789 1999 sacras
1834 1944 2121 2000 consulunt

526 2040 852 2111 Scripturas.
877 2040 1041 2107 Quasi
1064 2041 1206 2098 enim
1228 2042 1481 2112 loquente
1508 2042 1620 2099 Deo
1648 2042 1969 2109 ostenditur,
1992 2056 2115 2097 cum

528 2134 652 2190 talis
707 2132 897 2190 Pastor
945 2136 1181 2206 eligitur,
1223 2137 1397 2208 qualis
1443 2153 1539 2209 per
1585 2152 1798 2193 sacrum
1843 2137 2115 2206 eloquium

460 2218 467 2225 ’
528 2224 957 2281 commendatur.
1006 2226 1088 2282 Ad
1136 2228 1367 2283 litteram
1396 2244 1528 2284 vero
1570 2228 1809 2285 Samueli
1856 2228 2039 2284 venire
2082 2242 2117 2282 a

528 2315 759 2372 Domino
785 2316 1003 2386 dicitur,
1051 2327 1111 2373 ut
1156 2334 1187 2373 a
1219 2320 1435 2390 reprobi
1481 2328 1536 2376 et
1572 2318 1767 2389 abiecti
1797 2320 1937 2389 regis
1963 2335 2116 2375 com-

530 2406 783 2477 passione
808 2416 1111 2465 revocetur.
1144 2408 1200 2464 Si
1226 2425 1355 2465 vero
1384 2410 1530 2465 luctu
1560 2410 1773 2466 assiduo
1798 2409 1930 2480 lapsi
1960 2410 2116 2465 resti-

530 2498 795 2555 tutionem
824 2499 1116 2569 poscebat,
1160 2500 1211 2554 ei
1241 2500 1427 2555 venire
1457 2500 1584 2567 fuit,
1634 2516 1665 2555 a
1696 2500 1789 2554 tali
1819 2499 2117 2556 intentione

527 2587 827 2658 quiescere.
859 2588 925 2644 Et
954 2605 1123 2646 cornu
1151 2605 1304 2646 suum
1335 2591 1457 2646 oleo
1479 2590 1748 2661 implevit,
1778 2590 1903 2661 quia
1935 2598 2120 2661 pasto-

524 2680 693 2737 ralem
722 2672 1106 2740 sublimitatem
1156 2685 1210 2741 in
1255 2686 1505 2756 ungendo
1550 2700 1679 2755 rege
1726 2686 1897 2744 laudis
1940 2688 2115 2742 nitore

524 2776 864 2845 temperavit.
894 2776 1075 2833 Cornu
1103 2779 1301 2850 quippe
1330 2794 1520 2850 aspero
1548 2779 1676 2836 Saul
1708 2780 1957 2851 impetiit,
1989 2780 2115 2849 quia

525 2878 843 2941 peccantem
872 2872 1018 2928 velut
1062 2886 1257 2943 magno
1285 2873 1486 2945 impetu
1536 2875 1857 2945 prostravit,
1887 2874 2110 2932 dicens:

524 2959 659 3024 Quia
676 2965 942 3033 projecisti
969 2982 1253 3021 sermonem
1273 2967 1503 3035 Domini,
1520 2969 1809 3040 projecitje
1837 2966 2113 3036 Dominus,

523 3067 588 3106 ne
606 3054 678 3106 sis
707 3071 798 3107 rex
828 3054 880 3124 (Ι
908 3055 1039 3126 Reg.
1062 3072 1149 3119 xv,
1183 3056 1296 3126 25).
1330 3057 1467 3124 Quid
1495 3066 1579 3113 est
1606 3072 1758 3127 ergo,
1780 3058 1924 3127 quod
1945 3074 2114 3115 cornu

524 3142 739 3215 impleri
767 3146 890 3203 oleo
927 3149 1255 3219 praecipitur,
1289 3151 1390 3207 nisi
1428 3151 1552 3220 quia
1583 3151 1813 3220 ungendi
1860 3152 1999 3222 regis
2025 3152 2111 3223 ju-

523 3235 672 3292 stitia
711 3239 1153 3295 commendatur?
1200 3241 1364 3309 Quasi
1409 3241 1599 3298 dicat:
1630 3242 1779 3307 Rex,
1830 3245 1922 3313 qui
1952 3242 2110 3299 modo

2232 561 2301 616 ad
2348 561 2455 616 alta
2508 562 2824 632 sustollitur,
2877 567 3190 623 meritorum
3251 570 3500 626 ubertate
3547 572 3804 643 repletur.

2231 654 2413 710 Cornu
2440 669 2569 725 ergo
2598 657 2757 726 pleno
2787 660 3099 716 sacerdotes
3126 672 3421 732 unguntur,
3452 665 3545 734 qui
3574 666 3643 720 ad
3670 683 3807 722 sum-

2231 762 2376 801 mum
2400 748 2622 817 gradum
2652 752 2975 820 perveniunt
3002 768 3123 808 cum
3146 754 3477 825 plenitudine
3496 757 3805 825 gratiarum.

2228 837 2363 905 Quia
2395 855 2524 896 vero
2547 842 2667 897 oleo
2693 843 2830 912 ignis
2848 845 3175 913 accenditur,
3201 848 3381 902 oleum
3401 848 3642 903 doctoris
3663 864 3809 905 amor

2227 939 2309 987 est
2359 933 2557 989 cordis.
2620 934 2677 989 In
2718 952 2823 1005 quo
2864 937 2999 1007 ignis
3038 940 3380 1008 accenditur,
3421 943 3546 1013 quia
3586 943 3640 997 in
3691 944 3807 1014 pin-

2226 1024 2455 1094 guedine
2490 1026 2599 1081 oris
2637 1027 2808 1083 virtus
2852 1037 2907 1083 et
2936 1032 3107 1099 gratia
3147 1032 3299 1087 ardet
3342 1033 3575 1105 Spiritus
3617 1038 3803 1091 sancti.

2228 1115 2362 1183 Quia
2386 1132 2516 1187 ergo
2545 1119 2923 1189 pinguedinem
2952 1136 3157 1192 magnze
3185 1125 3461 1181 charitatis
3484 1126 3689 1183 habere
3717 1128 3801 1184 do-

2225 1212 2343 1261 ctor
2371 1206 2562 1275 debet,
2613 1226 2741 1279 rex,
2788 1213 2879 1282 qui
2920 1214 3044 1284 ungi
3088 1217 3414 1287 praecipitur,
3455 1220 3617 1289 pleno
3646 1235 3805 1276 cornu

2225 1298 2353 1367 ungi
2383 1300 2713 1368 perhibetur.
2745 1302 2947 1358 Dicitur
2990 1307 3153 1361 etiam
3195 1308 3472 1378 plenitudo
3516 1326 3689 1365 cornu
3716 1327 3805 1381 pre

2226 1392 2630 1460 perseverantia
2676 1394 2969 1462 gratiarum
2993 1413 3008 1463 ;
3061 1413 3185 1452 nam
3213 1400 3305 1469 qui
3334 1408 3460 1456 ante
3488 1399 3651 1457 tinem
3679 1400 3806 1457 deti-

2227 1483 2399 1552 ciunt,
2431 1486 2556 1555 ungi
2585 1500 2753 1541 cornu
2796 1488 3130 1558 plenitudine
3158 1506 3267 1547 non
3298 1502 3593 1550 merentur.
3625 1493 3811 1553 Adhuc

2224 1591 2442 1646 quoque
2481 1576 2765 1633 dicendum
2795 1580 2863 1635 de
2899 1596 3067 1637 cornu
3112 1582 3272 1653 hujus
3319 1585 3657 1655 plenitudine
3698 1597 3807 1653 est;

2223 1667 2350 1736 quia
2371 1666 2571 1724 idcirco
2594 1670 2919 1741 praecipitur,
2948 1674 3075 1742 quia
3097 1689 3289 1745 magna
3311 1678 3567 1734 unctione
3588 1680 3809 1748 indiget,

2225 1758 2317 1828 qui
2345 1757 2412 1813 de
2439 1774 2535 1814 sua
2564 1760 2898 1830 plenitudine
2944 1765 3156 1835 replere
3185 1766 3321 1821 alios
3358 1767 3538 1823 debet.
3576 1767 3731 1824 Unde
3758 1778 3812 1824 et

2226 1847 2439 1922 Moyses
2486 1859 2597 1907 tam
2622 1853 2811 1923 plenus
2839 1856 3112 1912 exstitisse
3157 1857 3367 1924 dicitur,
3420 1867 3480 1913 ut
3516 1860 3586 1914 de
3623 1861 3811 1932 spiritu

2225 1941 2343 2011 ejus
2373 1942 2633 2000 Dominus
2659 1945 2843 2001 tulisse
2870 1953 2926 2002 et
2950 1947 3068 2003 aliis
3096 1948 3309 2005 dedisse
3334 1949 3596 2006 doceatur
3622 1950 3807 2021 (Nm.

2224 2034 2325 2105 xi).
2369 2032 2467 2089 Vel
2494 2050 2663 2091 cornu
2690 2037 2969 2109 prophetae
3013 2040 3283 2110 impletur,
3332 2057 3455 2097 cum
3485 2044 3810 2113 pontiﬁcalis

2224 2124 2527 2180 sublimitas
2540 2126 2604 2181 ad
2622 2126 2943 2198 perfectiora
2958 2130 3199 2186 docenda
3219 2142 3569 2203 pneparatur.
3585 2134 3809 2202 Quando

2222 2216 2366 2272 enim
2396 2215 2649 2273 Ecclesia:
2678 2220 2946 2291 principes
2990 2221 3326 2290 ordinantur,
3355 2225 3462 2292 eis,
3491 2240 3613 2294 qua:
3655 2240 3810 2295 agere

2222 2304 2486 2373 debeant,
2534 2310 2828 2380 semiplena
2880 2312 3220 2382 praedicanda
3267 2330 3377 2371 non
3427 2327 3573 2373 sunt.
3630 2317 3810 2373 Cornu

2221 2411 2351 2467 ergo
2378 2399 2657 2469 pontifices
2696 2401 2950 2472 implent,
2992 2404 3207 2472 quando
3252 2406 3440 2476 plenas
3483 2416 3650 2478 atque
3693 2425 3811 2480 per-

2218 2486 2389 2545 fectas
2415 2490 2639 2547 virtutes
2679 2492 2979 2562 proferunt,
3008 2510 3143 2564 quas
3186 2496 3342 2553 electi
3373 2497 3630 2555 Ecclesiae
3660 2501 3811 2572 prin-

2222 2580 2369 2650 cipes
2413 2582 2703 2638 imitentur.
2735 2582 2872 2651 Quia
2915 2602 3046 2642 vero
3090 2588 3228 2658 ipsi,
3274 2591 3365 2661 qui
3405 2600 3646 2661 ungunt,
3696 2608 3811 2649 esse

2221 2674 2490 2743 spiritales
2530 2676 2764 2741 debent,
2815 2693 2987 2733 cornu
3028 2679 3287 2749 iubentur
3328 2682 3811 2754 implereg‘Cornu

2222 2767 2441 2837 quidem
2471 2768 2538 2824 de
2567 2785 2729 2825 carne
2758 2779 2872 2841 est,
2903 2772 2996 2827 sed
3024 2773 3263 2829 clausum
3303 2776 3354 2831 in
3381 2790 3545 2831 carne
3571 2793 3681 2833 non
3708 2786 3808 2834 est.

2220 2858 2402 2915 Cornu
2424 2876 2553 2929 ergo
2583 2862 2874 2931 spiritualis
2895 2868 3235 2923 conversatio
3255 2868 3491 2924 doctoris
3511 2879 3616 2924 est.
3631 2870 3810 2930 Cornu

2222 2966 2353 3007 vero
2383 2952 2560 3007 oleum
2590 2952 2832 3021 effundit,
2865 2970 2987 3010 cum
3014 2956 3105 3012 ille
3133 2958 3241 3013 alta
3272 2958 3551 3029 praedicat,
3576 2960 3671 3031 qui
3701 2962 3810 3018 haec

2222 3043 2330 3098 alta
2362 3046 2774 3101 conversatione
2802 3045 3155 3104 demonstrat.
3187 3048 3367 3106 Cornu
3397 3064 3527 3120 ergo
3555 3051 3681 3108 oleo
3712 3054 3809 3109 im-

2221 3134 2392 3205 plere,
2416 3145 2499 3189 est
2528 3135 2964 3205 praedicationem
2993 3153 3308 3209 magnarum
3336 3142 3593 3199 virtutum
3625 3144 3684 3198 in
3709 3145 3811 3200 alta

2223 3227 2632 3283 conversatione
2651 3229 2945 3299 suscipere.
2966 3229 3033 3285 Et
3055 3232 3108 3287 in
3130 3234 3308 3303 capite
3329 3233 3574 3302 equndit,
3594 3238 3812 3306 quando

524 3327 762 3397 ungitur,
794 3344 901 3385 non
932 3330 1035 3386 erit
1076 3332 1445 3403 increpatione
1490 3333 1790 3401 feriendus,
1843 3332 1938 3390 sed
1967 3334 2113 3389 mine
2141 3354 2188 3420 ρ
2223 3319 2278 3375 in
2308 3331 2489 3376 ωθηιθ
2522 3320 2675 3420 milis
2705 3322 2993 3420 ίῐηξπίῐηίιν
3034 3325 3126 3420 (illi
3172 3326 3238 3420 ῥά
3268 3343 3538 3384 summum
3568 3330 3812 3386 ordinem

522 3416 696 3475 laudis
728 3418 916 3476 favore
940 3421 1340 3489 praedicandus,
1375 3438 1483 3478 non
1514 3433 1637 3494 eget
1665 3424 1871 3495 impeti,
1919 3424 2013 3479 sed
2036 3425 2117 3479 ia-

524 3509 659 3564 veri.
693 3509 773 3564 Ad
805 3509 905 3565 lsai
934 3509 1382 3568 Bethlehemitem
1412 3512 1661 3582 mittitur,
1684 3522 1743 3569 ut
1763 3527 1879 3579 rex,
1903 3513 1995 3583 qui
2023 3514 2119 3568 eli-

523 3600 687 3667 gitur,
738 3615 1117 3668 permansurus
1163 3618 1284 3661 esse
1312 3603 1495 3675 .375
1535 3603 1844 3660 doceretur.
1891 3602 1995 3660 Per
2024 3619 2123 3675 pa-

528 3691 820 3747 triarcham
867 3695 1064 3764 quippe
1093 3695 1260 3752 Jacob
1306 3700 1469 3765 longe
1515 3706 1641 3753 ante
1684 3697 1835 3767 regni
1879 3694 2116 3754 mansuri

525 3791 700 3839 status
729 3792 977 3841 ostensus
1006 3795 1107 3853 est,
1126 3789 1253 3858 quia
1279 3789 1443 3843 dixit:
1472 3788 1597 3844 Non
1626 3791 1829 3861 deﬁciet
1860 3801 2115 3861 sceptrum

527 3874 590 3929 de
617 3875 775 3942 Juda,
807 3885 857 3931 et
885 3878 991 3931 dua:
1020 3878 1082 3931 de
1111 3878 1390 3948 femoribus
1430 3880 1564 3950 ejus,
1606 3881 1767 3935 donec
1793 3883 1996 3951 'veniat,
2028 3881 2115 3952 qui

525 3968 806 4025 mittendus
844 3980 921 4025 est
962 3969 1116 4039 (Gen.
1147 3988 1300 4040 xux,
1334 3972 1446 4044 10).
1474 3974 1533 4030 In
1562 3976 1683 4032 filiis
1710 3990 1839 4047 ergo
1883 3977 1986 4032 lsai
2012 3993 2106 4034 rex

524 4062 783 4133 prmvisus
803 4065 1079 4129 asseritur,
1120 4074 1177 4121 ut
1206 4080 1332 4131 rex,
1364 4067 1457 4137 qui
1488 4069 1611 4138 ungi
1640 4070 1967 4141 prmcipitur,
2000 4087 2109 4127 non

525 4156 586 4209 ut
629 4154 760 4212 Saul
805 4171 1150 4223 recessurus,
1194 4156 1290 4214 sed
1337 4158 1596 4214 durabilis
1640 4160 1917 4217 doceatur.
1951 4163 2116 4230 Quasi

525 4249 843 4319 prophetam
872 4250 925 4307 in
953 4252 1150 4320 abiecti
1178 4253 1423 4323 angustia
1456 4253 1827 4311 tabescentem
1872 4257 2109 4324 excitet,

527 4338 711 4395 dicens
736 4358 749 4393 :
782 4340 892 4396 Cur
919 4343 1160 4412 abjectus
1188 4359 1289 4416 pro
1314 4344 1473 4415 culpa
1513 4345 1808 4417 plangitur,
1847 4362 1969 4403 cum
2000 4348 2115 4404 Iau-

527 4430 732 4486 dandus
757 4432 1115 4503 subrogetur?

598 4520 653 4575 ’5.
693 4520 820 4577 limo
866 4532 1047 4579 autem
1090 4525 1159 4581 ad
1204 4527 1438 4585 litteram
1468 4529 1780 4600 tetigimus;
1831 4545 1977 4588 nunc
2021 4530 2119 4587 sub

527 4609 722 4668 litterm
749 4616 1061 4673 narratione
1081 4619 1426 4690 praelatorum
1456 4631 1765 4679 nostrorum
1795 4623 2115 4680 electionem

2220 3426 2391 3465 novus
2415 3411 2583 3467 venit.
2616 3412 2841 3479 Quando
2868 3429 2996 3485 ergo
3027 3416 3185 3473 electi
3214 3428 3623 3488 promoventur,
3652 3422 3812 3491 pleno

2221 3518 2390 3558 cornu
2418 3510 2712 3573 unguntur,
2744 3506 2866 3575 quia
2909 3505 2980 3561 ad
3022 3508 3360 3566 altitudinem
3397 3511 3601 3567 ordinis
3648 3513 3813 3581 proti-

2219 3594 2369 3651 ciunt
2398 3595 2597 3650 virtute
2626 3594 2995 3667 perfectionis.
3386 3636 3397 3641 -

2292 3684 2344 3738 4.
2372 3685 2476 3741 Sed
2506 3687 2767 3757 propheta
2795 3688 2862 3743 ad
2909 3689 3014 3746 [sai
3061 3690 3507 3749 Bethlehemitcm
3556 3690 3810 3761 mittitur;

2220 3790 2317 3831 rex
2339 3777 2391 3831 in
2420 3777 2537 3845 ejus
2568 3775 2689 3834 ﬁliis
2730 3780 3063 3852 providetur,
3091 3784 3217 3853 quia
3245 3784 3336 3841 ille
3364 3794 3552 3855 pastor
3573 3787 3812 3857 eligitur,

2220 3869 2313 3937 qui
2341 3870 2708 3929 ecclesiastica
2758 3873 3017 3944 religione
3059 3876 3302 3932 eruditus
3343 3886 3446 3934 est.
3486 3878 3814 3941 Bethlehem

2216 3959 2401 4031 igitur,
2433 3977 2552 4032 qua:
2578 3962 2771 4019 domus
2801 3966 2954 4034 panis
2998 3966 3213 4035 dicitur,
3255 3950 3384 4039 quid
3436 3970 3620 4039 aliud,
3652 3988 3813 4041 quam

2221 4069 2660 4125 unamquamque
2707 4057 2953 4126 designat
3014 4059 3234 4116 domum
3282 4061 3603 4130 religionis?
3656 4064 3814 4121 Panis

2219 4165 2453 4219 namque
2510 4152 2732 4207 nomine
2782 4153 3031 4210 doctrina
3086 4156 3433 4225 periectionis
3482 4161 3809 4228 ostenditur,

2219 4242 2387 4299 Paulo
2434 4252 2744 4311 attestante,
2772 4247 2865 4316 qui
2893 4248 2960 4302 ad
2990 4249 3399 4306 conversionem
3429 4251 3638 4308 debiles
3666 4256 3814 4311 exci-

2219 4344 2357 4401 tans,
2384 4336 2458 4391 ait
2487 4355 2499 4390 :
2534 4336 2641 4391 Lac
2669 4338 2808 4393 vobis
2834 4350 3011 4410 potum
3038 4341 3177 4405 dedi,
3210 4359 3313 4397 non
3339 4359 3533 4398 escam.
3559 4342 3812 4401 Nondum

2219 4430 2357 4483 enim
2395 4432 2666 4498 poteratis,
2722 4432 2813 4485 sed
2860 4432 3074 4487 necdum
3120 4436 3334 4504 potestis
3358 4434 3421 4505 (Ι
3451 4434 3575 4490 Cor.
3614 4453 3694 4501 ιιι,
3729 4438 3809 4504 Ξ).

2221 4521 2386 4592 376
2410 4520 2466 4575 Si
2497 4521 2640 4576 enim
2673 4522 2756 4576 lae
2787 4523 3134 4591 parvulorum
3156 4534 3259 4589 est,
3289 4525 3443 4595 panis
3466 4543 3572 4580 non
3601 4537 3691 4582 est
3715 4529 3812 4583 nisi

2222 4614 2606 4682 perfectorum.
2640 4613 2790 4669 Unde
2816 4624 2871 4669 et
2907 4616 2973 4671 de
3002 4616 3221 4686 perfecti
3254 4617 3354 4673 viri
3382 4619 3581 4674 robore
3609 4620 3811 4675 dictum

526 4706 822 4763 videamus.
853 4709 991 4776 Quid
1011 4720 1124 4779 εει,
1154 4712 1299 4783 quod
1326 4729 1498 4771 cornu
1525 4716 1648 4771 oleo
1677 4716 1902 4785 implere
1930 4716 2117 4785 νηυσί-
2141 4692 2196 4755 D
2220 4712 2303 4761 est
2329 4721 2342 4755 :
2372 4704 2437 4758 In
2466 4708 2681 4764 excelsis
2710 4706 2982 4771 habitabit,
3014 4709 3333 4764 munimenta
3361 4725 3615 4763 saxorum
3650 4710 3810 4763 subli-

526 4797 693 4869 pitur,
725 4799 827 4855 nisi
852 4801 978 4870 quia
1000 4803 1120 4859 talis
1146 4805 1202 4860 in
1222 4814 1411 4861 sancta
1438 4805 1677 4861 Ecclesia
1703 4814 1890 4877 pastor
1914 4805 2116 4875 eligen-

525 4891 627 4949 dus
654 4901 755 4959 est,
780 4895 871 4964 qui
903 4911 1010 4952 non
1040 4900 1191 4968 argui
1216 4900 1365 4955 velut
1389 4906 1753 4968 transgressor
1779 4899 2006 4965 debeat,
2020 4899 2117 4954 sed

527 4983 595 5038 ad
623 4986 927 5057 exemplum
956 4987 1185 5044 aliorum
1226 4989 1379 5047 miris
1425 4990 1671 5046 laudibus
1712 4988 2118 5046 commendari?

526 5074 712 5132 Cornu
743 5092 972 5149 namque
1001 5080 1167 5135 telum
1210 5082 1522 5137 animalium
1553 5090 1653 5137 est.
1684 5081 1994 5137 Auctoritas
2021 5097 2118 5136 au-

529 5176 641 5231 tem
686 5179 740 5225 et
782 5171 1079 5245 increpatio
1122 5175 1315 5230 summi
1346 5174 1601 5230 antistitis
1631 5176 1757 5244 quid
1786 5186 1914 5230 sunt
1951 5175 2115 5243 aliud,

528 5261 632 5317 nisi
659 5264 800 5319 tela?
826 5266 1008 5323 Cornu
1038 5269 1235 5340 quippe
1263 5267 1479 5336 feriunt,
1504 5269 1717 5339 quando
1742 5268 2118 5338 peccatoribus

529 5366 628 5420 per
648 5353 1067 5426 increpationem
1090 5361 1335 5416 acumina
1357 5360 1774 5431 coniunguntur.
1798 5361 1982 5416 Ferire
2000 5368 2117 5416 ete-

530 5444 642 5498 nim
670 5462 836 5503 cornu
855 5488 873 5517 ,
904 5458 987 5506 est
1032 5460 1344 5521 peccatores
1373 5464 1532 5510 acute
1561 5454 1905 5523 redarguere.
1931 5451 2113 5507 Cornu

533 5535 655 5591 oleo
685 5539 953 5610 impletur,
996 5544 1210 5613 quando
1257 5545 1621 5615 prmdicatoris
1666 5543 1963 5601 sublimitas
2006 5557 2114 5597 non

534 5625 699 5683 habet
725 5632 1066 5700 asperitatem
1092 5635 1387 5703 minarum,
1437 5636 1533 5693 scd
1576 5636 1939 5692 blandimenta
1968 5633 2116 5689 favo-

534 5732 675 5773 rum.
701 5720 799 5776 νει
826 5737 995 5779 cornu
1022 5726 1146 5782 oleo
1168 5726 1447 5797 impletur,
1470 5729 1685 5798 quando
1709 5728 1885 5784 electo
1913 5727 2113 5798 pastori

533 5808 695 5869 simul
721 5810 879 5871 datur
906 5824 962 5876 et
987 5817 1306 5878 sublimatus
1329 5820 1597 5888 culminis,
1626 5828 1681 5879 et
1709 5819 1877 5877 virtus
1906 5818 2116 5877 unctio-

2222 4800 2377 4853 mitas
2403 4799 2537 4870 ejus,
2566 4802 2716 4870 panis
2750 4802 2796 4854 ei
2825 4800 2977 4857 datus
3000 4810 3075 4855 est
3102 4800 3257 4874 (Isai.
3283 4819 3408 4868 xxv,
3430 4802 3545 4871 12).
3568 4801 3631 4857 In
3655 4803 3811 4858 domo

2223 4903 2353 4958 ergo
2382 4890 2537 4960 panis
2565 4906 2659 4944 rex
2688 4891 2753 4945 ad
2786 4893 3090 4962 ungendum
3129 4894 3404 4962 quaeritur,
3450 4892 3580 4962 quia
3614 4895 3811 4949 utiliter

2224 4988 2627 5050 promoventur,
2660 4980 2753 5050 qui
2794 4981 2846 5035 in
2879 4977 3127 5052 perfecta:
3164 4983 3595 5039 conversationis
3626 4986 3812 5056 ordine

2224 5073 2553 5128 nutriuntur.
2581 5072 2677 5128 llle
2698 5075 2898 5128 etenim
2928 5073 3105 5130 facere
3135 5074 3303 5131 fortes
3329 5076 3464 5132 alios
3490 5084 3696 5146 potest,
3724 5076 3811 5147 qui

2223 5167 2449 5224 remissa
2478 5176 2533 5222 et
2561 5167 2847 5237 negligenti
2871 5168 3281 5223 conversatione
3305 5168 3540 5223 nutritus
3569 5184 3685 5224 non
3709 5175 3806 5224 est.

2218 5261 2278 5317 In
2305 5262 2466 5317 domo
2498 5261 2657 5331 igitur
2685 5261 2943 5331 qumritur
2968 5262 3153 5330 panis,
3197 5260 3323 5332 quia
3353 5260 3406 5314 in
3438 5260 3810 5330 promovendo

2221 5354 2491 5420 antistite,
2533 5354 2880 5425 quaerendum
2925 5361 3009 5410 est
3052 5354 3218 5409 robur
3255 5354 3705 5411 conversationis.
3736 5353 3811 5408 De

2224 5446 2639 5515 congregatione
2667 5447 2882 5517 quidem
2914 5446 3077 5503 debili
3102 5447 3215 5504 fere
3242 5463 3515 5518 nunquam
3548 5449 3810 5518 accipitur

2221 5553 2450 5610 persona
2479 5539 2711 5594 virtutis.
2741 5537 2893 5596 Unde
2922 5540 3060 5596 bene
3098 5541 3150 5595 in
3194 5540 3297 5596 lsai
3350 5540 3472 5596 filiis
3519 5542 3801 5610 qumritur,

2222 5632 2312 5702 qui
2333 5632 2475 5687 salus
2502 5632 2731 5699 Domini,
2750 5642 2842 5689 aut
2866 5643 3014 5691 certe
3034 5635 3177 5689 salus
3203 5633 3449 5689 absolute
3470 5634 3803 5687 nominatur.

2222 5720 2378 5778 Salus
2406 5722 2621 5793 quidem
2648 5732 2796 5781 recte
2812 5726 3061 5796 praelatus
3089 5725 3307 5781 dicitur.
3340 5722 3479 5794 Quid
3508 5724 3655 5785 enim
3682 5721 3803 5777 sunt

2223 5824 2445 5887 peccata
2474 5826 2529 5876 et
2568 5820 2730 5889 vitia,
2772 5820 2873 5877 nisi
2900 5822 3187 5892 languores
3215 5817 3561 5874 animarum?
3588 5815 3803 5873 Electus
