4052 6338
304 476 410 534 449

1133 469 1200 527 ΙΝ
1238 462 1505 528 PRIMUM
1543 464 1786 528 REGUM
1825 469 2343 529 EXPOSI'I‘IONES.
2386 500 2453 514 —
2493 472 2623 530 LIB.
2670 471 2731 532 ν.

3466 479 3571 537 tuo

304 601 489 653 autem
525 592 847 667 prmdicator
871 606 969 664 per
1010 591 1374 663 integritatem
1419 606 1565 647 sanae
1605 590 1882 659 doctrinm,
1912 592 1966 655 Α
1988 602 2117 648 vera
2147 591 2355 660 dicens,
2387 592 2627 651 deludat.
2676 591 2811 659 Quia
2849 597 2997 649 enim
3024 591 3396 651 immolaturus
3425 575 3582 665 abiit,

306 705 404 760 per
431 687 755 746 soliditatem
794 686 1145 752 innocentiae,
1185 700 1281 755 per
1320 683 1659 754 splendorem
1704 685 1888 741 electas

302 781 450 849 vitro,
474 777 619 834 salus
641 777 853 832 Domini
872 784 1020 831 recte
1043 774 1375 831 nominatur.
1394 775 1498 830 Alii
1519 775 1737 845 quidem
1764 785 1890 831 sunt

303 873 577 938 doctores,
594 882 826 939 quorum
851 882 1030 923 sermo
1056 866 1242 937 serpit,
1274 865 1416 921 sicut
1444 882 1659 923 cancer.
1684 866 1762 922 De
1789 868 1889 923 ho-

301 981 422 1021 rum
452 964 654 1033 quippe
692 959 892 1017 Familia
921 975 1015 1014 rex
1054 975 1163 1014 non
1208 959 1520 1027 assumitur,
1564 961 1687 1031 quia
1717 974 1890 1030 mgras

299 1065 513 1114 mentes
539 1056 607 1112 ad
647 1055 878 1113 salutem
906 1070 1015 1109 non
1043 1053 1224 1121 ducit,
1274 1053 1369 1109 sed
1395 1052 1668 1109 interficit.
1697 1051 1765 1108 Et
1791 1068 1891 1109 no-

301 1149 556 1215 tandum,
579 1149 702 1217 quia
732 1147 834 1203 lsai
862 1146 968 1202 alio
996 1147 1213 1201 nomine
1252 1144 1406 1202 Jesse
1430 1146 1648 1201 dicitur.
1682 1147 1889 1217 Duplex

298 1243 516 1311 quidem
544 1256 740 1297 nomen
768 1241 951 1307 habet,
973 1241 1098 1311 quia
1127 1241 1302 1296 bonus
1326 1240 1518 1297 doctor
1548 1256 1656 1296 non
1677 1255 1890 1310 semper

296 1337 352 1391 in
386 1350 523 1406 pace
549 1344 649 1391 est.
698 1333 758 1389 In
787 1333 939 1405 pacis
965 1333 1183 1402 quidem
1223 1341 1468 1403 tempore
1498 1332 1647 1389 salus
1670 1332 1887 1388 Domini

296 1427 517 1495 dicitur,
547 1435 609 1483 ut
633 1426 900 1483 bellorum
941 1441 1188 1494 munera,
1216 1426 1369 1497 quasi
1409 1426 1551 1481 intra
1579 1425 1771 1481 domus
1795 1439 1886 1481 se-

295 1532 425 1575 cura
445 1517 711 1573 vestibula
741 1530 935 1571 sanare
962 1515 1243 1571 doceatur.
1271 1513 1331 1569 In
1356 1514 1499 1569 bello
1526 1521 1705 1569 autem
1732 1513 1884 1569 Jesse

294 1624 494 1666 nomen
539 1609 729 1679 habet,
776 1607 903 1677 quia
948 1615 1005 1662 et
1051 1606 1287 1676 seipsum
1335 1605 1549 1662 fortiter
1575 1605 1781 1672 munit,
1827 1611 1884 1659 et

293 1704 433 1761 alios
455 1701 700 1758 valenter
728 1702 984 1770 protegit.
1018 1697 1168 1754 Jesse
1193 1698 1392 1768 quippe
1421 1697 1607 1752 insulae
1634 1697 1880 1753 levamen

292 1795 511 1852 dicitur.
542 1791 681 1861 Quid
705 1799 887 1847 autem
915 1791 1101 1846 insula:
1129 1790 1369 1857 nomine,
1401 1790 1502 1845 nisi
1525 1798 1735 1845 mentes
1761 1799 1882 1847 ten-

291 1887 559 1942 tationum
585 1881 834 1939 ﬂuctibus
859 1881 1069 1935 vallata:
1093 1881 1499 1950 intelliguntur?
1542 1880 1732 1937 Insulae
1757 1883 1880 1951 qui-

292 1978 414 2035 dem
462 1984 616 2042 sunt,
676 1974 802 2045 quia
848 1973 949 2029 etsi
988 1987 1212 2041 magnos
1254 1969 1536 2027 conﬂictus
1583 1973 1879 2040 sustinent,

290 2090 402 2129 non
432 2079 738 2128 moventur.
770 2067 924 2122 Unde
969 2076 1024 2122 et
1071 2067 1367 2122 electorum
1406 2066 1685 2121 victoriam
1729 2066 1880 2120 Psal-

289 2166 452 2221 mista
464 2163 776 2235 praedicans,
802 2160 877 2214 ait
898 2177 913 2215 ι
938 2158 1192 2212 Dominus
1211 2158 1699 2230 regnavit,ea:sultet
1719 2166 1876 2225 terra,

292 2257 533 2313 testentur
557 2253 742 2308 insula:
766 2250 943 2305 multa:
980 2248 1152 2321 (Paul.
1186 2265 1331 2317 xcvr,
1360 2248 1437 2318 l).
1471 2248 1728 2303 Dominus
1756 2248 1878 2316 qui-

290 2349 415 2403 dem
456 2354 675 2415 regnat,
714 2341 929 2413 quando
970 2341 1087 2410 ejus
1128 2342 1342 2406 sedem,
1386 2340 1586 2396 electas
1625 2339 1881 2396 videlicet

290 2449 521 2507 mentes,
546 2439 703 2495 turbo
730 2436 964 2491 hostium
992 2434 1170 2490 nullus
1196 2433 1483 2504 inquietat;
1531 2433 1627 2488 sed
1666 2433 1880 2488 laetatur

293 2545 468 2601 terra,
498 2534 623 2604 quia
652 2530 824 2587 solida
850 2529 1015 2586 corda
1045 2528 1329 2585 doctorum
1373 2528 1730 2598 gratulantur.
1760 2529 1879 2583 Lae-

289 2632 477 2680 tantur
504 2621 709 2688 insulae,
739 2620 865 2691 quia
887 2634 1007 2675 cum
1030 2618 1147 2689 ejus
1172 2618 1398 2687 gratiam
1425 2626 1756 2673 tentamenta
1787 2633 1879 2673 su-

286 2714 791 2791 perant,°majorum
806 2711 1078 2767 auditores
1099 2711 1447 2766 hilarescunt.
1468 2708 1632 2764 Terra
1661 2708 1877 2779 quidem

289 2818 378 2866 est
404 2823 556 2865 mens
579 2806 755 2873 fortis,
785 2812 843 2861 et
870 2806 1021 2859 ﬁrma
1051 2804 1229 2874 lingua
1259 2803 1519 2858 doctoris.
1547 2801 1727 2856 Insula
1747 2815 1878 2857 vero

288 2902 507 2971 dicitur,
537 2914 632 2956 cor
673 2898 814 2954 forte
854 2895 1114 2966 subjecti,
1153 2894 1298 2966 quod
1325 2894 1501 2949 adhuc
1533 2894 1881 2950 tentamentis

287 2995 588 3067 impetitur,
628 3006 731 3046 nec
759 2999 937 3045 tamen
965 2994 1232 3043 movetur.
1263 2985 1404 3053 Quid
1433 2994 1517 3041 est
1543 2999 1701 3056 ergo,
1733 2985 1881 3056 quod

287 3080 446 3137 Iesse
470 3079 713 3134 levamen
746 3075 932 3131 insula:
959 3073 1173 3139 dicitur,
1200 3072 1302 3127 nisi
1328 3070 1454 3140 quia
1476 3083 1574 3139 per
1592 3069 1758 3126 robur
1781 3071 1881 3126 do-

287 3181 508 3229 ctorum
544 3169 813 3225 minorum
842 3165 1007 3223 corda
1033 3163 1419 3222 sublevantur?
1447 3162 1580 3218 Nam
1620 3162 1763 3217 inter
1797 3170 1882 3219 tot

1992 683 2155 753 paqu
2182 692 2307 755 post
2332 683 2619 741 manifeste
2656 685 2900 756 exponit,
2929 686 3023 742 ubi
3052 685 3180 741 dicit
3207 703 3221 739 :
3249 685 3574 757 Sanctiﬁca-

1990 778 2062 833 m't
2088 794 2210 847 ergo
2238 775 2374 845 Isai,
2399 786 2448 833 et
2475 779 2615 849 ﬁlios
2643 781 2774 850 ejus,
2802 789 2851 834 et
2880 781 3074 835 vacavit
3104 799 3192 837 eos
3212 783 3285 836 ad
3300 781 3576 839 victimam.

2063 868 2116 923 6.
2150 868 2256 924 Sed
2280 869 2392 939 jam
2418 870 2611 926 melius
2640 872 2830 940 agitur,
2864 871 2909 928 si
2935 872 3064 942 quid
3094 874 3449 945 spiritualiter
3477 866 3576 933 de-

1991 960 2206 1029 signent
2231 960 2357 1027 ista,
2388 961 2689 1016 videamus.
2721 961 2856 1028 Quid
2883 971 2966 1019 est
2991 978 3143 1033 ergo,
3179 968 3322 1035 quod
3350 968 3579 1023 vitulum

1990 1051 2046 1107 in
2076 1066 2237 1107 manu
2266 1053 2532 1122 propheta
2575 1053 2744 1119 tollit,
2774 1062 2829 1110 et
2854 1054 2935 1111 sic
2967 1054 3035 1110 ad
3064 1058 3371 1127 ungendum
3397 1075 3579 1130 regem

1990 1142 2275 1212 pervenit?
2302 1141 2410 1199 Sed
2437 1143 2636 1199 vitulus
2665 1145 2791 1213 quid
2821 1153 2942 1213 est,
2976 1147 3078 1204 nisi
3103 1149 3359 1219 splendor
3385 1152 3577 1223 imagi-

1990 1232 2075 1288 nis
2102 1232 2515 1304 Redemptoris?
2544 1233 2680 1300 Quia
2704 1235 2847 1290 enim
2877 1251 3024 1306 eum,
3053 1253 3217 1307 quem
3244 1240 3411 1311 eligit,
3444 1259 3578 1299 con-

1990 1328 2220 1383 formem
2250 1327 2430 1385 facere
2472 1328 2822 1400 Redemptori
2852 1332 3054 1400 studet,
3099 1337 3314 1404 quando
3351 1336 3580 1394 formam

1989 1419 2160 1489 ipsam
2190 1420 2568 1491 Redemptoris
2597 1422 2875 1492 praedicat,
2905 1426 3060 1494 quasi
3086 1426 3308 1484 vitulum
3329 1429 3382 1485 in
3416 1446 3581 1486 manu

1989 1518 2191 1580 portat.
2215 1510 2281 1566 Et
2301 1511 2428 1581 quia
2447 1511 2791 1581 splendorem
2813 1512 3107 1570 Dominicze
3128 1520 3580 1590 conversationis,

1988 1614 2149 1670 quem
2180 1603 2458 1674 prtedicat,
2490 1604 2543 1658 in
2570 1604 2771 1660 virtute
2800 1607 2979 1676 operis
3007 1618 3299 1676 monstrat;
3332 1612 3579 1680 vitulum,

1989 1705 2147 1759 quem
2178 1692 2246 1747 de
2264 1701 2509 1749 armento
2536 1694 2791 1765 suscipit,
2837 1711 2938 1767 per
2978 1713 3195 1754 manum
3238 1701 3403 1757 ducit.
3428 1703 3582 1758 Vitu-

1987 1781 2099 1838 Ium
2130 1800 2362 1854 namque
2382 1786 2436 1841 in
2465 1802 2628 1840 manu
2659 1787 2873 1857 tollere,
2905 1798 2987 1845 est
3006 1792 3441 1860 praedicationem
3471 1795 3581 1850 Do-

1987 1874 2196 1930 minicze
2224 1877 2652 1933 conversationis
2697 1894 2915 1934 servare
2952 1881 3004 1936 in
3034 1882 3233 1938 virtute
3262 1885 3462 1954 operis.
3492 1884 3581 1943 Sic

1986 1967 2237 2022 nimirum
2289 1968 2493 2024 vadens
2533 1985 2641 2024 non
2682 1970 2962 2037 occiditur,
3005 1972 3162 2028 aliter
3199 1975 3575 2037 occideretur:

1984 2060 2108 2130 quia
2136 2061 2229 2130 qui
2258 2060 2405 2124 dicit,
2439 2068 2494 2116 et
2532 2076 2639 2116 non
2681 2061 2809 2117 facit
2834 2104 2851 2129 ,
2883 2062 2991 2117 oris
3015 2064 3217 2134 proprii
3245 2064 3422 2133 gladio
3451 2083 3579 2124 con-

1983 2150 2289 2206 demnatur.
2324 2152 2462 2218 Quid
2493 2161 2595 2220 est,
2628 2154 2774 2223 quod
2803 2152 2984 2210 dicere
3008 2154 3228 2224 jubetur
3252 2173 3265 2208 :
3287 2156 3370 2208 Ad
3395 2158 3579 2212 immo-

1983 2244 2199 2299 landum
2227 2245 2457 2303 Domino
2478 2249 2631 2303 ueni?
2655 2248 2791 2314 Quid
2824 2257 2905 2304 est
2924 2249 3079 2318 item,
3100 2249 3226 2319 quia
3252 2249 3400 2318 facit,
3434 2252 3577 2321 quod

1984 2340 2134 2405 dicit,
2166 2340 2292 2396 dum
2326 2341 2476 2396 venit
2514 2350 2570 2396 et
2615 2340 2890 2409 immolat,
2938 2342 3038 2397 nisi
3068 2343 3193 2413 quia
3224 2349 3387 2398 tantae
3414 2344 3579 2401 debet

1984 2449 2103 2489 esse
2124 2433 2383 2490 eflicacize
2412 2434 2504 2504 qui
2525 2434 2659 2493 alios
2689 2442 2995 2504 promovet,
3022 2442 3083 2490 ut
3107 2436 3247 2492 bona
3272 2453 3381 2492 non
3401 2437 3576 2494 solum

1984 2524 2146 2589 dicat,
2181 2526 2275 2582 sed
2306 2525 2664 2597 persuadeat?
2691 2525 3080 2582 Immolationis
3103 2527 3317 2598 quidem
3336 2529 3573 2598 victima,

1980 2629 2101 2684 qum
2123 2616 2174 2671 in
2198 2618 2476 2689 pr0phette
2505 2632 2670 2672 manu
2689 2617 2920 2687 videtur,
2954 2619 3007 2673 in
3025 2619 3181 2674 altari
3211 2623 3572 2689 cognoscitur.

1983 2707 2121 2775 Quid
2148 2717 2231 2763 est
2260 2710 2401 2764 enim
2430 2725 2526 2765 cor
2560 2710 2721 2766 electi
2756 2710 3033 2778 auditoris,
3077 2712 3179 2768 nisi
3223 2714 3395 2769 altare
3435 2715 3575 2770 Dei?

1983 2798 2207 2865 Quando
2237 2801 2378 2855 enim
2408 2801 2552 2857 bona
2592 2802 2788 2859 doctor
2813 2803 3055 2872 loquitur
3079 2820 3195 2872 ore,
3244 2814 3301 2861 et
3339 2807 3577 2862 ostendit

1986 2908 2184 2962 opere,
2216 2893 2415 2949 vitulus
2456 2894 2512 2948 in
2551 2910 2715 2950 manu
2742 2904 2844 2952 est.
2883 2895 3109 2962 Quando
3138 2906 3319 2951 autem
3349 2907 3405 2952 et
3431 2898 3576 2966 quod

1984 2982 2137 3049 dicit,
2168 2990 2224 3039 et
2252 2984 2381 3054 agit,
2413 2984 2743 3041 auditoribus
2762 2985 3071 3056 persuadet,
3095 2986 3313 3041 victima
3340 2987 3392 3041 in
3416 2986 3575 3043 altari

1985 3083 2084 3131 est.
2127 3074 2278 3132 Tunc
2306 3091 2435 3146 ergo
2475 3076 2752 3142 immolat,
2800 3075 3016 3145 quando
3058 3076 3230 3132 electa
3272 3076 3434 3132 corda
3477 3092 3576 3146 per

1981 3183 2222 3223 amorem
2252 3168 2589 3239 suscipiunt,
2634 3168 2739 3223 hoc
2777 3162 3005 3238 quodin
3046 3168 3211 3223 verbo
3240 3175 3295 3223 et
3322 3168 3572 3237 exemplo

286 3263 484 3319 ﬂuctus
513 3266 963 3318 tentamenlorum
992 3264 1338 3321 corruerent,
1372 3254 1417 3311 εἰ
1459 3270 1568 3310 non
1609 3254 1876 3324 maiorum
1912 3328 1946 3333 _
1981 3262 2218 3317 doctoris
2243 3262 2435 3329 radiat,
2464 3263 2532 3317 de
2555 3252 3268 3333 imitationeBedemptoris.
3295 3264 3567 3332 Sequitur:

282 3357 489 3414 robore
517 3354 584 3410 ad
615 3354 737 3414 alta:
762 3353 885 3409 Vim
931 3350 1257 3407 deSidel'itlm
1298 3362 1487 3404 eorum
1520 3346 1684 3403 corda
1728 3345 1877 3401 κη·-
1901 3328 1947 3389 C
1979 3354 2050 3408 Et
2078 3355 2280 3410 vocabis
2310 3354 2418 3409 Isai
2442 3356 2512 3408 ad
2534 3357 2788 3409 victimam
2822 3371 2838 3407 :
2869 3328 3121 3409 Fortasse
3145 3355 3267 3420 hoc,
3294 3328 3443 3410 locus
3469 3356 3574 3411 iste

282 3458 494 3507 rentur.
519 3447 577 3503 In
602 3446 706 3502 lsai
730 3459 881 3514 ergo,
904 3450 959 3500 et
986 3442 1136 3498 Jesse
1157 3441 1278 3495 ﬁliis
1302 3456 1399 3495 rex
1427 3440 1594 3493 latere
1615 3438 1876 3493 describi-

283 3550 397 3606 tur,
424 3539 551 3608 quia
577 3537 656 3592 illi
684 3535 886 3591 utiliter
905 3533 972 3588 ad
996 3530 1254 3587 Ecclesia:
1272 3529 1485 3585 culmen
1513 3527 1754 3591 veniunt,
1779 3526 1874 3595 qui

266 3632 592 3688 electorum
621 3623 933 3694 magisterio
961 3629 1017 3678 et
1052 3635 1244 3692 pacem
1283 3617 1555 3674 custodire
1598 3625 1654 3671 et
1696 3616 1874 3686 dispo-

284 3734 441 3784 nere,
481 3718 595 3774 sive
623 3714 890 3772 coniicere
914 3712 1214 3784 spiritualia
1253 3709 1393 3766 bella
1423 3708 1681 3765 didicere.
1726 3708 1874 3764 Bene

287 3825 419 3881 ergo
443 3809 639 3865 dicitur
667 3824 680 3860 :
714 3805 928 3861 Providi
955 3806 1091 3859 enim
1118 3805 1174 3858 in
1213 3801 1338 3872 ﬁliis
1374 3801 1485 3871 ejus
1524 3800 1651 3853 milii
1677 3816 1869 3871 regem.

284 3904 349 3960 ln
394 3902 477 3959 his
520 3900 717 3970 quippe
746 3913 854 3953 non
895 3897 949 3951 in
977 3897 1096 3952 aliis
1141 3909 1237 3950 rex
1278 3890 1618 3962 providetur,
1649 3890 1774 3960 quia
1802 3889 1871 3946 ad

264 3994 500 4051 culmen
539 3991 789 4048 Ecclesiae
828 4004 927 4060 per
960 3988 1198 4043 divinam
1238 3984 1466 4055 gratiam
1502 3983 1632 4039 nulli
1674 3998 1870 4053 perve-

284 4087 468 4153 niunt,
510 4085 598 4155 qui
630 4083 926 4139 electorum
970 4079 1342 4149 magisterium
1382 4092 1478 4148 per
1506 4092 1696 4132 omnes
1738 4084 1875 4132 tem-

279 4191 481 4248 porum
509 4175 723 4231 ordines
752 4188 860 4228 non
888 4178 1202 4241 sequuntur.
1234 4168 1488 4239 Sequitur
1515 4187 1527 4222 :

264 4306 269 4321 τ
355 4266 536 4339 (Vers.
576 4264 638 4331 2,
671 4264 752 4333 3.)
792 4261 861 4315 Et
902 4262 978 4314 ait
1028 4260 1239 4315 Samuel
1272 4276 1291 4313 :
1331 4256 1598 4322 Quomodo
1646 4257 1873 4312 vadum?

284 4358 474 4413 Audiet
504 4356 641 4410 enim
670 4354 824 4421 Saul,
852 4362 901 4406 et
928 4351 1204 4421 interﬁciet
1245 4368 1346 4405 me.
1376 4349 1449 4403 Et
1476 4352 1551 4404 ait
1576 4348 1832 4404 Dominus
1850 4364 1871 4403 :

296 4450 530 4505 Vitulum
570 4447 633 4500 de
659 4452 893 4500 armento
923 4444 1069 4498 tolles
1095 4445 1148 4497 in
1175 4459 1331 4496 manu
1360 4451 1470 4508 tua,
1500 4451 1547 4496 et
1584 4442 1722 4497 dices
1750 4442 1873 4500 :Ad

282 4538 661 4597 immolandum
700 4536 925 4591 Domino
962 4537 1094 4589 veni.
1126 4533 1199 4588 Et
1227 4533 1429 4589 vocabis
1480 4531 1587 4587 Isai
1630 4534 1700 4587 ad
1727 4534 1872 4588 victi-

281 4650 448 4697 mam,
479 4641 528 4687 et
554 4647 646 4702 ego
683 4628 953 4684 ostendam
983 4626 1076 4681 tibi
1104 4626 1227 4699 quid
1257 4626 1445 4697 facias.

260 4764 263 4769 ‹
354 4723 411 4778 5.
442 4722 579 4789 Quid
601 4722 684 4776 his
704 4719 882 4776 verbis
901 4718 1221 4784 ostenditur,
1246 4717 1349 4773 nisi
1368 4716 1495 4786 quia
1524 4724 1868 4789 tyrannorum
1899 4758 1951 4818 Β

281 4815 522 4871 versutia
550 4821 713 4882 atque
753 4812 959 4869 srevitia
987 4811 1309 4879 quandoque
1339 4818 1422 4865 est
1445 4811 1534 4881 pia
1559 4811 1745 4866 fraude
1769 4812 1867 4867 de-

282 4908 555 4964 ludenda?
582 4907 859 4977 Praecepto
900 4919 1134 4973 namque
1181 4904 1395 4960 Domini
1423 4905 1493 4961 de
1519 4913 1764 4961 armento
1789 4906 1870 4962 vi-

283 5002 433 5058 tulus
480 5003 704 5070 tollitur,
752 5001 1054 5057 immolatio
1105 4999 1409 5070 simulatur,
1431 5002 1444 5067 ζ
1451 5008 1508 5056 et
1549 5001 1620 5055 ad
1666 5003 1869 5071 regiam

282 5093 599 5150 unctionem
626 5092 970 5164 pervenitur,
1000 5090 1127 5162 quia
1152 5089 1282 5146 dum
1309 5104 1506 5147 nocere
1532 5093 1743 5161 tyranni
1771 5108 1868 5149 cu-

279 5172 459 5261 piunt,
490 5185 793 5256 obiicienda
821 5192 949 5242 sunt
976 5183 1054 5241 eis
1080 5183 1355 5253 quaedam,
1384 5197 1503 5252 qua:
1528 5184 1778 5249 credant,
1811 5191 1872 5239 ut

257 5276 516 5335 nocendi
544 5276 749 5333 aditum
776 5292 884 5333 non
913 5274 1205 5331 inveniant.
1229 5272 1322 5329 Sic
1348 5273 1563 5345 tyranni
1588 5274 1746 5345 377
1777 5273 1872 5330 de-

279 5369 503 5426 ludendi
531 5377 676 5435 sunt,
698 5375 761 5424 u‘t
787 5368 1042 5424 caveatur
1068 5366 1224 5437 culpa
1253 5365 1537 5421 mendacii.
1562 5365 1715 5431 Quod
1745 5374 1871 5422 tunc

280 5462 424 5519 bene
443 5460 739 5532 perﬁcitur,
761 5474 883 5516 cum
900 5457 1029 5515 illud
1051 5456 1126 5525 fit,
1150 5456 1296 5527 quod
1316 5455 1595 5524 asseritur,
1616 5456 1711 5512 sed
1725 5457 1871 5526 quod

281 5552 346 5607 ﬁt
388 5554 467 5609 sic
493 5553 711 5620 dicitur,
740 5560 802 5607 ut
828 5550 1058 5615 celetur,
1086 5547 1210 5617 quia
1257 5563 1325 5604 ex
1352 5556 1505 5617 parte
1548 5547 1763 5615 dicitur,
1817 5556 1873 5605 et

280 5657 353 5700 ex
369 5652 526 5716 parte
540 5646 816 5702 reticetur.
830 5642 1113 5714 Propheta:
1131 5653 1363 5708 namque
1381 5640 1615 5697 Samueli
1629 5642 1873 5713 praecipi-

282 5741 397 5803 tur,
418 5741 482 5789 ut
505 5735 573 5789 ad
595 5734 903 5805 ungendum
926 5744 1111 5801 regem
1133 5727 1308 5795 vadat,
1324 5735 1381 5784 et
1393 5738 1452 5784 “se
1471 5728 1870 5786 immolatarum

287 5824 544 5895 Domino,
571 5842 681 5884 non
702 5839 882 5896 regem
921 5830 1206 5880 uncturum
1230 5829 1473 5889 asserat;
1503 5830 1565 5878 ut
1588 5823 1873 5880 immolans

286 5933 479 5979 verum
504 5919 672 5993 dicat,
698 5922 754 5980 et
782 5918 1089 5982 unctionem
1116 5915 1322 5989 celans,
1352 5916 1566 5989 tyranni
1592 5916 1872 5989 saevitiam,

1981 3446 2236 3512 insinuat,
2264 3446 2407 3515 quod
2437 3454 2633 3515 praeter
2662 3446 3001 3514 przclatorum
3032 3444 3417 3499 conscientiam
3443 3446 3573 3500 sub-

1981 3535 2079 3590 diti
2108 3536 2458 3604 promovendi
2480 3543 2753 3609 non'sunt.
2779 3534 2879 3589 lsai
2905 3534 3052 3604 prius
3081 3533 3149 3588 ad
3177 3533 3448 3589 victimam
3477 3550 3575 3590 vo-

1982 3634 2161 3694 catur,
2193 3636 2251 3682 ut
2278 3628 2506 3695 bonum,
2539 3628 2682 3699 quod
2708 3628 2889 3683 subire
2917 3628 3190 3697 subjectus
3212 3630 3468 3696 cernitur,
3515 3629 3571 3684 in

1982 3718 2224 3786 magistri
2249 3720 2332 3774 sui
2362 3727 2541 3774 mente
2563 3719 2835 3774 fundetur.
2868 3719 3016 3775 Bene
3043 3718 3381 3788 subjungitur
3433 3738 3447 3774 :
3498 3718 3569 3774 Et

1980 3808 2246 3865 ostendam
2271 3809 2362 3863 tibi
2388 3810 2509 3881 quid
2537 3811 2723 3881 facias.
2747 3808 2979 3882 ldipsum
3002 3824 3218 3880 quoque
3239 3809 3568 3882 exprimens,

1977 3903 2055 3957 ait
2081 3920 2095 3956 :
2846 3960 2853 3963 .

2051 3992 2225 4065 (Vers.
2259 3994 2337 4065 5.)
2376 3993 2446 4049 Et
2472 4010 2657 4066 unges,
2687 4012 2835 4067 quem
2859 4003 3209 4051 monstravero
3237 3995 3348 4049 tibi.

2051 4084 2104 4138 7.
2142 4082 2252 4138 Nisi
2282 4085 2423 4140 enim
2451 4084 2556 4140 Isai
2597 4085 2744 4154 prius
2772 4094 3015 4150 vocetur,
3048 4085 3095 4139 ei
3115 4124 3131 4149 ,
3162 4100 3280 4152 qum
3322 4082 3569 4138 facienda

1973 4184 2131 4243 sunt,
2172 4193 2280 4232 non
2320 4176 2623 4247 pandentur
2654 4194 2666 4229 :
2699 4174 2823 4244 quia
2864 4175 2980 4230 sine
3014 4174 3257 4241 magistri
3286 4173 3570 4229 voluntate

1977 4269 2179 4339 aliquid
2209 4270 2275 4325 de
2317 4268 2543 4338 subjecti
2587 4281 2819 4337 persona
2850 4266 3150 4320 faciendum
3184 4280 3290 4320 non
3317 4273 3418 4320 est.
3468 4264 3568 4323 Illo

1977 4375 2107 4430 ergo
2146 4370 2342 4417 vocato
2366 4399 2383 4426 ,
2428 4359 2571 4431 quod
2600 4366 2682 4414 est
2712 4357 3039 4423 faciendum,
3073 4358 3391 4425 ostenditur,
3442 4358 3569 4429 quia

1978 4470 2102 4510 cum
2128 4454 2408 4509 voluntate
2449 4450 2685 4519 religiosi
2725 4450 2993 4521 doctoris,
3036 4450 3265 4519 subjecti
3295 4450 3570 4506 humilitas

1978 4547 2047 4602 ad
2078 4562 2257 4602 arcem
2306 4543 2604 4599 sustollitur
2655 4542 3004 4615 praalationis.
3060 4542 3195 4610 Quid
3241 4551 3322 4598 est
3362 4552 3565 4609 autem,

1978 4638 2125 4709 quod
2154 4637 2351 4693 dicitur
2376 4654 2388 4689 :
2426 4636 2597 4707 Unges
2621 4653 2767 4708 quem
2794 4644 3146 4691 monstravere
3176 4634 3284 4703 tibi,
3312 4634 3413 4690 nisi
3441 4634 3569 4703 quia

1978 4731 2137 4787 electi
2178 4728 2409 4800 pastoris
2451 4727 2690 4799 mquales
2724 4727 2969 4796 discipuli
3014 4741 3201 4781 omnes
3240 4741 3350 4780 non
3394 4722 3570 4779 sunt?

1975 4820 2114 4877 Sunt
2162 4834 2391 4889 namque
2429 4836 2495 4874 ex
2544 4819 2669 4887 illis,
2717 4818 2805 4873 alii
2837 4818 2995 4873 utiles
3046 4818 3113 4873 ad
3163 4814 3563 4872 obediendum:

1977 4911 2068 4966 alii
2093 4919 2149 4967 et
2175 4910 2448 4968 humiliter
2476 4909 2753 4976 obediunt,
2798 4914 2855 4962 et
2893 4907 3082 4977 jubere
3110 4907 3341 4961 discrete
3368 4902 3571 4958 didice-

1976 5010 2121 5058 runt.
2160 5002 2297 5059 Dicit
2320 5017 2450 5073 ergo
2484 5020 2497 5057 :
2535 5002 2707 5074 Unges
2751 5015 2899 5072 quem
2927 5007 3278 5053 monstravere
3310 4994 3443 5048 tibi:
3484 4998 3568 5057 ut,

1978 5108 2099 5147 cum
2143 5091 2212 5146 ad
2256 5091 2467 5146 culmen
2513 5088 2804 5146 sacerdotii
2850 5102 3081 5158 persona
3129 5084 3406 5154 quaeritur,
3446 5096 3570 5139 cum

1978 5196 2173 5252 magna
2200 5181 2495 5236 subtilitate
2517 5181 2845 5251 requiratur.
2875 5177 3083 5245 Quibus
3112 5175 3362 5232 nimirum
3391 5170 3571 5228 verbis

1979 5275 2375 5331 ordinatoribus
2402 5274 2767 5331 Ecclesiarum
2795 5274 2851 5329 in
2880 5273 3146 5329 electione
3175 5270 3399 5325 aliorum
3436 5264 3571 5321 nihil

1977 5387 2133 5427 suum
2162 5368 2500 5439 relinquitur.
2535 5367 2733 5437 Quem,
2765 5368 2873 5433 ait,
2908 5374 3258 5421 monstravero
3286 5360 3397 5426 tibi,
3424 5358 3571 5412 illum

1976 5479 2159 5533 unger.
2190 5460 2291 5527 Qui
2313 5468 2439 5515 sunt
2458 5459 2551 5528 qui
2577 5467 2784 5528 ungunt
2805 5473 2939 5527 quos
2966 5472 3073 5512 non
3100 5459 3367 5510 monstrat
3390 5452 3527 5506 Deus
3550 5490 3567 5516 ,

1979 5553 2084 5608 nisi
2106 5551 2198 5623 qui
2228 5550 2432 5606 carnali
2462 5549 2658 5605 allectu
2689 5551 2758 5607 ad
2784 5549 3148 5606 Ecclesiarum
3179 5546 3392 5603 culmen
3421 5541 3569 5597 ordi-

1977 5643 2186 5699 nandos
2209 5640 2430 5706 ducunt,
2464 5639 2555 5709 qui
2585 5655 2693 5695 non
2720 5640 2911 5695 merita
2941 5638 3275 5705 discernunt,
3307 5632 3402 5690 sed
3440 5644 3570 5702 per-

1981 5750 2143 5792 sonas
2167 5731 2477 5803 accipiunt?
2506 5729 2599 5784 Isti
2639 5730 2856 5800 quidem
2884 5744 3039 5800 reges
3068 5734 3298 5798 ungunt,
3328 5722 3423 5780 sed
3461 5734 3569 5775 non

1982 5826 2074 5896 qui
2113 5841 2144 5879 a
2188 5823 2300 5878 Deo
2347 5826 2738 5877 monstrantur.
2784 5820 2937 5888 Quod
2983 5838 3139 5879 suum
3183 5826 3295 5884 est,
3342 5812 3568 5875 faciunt;

1928 5985 1944 5996 ί
1982 5916 2132 5992 quod
2158 5915 2253 5972 Dei
2280 5919 2396 5985 est,
2440 5912 2650 5970 tollunt.
2685 5914 2781 5973 Dei
2808 5915 3025 5987 quidem
3054 5923 3342 5989 personam
3371 5919 3565 5963 mons.

2655 6078 2744 6103 WA
2911 6082 2954 6097 τά
2990 6086 2991 6089 η
3019 6080 3043 6090 ιι
3050 6077 3085 6094 ἑο
