4052 6338
527 280 627 342 451

1740 271 1986 333 SANC’I'I
2020 269 2349 333 GREGORII
2389 268 2607 328 MAGNI

3686 262 3792 324 £52

525 428 670 481 trare
713 426 834 487 est,
898 415 1222 476 ordinatoris
1264 414 1428 488 373
1482 412 1724 485 praebere
1768 415 2101 471 unctionem.
2130 395 2183 456 Α
2205 392 2369 488 vim?“
2392 405 2607 488 ηιεσξιῖξιο
2640 386 2696 442 Si
2726 401 2868 488 Ἔπη
2896 384 3170 488 interesse
3211 379 3643 488 sacriﬁcantibus
3690 399 3795 439 non

521 512 657 569 Dum
687 526 815 581 ergo
860 511 959 582 ipsi
988 510 1088 565 sibi
1119 515 1425 563 monstrant
1450 522 1589 575 quos
1631 513 1833 575 ungant
1854 545 1870 572 ,
1907 505 2109 559 habere

440 612 443 615 '
520 601 691 658 Deum
719 607 1125 672 cooperatorem
1162 598 1370 653 nolunt.
1405 594 1556 652 Unde
1583 605 1640 651 et
1669 612 1763 666 per
1789 595 2108 667 prophetam

519 694 714 750 Oseam
741 692 808 747 de
849 693 1043 747 talibus
1085 690 1269 746 electis
1302 689 1560 744 Dominus
1586 688 1849 758 queritur,
1879 687 2062 741 dicens
2091 702 2105 742 :

441 798 451 866 ξ
520 786 632 857 Ipsi
660 795 1025 857 regnaverunt,
1056 800 1159 838 non
1188 799 1253 837 ex
1278 796 1381 847 me;
1414 781 1673 852 principes
1696 780 2027 847 exstiterunt,
2058 786 2111 831 et

444 872 453 943 ἰ
517 894 612 951 ego
639 878 874 950 ignoravi
905 874 1081 949 (Osee.
1111 893 1222 941 vni,
1251 875 1328 945 5).
1354 874 1556 929 Dicitur
1576 887 1704 943 ergo
1730 874 1938 939 electis,
1964 871 2111 941 quod

518 972 705 1026 audire
731 986 838 1025 non
867 977 1094 1040 possunt
1117 968 1329 1038 reprobi
1354 984 1369 1020 :
1397 965 1567 1037 Unges
1589 981 1735 1033 quem
1762 973 2113 1019 monstravere

522 1064 658 1118 tibi:
690 1072 748 1119 ut
786 1064 965 1118 nullus
1006 1067 1413 1133 promoveatur,
1456 1058 1559 1121 nisi
1587 1058 1679 1127 qui
1729 1058 1921 1127 dignus
1960 1065 2114 1111 tanto

519 1157 730 1217 ordine,
760 1156 1156 1224 Scripturarum
1184 1161 1491 1207 sanctarum
1520 1151 1677 1205 laude
1698 1149 2028 1205 decernitur.
2057 1148 2114 1204 In

476 1270 479 1273 λ
520 1249 600 1302 eis
628 1247 846 1316 quidem
879 1244 1133 1299 Dominus
1163 1243 1419 1311 loquitur,
1453 1240 1527 1296 ibi
1568 1240 1743 1311 qualis
1791 1249 1845 1295 et
1880 1248 2114 1309 quantus

518 1352 641 1393 esse
662 1337 855 1392 debeat
885 1337 1138 1405 magister
1165 1334 1444 1401 Ecclesiae,
1476 1341 1828 1389 memoratur.
1857 1332 1951 1387 ille
1975 1345 2108 1401 ergo

520 1439 851 1486 monstratus
895 1445 923 1482 a
958 1428 1184 1482 Domino
1227 1426 1465 1495 eligitur,
1493 1426 1583 1496 qui
1608 1439 1703 1495 per
1741 1440 1953 1481 sacrum
1993 1424 2110 1479 elo-

518 1523 703 1593 quium
738 1520 1162 1577 commcndatur.
1181 1518 1307 1573 litec
1328 1518 1548 1588 quidem
1568 1517 1697 1571 mali
1720 1525 1957 1572 rectores
1976 1531 2108 1571 con-

520 1625 785 1681 temnunt,
809 1614 935 1669 boni
958 1612 1281 1667 laciunt.De
1322 1612 1589 1667 bonorum
1632 1624 1763 1680 ergo
1803 1608 2110 1665 obedientia

517 1713 665 1761 recte
693 1704 1033 1775 subjungitur
1064 1722 1077 1756 :

589 1799 774 1870 (Vers.
808 1799 886 1867 i.)
928 1796 1075 1851 Fecit
1103 1812 1222 1867 ergo
1273 1794 1503 1858 Samuel,
1552 1794 1690 1865 quod
1720 1793 1916 1847 locutus
1948 1799 2022 1844 est
2062 1790 2111 1844 ei

516 1887 789 1944 Dominus.
824 1887 976 1941 Venit
1002 1888 1055 1939 in
1085 1884 1397 1951 Bethlehem,
1430 1892 1479 1938 et
1522 1881 1769 1936 admirati
1795 1888 1913 1934 sunt
1941 1880 2112 1935 senio-

515 1996 601 2036 res
626 1982 867 2047 civitatis,
902 1986 1224 2033 occurrentes
1248 1978 1312 2031 ei.

590 2073 644 2127 8.
686 2072 767 2126 Ad
805 2071 1085 2125 historiam
1136 2070 1378 2125 seniores
1421 2068 1777 2132 admirantur,
1822 2067 1946 2138 quia
1988 2065 2114 2120 illuc

518 2166 705 2223 venire
733 2164 997 2236 propheta
1020 2179 1129 2219 non
1150 2173 1268 2218 erat
1292 2163 1502 2218 solitus.
1525 2161 1644 2229 Quo
1665 2162 1719 2216 in
1740 2162 1861 2217 loco
1886 2160 2116 2217 fortasse

518 2259 763 2329 signatur
793 2274 809 2310 :
841 2256 967 2325 quia
1009 2250 1168 2311 electi
1204 2255 1459 2310 doctores
1488 2254 1579 2308 vix
1616 2253 1905 2323 aliquando
1944 2250 2116 2308 videri

519 2349 576 2406 in
600 2350 815 2423 publico
841 2349 1065 2416 debent,
1098 2364 1217 2404 esse
1245 2347 1556 2418 frequentes
1587 2348 1640 2401 in
1669 2355 1882 2402 secreto
1901 2387 1917 2414 ,
1946 2360 2113 2415 nego-

522 2446 611 2501 tiis
658 2444 904 2500 civilibus
949 2444 1127 2511 vacui,
1176 2442 1542 2513 spiritualibus
1583 2441 1748 2510 pleni.
1796 2439 2116 2495 Miraculutl

518 2550 650 2606 ergo
681 2536 740 2591 ﬁt
768 2536 972 2606 populi,
1004 2535 1057 2589 in
1087 2533 1303 2604 publico
1329 2533 1444 2587 visa
1469 2546 1697 2601 person-1
1732 2531 1986 2601 pastoris.
2019 2529 2122 2585 Ili-

518 2635 707 2683 rantur
733 2626 878 2696 quod
904 2636 1084 2693 exeat,
1112 2639 1275 2694 quem
1315 2623 1511 2679 secreti
1546 2623 1813 2678 cultorem
1851 2622 2116 2679 sciebant.

516 2718 620 2790 Qui
648 2722 774 2790 quia
814 2720 866 2775 in
914 2734 1106 2788 magna
1144 2717 1330 2788 populi
1379 2718 1735 2773 veneratione
1787 2716 2112 2785 sustollitur,

518 2816 763 2873 seniores
795 2815 1026 2870 civitatis
1054 2822 1110 2868 et
1152 2811 1432 2882 admirati,
1463 2821 1519 2867 et
1564 2812 1616 2867 ei
1646 2812 1947 2867 occurrisse
1975 2809 2120 2866 refo-

515 2916 728 2964 runtur.
752 2906 888 2974 Quia
911 2921 1040 2962 vero
1065 2921 1171 2960 non
1193 2904 1446 2976 populus,
1468 2903 1561 2959 sed
1580 2904 1823 2959 seniores
1844 2901 2120 2956 admiran-

516 3011 626 3065 tur,
659 3002 895 3069 perl‘ecta
920 3000 1202 3052 doctorum
1229 3000 1401 3052 virtus
1438 2996 1766 3066 ostenditur,
1792 3010 1917 3065 quae
1948 3011 2056 3050 non
2085 3006 2118 3050 a

518 3088 758 3158 parvulis
784 3095 839 3140 et
867 3086 1220 3155 simplicibus,
1250 3087 1349 3141 sed
1369 3101 1399 3139 a
1421 3087 1631 3154 magnis
1657 3094 1712 3139 et
1734 3085 1955 3140 eruditis
1978 3099 2118 3154 pra:-

518 3183 751 3239 dicatur.
781 3180 882 3248 Qui
933 3182 1095 3237 etiam
1146 3181 1214 3237 de
1262 3179 1491 3250 paciﬁco
1548 3179 1791 3249 ingressu
1840 3179 2117 3249 prepheta

517 3274 877 3331 sciscitantur.
911 3271 1071 3340 Quasi
1095 3287 1223 3343 ergo
1251 3274 1547 3343 ingressum
1572 3288 1677 3327 nun
1705 3272 1989 3343 paciﬁcum
2009 3274 2113 3328 mi-

518 3365 768 3432 nabatur,
800 3366 892 3436 qui
922 3366 1132 3420 dicebat
1160 3382 1171 3419 :
1206 3364 1344 3430 Quid
1372 3366 1542 3431 vultis,
1567 3366 1621 3421 in
1649 3367 1797 3437 virga
1820 3369 2018 3421 veniam
2045 3367 2115 3421 ad

519 3473 626 3523 vos,
660 3473 728 3510 an
759 3457 812 3511 in
835 3458 1021 3529 spiritu
1044 3458 1495 3513 mansuetudinis?
1516 3456 1571 3532 (1
1595 3457 1718 3514 Cor.
1745 3472 1817 3527 tv,
1844 3456 1957 3533 2L)
1978 3457 2120 3527 Quid

516 3557 600 3606 est
628 3563 776 3620 ergo,
808 3550 955 3620 quod
984 3552 1176 3607 dicitur
1207 3568 1221 3605 :

590 3639 768 3712 (Vers.
803 3639 882 3710 4.)
925 3640 1186 3712 Paciﬁcas
1214 3650 1291 3697 est
1318 3642 1583 3715 ingressus
1611 3644 1759 3699 tuus?

591 3729 646 3784 9.
687 3729 799 3783 Nisi
828 3730 955 3799 quia
982 3731 1143 3786 electi
1183 3730 1367 3789 ﬁdeles
1405 3735 1534 3790 dum
1564 3736 1702 3792 bene
1753 3736 2115 3807 spiritualium

519 3815 810 3873 doctorum
844 3827 963 3874 acta
1012 3821 1389 3889 considerant,
1440 3824 1494 3879 in
1533 3825 1611 3880 eis
1655 3827 1841 3895 utique
1880 3828 2116 3882 divinam

525 3909 854 3965 voluntatem
886 3919 1134 3981 pensant.
1168 3912 1299 3979 Quia
1331 3916 1475 3969 enim
1502 3932 1623 3971 esse
1652 3917 1956 3974 Samuelem
1986 3934 2116 3991 pro-

521 4002 738 4074 phetam
771 4002 1043 4071 sciebant,
1090 4004 1277 4076 utique
1307 4007 1428 4077 quia
1477 4007 1671 4062 divina:
1702 4010 2121 4080 dispensationis

518 4101 731 4149 secreta
764 4108 1120 4166 cognoverat.
1156 4097 1292 4152 Dum
1339 4112 1469 4169 ergo
1509 4100 1579 4155 de
1619 4097 1845 4172 pacifico
1874 4101 2120 4171 ingressu

520 4182 890 4261 interrogant,
934 4192 1059 4262 quid
1087 4192 1231 4246 aliud
1263 4192 1645 4261 interrogando
1676 4194 1907 4263 faciunt,
1951 4210 2118 4265 quam

520 4277 686 4334 divini
726 4282 936 4336 consilii
985 4298 1147 4339 nosse
1174 4284 1315 4339 velle
1345 4288 1654 4342 secretum?
1686 4284 1902 4342 Utinam
1934 4297 1988 4343 et
2017 4305 2115 4345 nos

520 4371 736 4438 quoties
763 4381 979 4427 sanctos
1017 4376 1161 4430 viros
1190 4376 1496 4445 cernimus,
1534 4377 1806 4448 inquirere
1853 4378 1921 4435 de
1968 4379 2117 4450 pacis

523 4467 722 4516 nostrae
749 4465 1041 4520 securitate
1087 4467 1451 4536 studeremus,
1503 4476 1558 4524 et
1602 4469 1888 4539 diligenter
1933 4471 2002 4526 ab
2037 4470 2117 4529 eis

517 4551 681 4622 scire,
711 4556 899 4625 quales
925 4574 955 4610 a
984 4558 1095 4613 Deo
1118 4575 1421 4627 cernamur,
1455 4562 1545 4631 qui
1573 4565 1897 4633 cognitionis
1918 4574 2117 4623 nostra:

520 4646 709 4703 oculos
734 4664 843 4704 non
870 4649 1154 4707 habemus.
1188 4650 1447 4710 Paciﬁcas
1472 4669 1604 4725 ergo
1633 4656 1905 4726 ingressus
1925 4657 2117 4713 docto-

523 4752 643 4793 rum
674 4746 780 4807 est,
814 4755 936 4795 cum
968 4741 1034 4796 ad
1064 4758 1158 4798 eos
1186 4744 1431 4812 veniunt,
1460 4746 1554 4816 qui
1584 4762 1691 4801 non
1722 4757 1845 4803 sunt
1875 4763 1973 4818 pro
1995 4749 2114 4804 cul-

2214 483 2433 545 audent,
2462 480 2565 534 nisi
2594 478 2932 542 sanetiilcati,
2958 477 3086 547 quid
3117 476 3186 532 de
3215 473 3642 531 sacriﬁcantibus
3668 490 3797 530 cem

2212 576 2475 635 sentiam?
2524 572 2874 633 Sanctiﬁcare
2919 572 3061 631 enim
3104 584 3337 642 purgare
3374 577 3476 626 est.
3528 567 3797 639 Quantum

2213 680 2343 735 ergo
2386 664 2551 737 puros
2595 666 2754 723 decet
2808 678 2928 723 esse
2962 662 3275 737 pontiﬁces,
3322 662 3412 718 ubi
3448 662 3690 725 invitata:
3733 662 3798 721 ad

2213 760 2534 819 sacriﬁcium
2603 758 2817 817 nonnisi
2868 756 3216 817 sanctiﬁcata:
3267 755 3612 817 admittenda:
3678 763 3800 813 sunt

2216 856 2439 927 plebes?
2469 852 2838 911 Sanctilicatio
2865 851 3066 923 quippe
3112 851 3357 922 corporis
3385 849 3645 922 pudicitia
3686 858 3796 919 est,

2208 945 2561 1003 sanctiﬁcatio
2576 945 2770 1001 mentis
2785 943 3022 1005 charitas
3039 951 3096 998 et
3118 942 3412 1001 humilitas.
3426 939 3803 1001 Sanetiﬁcetur

2210 1054 2340 1109 ergo
2369 1039 2436 1095 ad
2463 1038 2787 1097 sacriﬁcium
2817 1037 3092 1101 invitatus,
3124 1035 3220 1093 sed
3247 1035 3418 1104 magis
3452 1034 3544 1091 ille
3570 1034 3804 1107 cogitur,

2212 1148 2240 1187 a
2271 1147 2383 1203 quo
2409 1130 2687 1186 invitatur.
2715 1127 2911 1184 Notent
2944 1127 3275 1196 sacerdotes,
3306 1141 3426 1198 quae
3452 1126 3695 1189 invitatis
3722 1127 3804 1181 di-

2211 1232 2338 1281 cant
2364 1240 2379 1279 :
2410 1222 2592 1278 Venite
2619 1238 2839 1279 mecum.
2863 1221 3059 1277 Secum
3087 1221 3284 1292 quippe
3303 1221 3468 1297 319
3484 1220 3805 1281 sanctiﬁcati

2212 1316 2437 1372 veniunt
2459 1356 2475 1384 ,
2520 1316 2565 1372 si
2614 1330 2736 1371 cum
2762 1315 2976 1371 mundis
3016 1314 3263 1386 plebibus
3290 1314 3359 1369 ad
3407 1314 3502 1370 Dei
3545 1315 3808 1389 obsequia

2215 1410 2398 1467 mundi
2424 1410 2739 1467 sacerdotes
2774 1409 3057 1466 accedunt.
3105 1407 3301 1469 Secum
3327 1408 3530 1480 quippe
3574 1408 3689 1481 ire,
3728 1416 3811 1469 est

2216 1503 2446 1557 mundos
2474 1517 2595 1559 cum
2627 1502 2841 1561 mundis
2888 1500 3171 1561 accedere.
3210 1500 3347 1563 Nam
3374 1502 3420 1563 si
3447 1500 3665 1565 munda:
3690 1508 3812 1561 sntit

2216 1595 2417 1665 plebes,
2459 1610 2568 1649 non
2597 1594 2780 1655 mundi
2818 1592 3159 1659 sacerdotes,
3200 1608 3386 1657 secum
3412 1608 3524 1656 non
3546 1593 3807 1651 veniunt:

2216 1687 2340 1755 quin
2379 1685 2573 1757 aequali
2616 1685 2860 1753 puritatis
2882 1684 3079 1757 ordino
3105 1699 3216 1741 nou
3259 1685 3546 1745 accedunt.
3582 1685 3812 1743 Audiam

2219 1777 2527 1845 bujusmodi
2565 1776 2694 1845 quid
2741 1775 2880 1832 alter
2933 1776 3199 1847 propheta
3248 1776 3526 1848 admonet.
3578 1775 3811 1837 dicens:

2218 1866 2570 1933 Nundamini,
2619 1868 2706 1938 qui
2758 1867 2907 1938 fertis
2954 1882 3082 1922 vasa
3127 1865 3342 1927 Domini
3390 1865 3551 1937 (Issi.
3578 1867 3813 1937 1.11.11).

2145 1919 2190 1980 ⁵
2219 1959 2451 2017 Audiant
2502 1919 2654 2023 ίιέωξ
2697 1919 2845 2028 αιιίοά
2890 1957 3065 2015 dicit:
3100 1919 3410 2025 Lamias;
3439 1960 3623 2013 ηιαηαί
3658 1919 3816 2015 ἔειοὶα

2218 2049 2374 2123 (lsai.
2405 2066 2440 2115 ι,
2477 2050 2587 2120 l6).
2618 2048 2755 2116 Quia
2792 2063 2924 2119 ergo
2965 2049 3287 2109 mundanda:
3311 2058 3438 2105 sunt
3468 2049 3696 2123 plebes,
3739 2050 3816 2105 di-

2219 2143 2291 2202 cit
2322 2160 2336 2199 :
2374 2140 2815 2211 Sancti/immitti.
2850 2140 2988 2209 Quia
3013 2142 3147 2201 item
3184 2141 3380 2201 summi
3405 2142 3507 2197 viri
3550 2142 3605 2197 in
3647 2144 3817 2199 contis

2221 2248 2333 2289 nuo
2369 2233 2646 2291 munditiae
2675 2246 2788 2293 suae
2824 2240 2971 2293 statu
3009 2246 3226 2302 semper
3251 2231 3450 2290 debent
3477 2246 3815 2303 permanere.

2219 2336 2275 2382 et
2301 2326 2369 2381 ad
2398 2326 2625 2381 formam
2653 2340 2764 2381 suae
2791 2325 3039 2395 puritatis
3057 2323 3194 2382 alios
3218 2323 3458 2393 trahere,
3487 2324 3676 2382 subdit
3705 2340 3721 2379 :
3751 2320 3817 2379 Et

2223 2423 2387 2477 venite
2409 2436 2627 2475 mecum.
2646 2419 2756 2475 Sed
2776 2420 2905 2491 quia
2934 2419 3179 2479 seniores
3200 2419 3267 2475 ad
3288 2418 3564 2477 victimam
3595 2418 3815 2477 invitan-

2223 2521 2328 2579 tur,
2360 2513 2490 2582 quid
2516 2527 2615 2583 per
2656 2521 2844 2585 typum
2871 2512 3276 2580 demonstrant,
3306 2510 3411 2567 nisi
3439 2510 3568 2582 quia
3610 2510 3680 2567 ad
3726 2509 3813 2566 eli-

2222 2604 2458 2672 gendum
2486 2604 2803 2670 antistitem,
2830 2603 2946 2659 sive
2973 2604 3041 2659 ad
3072 2602 3378 2673 ungendum
3408 2610 3465 2660 et
3490 2616 3815 2661 consecran-

2220 2697 2373 2764 dum,
2405 2697 2587 2768 plures
2634 2696 2909 2767 sapientes
2955 2704 3121 2766 atque
3169 2696 3405 2767 religiosi
3450 2695 3553 2754 viri
3598 2694 3816 2757 vocandi

2222 2790 2390 2848 sunt?
2419 2788 2523 2856 Qui
2553 2789 2805 2849 nimirum
2833 2787 3237 2847 sanctiﬁcantur
3260 2797 3321 2844 et
3348 2788 3591 2852 veniam.
3624 2788 3673 2845 si
3704 2801 3814 2856 pro.

2226 2890 2454 2954 ponunt,
2480 2890 2540 2937 ut
2562 2882 2616 2936 in
2638 2881 2905 2939 elatione
2914 2881 3007 2942 illa
3020 2881 3240 2943 carnale
3257 2880 3457 2953 aliquid
3470 2895 3580 2941 non
3592 2894 3815 2953 sequan-

2228 2981 2335 3033 tur.
2383 2971 2719 3033 Sanctiﬁcari
2763 2972 2986 3044 quidem
3012 2973 3094 3030 eis
3120 2981 3224 3041 est.
3254 2972 3325 3033 ad
3351 2970 3646 3045 praebenda
3686 2972 3819 3031 dona

2224 3068 2398 3121 sancti
2438 3063 2675 3134 Spiritus
2709 3065 3045 3136 spiritalem
3076 3074 3136 3125 et
3176 3072 3423 3127 sanctam
3461 3064 3817 3123 nitentium

2220 3158 2512 3213 adducere.
2549 3157 2697 3214 Bene
2719 3166 2902 3215 autem
2922 3159 2982 3217 in
3010 3170 3138 3231 typo
3162 3158 3465 3221 electorum
3492 3165 3553 3219 οι
3579 3154 3653 3217 de
3677 3155 3779 3215 [sai
3799 3194 3818 3225 ,

2220 3255 2281 3303 et
2304 3248 2421 3317 ejus
2442 3247 2569 3305 ﬁliis
2595 3248 2791 3307 dicitur
2817 3266 2833 3306 :

2142 3328 2191 3395 Ο
2301 3338 2482 3411 (Vera.
2512 3338 2591 3412 5.)
2633 3340 2997 3413 Sanstiﬁcavit
3019 3358 3145 3415 ergo
3175 3341 3310 3413 Isai,
3332 3352 3382 3400 et
3405 3344 3547 3415 ﬁlios
3587 3342 3742 3415 ejus.
3767 3350 3819 3399 st

2225 3433 2419 3487 vocarit
2444 3449 2530 3488 eos
2552 3432 2622 3489 ad
2648 3434 2989 3505 sacriﬁcium.
3732 3476 3741 3487 ι

2300 3526 2390 3582 ll.
2429 3525 2496 3582 ΕΔ.
2516 3528 2645 3598 quia
2672 3542 2770 3599 per
2796 3544 2949 3586 saera
2979 3529 3193 3601 eloquia
3227 3528 3517 3591 Dominum
3547 3525 3820 3598 eligendos

2228 3618 2505 3675 antistites
2532 3627 2837 3675 monstrare
2859 3619 3165 3688 docuimus,
3180 3618 3294 3689 jam
3316 3618 3504 3689 quales
3533 3621 3817 3681 nwnstret,

2222 3711 2522 3783 qualesque
2546 3712 2806 3782 reprobet
2835 3712 3248 3782 subsequenter,
3277 3709 3626 3781 loquentibus
3657 3719 3821 3763 sacra

2222 3802 2384 3873 hujus
2409 3803 2652 3859 historia
2679 3804 2967 3875 mysteriis,
2998 3802 3294 3861 videamus.
3320 3800 3578 3873 Sequitur
3604 3816 3623 3856 :

2296 3894 2475 3966 (νοτε.
2507 3896 2561 3962 6,
2596 3895 2673 3967 7.)
2711 3896 2938 3967 Cumque
2968 3896 3190 3967 ingressi
3240 3903 3444 3958 εοεαε.
3474 3893 3601 3948 vidit
3640 3891 3815 3959 snas,

2225 3999 2276 4045 et
2304 3992 2419 4045 ait:
2445 3988 2589 4046 Nam
2615 4007 2792 4047 coram
2814 3991 3042 4047 Domino
3062 4001 3137 4047 est
3164 3990 3401 4048 Christus
3424 3991 3571 4061 ejus?
3588 3987 3665 4044 Et
3694 3988 3819 4045 dixit

2225 4082 2482 4139 Dominus
2510 4086 2580 4138 ad
2613 4084 2909 4141 Samuelem
2932 4102 2949 4141 .'
2974 4083 3060 4140 Ne
3087 4086 3334 4156 respicias
3363 4087 3555 4140 vultum
3568 4083 3708 4154 ejus,
3734 4098 3817 4137 ne-

2224 4192 2322 4247 que
2346 4176 2675 4231 altitudinem
2704 4185 2918 4233 statura
2943 4178 3078 4249 ejus,
3106 4180 3351 4250 quoniam
3375 4177 3542 4249 abieci
3568 4194 3707 4243 eunt,
3729 4190 3816 4230 nec

2216 4268 2375 4341 juxta
2394 4271 2636 4325 intuitum
2658 4270 2925 4326 hominum
2946 4272 3152 4343 judico.
3177 4281 3202 4310 ⁸
3224 4271 3397 4327 Homo
3421 4272 3559 4327 enim
3577 4271 3717 4329 videt
3735 4286 3817 4339 ea,

2226 4378 2340 4434 qua:
2378 4372 2653 4434 apparent,
2693 4363 2951 4420 Dominus
2980 4375 3154 4421 autem
3182 4366 3469 4421 intuebitur
3495 4382 3605 4420 cor.

2300 4454 2439 4521 Quid
2467 4455 2613 4511 enim
2637 4463 2722 4511 est
2748 4458 3083 4527 sapientibus
3106 4458 3334 4527 ingredi,
3381 4457 3482 4513 nisi
3516 4456 3584 4511 ad
3623 4454 3815 4512 subtile

2225 4549 2571 4606 discretionis
2595 4550 2894 4606 sacrarium
2922 4551 3164 4608 intrare?
3202 4553 3310 4608 Sed
3339 4553 3642 4622 ingressum
3670 4549 3813 4605 Eliab

2222 4641 2357 4696 vidit
2391 4658 2402 4695 :
2435 4644 2563 4711 quia
2589 4642 2738 4696 illum
2768 4657 2888 4700 esse
2914 4644 3134 4713 dignum
3159 4644 3474 4715 prmlatione
3501 4653 3708 4698 sancte
3730 4638 3816 4697 Ec-

2223 4734 2401 4791 clesiae
2424 4743 2609 4805 pastor
2628 4736 2892 4806 agnoscit,
2916 4737 3008 4806 qui
3036 4746 3093 4793 et
3113 4736 3480 4793 fortitudinem
3504 4735 3674 4792 habet
3689 4730 3814 4790 boui

444 4842 449 4843 ί
518 4838 592 4901 pa
636 4830 886 4897 feriendi,
934 4834 1026 4889 sed
1056 4850 1155 4904 pro
1198 4835 1405 4906 justitia
1458 4838 1802 4909 praedicandi.
1835 4839 1940 4907 Qui
1988 4855 2114 4913 ergo

2221 4826 2421 4895 operis,
2447 4835 2507 4881 et
2532 4827 2812 4882 scientiam
2835 4828 3100 4885 veritatis.
3130 4826 3274 4896 Quid
3299 4836 3385 4885 est
3411 4835 3598 4883 autem
3614 4865 3632 4892 ,
3675 4824 3814 4897 quod

520 4932 832 4994 promotum
856 4923 1059 4995 justum
1088 4938 1330 4996 venerat,
1365 4931 1643 5000 respondit
1666 4931 1850 4987 dicens
1880 4951 1893 4986 :

593 5015 769 5088 (Vers.
802 5018 883 5088 5.)
923 5019 1217 5091 Paciﬁcas,
1251 5023 1319 5076 ad
1338 5023 1713 5079 immolandum
1736 5024 1962 5083 Domino
1984 5029 2116 5086 veni.

521 5103 960 5180 Sanctiﬁcamini,
990 5124 1040 5170 et
1068 5118 1236 5172 venite
1264 5134 1482 5185 mecum,
1512 5128 1569 5173 ut
1598 5121 1943 5178 immolemus.

594 5197 681 5253 10.
726 5198 859 5255 Cum
906 5202 1239 5272 doctoribus,
1282 5217 1343 5262 ut
1392 5208 1692 5278 immolent,
1738 5213 1972 5276 vadunt,
2022 5215 2116 5284 qui

518 5285 877 5349 intentionem
907 5293 973 5349 ad
1013 5312 1243 5368 superna
1271 5298 1526 5370 dirigunt.
1558 5300 1627 5357 Et
1654 5320 1836 5360 coram
1866 5308 2114 5364 euntibus

520 5382 783 5452 propheta
813 5384 1088 5458 immolat,
1135 5390 1350 5462 quando
1391 5392 1447 5448 id
1493 5393 1704 5465 doctor,
1753 5400 1897 5469 quod
1942 5403 2111 5458 verbo

521 5475 855 5540 pronuntiat,
885 5478 940 5533 in
967 5481 1332 5539 assistentium
1363 5485 1617 5544 cordibus
1656 5505 1754 5562 per
1775 5506 2014 5547 amorem
2042 5494 2113 5549 li-

522 5569 633 5630 gat.
661 5562 769 5619 seu
795 5575 855 5622 ut
878 5569 1161 5631 historiam
1190 5575 1467 5646 paululum
1490 5582 1853 5649 attendamus,
1884 5585 2110 5654 vigilan-

531 5656 713 5714 lel'est
740 5657 1152 5735 discutiendum,
1183 5670 1328 5741 quod
1355 5671 1588 5730 dicitur:
1613 5675 2036 5749 Sanctiﬁcamini
2062 5690 2113 5740 et

652 5817 823 5877 Gilot.
851 5830 912 5879 et
935 5822 1136 5894 Vatic.,
1161 5845 1269 5888 non
1291 5835 1429 5891 enim
1454 5836 1609 5894 videt.

2222 4916 2275 4971 ei
2302 4914 2561 4972 Dominus
2591 4932 2692 4974 nec
2719 4926 2982 4973 staturam
3009 4919 3148 4990 ejus,
3197 4935 3299 4976 nec
3322 4920 3532 4976 vultur)
3570 4922 3815 4991 aspicere

2221 4998 2486 5081 praeeipit,
2518 5010 2619 5067 nisi
2646 5011 2771 5082 quia
2801 5011 2856 5068 in
2892 5022 3081 5069 sancta
3107 5012 3347 5070 Ecclesia
3384 5029 3487 5070 nec
3512 5029 3675 5085 opus,
3720 5027 3815 5070 nec

2220 5100 2447 5156 scientia
2485 5102 2601 5159 sine
2643 5104 2949 5161 humilitate
2980 5106 3350 5177 prmdicatur?
3386 5106 3528 5175 Quid
3553 5116 3645 5162 est
3669 5107 3809 5162 enim

2218 5194 2399 5249 vultus
2425 5194 2683 5265 alicujus,
2726 5197 2829 5253 nisi
2858 5199 3101 5254 exterior
3130 5199 3494 5265 conversatio,
3524 5213 3627 5269 per
3651 5210 3812 5268 quam

2220 5289 2497 5345 noscitur?
2524 5289 2592 5345 Et
2617 5292 2745 5362 quid
2769 5301 2853 5349 est
2872 5302 3079 5350 statura
3101 5294 3240 5365 ejus,
3263 5295 3365 5351 nisi
3388 5294 3620 5351 altitudo
3640 5295 3812 5352 aciem

2219 5379 2336 5447 tiae,
2368 5396 2468 5451 per
2491 5396 2654 5451 quam
2701 5385 2769 5439 ad
2797 5386 3079 5458 superiora
3121 5387 3483 5443 sublimatae?
3508 5386 3660 5455 Quos
3685 5399 3810 5456 ergo

2218 5470 2369 5529 Eliah
2396 5475 2617 5545 rectius,
2645 5492 2808 5548 quam
2848 5480 2989 5535 bona
3037 5490 3277 5551 ageittes,
3311 5491 3367 5536 et
3386 5480 3629 5539 eruditos
3650 5479 3810 5548 signi-

2218 5560 2374 5630 ﬁcat,
2424 5567 2521 5622 sed
2560 5572 2919 5639 arrogantes?
2965 5569 3116 5627 Unde
3145 5580 3201 5628 et
3226 5570 3419 5640 Eliab,
3468 5571 3613 5626 Deus
3660 5584 3803 5626 meus

2217 5669 2390 5732 pater,
2436 5664 2843 5739 interpretatur.
2870 5666 2987 5726 Hoc
3025 5669 3222 5745 quippe
3256 5668 3377 5740 ejus
3405 5683 3603 5726 nomen
3622 5709 3641 5738 ,
3664 5663 3803 5741 quod
