4052 6338
247 404 351 463 4ΰῦ

1084 400 1148 456 ΙΝ
1186 398 1447 459 PRIMUM
1483 396 1724 455 REGUM
1767 394 2276 456 EXPOSITIONES.
2314 428 2386 440 —
2420 394 2550 457 LIB.
2579 397 2649 453 V.

3381 396 3487 453 454
3559 384 3565 391 ’

240 522 445 581 audent
494 526 838 588 praesumere.
894 509 1033 581 Quid
1079 526 1311 583 namque
1360 519 1461 578 est,
1507 510 1651 581 quod
1679 509 1823 565 Deus
1848 517 1895 577 Α
1924 508 2101 564 rnendi
2129 525 2237 565 non
2265 518 2406 576 sunt,
2435 509 2593 567 Sarna
2621 510 2686 565 ad
2716 509 2937 581 regnum
2963 524 2993 564 a
3020 508 3246 565 Domino
3271 525 3378 565 non
3400 512 3497 566 eli-

240 629 397 671 meus
443 620 597 685 pater
638 608 831 663 dicitur
867 622 883 662 :
925 606 1025 662 nisi
1061 606 1185 677 quia
1236 605 1364 659 dum
1418 603 1628 659 fortiter
1681 603 1816 663 bona

239 714 431 774 agunt,
459 699 751 777 spiritualia
781 697 1050 766 sapienter
1075 696 1397 763 intelligunt,
1422 708 1480 753 se
1518 707 1615 763 per
1638 692 1819 761 singu-

241 798 359 852 lare
388 794 637 853 meritum
665 791 717 845 in
743 789 970 843 filiorum
1001 786 1098 841 Dei
1125 801 1404 841 numerum
1437 783 1689 839 transisse
1716 782 1825 851 glo-

248 887 492 945 riantur?
519 882 651 941 Nam
701 886 852 953 pater
880 895 988 934 non
1016 893 1184 942 meus,
1216 876 1312 931 sed
1354 885 1538 929 noster
1574 873 1824 943 omnipo-

251 980 382 1037 tenti
421 977 647 1039 Domino
676 973 951 1037 dicerent,
1000 970 1045 1024 si
1074 984 1169 1041 per
1206 967 1558 1021 humilitatem
1602 980 1661 1020 se
1702 978 1821 1019 cum

250 1070 435 1125 electis
461 1064 667 1121 cmteris
705 1064 757 1121 in
791 1074 1035 1130 superna:
1059 1056 1419 1128 generationis
1448 1052 1636 1111 ordine
1676 1066 1825 1106 com-

251 1159 482 1214 muniter
510 1152 773 1208 viderent.
805 1149 994 1205 Merito
1026 1162 1153 1215 ergo
1180 1145 1475 1217 repellitur,
1499 1143 1623 1214 quia
1644 1142 1696 1196 in
1717 1140 1826 1211 spi-

252 1250 431 1307 rituali
453 1247 683 1304 culmine
710 1242 921 1303 nonnisi
949 1240 1177 1296 humiles
1209 1236 1584 1308 pra-feruntur.
1614 1232 1828 1289 Subtili-

252 1352 336 1397 ter
390 1355 519 1411 ergo
573 1337 833 1413 propheta
877 1334 944 1388 de
998 1331 1226 1400 ungendi
1266 1343 1497 1399 persona
1547 1325 1826 1396 exquirit,

254 1433 437 1488 dicens
473 1450 484 1484 :
515 1428 659 1483 Num
685 1442 860 1482 coram
885 1423 1107 1477 Domino
1137 1429 1211 1476 est
1232 1419 1465 1474 Christus
1492 1416 1645 1490 ejus?
1672 1414 1829 1469 Modo

252 1525 359 1579 hoc
406 1521 485 1585 lit,
525 1517 739 1589 quando
769 1530 1008 1571 summus
1036 1513 1246 1576 doctor,
1287 1516 1342 1564 et
1368 1509 1529 1563 vitam
1554 1515 1609 1561 et
1636 1505 1833 1561 intelli-

253 1612 489 1682 gentiam
519 1607 747 1677 eligendi
775 1604 1070 1674 cognoscit,
1108 1600 1201 1657 sed
1227 1599 1402 1655 adhuc
1430 1598 1497 1654 de
1519 1596 1833 1652 humilitatis

255 1705 453 1759 virtute
475 1699 755 1775 perquirit.
786 1696 892 1752 Sed
922 1695 1126 1750 vultum
1148 1700 1204 1749 et
1229 1700 1491 1748 staturam
1517 1688 1631 1759 ejus
1656 1687 1833 1759 abjec-

1925 601 1977 670 gi
2004 601 2329 672 perhibetur.
2367 601 2500 657 Hinc
2530 616 2678 673 ergo,
2728 602 2855 658 hinc
2898 602 3167 677 simplices
3213 610 3268 658 et
3312 603 3502 658 inube-

1927 696 2133 753 dientes
2162 697 2433 767 colligant,
2459 713 2618 767 quam
2647 696 2929 768 poenaliter
2956 695 3021 750 ad
3049 696 3500 766 praeeminendurn
3566 761 3571 767 ,

1929 801 1988 841 se
2012 787 2280 855 ingerunt,
2310 787 2356 842 si
2398 788 2735 857 omnipotens
2776 786 2914 841 Deus
2944 802 3044 841 nec
3076 786 3222 841 illum
3268 788 3332 841 ad
3363 787 3504 856 regi-

1929 891 2052 930 men
2079 877 2319 945 suscipit,
2343 877 2433 947 qui
2455 860 2549 947 per
2569 876 2923 931 humilitatem
2946 876 3262 932 obedientize
3284 877 3505 934 audiens
3570 946 3573 949 _

1927 977 2170 1022 vocatur.
2214 967 2281 1021 Et
2310 967 2433 1037 quia
2478 967 2657 1038 plures
2689 974 2870 1022 sancta
2920 967 3155 1024 Ecclesia
3200 967 3505 1038 bujusmodi

1929 1068 2039 1113 tam
2062 1060 2329 1130 simplices
2352 1070 2406 1115 et
2425 1060 2562 1116 bene
2587 1060 2845 1127 viventes,
2870 1075 3031 1135 quam
3052 1060 3279 1118 humiles
3300 1062 3506 1133 sapien-

1931 1160 2016 1210 tes
2045 1152 2235 1221 habet,
2265 1151 2507 1221 sequitur
2537 1169 2549 1204 :

2001 1241 2177 1313 (Vers.
2213 1241 2321 1311 lO.)
2359 1243 2586 1298 Adduxit
2602 1244 2769 1317 itaque
2790 1242 2901 1298 Isai
2928 1261 3101 1300 omnes
3119 1246 3260 1318 ﬁlios
3279 1263 3397 1304 suos
3425 1265 3509 1304 co-

1928 1350 2040 1387 ram
2057 1333 2313 1389 Samuele.
2324 1333 2391 1387 Et
2403 1335 2476 1389 ait
2489 1334 2701 1391 Samuel
2711 1332 2859 1391 :Non
2872 1336 3023 1410 elegit
3038 1335 3289 1394 Dominus
3300 1342 3511 1403 existis.

2005 1426 2094 1483 14.
2136 1426 2270 1494 Quia
2302 1428 2353 1481 in
2406 1430 2713 1498 septenario
2760 1445 2986 1485 numero
3036 1430 3208 1486 soleat
3258 1431 3513 1505 perfectio

1937 1514 2231 1585 designari,
2284 1528 2507 1574 testatur
2538 1520 2699 1575 Isaias
2721 1523 3006 1595 propheta,
3035 1523 3122 1593 qui
3155 1524 3292 1579 dona
3342 1525 3512 1583 sancti

1938 1606 2165 1677 Spiritus
2194 1607 2554 1682 Redernptore
2586 1622 2769 1667 nostro
2816 1615 3085 1671 manentia
3115 1630 3380 1684 asserens,
3410 1617 3511 1669 ait:

1941 1698 2237 1770 Requiescet
2262 1719 2413 1773 super
2434 1720 2547 1757 eum
2576 1706 2787 1773 spiritus
2818 1704 3045 1773 Domini,
3079 1708 3288 1775 spiritus
3308 1709 3513 1778 sapieno
3576 1690 3579 1695 I

255 1802 365 1849 tam
394 1788 813 1891 videt,‘quando
842 1786 921 1855 ei,
952 1783 1229 1891 .quidqqid.
1255 1781 1534 1887 pulebrum
1571 1778 1741 1891 habet
1778 1778 1829 1832 in
1865 1831 1912 1891 Β
1941 1790 2024 1844 tia:
2053 1800 2101 1844 et
2120 1792 2426 1859 intellectus,
2454 1796 2665 1863 spiritus
2691 1796 2894 1848 consilii
2922 1805 2970 1849 et
3004 1798 3339 1867 fortitudinis,
3366 1799 3515 1869 spiri-

255 1900 443 1957 opere,
473 1881 728 1954 quidquid
758 1880 925 1935 altum
952 1879 1005 1933 in
1036 1875 1341 1933 eruditione
1368 1875 1509 1930 inest
1537 1873 1606 1938 ei,
1631 1873 1833 1941 absque

256 1976 573 2034 humilitatis
586 1974 780 2029 virtute
793 1969 1084 2042 cognoscit.
1098 1967 1288 2022 Merito
1300 1966 1460 2035 igitur
1475 1963 1729 2019 Dominus
1751 1961 1833 2016 di-

256 2065 1000 2143 citz380Projecieum,nec
1011 2060 1164 2130 juxta
1180 2059 1418 2112 intuitum
1444 2054 1663 2109 hominis
1681 2051 1829 2123 judi-

258 2174 317 2212 co
337 2173 356 2211 :
370 2157 491 2227 quia
504 2154 651 2209 homo
666 2151 796 2206 videt
814 2152 868 2204 in
891 2149 1043 2220 facie,
1058 2145 1197 2200 Deus
1224 2154 1393 2199 autem
1417 2143 1695 2198 intuebitur
1723 2157 1831 2197 cor.

258 2249 426 2318 Quasi
455 2249 595 2304 dicat
620 2264 633 2300 :
664 2244 922 2300 Homines
946 2242 1125 2297 solent
1144 2252 1335 2308 magna
1363 2252 1551 2309 opera,
1580 2244 1635 2291 et
1660 2236 1836 2291 scien-

261 2345 351 2397 tiae
379 2341 542 2396 verba
570 2336 830 2393 laudare:
857 2343 957 2403 ego
984 2341 1163 2387 autem
1186 2346 1284 2387 nec
1310 2330 1472 2386 verba
1492 2371 1507 2397 ,
1549 2343 1651 2384 nec
1676 2342 1840 2398 opera

261 2432 441 2496 laudo,
472 2443 592 2500 quae
621 2428 673 2482 in
700 2426 1004 2481 humilitate
1030 2438 1159 2479 vera
1180 2421 1397 2476 fundata
1423 2436 1531 2475 non
1550 2419 1725 2475 video.
1755 2418 1841 2473 ln-

262 2519 535 2591 dignitatis
563 2518 759 2589 quippe
796 2530 905 2570 sua:
938 2514 1225 2585 repulsam,
1256 2513 1346 2581 qui
1392 2510 1653 2581 ejusmodi
1677 2519 1802 2565 sunt
1822 2549 1838 2577 ,

263 2618 706 2683 expavescerent,
728 2608 772 2665 si
800 2615 1003 2663 attente
1023 2606 1205 2660 audire
1225 2604 1447 2669 vellent,
1471 2602 1612 2673 quod
1638 2602 1705 2656 ad
1725 2616 1843 2671 pro-

262 2707 479 2777 phetam
506 2701 763 2763 Dominus
782 2699 945 2755 dicit:
975 2695 1058 2751 Ne
1080 2697 1325 2766 respicias
1362 2695 1551 2747 vultum
1592 2693 1722 2762 ejus,
1750 2708 1843 2745 ne-

264 2813 362 2869 que
406 2793 729 2849 altitudinem
773 2798 985 2845 statura:
1028 2788 1159 2858 ejus,
1188 2788 1306 2858 quia
1342 2784 1535 2857 projeci
1571 2799 1704 2837 eum.
1738 2782 1843 2835 Pro

265 2898 463 2957 magno
499 2898 729 2954 namque
756 2882 976 2949 habent,
998 2880 1141 2949 quod
1171 2886 1486 2946 arrogantes
1509 2871 1847 2930 faciunt:sed

266 2992 397 3034 ecce
427 2985 536 3031 tam
578 2974 684 3029 vile
713 2988 833 3029 esse
876 2988 907 3026 a
946 2970 1172 3026 Domino
1210 2968 1426 3034 dicitur,
1458 2975 1516 3021 ut
1545 2981 1645 3022 nec
1673 2964 1843 3035 respi-

266 3068 520 3123 ciendum
548 3079 670 3121 esse
693 3064 980 3135 iudicetur.
1004 3060 1113 3117 Sed
1138 3059 1241 3116 isto
1270 3066 1470 3125 amoto,
1499 3056 1625 3127 quid
1651 3069 1843 3125 aequa.

267 3167 359 3212 tur
383 3155 682 3212 ostenditur
712 3172 726 3209 :

1944 1890 2023 1934 tus
2052 1882 2279 1936 scientia:
2307 1892 2353 1936 et
2382 1883 2610 1954 pietatis,
2653 1893 2702 1939 et
2732 1884 2942 1955 replebit
2970 1901 3084 1938 eum
3125 1888 3335 1957 spiritus
3366 1890 3510 1943 timo-
3575 1872 3579 1877 ¹

1940 1971 2013 2025 ris
2042 1970 2251 2026 Domini
2277 1971 2412 2044 (Isa.
2444 1991 2517 2041 ιι,
2550 1974 2630 2046 2).
2653 1975 2788 2045 Quid
2816 1984 2899 2032 est
2919 1990 3065 2046 ergo,
3098 1977 3242 2046 quod
3272 1978 3345 2047 bi,
3376 1982 3466 2051 qui
3489 1997 3517 2041 a

1940 2064 2334 2134 prmdicationis
2376 2062 2551 2121 ofﬁcio
2580 2067 2930 2136 repelluntur,
2962 2068 3267 2139 septenario
3296 2084 3518 2125 numero

1941 2154 2311 2224 designantur,
2341 2172 2459 2210 cum
2497 2157 2638 2212 idem
2681 2173 2936 2213 numerus
2965 2158 3349 2228 perfectionem
3379 2160 3519 2215 desi-

1940 2253 2091 2315 gnet,
2121 2259 2280 2316 quam
2329 2247 2464 2301 alius
2510 2247 2610 2301 nisi
2658 2247 2723 2302 de
2771 2248 2942 2305 sancti
2980 2247 3212 2319 Spiritus
3255 2249 3520 2311 inlusione

1943 2354 2052 2394 non
2081 2339 2286 2395 habet?
2332 2338 2439 2394 Sed
2482 2341 2868 2397 convenienter
2911 2342 3018 2397 hoc
3067 2342 3324 2397 asseritur
3353 2361 3366 2397 :
3398 2349 3520 2418 quia

1942 2428 2185 2498 pluribus
2208 2429 2379 2499 gratia
2406 2428 2637 2500 Spiritus
2664 2430 2835 2491 sancti
2865 2431 2927 2483 ad
2953 2430 3089 2486 bene
3112 2431 3395 2488 vivendum
3430 2431 3521 2488 da-

1949 2530 2053 2591 tur,
2087 2522 2153 2576 ad
2192 2523 2488 2578 docendum
2519 2539 2624 2579 non
2657 2523 2831 2580 datur.
2870 2523 2974 2595 Qui
3004 2524 3125 2593 quia
3156 2525 3333 2595 plures
3361 2535 3521 2595 sunt,

1949 2622 2005 2670 et
2033 2614 2085 2670 in
2112 2614 2255 2670 bona
2301 2616 2615 2686 operatione
2645 2614 2889 2686 perfecti,
2938 2623 3059 2686 apte
3087 2617 3391 2685 septenario
3422 2633 3520 2672 nu-

1951 2720 2101 2760 mero
2129 2705 2492 2765 continentur.
2523 2705 2653 2760 ltem
2674 2706 2799 2777 quia
2831 2707 3047 2760 robusta
3076 2705 3294 2773 faciunt,
3323 2717 3377 2761 et
3401 2707 3521 2762 sub.

1948 2792 2060 2846 tilia
2091 2810 2199 2848 non
2227 2794 2561 2862 intelligunt,
2602 2808 2631 2847 a
2660 2794 2812 2862 regni
2840 2794 3219 2861 gubernatione
3250 2797 3407 2867 381
3442 2813 3519 2851 re-

1946 2886 2235 2957 pelluntur.
2266 2884 2331 2940 Et
2352 2894 2559 2957 septem
2590 2900 2717 2955 ergo
2745 2892 2869 2939 sunt
2898 2884 3011 2951 lilii,
3042 2892 3095 2939 et
3123 2900 3309 2940 eorum
3334 2887 3525 2957 aliquis
3580 2930 3581 2933 η

1948 2978 2015 3033 ad
2059 2977 2353 3034 animarum
2396 2976 2637 3047 regimen
2700 2993 2807 3033 non
2867 2976 3155 3032 assumitur
3198 2995 3212 3031 :
3263 2979 3387 3048 quia
3427 2979 3527 3035 etsi

1948 3070 2086 3127 bene
2112 3070 2339 3127 vivendo
2369 3083 2558 3139 regere
2600 3069 2812 3125 fortiter
2832 3070 3150 3139 semetipsos
3171 3070 3362 3135 sciunt,
3382 3068 3528 3125 tueri

1951 3162 2085 3217 alios
2136 3161 2345 3216 fortiter
2388 3176 2486 3231 per
2531 3160 2831 3215 doctrinam
2878 3174 3215 3229 nequaquam
3277 3168 3523 3229 possunt.

342 3244 521 3316 (Vers.
552 3243 629 3314 8.)
669 3242 739 3297 Et
781 3243 975 3297 vocavit
1024 3239 1137 3295 Isat
1181 3235 1490 3303 Aminadab,
1538 3242 1585 3289 et
1625 3233 1846 3288 adduxit

1950 3250 2226 3322 Nunquam
2241 3266 2299 3306 se
2321 3259 2429 3305 tam
2452 3250 2505 3305 in
2518 3250 2810 3305 ordinando
2822 3250 3119 3320 prmcipitet
3134 3250 3410 3304 ordinator
3423 3248 3527 3304 Ερε-

269 3353 385 3390 eum
416 3352 592 3389 coram
622 3333 881 3389 Samuele.
924 3330 1023 3398 Qui
1048 3332 1223 3387 dixit:
1255 3328 1368 3384 Nec
1400 3330 1533 3383 hunc
1555 3328 1705 3400 elegit
1732 3326 1845 3382 Do-

268 3441 464 3479 manus.

346 3517 434 3573 12.
475 3514 770 3569 Aminadab
806 3519 1213 3583 interpretatur,
1245 3509 1498 3564 urbanus.
1528 3505 1720 3561 Merito
1752 3504 1851 3573 igi-

272 3616 381 3670 tur,
414 3603 648 3659 Domino
670 3600 934 3667 consulto,
962 3600 1238 3670 repellitur
1265 3614 1278 3650 :
1311 3598 1436 3668 quia
1464 3604 1647 3650 sancta
1670 3594 1847 3650 eccle-

274 3701 357 3753 sia
388 3698 455 3750 ad
484 3694 724 3764 regimen
750 3692 1045 3747 animarum
1074 3705 1181 3744 non
1213 3687 1362 3759 eligit
1376 3687 1604 3758 negotiis
1632 3685 1853 3741 saecula-

274 3791 425 3845 ribus
453 3796 729 3842 strenuum
750 3827 766 3853 ,
812 3784 909 3839 sed
950 3781 1214 3854 spirituali
1258 3780 1667 3837 conversatione
1692 3779 1853 3833 deco-

277 3895 421 3936 rum.
453 3876 652 3932 Urbani
681 3875 897 3946 quidem
931 3882 1073 3940 sunt,
1104 3874 1193 3943 qui
1222 3872 1519 3944 postposita
1558 3870 1855 3925 intentione

278 3968 597 4035 cmlesrium,
627 3966 983 4024 exterioribus
1008 3964 1194 4022 studiis
1213 3978 1272 4020 se
1299 3963 1582 4019 ostendere
1606 3971 1855 4018 strenuos

279 4067 567 4117 conantur.
597 4058 707 4115 Nec
740 4059 882 4113 hunc
925 4070 1057 4127 ergo
1083 4055 1243 4124 elegit
1279 4053 1575 4119 Dominus,
1614 4052 1739 4122 quia
1778 4051 1856 4122 pii

279 4148 515 4222 pastoris
556 4148 735 4204 studio
781 4148 1051 4213 cmlestia,
1084 4161 1191 4201 non
1220 4153 1455 4211 terrena,
1498 4142 1767 4213 provideri
1796 4142 1859 4194 li-

281 4243 483 4297 delium
505 4241 752 4312 gregibus
781 4240 1002 4306 debent,
1033 4255 1141 4294 non
1172 4237 1381 4294 inﬁrma
1409 4244 1467 4294 et
1486 4235 1738 4303 labentia,
1759 4234 1855 4292 sed

291 4335 531 4391 rublimia
555 4342 611 4391 et
637 4344 856 4390 retenta.

357 4423 536 4492 (Vers.
565 4423 644 4494 9.)
680 4424 911 4477 Adduxit
944 4430 1114 4477 autem
1162 4421 1345 4489 Sanus,
1385 4423 1451 4477 de
1498 4436 1598 4494 quo
1642 4427 1693 4475 et
1735 4421 1853 4476 ait:

284 4518 465 4576 Etiam
493 4519 624 4573 hunc
652 4534 755 4573 non
782 4517 932 4587 elegit
958 4515 1231 4571 Dominus.

1949 3348 2145 3411 clesiae,
2171 3346 2314 3413 quia,
2343 3346 2444 3401 etsi
2477 3345 2658 3415 plures
2689 3344 2887 3411 habet,
2922 3343 3011 3413 qui
3039 3337 3106 3397 ad
3135 3342 3524 3411 suscipiendam
3560 3323 3573 3331 κ

1950 3439 2249 3494 animarum
2279 3452 2463 3491 curam
2493 3451 2603 3490 non
2644 3445 2769 3490 sunt
2794 3434 2969 3490 idonei
2994 3475 3010 3502 ,
3048 3435 3138 3506 qui
3187 3445 3372 3503 tamen
3396 3450 3529 3505 prius

1951 3546 2069 3586 esse
2109 3529 2314 3599 possint
2361 3528 2410 3582 ei
2456 3528 2645 3583 deesse
2684 3542 2791 3582 non
2837 3534 3079 3597 possunt.
3134 3508 3349 3593 Quaerat
3401 3539 3524 3596 ergo

1950 3622 2140 3676 doctor
2164 3621 2442 3685 instanter,
2468 3636 2572 3673 non
2595 3617 2807 3674 deficiat
2826 3632 3082 3688 quaerere,
3107 3618 3279 3673 donec
3304 3618 3525 3676 latentes

1954 3711 2124 3782 possit
2166 3710 2426 3765 invenire.
2455 3710 2658 3779 Magum
2704 3709 2919 3781 quidem
2967 3710 3257 3765 electorum
3306 3711 3525 3767 virtutes

1956 3805 2106 3877 quasi
2124 3804 2359 3860 thesauri
2378 3803 2759 3875 omnipotentis
2776 3802 2869 3859 Dei
2885 3801 2996 3859 fere
3018 3818 3231 3873 semper
3246 3803 3299 3857 in
3316 3803 3527 3860 occulte

1953 3906 2099 3953 sunt.
2123 3894 2271 3950 More
2310 3896 2507 3951 etenim
2541 3894 2913 3950 timoratorum
2944 3893 3164 3948 divitum
3189 3893 3527 3963 omnipotens

1956 3986 2097 4041 Deus
2128 3986 2253 4040 facit
2286 4002 2298 4038 :
2342 3986 2466 4056 quia
2496 3999 2562 4039 ne
2591 3985 2845 4040 virtutum
2876 3983 3159 4037 thesauros
3188 3981 3390 4050 perdat,
3433 3981 3526 4035 hos

1958 4084 2013 4132 et
2034 4079 2085 4131 in
2116 4078 2299 4133 electis
2328 4077 2593 4133 mentibus
2621 4076 2889 4138 collocat,
2930 4080 2984 4127 et
3011 4072 3153 4143 ipsas
3194 4078 3399 4124 mentes
3438 4083 3527 4140 per

1959 4179 2225 4226 secretum
2269 4169 2427 4225 celat.
2474 4168 2688 4235 Quaerat
2727 4178 2856 4233 ergo
2882 4204 2897 4229 ,
2939 4163 3030 4233 qui
3070 4161 3320 4216 ordinare
3346 4199 3361 4227 ,
3426 4160 3525 4214 imr

1959 4276 2170 4326 ornare,
2223 4259 2479 4315 Ecclesia:
2525 4262 2685 4326 caput
2715 4253 2895 4322 cupit,
2922 4251 3166 4315 occultos
3216 4248 3525 4306 thesauros.

1960 4350 2153 4405 Christi
2182 4362 2432 4419 sponsam
2462 4357 2657 4400 ornare
2686 4343 2877 4411 gestit;
2909 4341 3004 4396 sed
3040 4356 3148 4395 non
3178 4348 3389 4410 potest,
3433 4340 3516 4395 nis

1961 4443 2201 4499 occultos
2224 4439 2407 4510 sponsi
2427 4439 2710 4491 thesauros
2740 4434 2806 4489 ad
2835 4433 2950 4505 ejus
2971 4441 3215 4488 ornatum
3236 4432 3499 4502 producat
3520 4469 3537 4487 ..

1963 4542 2019 4590 et
2063 4549 2168 4587 non
2212 4531 2449 4594 desistat,
2500 4528 2669 4581 donec
2703 4527 2934 4580 latentes
2980 4523 3233 4578 inveniat.
3265 4521 3370 4577 Sed
3411 4522 3528 4592 quic‘

358 4609 449 4664 15.
487 4609 669 4677 Sama,
699 4610 938 4677 audiens,
968 4610 1367 4679 interpretatur.
1411 4608 1547 4675 Quid
1585 4620 1715 4677 ergo
1757 4606 1857 4662 Sa-

1959 4624 2148 4679 hortor
2174 4627 2418 4690 pastores
2449 4630 2707 4687 quaerere,
2744 4628 2865 4669 cum
2895 4612 2995 4669 nisi
3029 4613 3169 4668 Deus
3198 4612 3381 4668 oculos
3410 4609 3534 4683 [Le-

285 4719 375 4759 rna
419 4703 686 4773 designat,
731 4703 835 4758 nisi
884 4703 1197 4758 obedientes
1230 4710 1286 4757 et
1320 4701 1625 4771 simplices?
1663 4699 1860 4756 Audire

287 4794 505 4863 quidem
535 4794 643 4860 eis,
686 4799 771 4849 est
794 4807 858 4847 ea
891 4806 1009 4860 qua
1039 4807 1068 4845 a
1096 4791 1391 4860 majoribus
1426 4792 1700 4857 iubentur,
1730 4789 1861 4845 obe-

289 4885 491 4941 diendo
517 4884 795 4955 perlicere.
828 4883 980 4939 Unde
1001 4892 1057 4938 et
1082 4883 1151 4938 de
1184 4881 1488 4937 obedientia
1517 4881 1732 4950 gentilis
1757 4895 1859 4949 po-

289 4979 402 5050 puli
439 4992 535 5048 per
565 4978 898 5034 Psalmistam
925 4977 1119 5032 dicitur
1146 4993 1161 5029 :
1192 4974 1442 5044 Populus,
1469 4988 1616 5044 quem
1642 4988 1747 5035 non
1774 4988 1865 5027 ca-

290 5071 464 5143 gnovi,
485 5071 686 5125 servivit
703 5070 850 5137 mihi,
865 5069 921 5122 in
943 5067 1122 5122 auditu
1143 5068 1282 5121 auris
1310 5055 1527 5121 obediiit
1546 5063 1671 5119 mihi
1688 5064 1860 5134 (Psal.

291 5177 420 5229 avri,
452 5160 565 5233 ιδ).
593 5161 732 5229 Quid
759 5168 843 5217 est
870 5168 1048 5216 autem
1069 5199 1086 5226 ,
1116 5157 1261 5230 quod
1288 5172 1395 5213 non
1423 5156 1548 5225 eligi
1575 5171 1605 5210 a
1634 5155 1865 5212 Domine

290 5254 581 5309 dicuntur:
605 5254 707 5308 nisi
727 5252 851 5321 quia
882 5252 937 5308 in
965 5251 1220 5307 Ecclesia:
1255 5248 1489 5305 culmine
1514 5263 1622 5303 non
1652 5262 1865 5317 ponun-

295 5352 380 5399 tur
409 5343 640 5414 imperiti
674 5344 898 5399 humiles
919 5382 935 5407 ,
964 5341 1062 5396 sed
1106 5340 1335 5396 humiles
1361 5341 1652 5411 sapientes,
1678 5338 1768 5408 qui
1807 5344 1864 5393 et

292 5436 474 5492 facere
497 5437 643 5506 jussa
669 5437 877 5502 sciant,
916 5442 973 5489 et
995 5447 1113 5501 quae
1143 5432 1385 5489 facienda
1410 5442 1561 5500 sunt,
1597 5433 1871 5502 sapienter

296 5530 548 5599 iubeant?
592 5528 795 5585 Facere
838 5525 1053 5596 quidem
1091 5539 1213 5580 eum
1262 5532 1499 5593 oportet,
1544 5532 1601 5579 et
1650 5523 1865 5578 docere.

296 5620 481 5678 Faciat
520 5634 650 5689 ergo
680 5618 969 5681 humiliter,
1008 5615 1204 5672 doceat
1237 5615 1525 5684 sapienter.
1563 5613 1699 5680 Quia
1736 5625 1867 5680 ergo

301 5712 389 5780 qui
417 5710 610 5767 facere
652 5726 750 5782 per
790 5708 1146 5765 humilitatem
1189 5708 1394 5773 sciunt,
1439 5714 1494 5762 et
1537 5706 1727 5775 jubere
1770 5720 1868 5775 per

302 5801 659 5865 eruditionem
703 5802 979 5866 nesciunt,
1018 5799 1073 5855 in
1118 5796 1431 5869 dignitatem
1470 5797 1669 5866 regiam
1721 5810 1868 5851 assu-

1963 4713 2182 4787 genrtum
2208 4710 2408 4765 videtur
2423 4704 2689 4777 occultos]
2704 4705 2963 4776 proferat,
2990 4711 3262 4773 nequeant
3288 4701 3537 4757 inveniri?

1962 4805 2098 4871 Quid
2129 4812 2211 4859 est
2248 4801 2391 4858 enim
2428 4798 2609 4855 aliud:
2647 4796 2819 4869 Unges
2847 4811 2994 4868 quem
3020 4802 3374 4849 monstravere
3406 4789 3539 4844 tibi?

1965 4894 2164 4950 Tamen
2186 4891 2457 4964 quaerendi
2482 4897 2626 4954 sunt,
2652 4889 2796 4958 quia,
2821 4886 2919 4941 nisi
2941 4884 3150 4953 quaesiti
3179 4882 3287 4947 diu,
3319 4878 3539 4935 minime

1967 4991 2353 5039 monstrantur.
2408 4981 2538 5035 Nam
2584 4988 2639 5035 et
2688 4977 2946 5033 Dominus
3008 4988 3068 5029 se
3118 4972 3566 5027 monstratururu'

1969 5072 2252 5144 promittit,
2282 5079 2338 5127 et
2362 5079 2540 5124 tamen
2568 5068 2829 5138 propheta
2857 5077 3097 5136 quaerere
3137 5060 3341 5125 nititur,
3372 5067 3431 5114 ut
3456 5060 3537 5113 in-

1964 5164 2148 5219 venire
2176 5168 2463 5217 mereatur.
2492 5159 2646 5215 Unde
2684 5166 2741 5213 et
2769 5157 3024 5212 Dominus
3043 5152 3315 5223 quarendi
3335 5150 3540 5207 instan-

1966 5260 2094 5314 tiam
2122 5258 2371 5328 imperat,
2401 5256 2585 5310 dicens
2613 5269 2624 5307 :
2661 5252 2883 5318 Quaerite
2910 5258 2957 5304 et
2983 5247 3269 5309 invenietis,
3301 5244 3454 5315 petite
3488 5250 3539 5297 et

1969 5348 2246 5418 accipietis,
2278 5346 2476 5417 pulsata
2510 5355 2559 5398 et
2599 5343 2855 5413 aperietur
2895 5340 3034 5393 vobis
3078 5335 3306 5408 (Matth.
3339 5347 3430 5400 vn,
3459 5331 3534 5403 7).

1971 5438 2224 5507 Quaereris
2251 5451 2379 5506 ergo
2407 5435 2687 5505 propheta,
2712 5441 2770 5486 et
2788 5439 2868 5485 tot
2892 5430 3001 5499 iam
3026 5426 3275 5497 repulsis,
3290 5437 3541 5493 quazrere

1972 5546 2338 5607 perseverans,
2369 5531 2496 5599 quid
2521 5528 2676 5583 nobis
2704 5527 2956 5590 insinuat,
2989 5523 3090 5577 nisi
3138 5528 3197 5574 ut
3241 5518 3385 5574 nulla
3428 5517 3537 5573 die.

1971 5625 2285 5697 pensatione
2311 5619 2509 5686 indigni
2536 5617 2603 5671 ad
2642 5618 2853 5671 culmen
2894 5611 3167 5681 religionis
3201 5607 3386 5665 venire
3413 5621 3537 5676 per-

1971 5718 2243 5773 mittarnur
2258 5713 2439 5788 [For'te
2458 5704 2888 5780 permittantur]?
2908 5704 3038 5759 Nam
3060 5718 3180 5759 cum
3202 5703 3253 5757 in
3270 5700 3539 5773 plerisque

1970 5816 2171 5877 sanctae
2196 5803 2454 5869 Ecclesite
2478 5800 2707 5873 negotiis
2732 5797 2961 5883 salubris
2982 5796 3057 5883 sit
3081 5792 3428 5883 dispensatio.
3459 5793 3539 5849 le-
