4052 6338
520 349 629 411 ιόὄ

1726 352 1974 413 SANCTI
2013 350 2341 414 GREGORII
2376 352 2595 413 MAGNI

3695 356 3797 417 lsi:

519 467 682 525 tbalis
723 464 967 537 profecto
1007 472 1064 521 et
1101 461 1383 521 mortifera
1418 469 1527 532 est,
1575 463 1666 521 ubi
1709 472 1803 520 aut
1838 465 1968 521 caeci
2014 480 2112 536 per
2137 470 2190 528 Α
2214 466 2419 521 veniat?
2464 465 2639 534 Quem
2687 462 2956 535 requirit,
3000 462 3103 521 nisi
3149 464 3278 535 quia
3326 462 3381 520 in
3427 464 3797 531 observatione

516 562 899 633 ignorantiam,
945 568 1038 615 aut
1061 557 1345 629 irreligiosi
1372 558 1667 628 sapientes,
1698 565 1793 613 aut
1835 558 1903 613 ad
1936 573 2107 613 saecu-

516 650 652 709 laria
686 653 898 722 negotia
927 650 1160 723 pro‘jecti
1205 648 1274 705 ad
1319 649 1547 705 aliorum
1592 648 1882 718 primatum
1924 649 2110 704 venire

515 747 921 818 permittuntur.
955 743 1021 799 lli
1047 743 1191 800 enim
1215 741 1536 812 ignorando,
1567 741 1643 796 illi
1673 740 1893 797 sciendo
1915 748 1970 797 et
2000 756 2107 796 non

516 834 780 903 faciendo,
811 835 1146 891 subditorum
1170 833 1376 888 animas
1403 833 1673 904 perimunt
1703 851 1717 888 :
1751 834 1827 889 illi
1857 833 1986 890 item
2016 848 2111 889 ue-

512 926 763 996 gligendo
808 926 1129 998 spiritualia,
1178 924 1454 996 sequendo
1498 924 1733 981 carnalia
1769 933 1824 979 et
1867 931 2100 980 terrena.

512 1017 595 1073 llli
626 1018 841 1088 quidem
872 1020 1002 1075 totis
1030 1017 1232 1074 viribus
1257 1017 1541 1084 laborant,
1570 1025 1629 1072 ut
1656 1017 1939 1073 laudentur
1982 1034 2101 1088 quzc

509 1108 728 1175 dicunt;
775 1109 865 1164 isti
894 1126 1013 1181 qua:
1041 1110 1224 1165 dicant
1268 1108 1551 1176 nesciunt;
1582 1108 1659 1163 illi
1689 1109 1757 1163 ad
1804 1109 1908 1164 hoc
1953 1108 2099 1164 omni

508 1201 811 1258 intentione
840 1209 1124 1269 conantur,
1156 1210 1215 1256 ut
1244 1200 1385 1257 inter
1423 1190 1668 1257 summos
1707 1201 1890 1257 saeculi
1926 1201 2099 1256 abun-

508 1294 727 1351 dantius
773 1296 1109 1351 honoreutur
1160 1312 1172 1347 :
1220 1294 1313 1363 qui
1372 1294 1617 1365 profecto
1667 1301 1819 1349 tanto
1883 1292 2101 1364 pejores

508 1386 778 1457 prioribus
804 1394 963 1455 sunt,
993 1394 1197 1456 quanto
1227 1384 1305 1439 illi
1334 1385 1387 1440 in
1417 1385 1765 1456 spiritalibus,
1794 1385 1877 1440 isti
1908 1384 1959 1439 in
1983 1399 2099 1440 car-

508 1478 718 1537 nalibus
744 1490 797 1536 et
821 1478 1164 1536 saecularibus
1186 1493 1449 1550 apparere
1476 1479 1731 1533 sublimes
1762 1478 1965 1533 volunt.
1994 1474 2105 1532 llo-

506 1584 625 1627 rum
657 1571 774 1627 finis
803 1570 1130 1627 desiderium
1178 1578 1295 1637 est,
1344 1569 1522 1626 fulciri
1554 1569 1774 1635 divitiis,
1807 1568 2106 1624 honoribus

505 1662 713 1729 extolli,
745 1668 1028 1732 potentum
1057 1661 1216 1730 hujus
1243 1660 1424 1715 surculi
1450 1659 1904 1715 familiaritatibus
1933 1657 2103 1715 subli-

502 1753 659 1809 mari.
692 1752 767 1809 De
796 1753 987 1823 quibus
1016 1751 1267 1807 omnibus
1294 1750 1543 1820 reprobat
1583 1750 1780 1804 mentis
1822 1747 2105 1803 affectibus

2205 555 2397 627 jejunii
2422 556 2741 614 celebranda
2761 564 2887 614 sunt
2919 566 3267 627 sacramenta
3307 558 3616 612 unctionis?
3642 558 3797 616 Nobis

2211 657 2391 705 autem
2424 665 2529 705 non
2558 651 2733 707 solum
2778 651 2894 723 ipsa
2938 660 3307 718 sacramenta,
3356 649 3453 706 sed
3495 638 3577 706 vis
3618 667 3792 708 sacra—

2209 751 2517 798 mentorum
2559 743 2886 800 attendenda
2929 753 3029 801 est.
3078 742 3213 799 Nam
3261 742 3479 813 quidam
3513 744 3621 801 cibi
3661 755 3795 813 sunt,

2210 832 2301 903 qui
2328 834 2374 889 si
2405 850 2511 890 non
2544 843 2802 891 caventur
2826 878 2842 905 ,
2873 849 3074 906 ungere
3116 835 3255 892 bene
3287 850 3444 906 reges
3470 852 3799 909 nequaquam

2209 925 2413 982 sinunt.
2462 926 2745 984 Exteriora
2792 928 3008 989 quidem
3057 926 3316 984 Ecclesiae
3342 929 3559 998 negotia
3589 928 3797 1000 quidam

2214 1020 2319 1075 cibi
2368 1021 2562 1077 animae
2615 1030 2772 1090 sunt,
2825 1023 2919 1093 qui
2969 1023 3037 1077 ab
3088 1022 3280 1079 electis
3332 1021 3530 1079 devote
3581 1023 3803 1079 admini-

2212 1117 2471 1167 strantur.
2499 1111 2605 1168 Sed
2634 1113 2678 1169 si
2722 1114 3060 1182 negotiorum
3111 1112 3457 1169 multitudine
3504 1114 3685 1169 anima
3725 1130 3803 1170 sa"

2211 1210 2458 1271 turetur,
2503 1207 2569 1259 ad
2611 1204 2950 1275 suscipienda
3000 1204 3296 1276 spiritualia
3342 1204 3547 1261 intrare
3576 1204 3802 1276 perfecte

2211 1311 2323 1351 non
2349 1297 2561 1352 sinitur.
2585 1296 2719 1353 Cum
2740 1312 2869 1367 ergo
2894 1296 3153 1368 Spiritalia
3176 1298 3397 1361 instant,
3420 1296 3693 1351 exteriora
3713 1280 3805 1350 dil-

2209 1384 2452 1442 ferantur
2476 1405 2489 1441 :
2520 1387 2647 1458 quia
2674 1402 2797 1443 cum
2827 1401 3019 1457 magna
3049 1386 3247 1443 mentis
3266 1385 3451 1456 quiete
3471 1382 3802 1457 disponenda

2204 1486 2351 1533 sunt.
2387 1476 2647 1548 Sequitur
2681 1496 2693 1531 :

2280 1566 2457 1637 (Vers.
2491 1566 2605 1639 12.)
2638 1566 2786 1622 Misit
2815 1584 2962 1639 ergo,
2992 1575 3039 1623 et
3062 1567 3281 1623 adduxit
3310 1584 3449 1623 eum.

2279 1659 2397 1715 Rex
2434 1660 2647 1717 futurus
2692 1661 3007 1726 adducitur,
3051 1661 3270 1731 quando
3304 1660 3375 1716 ab
3424 1657 3803 1717 occultationis

2205 1765 2318 1807 sua:
2344 1751 2584 1808 latibulis
2613 1753 2844 1810 humiles
2880 1752 3275 1824 producuntur.
3329 1753 3523 1809 Latent
3552 1753 3798 1823 quidem,

501 1847 632 1902 oriri
661 1854 843 1917 potest
872 1844 1200 1914 negligentia
1240 1843 1539 1897 animarum
1569 1842 1941 1909 subditorum,
1972 1858 2103 1898 con-
2132 1843 2180 1905 Β
2209 1843 2306 1899 sed
2344 1844 2396 1897 in
2433 1844 2679 1914 pascuis;
2729 1845 2887 1916 quia,
2938 1846 3041 1900 etsi
3084 1845 3391 1901 hominibus
3443 1845 3586 1899 intra
3635 1846 3805 1900 carnis

502 1947 744 2011 temptus
769 1938 1002 2005 Christi,
1036 1945 1090 1992 et
1120 1935 1376 1992 Ecclesia:
1404 1935 1718 2007 dilapidatio
1760 1935 2098 1992 facultatum.

500 2028 724 2097 Quaerat
767 2030 951 2098 itaque
981 2029 1192 2095 doctor,
1244 2036 1305 2082 ut
1343 2028 1489 2083 nulla
1520 2028 1921 2099 dispensatione
1961 2026 2101 2082 indi-

499 2136 636 2194 gnos
667 2121 915 2192 praeferat
948 2140 959 2174 :
993 2121 1118 2191 quia
1148 2120 1292 2192 quod
1323 2121 1630 2176 lethiferum
1678 2129 1789 2188 est,
1823 2134 2100 2191 nunquam

434 2272 457 2297 ς
502 2216 745 2288 permitti
769 2215 951 2271 debet.
988 2214 1140 2271 Unde
1163 2224 1219 2270 et
1245 2214 1530 2271 subditur:

567 2305 817 2377 Dixitque
831 2306 1045 2362 Samuel
1061 2307 1129 2359 ad
1146 2303 1260 2360 Isai
1275 2321 1294 2361 :
1308 2304 1562 2379 Nunquid
1577 2307 1815 2377 completi
1827 2312 1950 2361 sunt
1965 2303 2104 2376 ﬁlii?

570 2395 710 2466 Quid
740 2404 840 2464 est,
881 2396 1026 2467 quod
1054 2396 1219 2451 alium
1245 2396 1472 2465 quaerit,
1508 2397 1609 2452 nisi
1638 2396 1766 2466 quia
1794 2411 1903 2451 non
1933 2394 2099 2450 debet

496 2498 623 2546 ante
646 2505 893 2560 quaerens
919 2488 1221 2559 quiescere,
1246 2504 1407 2559 quam
1435 2496 1710 2544 mereatur
1726 2486 2005 2542 invenire?
2026 2483 2096 2538 Et

495 2582 624 2655 quia
652 2596 795 2654 saepe
823 2582 1037 2653 abiecta
1064 2580 1199 2638 foris
1228 2588 1283 2637 et
1306 2580 1465 2650 vilia,
1495 2579 1640 2637 intus
1690 2579 1905 2637 excelsa
1932 2584 2098 2644 sunt,

499 2674 748 2745 sequitur
772 2692 787 2729 :

571 2764 750 2838 (Vers.
782 2765 899 2840 11.)
925 2763 1027 2834 Qui
1048 2765 1318 2840 respondit
1338 2780 1357 2821 :
1374 2764 1560 2821 Adhuc
1578 2763 1804 2836 reliquus
1824 2769 1921 2830 est,
1946 2768 1996 2817 et
2014 2761 2101 2832 qui

493 2859 664 2929 pascit
705 2874 844 2914 oues.

570 2947 663 3010 15.
707 2948 847 3015 Quid
887 2957 972 3005 est
1017 2947 1290 3019 reliquus,
1341 2948 1443 3004 nisi
1486 2948 1765 3018 abiectus?
1815 2946 2100 3016 Abjectum

492 3038 766 3102 dicoase,
802 3053 911 3093 non
965 3054 999 3094 a
1055 3039 1210 3095 Deo:
1239 3038 1365 3109 quia
1407 3054 1439 3093 a
1487 3038 1601 3094 Deo
1646 3054 1745 3109 per
1790 3038 2100 3108 superbiam

492 3128 616 3200 quis
664 3127 945 3198 abjicitur;
1005 3143 1035 3183 a
1100 3143 1161 3186 se
1216 3128 1461 3200 abiectus
1523 3137 1640 3195 est,
1713 3130 1807 3198 qui
1873 3128 1994 3184 vilis
2043 3136 2102 3185 et

2205 1933 2333 1990 vilia
2381 1942 2438 1989 et
2488 1934 2700 1990 infirma
2727 1951 2785 1991 se
2813 1944 3034 2005 tegunt,
3063 1951 3254 2006 magna
3279 1943 3363 1992 est
3394 1952 3643 2005 superna!
3684 1951 3807 1990 con-

2208 2026 2573 2096 templationis
2603 2027 2869 2093 latitudo,
2922 2027 2977 2081 in
3005 2042 3112 2097 qua
3158 2036 3462 2083 morantur.
3502 2026 3611 2082 Sed
3639 2026 3807 2096 qualis

2202 2118 2316 2189 jam
2346 2120 2601 2191 praelatus
2629 2128 2910 2192 appareat,
2944 2120 3242 2178 videamus.
3271 2120 3530 2193 Sequitur
3559 2121 3729 2189 enim,
3755 2128 3808 2175 et

2209 2211 2343 2268 dicit
2373 2229 2389 2266 :

2284 2304 2459 2376 (Vers.
2494 2302 2607 2376 l2.)
2638 2304 2773 2361 Erat
2794 2314 2966 2362 autent
2993 2309 3141 2379 rufus
3163 2345 3181 2376 ,
3228 2314 3279 2363 et
3319 2305 3535 2379 pulcher
3578 2314 3807 2378 aspectat,

2201 2396 2487 2469 decoraque
2510 2398 2667 2469 facie.
3349 2454 3355 2461 _

2271 2487 2359 2543 17.
2382 2486 2517 2554 Quid
2546 2497 2648 2555 est,
2677 2488 2821 2559 quod
2846 2496 2999 2546 tanta
3021 2489 3364 2563 pulchritudo
3413 2490 3558 2561 regis
3608 2490 3807 2548 asseri-

2206 2585 2335 2646 tur,
2388 2578 2493 2634 nisi
2546 2580 2675 2650 quia
2700 2579 2910 2651 magnis
2964 2581 3225 2637 virtutum
3274 2581 3572 2654 fulgoribus
3629 2581 3808 2638 ornari

2202 2669 2368 2727 debet
2396 2683 2629 2740 persona
2657 2670 2936 2727 doctoris?
2963 2671 3099 2727 Nam
3120 2672 3187 2728 de
3216 2671 3584 2744 Redemptore
3604 2672 3807 2727 dictum

2205 2771 2291 2817 est
2313 2779 2329 2816 :
2354 2770 2381 2800 ⁸
2403 2759 2633 2833 Spiritus
2647 2763 2760 2833 ejus
2784 2765 2986 2819 ornavit
3012 2766 3165 2820 caelos
3194 2763 3337 2830 (Job.
3359 2780 3509 2834 xxvr,
3534 2763 3650 2835 15).
3678 2762 3807 2818 Quali

2207 2868 2443 2924 namque
2489 2862 2616 2909 sunt
2656 2836 2915 2911 sublimes
2960 2856 3363 2926 praedicatores.
3413 2855 3517 2923 Qui
3564 2855 3806 2926 profecto

2204 2947 2329 3002 coeli
2358 2961 2388 3001 a
2421 2946 2614 3017 spiritu
2642 2947 2819 3001 ornati
2846 2953 3013 3015 sunt,
3044 2946 3170 3016 quia
3201 2946 3427 3003 virtutes
3453 2945 3654 3016 quibus
3677 2944 3806 2999 emi-

2202 3045 2330 3094 cant
2355 3052 2387 3093 a
2414 3036 2616 3109 Spiritu
2645 3046 2834 3095 sancto
2861 3037 3189 3108 percipiunt.
3214 3037 3354 3104 Quid
3370 3045 3453 3092 est
3479 3049 3633 3105 ergo,
3664 3034 3805 3106 quod

2202 3129 2354 3186 rufus
2379 3130 2668 3197 asseritur,
2699 3129 2803 3185 nisi
2827 3129 2953 3199 quia
2981 3128 3036 3184 in
3065 3130 3228 3184 rubra
3255 3143 3401 3200 smpe
3425 3127 3653 3183 materia
3678 3126 3803 3180 cha-

497 3220 718 3279 humilis
764 3221 1080 3278 aestimatur.
1154 3220 1253 3278 Vel
1326 3223 1564 3293 reliquus
1622 3221 1856 3289 dicitur,
1901 3220 1994 3291 qui
2044 3221 2097 3277 in
2124 3220 2171 3283 Ω
2202 3220 2378 3277 ritatis
2404 3220 2586 3277 fervor
2610 3220 2962 3290 designatur?
3004 3217 3159 3276 Unde
3187 3219 3324 3275 etin
3356 3226 3507 3275 veste
3535 3216 3800 3287 pontificis

490 3313 721 3371 aliorum
754 3314 1162 3385 comparatione
1185 3328 1306 3372 esse
1333 3312 1534 3385 aliquid
1560 3328 1670 3370 non
1699 3312 1934 3370 videtur.
1984 3312 2094 3369 Ab-

488 3406 659 3480 iectus
688 3422 818 3479 ergo
848 3405 1063 3464 humilis
1092 3408 1291 3465 dicitur
1315 3426 1331 3476 ;
1355 3409 1481 3480 quia
1511 3408 1789 3466 contemni
1828 3424 1889 3465 se
1921 3407 2091 3477 Videt,

2202 3327 2400 3369 caecus
2428 3310 2647 3383 ponitur
2673 3312 2757 3368 bis
2788 3313 2986 3369 tinctus
3003 3351 3020 3379 ,
3058 3321 3119 3367 ut
3144 3310 3346 3383 duplici
3384 3311 3650 3367 vestiatur
3675 3311 3800 3364 cha-

2197 3402 2381 3460 ritate.
2430 3401 2601 3459 Rufus
2652 3417 2783 3474 ergo
2824 3402 3022 3459 dicitur
3068 3416 3167 3474 per
3211 3405 3461 3458 ardorem
3506 3401 3800 3468 charitatis,

487 3507 546 3557 et
573 3500 788 3568 tolerat,
813 3502 974 3572 382
997 3502 1214 3557 ostendi
1244 3517 1584 3573 nequaquam
1614 3510 1803 3571 curat,
1839 3502 1937 3560 sed
1963 3518 2094 3559 oves
2196 3497 2322 3567 quia
2350 3497 2479 3552 dum
2499 3496 2740 3553 ardentia
2765 3507 3032 3570 praecepta
3061 3498 3344 3554 charitatis
3369 3497 3616 3567 exhibet,
3637 3498 3793 3566 quasi

488 3591 692 3661 pascit;
721 3590 850 3660 quia
876 3592 1233 3660 cogitationes
1259 3593 1530 3664 simplices
1557 3595 1612 3649 iu
1636 3594 2094 3665 contemplatione

494 3686 710 3734 ueterum
737 3679 1065 3735 hmreditatis
1106 3682 1294 3738 nutrit.
1326 3682 1403 3739 De
1433 3683 1514 3739 his
1539 3692 1687 3740 certe
1717 3686 1933 3754 pascuis
1981 3686 2091 3742 ele-

2198 3603 2300 3661 per
2323 3590 2563 3647 calorem
2591 3590 2770 3647 rubet.
2803 3590 2943 3658 Quid
2985 3592 3116 3647 item
3166 3599 3251 3647 est
3289 3590 3515 3661 pulcher
3557 3598 3799 3661 aspectu,

2198 3683 2303 3739 nisi
2330 3683 2540 3739 interna
2561 3683 3023 3753 contemplatione
3066 3682 3428 3753 conspicuus?
3458 3680 3629 3748 Quasi
3659 3680 3801 3736 enim

488 3777 700 3826 ctorum
716 3784 749 3823 a
766 3768 998 3825 Domino
1023 3770 1217 3827 dicitur
1238 3790 1252 3826 :
1279 3772 1646 3845 Ingredientur
1671 3785 1719 3830 et
1739 3777 2087 3847 egrediantur,
2193 3773 2483 3845 pulchrum
2510 3783 2787 3843 aspectum
2812 3773 2999 3843 habet,
3027 3775 3119 3843 qui
3143 3775 3341 3831 decore
3369 3774 3597 3830 visionis
3623 3774 3801 3829 radiat

489 3868 540 3915 et
554 3877 750 3931 pascua
778 3862 1034 3916 invenient
1068 3862 1250 3932 (Joan.
1281 3880 1348 3932 χ,
1379 3864 1455 3934 9).
1483 3864 1633 3922 Intus
1658 3868 1858 3938 quippe
1885 3868 2090 3924 habent
2190 3863 2248 3919 in
2277 3865 2489 3920 interna
2515 3866 2993 3936 contemplatione.
3027 3865 3168 3933 Quid
3189 3881 3318 3936 ergo
3339 3867 3506 3923 facies
3527 3867 3799 3938 designat,

488 3964 689 4023 pascua
739 3952 1241 4025 contemplationis,
1288 3954 1420 4011 loris
1467 3971 1665 4027 pascua
1711 3959 1840 4015 boni
1883 3961 2088 4031 operis.
2187 3955 2294 4012 nisi
2340 3955 2667 4013 exteriorem
2714 3957 2942 4026 gloriam
2989 3956 3325 4013 honestatis?
3373 3956 3512 4013 Nam
3540 3959 3675 4029 quia
3704 3972 3801 4028 per

486 4039 636 4099 lntus
665 4053 899 4101 mentem
927 4045 1308 4103 devotionibus
1337 4047 1676 4119 impinguant
1693 4092 1709 4120 ,
1738 4049 1869 4107 foris
1895 4068 1954 4110 se
1981 4055 2085 4125 piis
2189 4047 2383 4105 faciem
2403 4050 2634 4120 quisque
2655 4051 3032 4120 cognoscitur,
3058 4050 3226 4108 decor
3250 4051 3411 4108 faciei
3430 4060 3516 4108 est
3534 4052 3799 4122 przeclara

485 4135 741 4207 Operibus
769 4136 988 4195 satiant.
1040 4136 1233 4195 Merito
1280 4140 1537 4209 parvulus
1582 4140 1685 4197 iste
1734 4142 1933 4201 dicitur
1960 4161 2091 4204 oves
2193 4142 2451 4200 honestas
2478 4144 2923 4202 conversationis.
2952 4144 3115 4212 Quasi
3145 4147 3289 4202 enim
3318 4161 3418 4217 per
3443 4145 3605 4202 faciei
3632 4145 3799 4202 decoo

486 4242 744 4299 pascere,
774 4230 900 4300 quia
930 4229 1134 4287 electus
1162 4230 1393 4301 quisque
1414 4231 1633 4289 humilis
1659 4242 1774 4302 est,
1806 4243 1860 4291 et
1892 4238 2092 4296 sterilis
2192 4249 2309 4291 rem
2336 4237 2610 4303 cernitur,
2636 4236 2729 4307 qui
2754 4237 2812 4293 in
2840 4236 2988 4293 omni
3008 4244 3166 4307 gestu
3188 4238 3434 4309 corporis
3478 4235 3798 4307 splendidus

490 4333 601 4375 non
628 4329 711 4375 est
731 4359 748 4387 ,
778 4322 872 4391 qui
898 4323 1141 4391 quotidie
1168 4340 1363 4395 magna
1391 4328 1528 4398 agit,
1559 4328 1657 4384 sed
1681 4329 1750 4386 de
1794 4346 1854 4387 se
1894 4346 2089 4403 magna
2192 4328 2486 4387 invenitur.
2520 4328 2693 4386 Rufus
2716 4343 2846 4400 ergo
2893 4346 3081 4387 amore
3128 4340 3247 4398 est,
3298 4330 3524 4402 pulcher
3571 4338 3794 4401 aspectu

464 4426 600 4466 .non
621 4414 804 4468 sentit.
837 4413 1031 4472 Merito
1057 4431 1186 4486 ergo
1215 4433 1324 4473 non
1353 4419 1529 4475 solum
1556 4421 1842 4492 parvulus,
1872 4424 1967 4480 sed
1992 4439 2090 4495 pa-
2192 4432 2416 4494 propter
2438 4422 2720 4478 scientiam
2736 4422 2938 4479 decora
2961 4422 3119 4493 facie,
3145 4424 3458 4495 splendidus
3482 4424 3791 4479 honestate.

489 4509 609 4559 stor
632 4503 889 4560 asseritur
923 4523 937 4560 :
971 4507 1096 4573 quia
1126 4508 1218 4576 qui
1266 4524 1393 4565 vere
1420 4510 1651 4569 humiles
1679 4522 1838 4581 sunt,
1868 4516 2000 4572 foris
2026 4532 2088 4573 se
2114 4566 2166 4588 ﬁ
2192 4513 2330 4581 Quia
2357 4529 2489 4571 vero
2518 4514 2799 4571 charitatis
2834 4515 3016 4572 fervor
3053 4518 3216 4588 383
3264 4532 3362 4588 per
3388 4525 3580 4573 sancta
3628 4529 3793 4587 opera

488 4591 774 4661 dejiciunt,
801 4595 899 4650 sed
921 4611 1020 4667 per
1047 4596 1312 4653 internam
1333 4601 1649 4658 societatem
1677 4605 1731 4659 in
1754 4607 1995 4672 summis,
2028 4617 2085 4665 et
2114 4566 2169 4628 Β
2192 4607 2623 4677 demonstratur,
2656 4617 2836 4679 potest
2862 4625 2960 4681 per
2988 4566 3242 4667 ruam
3410 4610 3562 4668 labor
3613 4566 3793 4681 operis

485 4684 703 4740 internis
725 4687 938 4755 pascuis
958 4687 1333 4746 immorantur.
1358 4691 1493 4748 Nam
1514 4694 1772 4765 scriptum
1801 4706 1886 4753 est
1906 4715 1922 4753 :
1942 4699 2082 4756 Deus
2186 4703 2477 4773 designari.
2505 4702 2608 4769 Qui
2636 4705 2781 4759 enim
2830 4703 2992 4760 nimis
3016 4704 3267 4772 laborat,
3324 4702 3481 4760 faciei
3533 4705 3790 4759 ruborem

485 4775 720 4866 superbis
736 4778 946 4844 resistit,
962 4779 1236 4836 humilibus
1250 4790 1423 4837 autem
1437 4784 1764 4857 datgratt'am
1784 4787 1839 4861 (Ι
1861 4788 2078 4859 Petr.v,
2185 4802 2541 4866 repraesentat
2569 4812 2583 4848 :
2613 4794 2740 4865 quia
2764 4795 2891 4850 dum
2915 4796 3059 4852 intus
3080 4795 3375 4861 incalescit,
3400 4794 3532 4850 foris
3549 4795 3606 4849 in
3636 4793 3789 4850 vultu

485 4865 564 4938 ὅ).
614 4867 743 4934 Quae
790 4877 970 4927 autem
1017 4873 1227 4942 gratia?
1268 4873 1382 4930 Nisi
1427 4884 1488 4931 ut
1525 4892 1737 4934 summa
1778 4881 1999 4938 videant
2024 4893 2082 4940 et
2188 4886 2443 4944 ruborem
2485 4886 2668 4942 trahit.
2719 4886 2812 4944 Sic
2858 4903 3092 4959 namque
3142 4897 3229 4945 est
3274 4888 3453 4944 omnis
3491 4887 3787 4958 spiritualis

485 4970 852 5051 cognoscant,
893 4972 1226 5032 cognoscant
1252 4972 1309 5020 et
1345 4964 1600 5036 diligant,
1641 4978 1805 5042 atque
1851 4973 1920 5028 ad
1966 4974 2083 5045 ipsa
2190 4976 2362 5035 labor.
2412 4976 2551 5046 Quia
2594 4980 2735 5035 enim
2782 4981 3150 5050 unusquisque
3190 4989 3394 5051 quanto
3431 4980 3668 5051 amplius
3694 4993 3789 5050 pro

486 5049 684 5108 dilecta
710 5057 861 5125 quasi
887 5057 1112 5129 pingues
1138 5066 1196 5116 et
1225 5060 1394 5117 fortes
1432 5076 1676 5122 currant.
1727 5067 1827 5125 llic
1874 5070 2077 5141 itaque,

485 5144 612 5213 quia
639 5145 795 5202 valde
822 5146 1052 5207 idoneus
1094 5157 1213 5218 est,
1260 5150 1525 5211 instanter
1570 5156 1814 5216 exhiberi
1838 5159 2078 5231 iubetur.

2189 5077 2393 5126 aeterna
2421 5070 2534 5126 vita
2580 5070 2833 5127 laborare
2879 5080 3133 5140 conatur,
3180 5079 3332 5128 tanto
3378 5072 3683 5128 ferventius
3726 5069 3784 5125 ad

2183 5164 2538 5221 laborandum
2560 5168 2735 5224 sancti
2762 5167 2996 5238 Spiritus
3021 5168 3219 5224 ardore
3239 5168 3620 5234 succenditur,
3645 5166 3783 5222 velut

485 5237 619 5295 Nam
649 5241 894 5311 sequitur
921 5260 935 5297 :
2187 5254 2242 5308 in
2270 5254 2626 5312 fervescendo
2671 5237 2927 5313 ruborem
2969 5258 3195 5324 excitat,
3227 5272 3389 5328 quem
3419 5257 3553 5312 foris
3584 5262 3782 5326 portat.

557 5331 734 5401 (Vere.
766 5333 879 5403 ll.)
908 5333 978 5389 Et
1003 5336 1080 5390 ait
1118 5336 1336 5395 Samuel
1361 5342 1432 5397 ad
1460 5340 1572 5400 Itai
1602 5360 1622 5400 :
1653 5343 1881 5416 Mittite,
1906 5359 1958 5404 et
1978 5353 2079 5406 ad-
2186 5349 2356 5406 Rufus
2390 5360 2474 5408 est
2506 5354 2651 5421 ergo
2690 5353 2885 5409 doctor
2931 5353 3122 5409 labore
3170 5352 3246 5423 pii
3296 5351 3514 5422 operis,
3563 5350 3779 5421 pulchet

489 5420 659 5524 “cf?
682 5440 815 5481 em”-
847 5424 904 5482 Ν
906 5443 1031 5500 ⁸11⁸⁸
1056 5428 1196 5485 enim
1223 5431 1629 5504 discumbemus,
1664 5439 1964 5511 priqu
1992 5444 2081 5499 ille
2183 5451 2408 5514 aspectu
2428 5444 2482 5499 in
2508 5420 2718 5515 fulgore
2742 5420 3237 5517 contemplationis.
3267 5420 3446 5500 Decor
3471 5420 3605 5499 vero
3626 5440 3774 5496 facie'

488 5521 723 5618 π’ξίξίζ,
765 5607 812 5618 η
1201 5613 1249 5618 __
1375 5616 1382 5618 Α
2183 5534 2300 5607 ipsa
2328 5543 2414 5592 est
2440 5535 2784 5606 pulchritudo
2811 5537 3113 5594 charitatis.
3144 5535 3248 5591 Per
3273 5535 3406 5592 alias
3445 5534 3647 5606 quippe
3676 5530 3763 5585 vir-

559 5602 647 5657 16.
681 5604 820 5671 Quid
846 5619 929 5669 est
949 5619 1160 5682 autem,
1192 5613 1321 5672 Non
1347 5616 1721 5680 discumoemut
1740 5664 1757 5693 ,
1780 5629 2088 5699 priusquam,
2166 5602 2327 5689 ,tutes
2370 5602 2603 5689 fortnam
2638 5630 2939 5697 sanctitatis
2964 5630 3288 5704 accipimus;
3316 5643 3417 5700 Per
3643 5623 3762 5680 CM

558 5823 890 5899 {Corrupte
934 5832 992 5892 in
1027 5836 1145 5896 aliis
1193 5838 1448 5912 excusis,
1492 5843 1678 5918 spiritu
1720 5845 1835 5922 ejus
1873 5850 2262 5911 orna‘intctelos.

1632 6039 1686 6050 τι..
