4052 6338
304 330 413 389 ιετ

1124 322 1193 380 IN
1229 320 1496 380 PRIMUM
1535 271 1777 380 necum
1818 317 2331 382 exposmoues.
2363 352 2434 367 —
2472 323 2600 380 un.
2633 325 2699 381 v.

3479 332 3591 392 διεδ

303 445 557 509 ritatem,
587 442 761 513 ipsam
788 439 1017 497 formam
1045 436 1204 494 nobis
1247 436 1400 508 quasi
1426 435 1659 491 mirabili
1704 434 1902 491 decore
1927 437 1978 497 Α
2004 444 2273 493 metuunt.
2305 437 2370 494 Hi
2390 438 2636 510 profecto
2662 447 2900 510 ungunt,
2931 449 2989 497 et
3036 455 3142 497 non
3182 452 3440 514 surgunt;
3463 448 3593 518 quia

302 537 584 595 vestimus.
628 534 738 590 Illae
794 534 913 590 aliae
964 532 1189 587 virtutes
1239 544 1433 600 corpus
1475 528 1697 598 justitice
1750 534 1895 594 sunt,

302 627 547 684 charitas
575 639 705 680 vero
745 623 904 693 hujus
930 622 1175 693 corporis
1202 620 1366 676 facies
1391 628 1539 675 recte
1560 618 1894 688 intelligitur.

300 718 411 774 Per
438 715 632 771 faciem
660 715 882 785 quippe,
913 730 1022 770 non
1050 728 1148 784 per
1187 729 1384 784 corpus
1413 712 1777 781 unusquisque
1804 726 1898 766 co—

299 796 603 878 gnoscitur.
651 803 785 859 Nam
814 804 861 859 si
891 819 1087 873 corpus
1114 803 1296 858 videas
1314 841 1329 866 ,
1360 810 1415 857 et
1445 802 1636 856 faciem
1666 815 1776 856 non
1812 800 1897 854 vi-

298 899 434 954 deas
454 939 468 962 ,
491 911 618 952 eum
644 894 799 965 cujus
838 896 1013 951 solum
1043 910 1241 965 corpus
1271 893 1463 964 aspicis
1492 907 1597 948 non
1626 893 1895 962 agnoscis.

300 992 443 1059 Quid
469 1005 602 1046 vero
629 998 713 1046 est
729 989 895 1057 aliud,
920 988 1065 1059 quod
1101 986 1261 1043 fatuis
1286 987 1581 1056 virginibus
1605 986 1898 1058 responde-

296 1094 391 1140 tur
414 1098 448 1138 a
488 1098 725 1153 sponso:
752 1080 945 1137 Nescio
966 1098 1054 1137 vos
1082 1078 1296 1151 (Matth.
1326 1096 1453 1146 xxv,
1480 1079 1609 1151 12)?
1638 1079 1779 1136 Ecce
1800 1093 1897 1149 per

296 1189 529 1244 magnos
553 1173 767 1229 labores
804 1173 1085 1242 virginitas
1111 1179 1493 1237 conservatur,
1526 1170 1641 1241 ipsa
1680 1184 1897 1241 quoque

299 1267 584 1337 virginitas
605 1279 800 1335 magna
822 1273 878 1321 et
896 1263 1333 1334 incomparabilis
1362 1263 1534 1345 virtus
1563 1261 1891 1331 agnoscitur.

295 1361 443 1430 Quid
467 1367 552 1416 est
571 1374 725 1431 ergo,
753 1358 899 1428 quod
926 1358 1091 1413 fatua:
1112 1357 1352 1427 virgines
1380 1358 1413 1411 a'
1434 1370 1636 1427 sponso
1666 1369 1775 1410 non
1802 1368 1895 1409 eo-

292 1464 635 1525 gnoscuntur
651 1492 667 1519 ,
695 1451 798 1507 nisi
822 1450 947 1523 quia
990 1466 1190 1521 corpus
1216 1450 1419 1504 habent
1445 1462 1552 1519 quo
1577 1445 1890 1513 subsistant,

288 1547 551 1604 decorem
581 1560 713 1602 vero
741 1560 851 1601 non
880 1544 1086 1599 habent
1108 1543 1264 1599 faciei
1287 1557 1451 1612 quem
1473 1556 1703 1611 sponsus
1725 1552 1895 1609 agno-

289 1648 436 1697 scat.
454 1638 665 1694 Habent
683 1636 899 1709 quidem
919 1635 1163 1691 laborem
1178 1635 1231 1689 in
1255 1632 1620 1689 conservando
1641 1646 1887 1701 corpore,

292 1745 411 1789 non
449 1730 651 1785 habent
696 1728 947 1784 decorem
989 1727 1171 1782 vultus
1220 1727 1273 1779 in
1316 1723 1559 1794 perfecta
1603 1723 1887 1779 charitate.

292 1823 428 1879 Haec
454 1835 688 1892 namque
712 1820 813 1875 tria
841 1834 907 1875 eo
935 1834 1044 1889 quo
1090 1825 1364 1889 ponuntur
1392 1815 1607 1881 ordine,
1650 1815 1703 1869 in
1733 1814 1890 1870 electi

285 1915 711 1973 conversatione
733 1913 1045 1985 proﬁciunt.
1082 1912 1217 1967 Nam
1266 1910 1522 1981 pulchros
1550 1908 1888 1978 contempla-

293 2008 462 2065 tionis
482 2015 731 2079 aspectus
757 2006 958 2061 habere
985 2019 1095 2059 non
1122 2003 1407 2074 prasvalet,
1454 2001 1556 2056 nisi
1602 2000 1693 2069 qui
1740 1999 1890 2070 prius

292 2117 356 2161 se
384 2103 441 2158 in
464 2102 651 2157 labore
680 2099 754 2170 pii
782 2099 964 2170 Operis
988 2098 1339 2153 vehementer
1366 2102 1602 2151 exercet.
1649 2092 1890 2148 Adternse

292 2193 517 2265 quidem
547 2192 681 2247 lucis
708 2190 902 2261 gaudia
930 2189 1073 2245 illius
1119 2186 1314 2243 summi
1359 2186 1576 2241 luminis
1616 2183 1893 2238 immensi-

291 2292 407 2349 tas,
462 2293 696 2337 mternus
738 2281 830 2336 ille
874 2280 1028 2349 vigor
1073 2276 1377 2348 splendoris
1423 2273 1740 2338 ineil'abilis,
1783 2286 1892 2341 quo

289 2376 619 2434 laboriosius
665 2374 950 2445 quaeritur,
983 2386 1043 2427 se
1088 2370 1452 2441 quaerentibus
1496 2368 1669 2422 laxius
1715 2364 1893 2436 aperi-

291 2476 402 2525 tur.
434 2468 534 2535 Qui
561 2480 693 2536 ergo
717 2466 827 2535 jam
858 2464 982 2521 talis
1031 2472 1140 2530 est,
1174 2461 1403 2517 idoneus
1443 2459 1657 2531 quidem
1687 2457 1755 2512 ad
1787 2457 1888 2512 do-

290 2556 527 2613 cendum
555 2555 829 2620 cernitur;
887 2552 1116 2608 sed.nisi
1145 2552 1341 2608 decora
1366 2549 1501 2605 facie
1527 2549 1760 2617 fulgeat,
1788 2546 1889 2601 nisi

293 2660 534 2706 mentem
557 2647 831 2704 charitatis
869 2645 1119 2717 perfectae
1148 2643 1314 2700 radiis
1342 2642 1660 2698 illustratam
1706 2649 1886 2710 gerat,

290 2740 492 2811 dignus
520 2746 669 2795 tanta
700 2738 1017 2794 celsitudine
1046 2751 1153 2791 non
1174 2736 1452 2805 probatur.
1483 2732 1565 2786 Sit
1586 2745 1715 2799 ergo
1738 2728 1889 2784 rufus

293 2841 508 2905 pastor,
529 2839 584 2888 et
606 2848 713 2888 non
729 2832 801 2887 sit
818 2831 1075 2886 remissus
1096 2830 1148 2883 in
1172 2842 1367 2898 opere;
1390 2826 1461 2881 sit
1483 2825 1706 2895 pulcher
1730 2836 1887 2890 aspe-

295 2934 412 2992 ctu,
444 2924 697 2982 videlicet
718 2923 961 2981 sublimis
982 2923 1035 2976 in
1066 2935 1133 2975 eo
1149 2916 1565 2986 contemplatio;
1596 2914 1665 2967 sit
1693 2906 1888 2966 dec'ora

291 3018 458 3086 facie,
490 3026 551 3073 ut
578 3025 755 3091 totum
771 3016 937 3071 robur
963 3014 1143 3085 operis
1165 3053 1179 3078 ,
1212 3019 1267 3067 et
1297 3007 1525 3064 altitudo
1555 3003 1889 3074 contempla-

1998 527 2194 596 quibus
2221 538 2560 584 sacramenta
2600 530 2870 585 unctionis
2903 530 3173 599 tribuunt,
3203 533 3257 588 in
3299 533 3411 589 alto
3456 536 3593 592 sitos

1998 622 2313 677 meritorum
2345 623 2464 678 loco
2492 638 2600 679 non
2637 631 2885 678 cernunt.
2919 623 3145 691 Quando
3192 625 3353 697 igitur
3399 627 3592 686 doctor

2000 712 2244 769 sublimis
2282 714 2616 781 oswnditur,
2661 714 2776 783 ejus
2829 714 3109 771 ordinator
3148 730 3371 786 surgere
3406 734 3597 777 mone-

2003 813 2121 873 tur;
2170 807 2293 877 quia
2342 822 2439 879 per
2492 808 2846 863 ministerium
2899 818 3026 865 tunc
3072 809 3233 880 digne
3284 811 3594 869 tribuuntur

2005 905 2345 953 sacramenta
2392 899 2689 963 unctionis,
2733 914 2855 954 cum
2902 901 3183 969 ungendus
3212 902 3283 956 'in
3322 902 3429 957 alta
3457 918 3594 960 con-

2003 988 2229 1057 spicitur
2251 988 2579 1043 sublimitate
2607 989 2839 1043 virtutis.
2868 988 2942 1045 De
2966 1004 3074 1059 quo
3118 990 3405 1057 nimirum,
3457 993 3596 1058 Quia

2000 1082 2111 1150 ipse
2130 1088 2227 1147 est,
2249 1080 2445 1136 dicitur
2469 1098 2482 1134 :
2511 1081 2569 1137 Si
2600 1082 2863 1151 ergoipsc
2890 1090 2991 1148 est,
3020 1082 3157 1138 alius
3178 1099 3287 1138 non
3309 1092 3418 1149 est;
3447 1087 3593 1154 quia,

2001 1168 2103 1224 nisi
2133 1169 2218 1224 his
2244 1170 2530 1225 virtutibus
2560 1170 2793 1239 fulgeat,
2850 1186 3071 1227 necesse
3120 1183 3204 1228 est
3246 1183 3306 1228 ut
3347 1174 3595 1231 ordinem

2001 1266 2165 1314 tanta:
2201 1260 2535 1316 celsntudinis
2584 1276 2692 1316 non
2742 1261 2989 1331 attingat.
3037 1263 3211 1329 Quem
3248 1280 3379 1335 ergo
3435 1282 3595 1322 mon-

1994 1356 2288 1408 straturum
2314 1366 2373 1406 se
2396 1351 2652 1406 Dominus
2682 1351 2956 1419 promisit,
2990 1352 3163 1406 rufum
3217 1362 3272 1408 ct
3309 1355 3596 1423 pulchrum

1996 1452 2252 1513 aspectu,
2284 1450 2339 1497 et
2371 1442 2570 1497 decora
2618 1439 2753 1497 facie
2788 1441 3055 1505 ostendit,
3108 1442 3333 1498 dicens:
3368 1443 3489 1515 Ipse
3516 1453 3596 1500 est

1993 1535 2153 1588 enim.
2187 1534 2323 1601 Quia
2360 1534 2537 1590 nullus
2586 1535 2748 1590 debet
2790 1535 2972 1591 subire
3019 1535 3232 1592 culmen
3286 1540 3591 1610 regiminis,

1997 1624 2091 1694 qui
2118 1626 2285 1681 robur
2308 1642 2417 1681 non
2440 1626 2605 1682 habet
2626 1627 2807 1695 magni
2844 1626 3060 1697 operis,
3107 1628 3314 1684 scilicet
3346 1642 3594 1687 contem-

2000 1719 2251 1790 plationis
2272 1720 2570 1786 scientiam,
2596 1728 2652 1775 et
2674 1717 2943 1775 fervorem
2965 1720 3265 1778 charitatis.
3300 1723 3443 1781 Bene
3461 1739 3595 1796 ergo

1997 1813 2369 1884 subjungitur:

2069 1905 2242 1977 (Vers.
2278 1906 2391 1977 15.)
2438 1906 2577 1960 Tulit
2609 1907 2768 1977 igitur
2794 1906 3009 1963 Samuel
3029 1922 3191 1963 cornu
3216 1910 3347 1979 olei,
3371 1922 3421 1967 et
3440 1914 3595 1970 unxit

1996 2014 2111 2051 eum
2134 2000 2187 2052 in
2214 1999 2382 2053 medio
2408 2000 2628 2070 fratrum
2668 2012 2899 2053 suorum.

2072 2089 2156 2145 i9.
2193 2090 2508 2145 Cornuolei
2536 2090 2776 2158 tollitur,
2809 2097 2869 2146 ut
2896 2097 3012 2148 tota
3038 2092 3149 2147 vita
3180 2092 3448 2163 pontificis
3475 2094 3594 2165 spi-

1994 2179 2203 2235 ritualis
2246 2195 2364 2235 esse
2411 2178 2695 2236 doceatur.
2744 2178 2930 2236 Cornu
2979 2181 3088 2237 olei
3136 2181 3376 2249 tdllitur,
3426 2190 3484 2237 ut
3534 2183 3592 2240 in

1995 2271 2281 2326 excellenti
2314 2271 2523 2339 liquore
2551 2271 2806 2339 magister
2837 2270 3090 2328 Ecclesiae
3111 2272 3193 2326 vir
3219 2288 3340 2328 esse
3370 2272 3594 2329 studeat

1994 2375 2203 2431 magnae
2228 2362 2633 2417 misericordiae.
2668 2360 2800 2417 Oleo
2828 2363 3048 2432 ungitur
3073 2372 3235 2434 caput
3264 2363 3434 2433 regis,
3465 2364 3595 2435 quia

1993 2457 2176 2513 lucere
2204 2472 2366 2528 super
2388 2457 2772 2513 candelabrum
2797 2457 2959 2513 debet
2983 2473 3079 2528 per
3104 2458 3375 2513 flammam
3415 2458 3591 2514 verbi.

1996 2548 2178 2603 Cornu
2203 2548 2379 2603 oleum
2408 2548 2616 2617 recipit,
2652 2556 2712 2601 ut
2733 2548 3063 2618 increpando
3090 2557 3313 2620 purget,
3347 2558 3401 2605 et
3426 2549 3594 2605 mise-

1995 2639 2164 2693 rando
2189 2652 2287 2708 per
2311 2638 2736 2693 blandimentum
2770 2639 2967 2693 trahat.
2997 2638 3181 2694 Cornu
3211 2641 3374 2695 etiam
3402 2641 3597 2711 recipit

1993 2728 2049 2783 in
2093 2729 2424 2783 sublimitate
2461 2728 2694 2792 ordinis,
2737 2729 2916 2784 oleum
2964 2730 3033 2784 ad
3078 2730 3313 2785 fomenta
3356 2731 3593 2787 virtutis.

1993 2823 2100 2879 Sed
2133 2823 2293 2893 pleno
2335 2837 2503 2877 cornu
2532 2822 2768 2890 ungitur,
2818 2831 2879 2876 ut
2919 2822 3093 2877 virtus
3128 2824 3397 2893 pontificis
3435 2824 3597 2894 plena

1994 2916 2276 2971 doceatur.
2323 2914 2503 2969 Cornu
2552 2928 2785 2982 namque
2833 2914 3053 2983 plenum
3105 2915 3160 2969 in
3203 2916 3460 2971 unetione
3496 2930 3596 2972 sua

1996 3010 2179 3075 habet,
2210 3011 2254 3065 si
2284 3019 2393 3063 tam
2425 3011 2476 3064 in
2500 3009 2698 3064 virtute
2719 3009 3103 3065 misericordiae
3127 3024 3291 3080 quam
3316 3010 3597 3066 charitatis

294 3079 495 3176 tionis,
556 3079 803 3179 supernae
854 3079 1154 3177 majestatis
1204 3104 1375 3159 oculis
1414 3108 1636 3166 notum,
1681 3098 1752 3152 sit
1797 3111 1894 3168 per
1919 3079 1965 3141 (ἶ
1996 3110 2053 3157 et
2098 3101 2250 3156 verbi
2289 3099 2558 3171 perfectus
2605 3109 2706 3155 est.
2741 3099 2965 3155 Plenum
2995 3101 3157 3155 etiam
3203 3117 3373 3157 cornu
3410 3102 3461 3157 in
3492 3118 3598 3157 un—

294 3202 627 3262 iueﬂabilem
673 3201 1125 3274 pulchritudinem
1166 3196 1466 3254 charitatis.
1512 3194 1640 3250 Hrec
1693 3192 1892 3262 quippe

295 3291 403 3348 tria
432 3291 679 3346 immensi
707 3289 918 3346 decoris
947 3287 1204 3357 insignia,
1236 3285 1361 3355 quia
1407 3292 1609 3339 sanctae
1637 3281 1891 3336 Ecclesia:

292 3383 491 3440 doctor
534 3382 737 3436 habere
776 3378 964 3444 debet,
1014 3393 1114 3448 pro
1155 3376 1407 3431 omnibus
1436 3373 1628 3429 Petrus
1672 3373 1893 3429 assumi-

295 3481 417 3538 tur,
451 3483 508 3527 et
535 3486 605 3526 an
632 3477 777 3524 amet
827 3468 1248 3537 Redemptorem
1300 3464 1459 3519 tertio
1508 3465 1889 3532 interrogatur.

296 3563 487 3619 Primo
505 3575 740 3630 namque
760 3559 811 3613 ei
830 3558 1055 3614 dicitur:
1093 3556 1267 3622 Petre,
1301 3570 1447 3609 amas
1467 3571 1548 3609 me
1574 3552 1755 3625 (Joan.
1778 3568 1894 3618 xxt,

300 3654 436 3727 ιδῃ
463 3663 523 3710 ιιι
549 3668 648 3724 per
674 3665 915 3707 amorem
948 3663 1110 3720 agere
1136 3648 1294 3703 fortia
1340 3648 1587 3713 studeat;
1630 3645 1896 3711 secundo,

299 3756 363 3804 ut
413 3749 467 3803 in
520 3743 939 3815 contemplando
1003 3742 1114 3797 alta
1180 3747 1502 3810 cognoscat;
1572 3739 1763 3806 tertio,
1839 3748 1899 3793 ut

297 3840 554 3913 perfectae
600 3837 877 3894 charitatis
904 3834 1096 3891 ali‘ectu
1116 3877 1133 3903 ,
1177 3842 1233 3890 et
1278 3846 1403 3903 erga
1450 3832 1756 3904 proximum
1785 3833 1895 3888 fcr-

299 3939 465 3996 veat,
497 3940 555 3987 et
596 3930 665 3986 ad
712 3930 951 4001 speciem
1001 3928 1311 3985 Conditoris
1349 3926 1643 3984 ferventius
1689 3926 1897 3984 inarde-

298 4032 445 4097 scat.
475 4024 620 4082 Talis
646 4037 777 4094 ergo
805 4039 870 4079 ac
895 4031 1078 4079 tantus
1105 4030 1215 4077 tam
1246 4020 1497 4092 pulcher,
1523 4028 1632 4075 tam
1662 4019 1894 4076 decorus

300 4133 478 4192 puer,
514 4133 621 4188 quo
668 4115 981 4174 testimonio
1029 4114 1363 4186 proferatur,
1408 4111 1706 4167 audiamus.
1755 4110 1890 4166 Nam

299 4210 548 4281 sequitur
579 4227 593 4264 :

375 4302 555 4374 (Vere.
588 4300 703 4374 12.)
732 4301 931 4374 Surge,
961 4308 1011 4357 et
1028 4318 1164 4372 unge
1181 4318 1327 4367 eum,
1347 4302 1460 4372 ipse
1482 4301 1623 4355 enim
1651 4307 1747 4353 est.

376 4393 466 4449 18.
495 4393 635 4462 Quid
661 4402 777 4460 est,
808 4393 1003 4463 Surge,
1028 4402 1081 4448 et
1105 4409 1243 4465 uage
1268 4392 1419 4447 eum?
1458 4392 1537 4446 An
1568 4398 1752 4445 tantus
1779 4396 1899 4444 erat

302 4486 592 4559 parvulus,
645 4493 705 4541 ut
748 4486 987 4541 sedendo
1036 4486 1161 4555 ungi
1216 4500 1324 4540 non
1374 4485 1599 4555 posset?
1646 4483 1896 4539 Sedendo

301 4580 540 4652 quippe,
570 4585 794 4647 tangere
826 4578 935 4633 alta
964 4593 1072 4633 non
1100 4592 1408 4648 possumus.
1440 4576 1629 4647 Magna
1657 4590 1787 4645 ergo
1816 4582 1900 4631 est

300 4672 511 4739 virtus,
560 4684 755 4741 magna
806 4670 1067 4727 celsitudo
1116 4670 1427 4733 humilium,
1492 4670 1539 4727 si
1595 4669 1660 4723 ad
1711 4682 1899 4724 eorum

302 4775 517 4817 summa
547 4776 648 4817 nec
686 4762 965 4831 propheta:
1017 4761 1347 4831 pertingant.
1395 4759 1579 4829 Surgit
1606 4776 1739 4831 ergo
1766 4775 1897 4831 pro-

301 4850 497 4923 pheta,
527 4865 650 4908 eum
683 4866 745 4909 se
770 4851 1012 4923 pontifex
1041 4853 1096 4907 in
1124 4853 1315 4907 miram
1342 4852 1502 4908 electi
1532 4851 1899 4923 praedicatoris

299 4942 711 5001 venerationem
756 4945 935 5013 erigit.
984 4944 1117 5000 Nam
1158 4944 1287 4999 foris
1314 4944 1571 4999 humilem
1620 4944 1774 5013 quasi
1814 4944 1898 4998 vi-

302 5036 489 5094 deudo
517 5038 809 5108 conspicit;
833 5038 928 5095 sed
968 5038 1195 5094 interius
1222 5036 1339 5107 ejus
1365 5038 1651 5102 meritum,
1701 5035 1802 5092 nisi
1840 5050 1899 5093 se

302 5129 363 5185 in
414 5129 627 5185 interna
685 5130 1145 5201 contemplatione
1200 5130 1411 5199 erigat,
1464 5146 1573 5185 uon
1633 5130 1894 5199 agnoscit.

302 5219 542 5292 Surgere
564 5236 694 5292 ergo
725 5223 917 5279 doctor
960 5224 1268 5295 praecipitur
1298 5240 1312 5277 :
1337 5223 1461 5293 quia
1492 5224 1578 5278 cui
1608 5230 1756 5277 tanta
1786 5224 1901 5279 vult

300 5320 646 5369 sacramenta
672 5314 1016 5384 impendere,
1063 5316 1178 5385 ejus
1207 5323 1334 5371 ante
1362 5328 1693 5383 cognoscere
1732 5315 1899 5371 meri~

303 5412 485 5460 torum
514 5404 899 5460 sublimitatem
928 5406 1108 5461 debet.
1141 5405 1277 5473 Quid
1303 5414 1388 5462 est
1410 5420 1560 5476 ergo,
1592 5406 1737 5476 quod
1763 5406 1900 5463 dici-

304 5506 424 5562 tur,
459 5496 657 5569 Surge,
686 5506 736 5552 et
763 5514 901 5569 uuge
928 5514 1075 5567 eum,
1105 5500 1225 5570 quia
1252 5500 1363 5569 ipse
1389 5509 1501 5568 est,
1532 5499 1631 5554 nisi
1685 5498 1901 5554 sublimi

304 5591 475 5665 384
500 5592 750 5650 sublimia
777 5602 1117 5649 sacramenta
1156 5594 1458 5651 sublimiter
1500 5596 1717 5666 prmbe?
1766 5597 1899 5653 Nam

303 5698 453 5754 sape
484 5684 759 5741 indiscreti
809 5692 1056 5755 pastores
1102 5685 1458 5756 negligentem
1507 5697 1563 5744 et
1611 5692 1898 5761 reprobam

305 5776 682 5834 accedentium
726 5776 892 5831 vitam
926 5775 1139 5841 sciunt,
1183 5786 1238 5833 et
1289 5791 1391 5834 eos
1432 5793 1752 5851 promovere
1788 5798 1897 5838 non

594 5872 871 5931 PATRGL.
903 5868 1203 5931 LXXIX.

2000 3195 2181 3251 ctione
2209 3210 2305 3250 sua
2336 3195 2537 3250 habere
2561 3195 2934 3262 cognoscitur,
2968 3194 3122 3263 cujus
3152 3196 3327 3251 omnis
3352 3203 3600 3266 potestas

1998 3304 2096 3360 per
2124 3288 2551 3344 misericordiam
2585 3288 2947 3358 dispensatur.
2982 3289 3102 3359 Ipsa
3141 3291 3341 3360 quippe
3366 3292 3599 3348 auctori-

2001 3390 2084 3437 tas
2112 3390 2311 3436 sanctae
2342 3380 2617 3447 Ecclesiae,
2638 3396 2760 3435 eum
2782 3381 2899 3436 sine
2925 3381 3293 3437 misericordia
3323 3391 3424 3449 est,
3451 3382 3599 3440 nulla

2002 3486 2118 3542 est;
2145 3477 2269 3546 quia
2298 3485 2427 3531 tunc
2454 3474 2747 3545 spiritualis
2773 3482 2856 3530 est
2894 3475 3041 3544 rigor
3069 3474 3384 3545 disciplinm,
3416 3491 3537 3532 cum
3565 3492 3602 3535 a

2002 3567 2284 3622 linimento
2332 3583 2438 3622 non
2488 3575 2647 3622 vacat
2684 3567 3087 3624 misericordiae.
3131 3566 3312 3624 Cornu
3358 3583 3488 3638 ergo
3542 3578 3601 3626 et

2004 3660 2181 3716 oleum
2209 3661 2369 3716 simul
2421 3661 2758 3727 ostenditur,
2788 3670 2848 3716 ut
2877 3660 3161 3732 disciplina
3210 3677 3427 3733 semper
3474 3678 3597 3719 cum

2006 3752 2373 3808 misericordia
2423 3761 2692 3807 teneatur.
2744 3752 2927 3809 Cornu
2966 3768 3199 3825 namque
3227 3755 3349 3810 oleo
3378 3754 3603 3825 plenum

2003 3846 2234 3914 dicitur;
2276 3853 2336 3901 ut
2374 3846 2679 3915 ubicunque
2707 3861 2877 3901 cornu
2908 3861 3132 3902 acumen
3164 3847 3412 3913 exhibet,
3443 3848 3601 3903 exhi-

2001 3942 2130 3998 beat
2160 3939 2351 3996 refusaz
2392 3941 2575 4009 gratia:
2621 3940 2953 3995 unctionem.
2986 3939 3093 3994 Sed
3119 3938 3245 3994 dum
3277 3941 3343 3993 ad
3392 3954 3602 4009 ungenn

1994 4034 2121 4087 dum
2168 4044 2350 4098 regem
2399 4030 2584 4084 unctio
2634 4029 2886 4095 ducitur,
2940 4043 3110 4083 cornu
3157 4028 3288 4083 foris
3332 4030 3600 4097 cernitur,

1994 4123 2141 4177 intus
2184 4120 2464 4192 plenitudo
2514 4120 2620 4174 olei
2662 4119 2984 4173 occultatur.
3036 4117 3224 4173 Portet
3282 4118 3445 4187 igitur
3471 4135 3603 4190 pro-

2000 4216 2163 4285 pheta
2190 4231 2360 4270 cornu
2386 4213 2544 4277 foris,
2588 4212 2732 4265 intus
2758 4211 2881 4265 oleo
2917 4210 3162 4281 repleat;
3211 4212 3341 4270 foris
3390 4220 3602 4270 textum

2002 4308 2264 4373 insinuet,
2299 4308 2442 4361 intus
2469 4311 2810 4359 sacramenta
2836 4302 3097 4359 declaret.
3132 4303 3283 4361 Sciat
3310 4320 3440 4377 ergo
3469 4321 3603 4376 pro-

1926 4422 1980 4482 ι)
2002 4398 2167 4470 pheta
2206 4398 2350 4467 quod
2382 4397 2614 4461 tribuat;
2653 4395 2790 4449 sciat
2829 4410 2927 4449 rex
2956 4403 3149 4451 unctus
3178 4397 3419 4453 exhibita
3458 4398 3602 4455 reci-

2002 4490 2236 4563 piendo,
2284 4490 2412 4558 quid
2463 4499 2607 4556 agat.
2656 4488 2794 4554 Quid
2843 4497 2925 4545 est
2976 4504 3134 4559 ergo,
3178 4491 3321 4562 quod
3362 4490 3494 4547 foris
3520 4499 3606 4547 est

2004 4598 2196 4649 cornu,
2228 4581 2372 4635 intus
2403 4579 2609 4643 oleum,
2644 4579 2744 4633 nisi
2769 4581 2893 4648 quia
2923 4581 3240 4652 plerumque
3265 4583 3605 4639 subditorum

2008 4676 2204 4731 duritia
2234 4681 2501 4737 meretur,
2534 4679 2595 4727 ut
2640 4672 2875 4742 pastoris
2905 4672 3332 4745 increpationem
3376 4658 3597 4739 sentiat,

2008 4767 2102 4824 sed
2132 4764 2519 4822 misericordia:
2547 4762 2662 4833 ejus
2693 4762 2894 4831 aliquid
2924 4777 3031 4817 non
3082 4765 3361 4820 attendat?
3399 4762 3605 4819 Rector

2008 4873 2137 4930 ergo
2176 4873 2345 4915 cornu
2374 4857 2620 4921 exhibet,
2654 4856 2707 4910 in
2738 4869 2846 4925 quo
2885 4856 3065 4911 oleum
3096 4858 3259 4921 latet;
3293 4858 3450 4925 quia,
3478 4870 3605 4911 cum

2006 4953 2128 5023 quis
2157 4952 2355 5007 acriter
2382 4966 2448 5006 ex
2471 4949 2735 5007 charitate
2777 4948 3091 5018 corrigitur,
3143 4963 3300 5017 pruna
3351 4948 3603 5015 sentitur,

2000 5045 2239 5101 charitas
2269 5059 2377 5098 non
2421 5042 2654 5099 videtur.
2703 5042 2889 5099 Saevus
2918 5042 3061 5097 enim
3109 5049 3296 5097 rector
3317 5042 3599 5112 aspicitur,

2002 5137 2201 5207 quisic
2237 5136 2519 5205 increpat,
2569 5134 2722 5204 quasi
2766 5134 2858 5204 qui
2910 5148 3017 5188 non
3068 5142 3244 5199 amat;
3301 5134 3453 5203 quasi
3508 5134 3605 5204 qui

2003 5228 2353 5283 vehementer
2383 5226 2527 5292 odit,
2558 5226 2635 5282 sic
2657 5225 2924 5294 objurgat.
2953 5224 3090 5292 Quid
3120 5233 3247 5279 tunc
3277 5240 3307 5279 a
3335 5240 3604 5295 compun—

2004 5319 2105 5375 ctis
2135 5320 2405 5383 cernitur,
2442 5317 2545 5372 nisi
2577 5331 2746 5372 cornu
2776 5330 3034 5381 acumen,
3077 5330 3186 5386 quo
3209 5316 3384 5371 acrius
3408 5315 3606 5370 ferian-

2006 5414 2128 5469 tur?
2159 5412 2265 5468 Sed
2300 5411 2428 5481 quia.
2465 5410 2623 5465 valde
2649 5410 2795 5465 intus
2820 5409 2971 5479 prius
3000 5420 3187 5479 pastor
3209 5409 3409 5479 diligit,
3440 5424 3604 5478 quem

2006 5504 2135 5561 foris
2156 5502 2431 5573 arguendo
2462 5500 2617 5567 ferit;
2667 5500 2794 5570 quid
2822 5499 2966 5554 aliud
3012 5514 3173 5569 quam
3204 5516 3372 5558 cornu
3424 5502 3604 5559 incre-

2005 5599 2184 5672 pando
2204 5597 2497 5661 monstrat‘,
2527 5593 2706 5649 oleum
2727 5593 2995 5664 diligendo
3017 5594 3190 5651 celat?
3222 5596 3442 5653 Plenum
3471 5611 3603 5668 ergo

2007 5705 2176 5747 cornu
2206 5688 2260 5743 in
2292 5687 2547 5743 unctione
2574 5685 2716 5755 regis
2759 5685 3049 5755 asseritur,
3081 5694 3141 5741 ut
3167 5686 3219 5741 in
3252 5688 3426 5745 electo
3458 5704 3600 5757 prze-

2006 5782 2247 5841 dicatore
2282 5776 2583 5852 perfectum
2623 5785 2911 5847 utrumque
2960 5793 3083 5836 esse
3123 5779 3401 5836 doceatur.
3465 5778 3600 5833 Nam

3245 5870 3318 5931 15
