4052 6338
486 367 596 428 ιθδ

1740 348 1984 409 SANCTI
2022 346 2349 406 GREGORII
2391 346 2607 406 MAGNI

3675 345 3793 403 464

482 476 827 557 pmdlcatur.
872 469 1010 528 Nam
1060 466 1295 525 Joannes
1339 440 1468 537 quia
1517 460 1857 535 prmdicando
1886 472 2086 529 ungere
2113 464 2161 523 Α
2192 474 2445 557 praesens
2477 466 2575 525 est,
2622 458 2881 557 in‘verbo
2928 465 3134 557 nostro.
3161 455 3337 557 futura
3389 470 3497 557 non
3667 456 3793 514 lam

482 583 730 640 venerat,
763 568 915 642 quasi
963 580 1134 621 cornu
1164 561 1412 631 implevit
1452 558 1701 623 sciendo;
1734 565 1789 610 nt
1826 570 1947 609 eum
1988 570 2089 608 un-

481 683 611 741 gere
637 667 775 721 bene
804 657 1074 729 loquendo
1105 653 1385 724 potuisset.
1438 650 1495 704 Si
1540 656 1718 741 autem
1766 647 1903 741 bene
1947 646 2087 741 scire

481 737 846 831 impletionem
877 750 1157 813 volumus,
1192 745 1471 800 audiamus
1517 740 1662 810 quod
1703 741 1755 793 iu
1794 737 2085 807 Evangelio

480 830 678 909 dicitur
710 868 723 902 :
760 846 979 899 Factum
1006 848 1081 895 est
1112 837 1314 895 verbum
1343 852 1493 906 super
1516 832 1773 886 Joannem
1812 830 2085 885 Zachariae

479 946 646 1016 ﬁlium
675 943 727 995 in
759 940 958 993 deserto
991 933 1143 1002 (Luc.
1175 946 1250 994 ιιι,
1280 927 1360 998 2).
1402 927 1584 1016 Cornu
1608 939 1736 993 ergo
1764 924 1924 994 pleno
1956 936 2081 976 eum

482 1015 652 1095 unxit,
705 1029 792 1098 qui
835 1024 1074 1097 perfecte
1119 1021 1265 1091 prius
1292 1033 1323 1071 a
1352 1017 1519 1071 verbo
1560 1015 1750 1070 doctus
1794 1021 1877 1068 est
1919 1026 2078 1080 quam

481 1123 627 1177 verbi
678 1118 1015 1173 divinitatem
1075 1121 1129 1168 et
1179 1117 1501 1179 assumptam
1553 1106 1785 1161 hominis
1835 1113 2081 1159 naturam

480 1211 629 1282 loqui
680 1208 965 1279 potuisset.
1008 1201 1113 1257 Sed
1156 1200 1394 1261 veniens,
1446 1198 1497 1251 in
1538 1212 1698 1249 manu
1725 1194 1948 1248 vitulum
1982 1194 2081 1248 ha-

480 1302 630 1367 buit;
660 1301 809 1369 quia,
840 1307 898 1353 ut
928 1296 1116 1363 dignus
1143 1307 1319 1362 przeco
1350 1288 1727 1356 Redemptoris
1757 1287 1930 1353 ﬁeret,
1966 1300 2086 1341 car-

480 1409 604 1449 nem
644 1406 796 1448 suam
844 1390 955 1444 Deo
1003 1401 1100 1456 per
1147 1381 1525 1438 abstinentiam
1576 1378 1847 1433 mactavit.
1900 1374 2086 1432 Potest

478 1484 640 1539 etiam
701 1479 852 1534 vituli
906 1474 1265 1547 appellatione
1318 1474 1431 1541 ipse
1481 1471 1739 1527 Dominus
1792 1468 2081 1537 designari.

477 1572 614 1641 Quid
646 1586 776 1642 ergo
805 1576 905 1633 est,
949 1566 1092 1637 quod
1122 1564 1384 1635 propheta
1417 1563 1468 1616 in
1500 1577 1660 1615 manu
1689 1560 1915 1614 vitulum
1946 1559 2083 1624 tulit,

475 1663 578 1719 nisi
607 1662 750 1731 quia,
782 1658 873 1729 qui
902 1656 1086 1711 Jesum
1119 1654 1231 1708 vult
1260 1651 1605 1723 prazdicando
1634 1650 1939 1713 ostendere,
1991 1662 2087 1717 per

474 1751 949 1810 mortiﬁcationem
990 1746 1167 1802 Carnis
1211 1744 1370 1799 debet
1409 1744 1557 1811 ejus,
1604 1756 1764 1811 quem
1806 1740 2082 1811 przedicat,

473 1846 755 1915 passiones
802 1839 1042 1896 imitari?
1082 1836 1316 1891 Vitulum
1356 1835 1555 1903 quippe
1586 1834 1638 1887 in
1670 1846 1831 1886 manu
1876 1841 2085 1899 tenere,
2118 1824 2163 1880 Β

474 1946 558 1994 est
594 1934 998 1991 similitudinem
1048 1928 1316 2000 passionis
1343 1926 1542 1994 Christi
1574 1925 1626 1979 in
1656 1925 1857 1979 virtute
1886 1939 2081 1994 opera-

472 2029 636 2084 tionis
684 2024 990 2081 ostendere.
1054 2020 1223 2075 Aliter
1286 2019 1427 2073 enim
1455 2058 1469 2083 ,
1536 2018 1626 2088 qui
1669 2016 1736 2069 ad
1776 2015 2083 2081 ungendum

473 2135 656 2189 regem
684 2118 856 2184 venit,
885 2113 1175 2177 occiditur;
1205 2111 1331 2181 quia
1363 2109 1611 2163 nimirum
1660 2107 1712 2161 in
1758 2106 1946 2161 salutis
1975 2120 2084 2160 sua:

472 2211 774 2284 periculum
824 2207 1143 2278 praedicator
1169 2202 1409 2259 veritatis
1440 2200 1689 2265 ellicitur,
1740 2199 1832 2269 qui
1860 2199 2080 2252 verbum

473 2304 619 2375 quod
668 2316 766 2358 ore
812 2299 1070 2371 praedicat
1099 2312 1262 2368 prava
1291 2296 1609 2365 operatione
1637 2292 1937 2349 conculcat.
1985 2291 2084 2346 Sa—

472 2392 618 2448 muel
649 2393 834 2461 itaque
884 2390 952 2443 ad
1002 2388 1309 2456 ungendum
1359 2401 1537 2454 regem
1569 2384 1803 2447 veniens,
1838 2384 1891 2438 in
1921 2398 2081 2437 manu

470 2483 699 2539 vitulum
733 2483 881 2541 tulit:
913 2480 1036 2549 quia
1068 2493 1370 2549 prtecursor
1402 2476 1610 2530 Domini
1656 2490 1715 2530 se
1746 2476 1892 2544 prius
1922 2477 2080 2527 mira-

471 2575 635 2631 bilem
665 2589 765 2645 per
792 2586 1041 2643 superna:
1066 2568 1787 2636 conversationisfulgorem
1837 2565 2083 2637 prmbuit,

472 2676 529 2723 et
554 2668 632 2725 sic
662 2668 865 2722 bonum
898 2674 1060 2720 tantae
1091 2663 1277 2732 gratia:
1308 2662 1670 2716 nescientibus
1698 2659 1973 2715 indicavit.

542 2760 632 2814 26.
676 2759 782 2815 Sed
812 2757 939 2829 quid
968 2764 1073 2823 est,
1100 2754 1245 2825 quod
1271 2755 1436 2823 quaeri
1471 2754 1610 2807 inter
1643 2752 1780 2807 ﬁlios
1806 2751 1908 2806 lsai
1932 2750 2084 2819 jube-

470 2858 579 2915 tur,
612 2851 715 2906 nisi
743 2850 870 2920 quia
898 2857 957 2904 et
983 2848 1051 2903 de
1080 2846 1250 2901 veteri
1282 2846 1479 2915 populo
1508 2846 1811 2899 nasciturus
1854 2854 1992 2909 erat,
2030 2850 2086 2897 et

470 2942 734 3010 aqualem
763 2941 970 2995 nullum
1001 2938 1317 2992 habiturus?
1347 2936 1523 3003 Qumri
1547 2939 1726 3007 itaque
1755 2937 2079 3006 praecipitur,

477 3044 539 3089 ut
583 3035 634 3089 ei
672 3031 1069 3087 rationabiliter
1109 3030 1411 3084 credamus.
1446 3029 1511 3081 Et
1538 3030 1664 3097 quia
1694 3044 1788 3100 per
1824 3027 2082 3095 semetip-

2188 553 2363 622 justus
2393 552 2610 607 Simeon
2642 552 2801 614 vidit,
2846 551 2951 619 iam
2993 550 3163 605 tenuit
3192 558 3246 603 et
3274 550 3535 611 adoravit,
3564 551 3748 606 dicens
3774 567 3789 603 :

2193 646 2348 701 Nunc
2388 648 2603 700 dimittis
2632 663 2833 700 servum
2858 654 3019 710 tuum,
3054 644 3276 699 Domine
3299 685 3314 707 .
3362 647 3641 700 secundum
3678 664 3794 701 ver-

2190 740 2308 793 bum
2331 748 2470 793 tuum
2499 741 2553 793 in
2580 755 2704 807 pace
2734 736 2884 807 (Luc.
2918 754 2977 804 ιι,
3007 734 3117 806 29).
3144 736 3260 791 Jam
3292 738 3595 805 pastoribus
3619 753 3791 807 appa—

2189 834 2314 897 ruit,
2342 833 2453 901 jam
2485 833 2647 888 missa
2672 832 2739 886 de
2766 832 2916 888 ccelis
2945 831 3034 886 diu
3056 839 3367 901 exspectata
3394 846 3548 900 pace,
3570 831 3797 898 angelo-

2189 939 2306 977 rum
2339 922 2623 977 multitudo
2653 922 2935 976 cantavit:
2970 920 3148 975 Gloria
3194 921 3249 973 in
3296 922 3513 973 excelsis
3557 919 3686 984 Deo,
3739 932 3796 977 et

2184 1014 2239 1066 in
2282 1021 2417 1066 terra
2457 1029 2564 1081 pax
2606 1012 2895 1066 hominibus
2923 1015 3068 1066 bona:
3097 1012 3374 1066 voluntatis
3404 1010 3553 1081 (Luc.
3585 1028 3643 1076 ιι,
3676 1012 3792 1081 14).

2187 1104 2254 1159 Ει
2300 1106 2423 1174 quia
2476 1121 2584 1159 non
2633 1106 2807 1160 solum
2850 1105 3144 1175 prtedicare
3184 1120 3370 1175 pacem
3422 1115 3665 1165 venerat.
3694 1104 3795 1160 sed

2187 1195 2349 1249 etiam
2389 1194 2731 1265 persuadere,
2772 1196 2971 1263 subdit,
3011 1196 3197 1251 dicens
3237 1212 3252 1249 ;
3289 1196 3371 1247 Ad
3414 1195 3793 1251 immolandum

2188 1303 2321 1341 vent.

2260 1406 2348 1461 27.
2381 1408 2519 1473 Quid
2559 1416 2643 1463 est
2670 1408 2941 1463 sacerdoti
2971 1408 3272 1473 immolare,
3305 1410 3408 1463 nisi
3440 1408 3793 1479 Redemptori

2190 1509 2377 1555 nostro
2430 1500 2591 1555 corda
2637 1501 2935 1556 electorum
2988 1516 3087 1572 per
3140 1518 3379 1556 amorem
3428 1503 3796 1571 conjungere?

2190 1590 2354 1659 Quasi
2407 1591 2552 1646 dicat
2579 1611 2589 1645 :
2612 1592 2748 1657 ‘Vos,
2782 1607 2849 1645 an
2880 1593 3122 1659 venerit,
3168 1594 3305 1648 scire
3333 1594 3513 1658 vultis,
3546 1595 3641 1648 sed
3680 1609 3795 1649 non

2191 1683 2411 1752 prodest
2440 1684 2588 1750 sciri,
2618 1684 2717 1737 nisi
2751 1684 2919 1753 prosit
2946 1685 3134 1739 amari.
3160 1686 3242 1738 Ad
3262 1687 3640 1741 immolandum
3669 1702 3796 1757 ergo

2191 1773 2418 1829 Domino
2462 1776 2594 1829 veni.
2632 1774 2768 1830 Hinc
2798 1784 2913 1843 est,
2952 1777 3096 1846 quod
3128 1775 3322 1829 Paulus
3367 1793 3462 1831 eos
3508 1779 3559 1831 in
3598 1780 3793 1847 quibus

2190 1866 2470 1920 immolare
2501 1883 2608 1920 man
2633 1875 2849 1936 poterat
2875 1867 3113 1935 expellit,
3137 1866 3320 1921 dicens
3351 1884 3363 1918 :
3399 1867 3497 1933 Qui
3526 1884 3627 1919 non
3650 1879 3794 1920 amat

2186 1954 2468 2009 Dominum
2505 1956 2705 2019 Jesnm,
2734 1956 3015 2009 anathema
3060 1957 3127 2009 sit
3160 1954 3212 2025 (Ι
3242 1954 3363 2009 Cor.
3398 1972 3511 2017 xvt,
3534 1955 3651 2023 22).
3682 1945 3801 2011 86ιῖ

2186 2048 2427 2102 invitatis
2451 2048 2519 2101 ad
2561 2049 2834 2103 victimam
2865 2049 3060 2104 dicitur
3093 2065 3107 2103 :
3142 2048 3595 2118 Sanctiﬁcamini,
3622 2058 3671 2102 et
3702 2067 3787 2103 re-

2186 2143 2309 2196 nite.
2341 2141 2507 2196 Judaei
2537 2142 2739 2197 idcirco
2781 2144 3059 2199 nobiscum
3083 2143 3149 2198 ad
3191 2142 3313 2197 ﬁdei
3341 2143 3661 2198 sacriﬁcium
3689 2158 3789 2198 ve-

2187 2236 2303 2290 nire
2349 2245 2645 2305 nequeunt,
2687 2238 2811 2305 quia
2846 2237 3135 2291 Dominum
3182 2235 3365 2291 Jesum
3397 2252 3464 2291 ex
3489 2236 3786 2307 Scripturis

2184 2328 2429 2397 judicare
2480 2330 2689 2394 nolunt,
2722 2329 2815 2384 sed
2843 2330 2961 2385 solo
3001 2330 3128 2384 odio
3158 2331 3345 2385 audire
3374 2329 3490 2397 ejus
3527 2330 3786 2398 pnedica-

2190 2423 2393 2478 tionem
2447 2422 2736 2491 refugiunt.
2789 2422 2941 2477 Unde
2983 2439 3081 2493 per
3133 2424 3483 2493 semetipsum
3534 2424 3790 2478 Dominus

2189 2516 2454 2584 queritur,
2498 2516 2683 2570 dicens
2719 2533 2729 2567 :
2761 2515 2822 2569 Si
2860 2533 3016 2583 opera
3048 2531 3149 2569 non
3190 2515 3424 2587 fecissem
3449 2517 3501 2568 in
3533 2517 3611 2569 eis
3634 2556 3648 2578 ,
3680 2532 3791 2586 qui:

2189 2622 2338 2659 nemo
2361 2607 2495 2659 alius
2524 2608 2663 2676 fecit,
2694 2616 2954 2673 peccatum
2991 2622 3092 2660 non
3124 2606 3371 2659 haberent
3402 2622 3420 2659 :
3452 2623 3590 2659 nunc
3621 2617 3791 2659 autem

2189 2699 2574 2751 excusationem
2603 2714 2705 2751 non
2728 2697 2936 2762 habent,
2960 2699 3080 2767 quia
3111 2698 3346 2750 viderunt
3369 2707 3418 2749 et
3446 2696 3668 2751 oderunt
3688 2714 3786 2764 me,

2189 2800 2239 2844 et
2273 2789 2483 2843 Patrem
2510 2806 2677 2842 meum
2708 2789 2887 2858 (Joan.
2920 2805 3008 2853 xv,
3040 2788 3152 2857 24).
3186 2788 3323 2855 Quid
3352 2796 3610 2856 estergo,
3645 2787 3791 2858 quod

2191 2880 2908 2947 dicitur:Sanctiﬁcamini,
2958 2888 3007 2933 et
3053 2880 3256 2933 venite?
3305 2879 3410 2934 Sed
3464 2878 3791 2937 sanctiﬁcari

2192 2971 2563 3035 auditoribus,
2599 2980 2679 3026 est
2730 2971 3051 3026 audiendum
3097 2987 3245 3041 pura:
3294 2973 3490 3029 mentis
3521 2984 3788 3029 secretum

2192 3078 2515 3131 prmparare.
2568 3062 2906 3119 Sanctiﬁcari
2951 3065 3151 3135 quippe
3203 3065 3301 3131 eis,
3348 3074 3432 3119 est
3485 3066 3672 3121 odium
3722 3069 3789 3124 de

472 3138 592 3179 sum
613 3227 620 3230 _
638 3121 768 3176 dm“
788 3117 1011 3230 :Nemo,
1033 3128 1181 3230 ,υεξψ
1305 3136 1419 3230 ’ῗῗδ
1453 3116 1903 3230 AZ":
2114 3134 2160 3195 α
2190 3157 2353 3213 corde
2379 3157 2662 3226 projicere,
2707 3168 2761 3211 et
2789 3158 2855 3211 ad
2883 3157 3209 3213 audiendum
3256 3159 3482 3213 verbum
3528 3161 3789 3230 praedica-

471 3234 573 3282 nte,
606 3214 823 3269 traxerit
851 3229 966 3266 eum
994 3211 1174 3280 (Joan.
1206 3226 1277 3275 vt,
1310 3209 1422 3280 4-1),
1453 3211 1589 3265 bene
1620 3209 1854 3263 Samueli
1878 3224 1907 3262 a
1930 3218 2082 3278 patre

471 3309 668 3365 dicitur
696 3325 706 3356 :
738 3304 912 3375 Unges
958 3319 1105 3375 quem
1155 3310 1503 3355 monstravero
1560 3300 1670 3353 tibi.
1723 3298 1885 3366 Quasi
1920 3299 2080 3353 enim

469 3406 833 3455 monstratum
866 3402 1092 3450 unxerat
1137 3394 1304 3464 prius,
1338 3393 1428 3462 qui
1463 3393 1529 3446 ab
1564 3408 1663 3458 eo,
1706 3407 1867 3461 quem
1917 3407 2085 3446 unxe-

469 3500 573 3557 rat,
605 3490 895 3545 audiebat:
925 3487 1114 3541 Beatus
1142 3503 1195 3540 es
1226 3487 1407 3540 Simon
1453 3485 1751 3553 Bar-Jona,
1798 3486 1915 3556 quia
1965 3502 2086 3539 caro

468 3591 520 3637 et
547 3582 760 3651 sanguis
791 3598 895 3634 non
926 3578 1160 3633 revelavit
1211 3577 1329 3642 tibi,
1371 3576 1460 3630 sed
1494 3574 1653 3629 Pater
1682 3594 1821 3630 meus
1846 3615 1859 3637 ,
1894 3577 1978 3647 qni
2008 3586 2085 3628 est

471 3674 528 3729 in
554 3674 693 3729 cmlis
718 3671 1059 3743 (Matth.xv1,
1094 3671 1206 3739 Η).
1238 3670 1293 3723 ιιι
1323 3669 1635 3723 Bethlehem
1666 3684 1797 3736 ergo
1829 3668 2081 3731 mittitur,

475 3763 603 3832 quia
632 3776 753 3816 cum
783 3758 1077 3813 secundum
1108 3772 1327 3812 carnem
1354 3758 1609 3826 quaeritur
1634 3757 1897 3819 Christus,
1927 3766 2085 3810 natus

476 3870 547 3909 ex
573 3852 883 3907 Judteorum
914 3850 1115 3919 populo
1146 3848 1433 3902 invenitur.
1465 3847 1627 3901 Venit
1656 3849 1817 3902 etiam
1844 3848 1897 3901 in
1922 3846 2084 3901 Beth-

475 3946 684 4009 lehem,
725 3944 851 4013 quia
896 3940 1034 3996 ordo
1072 3938 1484 4011 prmdicatorum
1524 3946 1647 3991 ante
1684 3936 1921 3991 ludat-am
1953 3951 2085 3991 con-

472 4047 689 4093 vertere
716 4034 942 4099 studuit,
966 4041 1020 4088 et
1042 4038 1227 4102 postea
1251 4030 1497 4098 gentibus
1520 4028 1896 4097 Redemptoris
1922 4026 2083 4081 ﬁnem

473 4126 797 4199 [Legendum
817 4122 1014 4177 videtur
1037 4119 1218 4190 ﬁdem]
1244 4119 1574 4189 pncdicavit.
1599 4117 1737 4184 Quid
1767 4125 1847 4171 est
1879 4124 2082 4181 autem,

475 4218 619 4290 quod
655 4218 899 4274 seniores
926 4214 1160 4271 civitatis
1205 4213 1504 4281 mirantur,
1552 4212 1653 4266 nisi
1684 4211 1829 4279 quia,
1879 4210 1970 4278 qui
2018 4209 2087 4262 ad

478 4309 809 4365 maturitatis
850 4323 1065 4362 sensum
1108 4314 1503 4375 pervenerant,
1546 4303 1597 4357 in
1640 4310 1800 4355 tanta:
1830 4299 2087 4354 novitatis

476 4402 860 4474 praedicatione
882 4399 1202 4468 stupebant?
1224 4396 1329 4451 Sed
1354 4396 1680 4449 admirantes
1699 4393 1747 4446 ei
1772 4398 2083 4454 occurrunt,

2190 3251 2375 3316 tionis,
2401 3248 2715 3305 intentionis
2736 3250 3024 3319 puritatem
3046 3266 3259 3321 parare.
3277 3251 3641 3308 Sanctilicatis
3661 3268 3786 3323 ergo

2192 3344 2377 3398 venire
2394 3344 2722 3413 prmcipitur,
2742 3344 2867 3411 quia
2894 3346 3075 3399 venire
3105 3344 3235 3398 nihil
3253 3346 3472 3414 prodest
3494 3348 3585 3416 qui
3611 3348 3783 3403 inten-

2195 3437 2395 3491 tionem
2438 3436 2684 3506 puritatis
2731 3435 2998 3490 audiendo
3044 3451 3149 3490 non
3198 3436 3420 3491 habent.
3451 3436 3516 3490 Et
3540 3440 3665 3506 quia
3698 3454 3788 3507 per

2190 3528 2441 3582 doctores
2466 3535 2685 3582 sanctos
2712 3536 2929 3581 sanctus
2959 3526 3195 3597 loquitur
3215 3526 3464 3595 Spiritus,
3495 3528 3626 3583 dicit
3654 3547 3667 3581 :
3700 3530 3785 3584 Ve-

2190 3618 2302 3672 nite
2345 3632 2556 3671 mecum
2584 3633 2597 3669 :
2624 3617 2774 3686 quasi
2811 3616 2992 3671 dicat:
3021 3617 3111 3671 Sic
3149 3617 3464 3685 loquentem
3496 3620 3781 3686 attendite,

2189 3716 2249 3761 ut
2294 3708 2569 3761 vobiscum
2612 3708 2842 3763 credatis
2900 3708 3243 3774 audientem,
3298 3710 3425 3779 quia
3479 3712 3559 3766 sic
3601 3712 3785 3783 loquor

2190 3806 2250 3852 ut
2276 3799 2488 3853 audiam
2514 3839 2529 3863 ,
2562 3799 2688 3853 dum
2718 3800 2831 3868 ipse
2879 3815 2996 3853 sum
3021 3801 3111 3869 qui
3138 3800 3334 3871 loquor
3361 3811 3420 3856 et
3458 3803 3783 3863 locutionem

2191 3891 2527 3946 administro.
2560 3890 2628 3946 Et
2654 3893 2780 3960 quia
2803 3894 2857 3947 in
2879 3893 3031 3948 initio
3060 3895 3331 3950 nascentis
3356 3895 3618 3951 Ecclesia:
3641 3898 3785 3952 multi

2191 3998 2258 4039 ex
2287 3982 2504 4050 Iudaeis,
2537 3993 2591 4039 et
2619 3984 2813 4041 devote
2858 3986 3173 4051 audierunt,
3200 3996 3257 4041 et
3286 3987 3787 4059 ﬁdelitegcredide-

2189 4085 2335 4141 runt,
2368 4077 2508 4131 bene
2545 4078 2743 4132 dicitur
2768 4121 2783 4145 ,
2832 4080 2954 4147 quia
2989 4077 3085 4134 lsai
3116 4087 3173 4133 et
3200 4079 3317 4149 ejus
3348 4078 3439 4134 ﬁlii
3470 4082 3785 4137 sanctiﬁcati

2196 4181 2224 4219 a
2256 4165 2505 4222 Samuele
2531 4178 2683 4233 sunt,
2719 4177 2774 4224 et
2798 4169 2865 4223 ad
2893 4169 3167 4224 victimam
3198 4170 3428 4224 invitati.

2266 4289 2354 4345 28.
2387 4290 2491 4346 Sed
2536 4292 2588 4345 in
2636 4302 2842 4363 septem
2891 4292 2989 4347 lsai
3023 4291 3143 4347 ﬁliis
3187 4308 3280 4346 rex
3325 4310 3433 4347 non
3492 4296 3785 4354 invenitur.

2195 4382 2334 4448 Quid
2373 4385 2513 4437 enim
2538 4392 2741 4453 septem
2774 4383 2873 4439 lsai
2907 4385 3021 4448 lilii,
3056 4386 3155 4438 nisi
3179 4401 3365 4439 omnes
3387 4396 3515 4441 sunt
3545 4388 3783 4460 Synagoc

477 4471 605 4563 quia
634 4488 1069 4561 praedicationem
1114 4487 1357 4541 veritatis
1408 4486 1639 4541 libenter
1685 4484 1929 4538 audiunt.
1980 4484 2081 4537 Oc-
2114 4484 2166 4543 Β
2190 4486 2269 4541 εαξ
2296 4471 2557 4543 perfecti?
2587 4474 2688 4540 Qui
2726 4475 2793 4529 ad
2826 4477 3145 4545 prophetam
3194 4478 3436 4542 veniunt,
3477 4480 3573 4534 sed
3606 4497 3782 4535 eorum

478 4597 700 4640 currere
721 4580 935 4651 quidem
959 4577 1419 4649 praedicatoribus,
1449 4587 1532 4633 est
1553 4577 1773 4632 verbum
1788 4575 1911 4629 ﬁdei
1935 4576 2078 4645 quod

475 4672 772 4747 praedicant
799 4669 1168 4725 desideranter
1204 4668 1408 4722 audire.
1461 4667 1599 4735 Quid
1628 4668 1695 4721 de
1724 4664 1949 4736 pacilico
1993 4666 2077 4719 in-

474 4781 665 4837 gressu
713 4763 830 4834 ejus
876 4763 1038 4834 389
1086 4762 1447 4829 interrogant?
1498 4760 1637 4827 Quid
1682 4768 1765 4813 est
1809 4760 2080 4827 ingressus

474 4850 776 4925 paciﬁcus,
826 4849 928 4905 nisi
977 4864 1099 4903 cum
1146 4847 1428 4916 prasentia
1476 4847 1622 4914 pacis
1662 4846 1899 4899 venerit?
1930 4843 2079 4900 Hanc

476 4945 605 4999 item
635 4958 825 5014 pacem
856 4939 1127 5006 ostendit,
1178 4939 1269 5009 qui
1316 4939 1428 4991 ait:
1458 4938 1578 5007 Ipse
1619 4948 1693 4991 est
1738 4954 1842 5007 pax
1880 4948 2080 5007 nostra,

477 5036 563 5107 qui
593 5034 713 5104 fecit
738 5042 954 5103 utraque
982 5047 1139 5083 unum
1168 5028 1386 5098 (Ep/tes.
1417 5045 1472 5090 ιι,
1508 5026 1617 5097 Μ).
1654 5025 1791 5092 Quid
1832 5035 1915 5081 est
1950 5041 2079 5093 ergo

477 5124 627 5195 quod
657 5124 724 5179 de
752 5124 977 5195 paciﬁco
1026 5123 1270 5190 ingressu
1301 5122 1652 5187 interrogant,
1700 5118 1797 5173 nisi
1824 5119 1950 5187 quia
1982 5132 2081 5187 pa—

480 5226 623 5275 trum
653 5218 1061 5289 promissionem
1091 5217 1385 5273 electorum
1415 5212 1722 5268 Judaeorum
1750 5211 1913 5267 corda
1938 5211 2081 5266 desi-

479 5311 731 5365 deranter
759 5310 1183 5379 exspectabant?
1229 5307 1391 5374 Quasi
1438 5313 1709 5369 nutantes,
1739 5304 1830 5374 qui
1860 5318 2082 5375 exspec-

479 5397 686 5463 tabant,
750 5398 1376 5469 dicantzNunquidnam
1441 5397 1589 5452 venit
1648 5411 1775 5467 pax,
1842 5411 1961 5466 quae
2024 5412 2084 5453 se

481 5498 786 5555 venturam,
815 5498 968 5544 tanto
999 5498 1301 5560 temporum
1323 5490 1499 5560 spatio
1528 5497 1916 5558 praecurrente,
1948 5505 2082 5559 prae-

483 5574 651 5629 dixit?
701 5574 767 5629 Et
808 5580 932 5646 quia
980 5580 1106 5633 novi
1155 5580 1424 5642 doctores,
1475 5579 1617 5649 quod
1667 5580 1871 5647 antiqui
1901 5588 2082 5649 patres

482 5669 864 5742 promiserant,
905 5672 1200 5726 exhibitum
1248 5678 1485 5736 narrant,
1538 5670 1762 5724 dicunt:
1797 5669 2075 5742 Paciﬁcas.

484 5763 649 5830 Quasi
678 5762 824 5818 dicat
851 5782 864 5817 :
893 5764 1002 5820 Nos
1027 5781 1133 5820 non
1162 5765 1340 5819 futura
1370 5764 1751 5833 promittimus,
1798 5766 1893 5820 sed
1941 5780 2081 5836 prae-

486 5854 655 5914 sentia
704 5854 855 5925 pacis
902 5856 1044 5911 dona
1092 5864 1468 5912 monstramus.
1519 5855 1579 5911 In
1626 5856 1866 5926 ingressu
1894 5867 2081 5916 nostro

2187 4568 2365 4622 nullus
2393 4568 2607 4636 eligitur
2638 4586 2650 4622 :
2682 4570 2805 4640 quia
2836 4570 3038 4625 electus
3062 4571 3404 4639 praedicator,
3436 4580 3489 4625 et
3522 4573 3785 4642 perfectos

2188 4658 2482 4728 Syuagogu:
2513 4659 2650 4713 ﬁlios
2683 4660 2908 4729 aspicit,
2936 4667 2991 4713 et
3018 4675 3084 4714 ex
3116 4662 3195 4714 eis
3229 4659 3658 4729 Redemptoretn
3692 4662 3782 4715 hu-

2187 4748 2333 4801 mani
2388 4748 2600 4817 generis
2649 4750 2855 4804 nullum
2912 4749 3107 4804 credit.
3161 4749 3388 4804 Adducit
3430 4766 3560 4819 ergo
3605 4768 3783 4807 omnes

2187 4846 2397 4913 priores
2444 4842 2602 4910 ﬁlios,
2636 4852 2696 4897 ut
2748 4860 2868 4898 cum
2922 4841 3193 4914 perfectos
3239 4859 3427 4898 omnes
3474 4846 3778 4914 aspicimus,

2183 4936 2561 5007 Redemptoris
2588 4937 2964 4992 excellentiam
2996 4938 3316 5005 cogitemus.
3354 4937 3407 4991 ln
3430 4940 3629 5007 quibus
3660 4956 3781 5010 pro-

2181 5028 2324 5081 fecto
2378 5027 2478 5081 nisi
2523 5028 2781 5095 parvulus
2826 5026 3138 5091 adducitur,
3190 5042 3287 5081 rex
3335 5042 3455 5082 esse
3484 5044 3513 5080 a
3560 5029 3781 5083 Domino

2183 5134 2290 5173 non
2364 5128 2697 5174 monstratur
2753 5138 2765 5172 :
2824 5119 2948 5188 quia
3012 5121 3264 5174 nimirum
3331 5137 3451 5175 cum
3514 5122 3781 5192 Redemp-

2181 5210 2286 5265 tori
2316 5222 2503 5266 nostro
2533 5226 2756 5282 magnos
2781 5211 2925 5267 viros
2946 5210 3291 5277 conferimus,
3316 5223 3578 5283 quantum
3610 5216 3782 5272 excel-

2181 5302 2256 5357 lat
2283 5303 2399 5373 ejus
2429 5303 2676 5371 dignitas,
2702 5304 2932 5358 videtur.
2950 5303 3067 5358 Non
3097 5304 3370 5359 invenitur
3399 5320 3532 5375 ergo
3563 5309 3619 5362 in
3650 5309 3779 5374 aliis,

2183 5397 2306 5466 quia
2353 5398 2469 5467 puri
2516 5398 2761 5453 homines
2790 5405 2935 5453 sunt.
2970 5396 3240 5464 Quaeritur
3288 5413 3417 5468 ergo
3466 5401 3521 5455 in
3575 5402 3783 5472 pascuis

2189 5504 2322 5560 puer
2349 5489 2439 5558 qui
2483 5490 2654 5560 pascit
2681 5505 2830 5556 oves,
2876 5490 3000 5559 quia
3049 5505 3219 5559 usque
3250 5490 3315 5543 ad
3361 5501 3595 5547 mortem
3643 5493 3783 5547 Patri

2191 5581 2491 5636 obediendo
2518 5597 2577 5636 se
2606 5582 2784 5637 subdit
2820 5600 2831 5634 :
2861 5582 3244 5652 generationem
3274 5590 3453 5637 tamen
3486 5584 3601 5653 ejus
3628 5584 3783 5655 390

2189 5674 2303 5744 quis
2328 5674 2591 5727 enarrabit
2619 5671 2755 5743 (Isa.
2791 5690 2899 5738 Llll,
2932 5671 3023 5743 8)?
3046 5671 3308 5727 Parvulus
3338 5674 3539 5744 quippe
3560 5675 3779 5739 “dicitur,

2186 5765 2310 5834 quia
2359 5765 2675 5820 humilitatis
2701 5766 2816 5833 ejus
2842 5766 3011 5834 gratia
3044 5764 3479 5821 commendatur.
3525 5764 3780 5821 Parvulas

2186 5870 2317 5925 ergo
2360 5856 2575 5924 dicitur,
2624 5858 2715 5929 qui
2758 5839 3057 5914 minoratus
3102 5859 3170 5914 ab
3198 5860 3403 5930 angelis
3431 5874 3531 5930 per
3556 5858 3775 5916 Psalmi-
