4052 6338
358 434 461 494 4ὑὸ

1216 437 1281 496 ΙΝ
1321 439 1585 499 ριιιιιυιι
1628 442 1865 501 REGUM
1907 444 2423 509 EXPOSlTlONES.
2467 484 2534 493 —
2573 454 2700 510 LIB.
2749 455 2809 512 V.

3533 466 3639 523 466

358 569 501 618 stam
527 559 843 632 perhibetur
876 557 1048 631 (Psal.
1081 557 1158 631 v).
1183 558 1291 615 Sed
1320 562 1573 632 parvulus
1600 577 1727 618 oves
1755 564 1944 633 pascit,
1975 570 2024 629 Α
2054 567 2248 622 similes
2276 570 2323 622 ei
2352 571 2563 639 erimus,
2605 572 2848 641 quoniam
2895 569 3174 627 videbimus
3220 589 3358 643 eum,
3387 576 3537 631 sicuti
3563 588 3641 633 est

358 656 485 725 quia
514 670 612 726 per
636 654 993 710 humilitatem
1019 662 1101 709 est
1134 654 1377 723 humilis,
1407 665 1463 711 et
1491 672 1586 727 per
1614 656 1948 726 maiestatem

359 750 625 807 sublimis.
658 749 755 804 Hic
785 748 996 805 laborat
1019 758 1073 804 et
1094 750 1283 815 esurit,
1315 749 1407 805 sed
1430 749 1501 803 ibi
1532 750 1601 805 de
1628 751 1797 819 gloria
1828 766 1947 806 ma-

354 844 567 914 iestatis
598 858 707 897 sum
737 841 957 910 angelos
984 842 1174 912 pascit.
1207 841 1343 897 Dum
1365 843 1507 897 enim
1531 842 1597 897 de
1620 842 1949 912 plenitudine

357 936 542 1005 glorias
571 935 690 1003 ejus
712 949 899 989 omnes
926 933 1217 1003 accipiunt,
1236 934 1387 1002 quasi
1420 935 1470 988 in
1494 933 1598 987 illis
1624 933 1947 990 beatissimis

355 1027 573 1097 pascuis
597 1041 691 1095 per
708 1040 932 1096 puerum
953 1032 1281 1079 saturantur.
1302 1023 1560 1080 Parvulas
1582 1026 1742 1080 etiam
1762 1036 1947 1096 pastor

356 1121 615 1174 asseritur
640 1137 654 1171 :
687 1119 812 1186 quia
844 1117 912 1173 de
942 1118 1119 1173 carnis
1147 1117 1262 1187 ejus
1288 1119 1676 1187 assumptione,
1725 1119 1946 1189 superni

356 1214 503 1268 cives
553 1209 897 1266 ineffabiliter
947 1209 1199 1279 gaudent.
1255 1207 1517 1265 Gaudium
1564 1211 1762 1281 quippe
1816 1209 1947 1265 illud

356 1302 625 1359 inetfabile
664 1302 946 1356 beatorum
977 1301 1194 1367 civium,
1241 1301 1392 1369 quasi
1424 1301 1603 1355 ovium
1652 1302 1803 1356 cibus
1840 1308 1941 1356 est.

356 1392 456 1450 llic
484 1410 613 1463 ergo
653 1395 845 1450 adduci
889 1396 1152 1451 instanter
1181 1396 1505 1463 praecipitur,
1538 1395 1623 1449 hic
1650 1394 1823 1450 donec
1855 1389 1947 1449 ve?

355 1485 491 1552 niat,
541 1486 837 1540 discubitus
876 1502 1099 1542 necesse
1140 1496 1221 1541 est
1247 1487 1543 1542 differatur.
1576 1488 1948 1543 Discumberet

354 1580 574 1647 quippe,
604 1588 892 1649 antequam
914 1580 1143 1645 veniret,
1168 1580 1212 1633 si
1239 1580 1390 1649 plebs
1416 1580 1469 1633 in
1500 1579 1660 1633 alium
1689 1578 1947 1633 credidis-

354 1680 459 1728 set.
492 1673 810 1743 Exspectari
835 1687 963 1741 ergo
986 1674 1189 1738 debuit,
1220 1674 1308 1741 qui
1337 1672 1615 1727 heatarum
1644 1671 1945 1725 animarum

2061 656 2114 722 (Ι
2129 657 2285 712 Joan.
2311 676 2384 726 nt,
2402 658 2478 729 2).
2500 659 2647 715 Unde
2665 670 2719 715 et
2741 660 2911 732 Moysi
2931 662 3193 731 quaerenti
3214 665 3466 721 eumdem
3485 667 3643 728 faciei

2056 747 2305 804 decorem
2329 792 2344 817 ,
2394 752 2672 823 respondit
2705 770 2716 805 :
2748 752 3049 809 Posteriora
3077 772 3190 810 mea
3218 755 3411 812 videbis
3440 757 3638 830 (Exod.

2054 855 2245 908 xxxui,
2276 842 2390 912 25).
2414 843 2679 913 Quidquid
2718 844 2784 900 de
2812 846 2953 901 illius
2981 846 3261 903 divinitate
3288 851 3644 920 contemplari

2053 948 2197 988 nunc
2226 949 2531 1003 possumus,
2565 952 2671 991 non
2698 947 2779 992 est
2806 938 2921 1008 ipse
2944 939 3130 1006 decor,
3162 940 3255 995 sed
3277 942 3644 999 velamentum

2056 1024 2290 1081 decoris.
2321 1025 2629 1083 Posteriora
2660 1030 2878 1098 quidem
2907 1033 3199 1100 cernimus,
3235 1044 3293 1090 ut
3320 1051 3643 1108 sequamur;

2054 1114 2167 1182 sed,
2193 1116 2320 1171 dum
2347 1120 2621 1187 sequendo
2644 1122 2985 1189 pervenimus
3010 1123 3078 1177 ad
3100 1140 3246 1194 eum,
3277 1128 3569 1194 anteriora,
3595 1127 3647 1182 id

2054 1215 2138 1261 est
2158 1206 2312 1263 faciei
2341 1208 2593 1265 decorem
2622 1212 2911 1267 cernimus.
2934 1214 3092 1284 391
3118 1214 3287 1272 Rufus
3316 1231 3445 1286 ergo
3468 1218 3520 1272 in
3544 1235 3647 1276 ssc-

2054 1298 2177 1353 culo
2209 1298 2325 1362 fuit,
2358 1301 2582 1370 pulcher
2611 1302 2663 1355 in
2694 1303 2940 1371 paradiso
2959 1343 2974 1369 ,
3005 1305 3199 1361 decora
3228 1307 3365 1363 facie
3394 1312 3649 1380 perennis

2054 1389 2109 1443 in
2131 1390 2289 1445 caelo.
2322 1390 2506 1447 Potest
2533 1405 2586 1448 et
2606 1396 2781 1449 omnis
2804 1395 2916 1450 haec
2941 1397 3078 1450 trina
3103 1398 3442 1466 pulchritudo
3469 1402 3522 1457 in
3545 1402 3649 1458 hac

2049 1484 2330 1551 praesentis
2362 1485 2483 1539 vita:
2532 1486 2648 1555 ejus
2704 1488 3121 1545 conversatione
3161 1492 3434 1560 cognosci.
3476 1492 3649 1549 Rufus

2050 1574 2249 1644 quippe
2274 1578 2509 1631 exstitit:
2534 1579 2659 1647 quia
2680 1577 2950 1633 ferventer
2971 1582 3172 1635 amavit
3199 1596 3312 1647 eos,
3329 1599 3427 1653 pro
3450 1585 3649 1653 quibus

2049 1666 2283 1720 animam
2309 1668 2503 1737 posuit.
2531 1667 2763 1724 Pulcher
2784 1679 3001 1739 aspectu
3029 1670 3131 1726 fuit
3154 1689 3167 1724 :
3193 1672 3317 1741 quia
3341 1673 3519 1728 omnia
3542 1690 3645 1729 no-

353 1764 640 1833 singularis
669 1772 725 1818 et
751 1766 938 1820 unicus
968 1765 1121 1819 cibus
1143 1764 1261 1818 fuit.
1298 1763 1451 1819 Unde
1476 1773 1531 1818 et
1562 1779 1655 1832 per
1686 1764 1944 1833 semetip-
2038 1758 2145 1812 'vit.
2178 1758 2386 1813 Decora
2435 1758 2570 1813 facie
2605 1778 2617 1812 :
2660 1760 2787 1828 quia
2818 1761 2960 1815 bona
2990 1762 3171 1816 omnia
3199 1761 3345 1818 fecit.
3378 1762 3485 1818 Sed
3527 1779 3648 1834 qua:

352 1871 474 1911 sum
529 1857 658 1911 dicit
691 1874 702 1909 :
737 1856 850 1928 Ego
881 1874 992 1910 sum
1014 1858 1165 1927 panis
1190 1858 1348 1921 vivus,
1379 1858 1466 1927 qui
1494 1857 1556 1910 de
1584 1856 1709 1910 cwlo
1732 1857 1944 1909 descen-

354 1949 407 2001 di
441 1947 616 2018 (Joan.
647 1964 717 2012 vi,
743 1949 854 2018 51).
889 1948 994 2003 Sed
1025 1950 1149 2017 quia
1198 1950 1281 2019 qui
1313 1948 1561 2012 ascendit,
1595 1949 1705 2018 ipse
1730 1956 1825 2011 est,
1859 1948 1943 2019 qui

355 2042 618 2095 descendit
648 2041 863 2112 (Ephes.
898 2059 967 2107 IV,
1003 2042 1114 2111 10),
1142 2042 1604 2108 illucniittitur,ut
1629 2040 1941 2095 adducatur.

351 2129 568 2185 Mittere
599 2147 826 2201 namque
860 2131 926 2185 ad
957 2147 1175 2201 pascua,
1202 2139 1285 2186 est
1313 2140 1547 2185 mentem
1587 2144 1749 2199 supra
1771 2131 1947 2196 Ange-

350 2221 438 2278 los
471 2237 642 2291 usque
692 2223 759 2277 ad
803 2223 1166 2293 aequalitatem
1194 2224 1381 2278 aeterni
1412 2221 1587 2277 Patris
1629 2221 1941 2276 extendere.

352 2310 426 2367 Et
455 2312 697 2368 invenire
739 2329 859 2369 eum
885 2356 898 2381 ,
933 2323 1016 2370 est
1052 2330 1264 2370 summo
1301 2315 1441 2385 patri
1491 2330 1613 2370 eum
1640 2330 1738 2384 per
1766 2314 1946 2368 omnia

350 2402 616 2471 :equalem
647 2404 887 2472 credere.
923 2404 1154 2460 Adducit
1181 2414 1362 2460 autem
1391 2420 1534 2473 eum,
1567 2405 1659 2475 qui
1687 2405 1850 2460 etiam
1878 2404 1947 2459 ad

352 2492 799 2564 Redemptionem
847 2498 1065 2552 humani
1108 2499 1321 2567 generis
1350 2515 1447 2568 per
1492 2507 1816 2568 assumptam
1848 2497 1946 2552 hu-

350 2585 669 2640 manitatem
698 2588 909 2643 venisse
933 2588 1045 2656 jam
1089 2589 1299 2644 asserit.
1359 2588 1581 2645 Miserat
1609 2604 1860 2659 namque,
1891 2598 1947 2645 et

350 2675 652 2732 adduxerat
668 2694 791 2734 eum
808 2680 913 2747 hic,
937 2680 1003 2735 ad
1026 2697 1184 2750 quem
1204 2680 1256 2734 in
1279 2681 1393 2750 ejus
1408 2691 1535 2753 typo
1552 2682 1799 2748 mittitur,
1820 2698 1943 2737 cum

349 2765 610 2821 dicebat:
648 2767 749 2832 Qui
788 2771 851 2823 de
895 2770 1019 2825 caelo
1055 2773 1211 2835 venit,
1256 2788 1409 2842 super
1436 2789 1611 2826 omnes
1632 2783 1706 2825 est
1759 2772 1941 2842 (Joan.

351 2872 430 2924 ιιι,
475 2857 588 2929 51).
632 2860 861 2915 Parvum
891 2872 1200 2930 pascentem
1232 2880 1361 2919 oves
1405 2864 1707 2920 adducebat
1756 2864 1940 2930 Isaias,

351 2967 475 3007 cum
505 2952 718 3010 dicebat
748 2973 761 3008 :
815 2956 1073 3011 Parvulas
1103 2967 1254 3012 natus
1284 2968 1359 3012 est
1400 2957 1548 3012 nobis
1569 3000 1584 3027 ,
1615 2968 1664 3012 et
1687 2959 1827 3029 ﬁlius
1854 2957 1950 3010 da-

354 3054 436 3097 tus
484 3056 560 3099 est
604 3049 768 3113 nobis,
802 3060 850 3102 et
874 3052 1136 3104 vocabitur
1178 3068 1363 3106 nomen
1408 3052 1550 3122 ejus,
1601 3050 1944 3115 admirabilis,

349 3138 701 3205 consiliarius,
730 3139 885 3207 Deus,
913 3143 1082 3212 fortis,
1114 3154 1261 3213 pater
1290 3144 1450 3215 futuri
1479 3143 1674 3207 saeculi,
1704 3144 1945 3213 princeps

2048 1848 2138 1903 illa
2168 1860 2418 1919 aspectus
2444 1852 2822 1921 pulchritudo?
2851 1851 3023 1910 Nemo
3046 1851 3183 1911 novit
3208 1867 3428 1926 patrem,
3459 1858 3563 1912 nisi
3581 1859 3651 1930 [i-

2053 1939 2153 1994 lius
2177 1938 2389 2009 (Matth.
2424 1958 2499 2007 ιίι,
2521 1940 2634 2013 27).
2666 1941 2821 1998 Hunc
2849 1944 2976 1999 item
3008 1944 3199 2001 Petrus
3221 1947 3508 2013 admirans,
3532 1948 3606 2002 ait
3630 1967 3644 2002 :

2055 2030 2211 2085 Nunc
2242 2034 2451 2101 scimus,
2479 2034 2598 2103 quia
2627 2036 2725 2088 scis
2746 2038 2940 2099 omnia,
2974 2045 3023 2089 et
3049 2053 3154 2090 non
3182 2046 3257 2090 est
3275 2055 3424 2108 opus,
3455 2048 3511 2091 ut
3536 2040 3651 2110 quis

2056 2135 2103 2179 te
2146 2126 2426 2197 interroget
2457 2126 2635 2198 (Joan.
2689 2146 2796 2195 xvr,
2832 2129 2944 2198 50).
2990 2130 3251 2186 Decorem
3297 2132 3454 2186 faciei
3482 2132 3654 2187 turba:

2055 2216 2380 2272 intuentium
2408 2227 2795 2287 protestantur,
2828 2236 2947 2291 qua:
2967 2221 3152 2276 dicunt
3177 2239 3191 2276 :
3214 2220 3352 2299 Bene
3371 2224 3546 2276 omnia
3576 2223 3656 2291 fe-

2053 2308 2142 2371 cit,
2170 2316 2219 2360 et
2253 2309 2439 2362 surdos
2470 2311 2590 2379 fecit
2637 2311 2852 2376 audire,
2890 2320 2939 2364 et
2967 2320 3133 2366 mutos
3164 2311 3303 2382 loqui
3338 2310 3531 2381 (Marc.
3557 2326 3652 2377 vn,

2054 2396 2166 2467 37).
2218 2396 2354 2454 Hinc
2393 2401 2524 2455 item
2554 2401 2645 2454 alii
2675 2402 3029 2469 admirantes,
3086 2403 3316 2458 dicunt:
3355 2402 3535 2468 Qualis
3578 2410 3656 2456 est

2053 2489 2154 2557 hic,
2186 2491 2307 2562 quia
2336 2493 2470 2545 venti
2510 2502 2560 2545 et
2608 2508 2752 2545 mare
2795 2492 3037 2546 obediunt
3062 2494 3109 2547 ei
3140 2492 3353 2564 (Matth.
3386 2508 3499 2561 Vill,
3521 2490 3654 2563 27)?

2054 2580 2226 2637 Decor
2256 2597 2386 2652 ergo
2416 2581 2572 2639 faciei
2594 2584 2723 2652 quid
2750 2594 2851 2652 est,
2885 2587 2988 2640 nisi
3017 2585 3363 2656 pulchritudo
3392 2586 3654 2642 sanctita-

2052 2676 2157 2729 tis?
2185 2673 2321 2741 Quid
2345 2675 2473 2729 item
2501 2684 2585 2731 est
2611 2676 2776 2731 decor
2803 2677 2981 2744 faciei,
3015 2677 3118 2732 nisi
3147 2676 3404 2747 splendor
3425 2680 3656 2733 converé

2052 2767 2282 2821 sationis
2328 2767 2445 2835 ejus
2478 2767 2947 2837 incomparabilis?
2975 2770 3101 2839 quia
3141 2785 3239 2840 per
3283 2784 3464 2837 omne,
3508 2767 3657 2838 quod

2052 2862 2180 2928 egit,
2228 2862 2634 2929 incomparabili
2684 2862 2805 2916 luce
2856 2862 3039 2929 gratim
3097 2862 3450 2932 resplenduit.
3496 2860 3655 2916 Hunc

2054 2966 2287 3019 namque
2307 2950 2466 3005 faciei
2488 2952 2740 3007 decorem
2764 2950 3046 3006 Psalmista
3074 2952 3363 3017 admirans,
3388 2952 3496 3006 ait:
3520 2950 3656 3021 Spe-

2052 3045 2221 3099 ciosus
2251 3047 2420 3116 forma
2447 3061 2555 3115 pra:
2582 3046 2710 3115 [iliis
2741 3045 3028 3111 hominum,
3073 3044 3265 3113 di/fusa
3292 3054 3369 3098 est
3398 3045 3569 3114 gratia
3597 3038 3655 3099 in

2050 3138 2201 3193 labiis
2245 3140 2344 3192 tuis
2377 3137 2548 3215 (Psal.
2584 3155 2727 3205 κων,
2770 3138 2847 3210 5).
2899 3137 3049 3193 Hanc
3096 3138 3295 3193 Paulus
3334 3138 3652 3207 prmdicans,

349 3227 498 3295 pacis
529 3225 685 3297 (Isai.
713 3246 787 3296 ix,
816 3230 894 3302 6).
927 3230 1032 3286 Sed
1061 3234 1184 3301 quia
1206 3234 1442 3289 doctoris
1472 3234 1604 3289 ﬁdes
1624 3234 1694 3288 ad
1717 3234 1946 3288 salutem
1973 3231 2020 3290 C
2052 3231 2129 3284 ait
2161 3249 2173 3282 :
2210 3228 2311 3292 Qui
2342 3248 2456 3283 cum
2484 3231 2549 3283 sit
2577 3231 2823 3301 splendor
2848 3231 3047 3302 gloriae,
3078 3240 3127 3283 et
3152 3231 3325 3301 ﬁgura
3342 3229 3651 3285 substantia

350 3316 455 3371 sibi
486 3326 714 3389 tantum,
744 3337 849 3376 non
896 3323 1059 3377 etiam
1098 3324 1428 3379 audioribus
1459 3324 1689 3394 proﬁcit,
1722 3325 1861 3378 mitti
1890 3332 1946 3378 ct

349 3406 542 3464 adduci
570 3412 893 3482 praecipitur,
927 3423 983 3468 ut
1008 3416 1371 3485 unusquisque
1402 3416 1559 3470 ﬁdem
1585 3415 1700 3485 ejus
1726 3415 1945 3481 habeat,

348 3516 453 3571 per
480 3519 643 3573 quam
671 3506 861 3559 salvari
890 3518 1180 3562 mercatur.
1205 3508 1286 3562 lre
1308 3511 1508 3563 etenim
1530 3508 1742 3575 singuli,
1777 3518 1831 3562 et
1854 3506 1948 3560 ad-

347 3592 552 3648 ducere
596 3609 718 3648 eum
759 3596 974 3662 debent,
1021 3599 1147 3667 quia
1186 3598 1412 3652 ﬁrmiter
1439 3597 1637 3651 debent
1665 3611 1786 3651 eum
1825 3610 1946 3650 cre-

348 3688 485 3744 dere
511 3704 610 3759 per
629 3689 961 3746 divinitatem
999 3701 1203 3748 aeterno
1250 3691 1395 3746 Patri
1436 3692 1719 3760 aequalem,
1768 3699 1823 3745 et
1851 3704 1948 3761 per

349 3781 668 3836 manitatem
698 3791 903 3837 natura:
930 3792 1129 3839 nostra:
1150 3784 1485 3855 participem.

422 3892 513 3949 29.
546 3893 622 3950 De
648 3895 801 3964 cujus
847 3897 1009 3951 etiam
1039 3897 1403 3969 descriptione
1431 3896 1627 3953 dicitur
1655 3914 1667 3951 :
1704 3896 1803 3962 Qui
1837 3908 1951 3953 erat

349 3985 523 4054 rufus,
569 3995 618 4038 et
667 3986 879 4054 pulcher
926 3996 1135 4057 aspectu
1171 4030 1184 4053 ,
1238 3997 1288 4041 et
1338 3988 1527 4042 decora
1574 3989 1728 4058 facie.
1778 3986 1948 4042 Rufus

353 4073 572 4143 quippe,
604 4076 727 4143 quia
760 4076 944 4132 lancea
983 4078 1297 4132 vulneratus
1332 4096 1345 4131 :
1376 4077 1545 4145 rulus,
1576 4078 1699 4147 quia
1726 4093 1794 4132 ex
1822 4094 1947 4148 pas-

350 4164 509 4221 sione
537 4168 883 4223 rubicundus.
909 4168 1063 4225 Unde
1092 4179 1146 4224 et
1168 4186 1263 4241 per
1282 4171 1604 4239 prophetam
1632 4169 1680 4223 ei
1710 4168 1936 4223 dicitur:

353 4250 530 4319 Quare
557 4256 766 4311 rubrum
793 4270 868 4311 est
897 4259 1253 4313 indumentum
1283 4270 1421 4312 tuum
1462 4256 1616 4331 (Isai.
1659 4273 1809 4324 LXIII,
1837 4256 1893 4329 2)
1922 4260 1944 4312 ?

349 4342 523 4401 Rufus
550 4348 746 4416 quippe
774 4349 1014 4416 exstitit,
1045 4350 1129 4404 cui
1161 4348 1451 4404 candorem
1486 4356 1645 4402 tanta:
1684 4349 1944 4403 innocen-

348 4436 437 4490 tim
463 4438 682 4504 pretiosi
704 4440 978 4507 sanguinis
998 4441 1193 4494 rubore
1215 4440 1496 4494 coloravit.
1525 4438 1756 4494 Pulcher
1777 4439 1939 4493 etiam

2049 3323 2180 3391 ejus,
2208 3330 2519 3391 portansque
2546 3325 2721 3375 omnia
2746 3321 2895 3377 uerbo
2920 3323 3124 3376 virtutis
3145 3338 3273 3387 sate,
3298 3323 3656 3392 purgationem

2050 3423 2374 3481 peccatorum
2404 3416 2621 3484 faciens,
2679 3414 2819 3468 sedet
2863 3415 2930 3467 ad
2960 3414 3229 3468 dexteram
3278 3416 3568 3483 majestatis
3600 3415 3657 3469 in

2051 3507 2292 3572 excelsis,
2323 3515 2465 3558 tanto
2497 3506 2679 3560 melior
2707 3506 2906 3577 angelis
2930 3506 3161 3575 e/fectus,
3188 3516 3383 3577 quanto
3412 3506 3657 3575 differen-

2053 3596 2150 3649 tius
2178 3611 2289 3665 pra:
2316 3596 2420 3650 illis
2459 3613 2646 3651 nomen
2696 3597 3037 3651 hwreditavit.
3072 3597 3167 3653 Cui
3214 3600 3352 3653 enim
3392 3598 3529 3653 dixit
3556 3599 3654 3653 alin

2051 3688 2257 3758 quando
2299 3689 2599 3758 angelorum
2629 3706 2647 3743 :
2677 3688 2848 3744 Filius
2897 3707 3039 3745 meus
3069 3708 3124 3745 es
3155 3702 3228 3759 tu,
3262 3708 3356 3763 ego
3383 3691 3537 3746 hodie
3576 3708 3657 3763 ge-

2054 3780 2143 3833 nui
2171 3790 2217 3833 te
2240 3780 2426 3851 (Hebr.
2459 3798 2494 3846 ι,
2521 3782 2615 3851 5)?
2639 3782 2713 3837 De
2735 3783 2838 3839 hoc
2858 3784 3021 3851 igitur
3046 3792 3197 3839 recte
3217 3783 3495 3854 prophetae
3521 3798 3657 3855 prte-

2052 3872 2249 3941 cipitur
2280 3891 2292 3927 :
2327 3872 2516 3944 Surge,
2544 3882 2592 3927 el
2612 3891 2747 3945 unge
2767 3892 2903 3944 eum,
2935 3877 3045 3944 ipse
3071 3885 3148 3931 est
3178 3878 3339 3931 enim.

2123 3984 2209 4039 50.
2246 3984 2435 4041 Petrus
2463 4002 2680 4059 quoque
2707 3989 2987 4059 apostolus
3015 4005 3123 4045 non
3153 3989 3328 4044 solum
3360 3989 3650 4059 propheta,

2052 4078 2148 4133 sed
2176 4094 2421 4135 summus
2471 4083 2777 4150 patriarcha
2805 4124 2818 4148 ,
2854 4083 2980 4136 vidit
3020 4082 3436 4137 inenarrabilem
3478 4082 3655 4138 lucem

2050 4171 2222 4227 fusam
2250 4172 2501 4244 desuper,
2519 4175 2714 4228 nubem
2741 4174 3174 4237 obumbrantem,
3199 4174 3522 4229 clamantem
3550 4190 3653 4244 pa-

2052 4277 2187 4317 trem
2222 4280 2233 4315 :
2269 4263 2373 4316 Hic
2413 4273 2490 4317 est
2516 4264 2656 4332 ﬁlius
2686 4279 2829 4317 meus
2860 4264 3108 4331 dilectus,
3154 4265 3207 4317 in
3239 4280 3337 4335 quo
3367 4265 3493 4319 mihi
3523 4264 3652 4321 bene

2047 4355 2333 4424 complacui
2364 4353 2575 4422 (Matth.
2612 4369 2738 4415 xvu,
2774 4351 2839 4417 5;
2878 4353 3049 4408 Marc.
3078 4370 3115 4421 1,
3149 4354 3211 4407 11
3238 4374 3251 4422 ;
3283 4354 3410 4409 Luc.
3444 4372 3520 4423 ιιι,
3553 4355 3647 4425 2%;

2049 4443 2113 4497 ΙΙ
2133 4444 2274 4499 Petr.
2304 4462 2341 4508 ι,
2370 4443 2478 4513 17).
2500 4443 2574 4496 lbi
2607 4443 2805 4497 dicitur
2832 4462 2843 4496 :
2874 4442 2994 4514 Ipse
3020 4454 3095 4500 est
3118 4448 3272 4500 enim.
3299 4445 3398 4502 Hic
3419 4445 3650 4501 dicitur:

348 4538 574 4597 aspectu
617 4528 738 4596 fuit,
770 4531 894 4598 quia
936 4539 989 4585 et
1017 4531 1345 4599 resurgendo
1381 4530 1797 4586 immortalitatis
1827 4530 1945 4601 pul-
1980 4544 2026 4602 ι)
2053 4537 2156 4590 llic
2182 4547 2258 4591 est
2287 4539 2426 4607 ﬁlius
2454 4556 2595 4593 meus
2625 4540 2862 4597 dilectus.
2891 4542 2967 4596 lbi
2998 4544 3122 4611 quia
3151 4544 3203 4597 in
3236 4544 3374 4614 typis
3401 4542 3656 4600 ostende“

349 4620 714 4675 chritudinem
740 4623 928 4689 induit,
953 4632 1011 4678 et
1036 4625 1290 4679 mortales
1321 4639 1419 4678 nos
1447 4639 1513 4678 ex
1544 4638 1736 4692 magna
1767 4622 1946 4677 chari-

350 4721 463 4765 tate
511 4715 768 4782 respexit.
800 4712 963 4781 Quasi
1017 4716 1158 4769 enim
1200 4723 1448 4784 aspectus
1478 4714 1560 4769 sui
1589 4713 1945 4784 pulchritudi-

348 4817 472 4856 nem
524 4806 907 4872 repromittens
935 4806 1229 4874 discipulis,
1263 4807 1375 4859 ait:
1407 4804 1603 4859 Iterum
1627 4804 1803 4859 videbo
1833 4820 1939 4869 νος,

348 4902 398 4945 et
422 4896 661 4964 gaudebit
691 4913 779 4950 cor
800 4907 1022 4951 vestrum
1054 4895 1234 4966 (Joan.
1258 4914 1367 4965 xw,
1391 4896 1503 4965 2'2).
1528 4896 1665 4951 Hinc
1697 4898 1823 4952 item
1860 4912 1944 4950 re-

350 4987 696 5055 promittens,
724 4989 799 5042 ait
833 5007 844 5041 :
880 4988 1027 5041 Vado
1052 5005 1244 5058 parare
1268 4986 1406 5041 vobis
1429 4988 1618 5053 locum,
1651 4997 1698 5040 et
1721 4988 1941 5049 veniam,

349 5086 404 5131 et
446 5082 696 5151 accipiam
733 5099 820 5137 vos
861 5084 930 5136 ad
959 5085 1229 5153 meipsum,
1260 5091 1336 5147 ut,
1377 5082 1460 5135 ubi
1494 5100 1585 5153 ego
1615 5099 1749 5149 sum,
1776 5092 1825 5136 et
1863 5098 1951 5135 vos

350 5170 493 5225 sitis.
525 5170 655 5237 Quis
697 5185 780 5229 est
805 5176 969 5230 decor
995 5176 1171 5243 faciei,
1220 5175 1322 5230 nisi
1351 5174 1467 5246 ejus
1493 5175 1664 5245 gloria
1696 5175 1950 5243 majesta-

350 5261 457 5315 tis?
486 5261 676 5319 Facies
708 5281 938 5335 namque
988 5268 1104 5336 ejus
1135 5268 1372 5338 perfecta
1400 5267 1637 5335 cognitio
1664 5274 1764 5321 est.
1796 5265 1947 5320 Hanc

350 5353 518 5409 etiam
548 5356 746 5412 Paulus
772 5374 1223 5423 commemorans,
1257 5361 1334 5415 ait
1363 5378 1375 5413 :
1419 5359 1662 5415 Videmus
1693 5374 1827 5413 nunc
1858 5376 1947 5425 per

349 5446 616 5514 speculum
660 5450 714 5502 in
762 5451 1054 5519 aenigmate,
1092 5460 1210 5504 tunc
1240 5463 1409 5506 autem
1458 5453 1591 5523 facie
1643 5452 1711 5504 ad
1741 5452 1945 5522 faciem.

351 5534 515 5590 Nunc
543 5556 795 5610 cognosco
832 5559 895 5598 ex
928 5553 1094 5611 parte,
1120 5553 1236 5596 tunc
1267 5560 1595 5613 cognoscam,
1625 5542 1753 5596 sicut
1782 5551 1830 5595 et
1860 5558 1949 5594 co-

352 5628 530 5699 gnitus
559 5648 671 5684 sum
702 5630 754 5701 (I
782 5631 902 5688 Cor.
957 5649 1075 5699 χιιι,
1105 5632 1214 5703 li).
1268 5632 1442 5689 Decor
1471 5647 1599 5701 ergo
1631 5633 1783 5687 faciei
1823 5632 1951 5703 quid

351 5729 457 5785 est,
504 5723 604 5776 nisi
652 5725 909 5794 splendor
950 5732 1161 5779 uterum
1210 5724 1541 5780 divinitatis?
1571 5724 1673 5791 Qui
1703 5725 1952 5778 nimirum

351 5814 522 5871 decor
545 5818 707 5872 modo
730 5819 986 5886 creditur,
1012 5835 1118 5873 non
1142 5818 1383 5874 videtur:
1408 5826 1538 5871 tunc
1557 5832 1666 5871 non
1692 5815 1951 5882 creditur,

356 5907 455 5965 sed
506 5908 747 5978 videtur,
800 5913 928 5982 quia
982 5912 1259 5983 apostolus
1316 5910 1439 5965 ait:
1483 5908 1608 5963 Cum
1660 5907 1956 5977 apparuerit

2053 4630 2215 4683 batur
2238 4671 2252 4697 ,
2283 4630 2436 4697 quasi
2466 4629 2740 4685 absentior
2778 4634 3048 4701 cernitur,
3079 4634 3205 4688 dum
3236 4634 3433 4689 dicitur
3476 4651 3489 4687 :
3533 4631 3657 4701 Ipse

2055 4730 2148 4774 est.
2184 4719 2282 4775 Hic
2308 4728 2508 4782 autem,
2553 4722 2677 4793 quia
2709 4722 2818 4789 jam
2848 4725 3089 4778 revelata
3121 4726 3338 4780 claritas
3371 4724 3489 4790 ejus
3515 4733 3653 4789 erat,

2055 4811 2371 4881 praesentior
2400 4813 2669 4878 cernitur,
2699 4814 2825 4882 quia
2865 4813 2993 4869 dicit
3037 4833 3049 4867 :
3086 4813 3189 4869 llic
3218 4825 3294 4868 est
3332 4814 3473 4884 [ilius
3509 4830 3655 4868 meus

2056 4902 2290 4967 dilectus,
2340 4904 2393 4956 in
2423 4921 2520 4974 quo
2566 4903 2691 4957 mihi
2731 4905 3038 4973 complacui.
3088 4905 3187 4959 Hic
3216 4919 3345 4972 ergo
3374 4903 3654 4972 ungendus

2056 5001 2159 5057 est,
2190 4993 2277 5047 hic
2307 4993 2621 5059 laudandus,
2659 5003 2709 5048 et
2730 4996 3008 5064 perpetuis
3038 4992 3312 5048 favoribus
3344 4994 3653 5047 demulcen-

2054 5086 2173 5140 dus.
2203 5086 2309 5141 Sed
2336 5088 2457 5155 quis
2484 5088 2642 5157 digne
2673 5089 2893 5143 laudare
2923 5088 3173 5153 sufﬁciat,
3205 5104 3325 5141 Clllll
3357 5104 3465 5142 non
3495 5084 3650 5141 sufﬁ-

2060 5179 2167 5234 ciat
2213 5172 2440 5247 gloriam
2487 5181 2707 5248 videre,
2748 5197 2910 5250 quam
2942 5178 3164 5233 laudat?
3192 5178 3330 5244 Quid
3360 5186 3473 5243 est,
3502 5177 3653 5245 quod

2054 5270 2245 5326 Petrus
2294 5272 2465 5341 cadit,
2514 5288 2635 5327 cum
2691 5288 2878 5327 vocem
2931 5272 3079 5325 audit
3126 5273 3468 5326 insonantem
3515 5268 3651 5323 tanti

2048 5361 2211 5415 verba
2258 5363 2546 5430 praeconii?
2592 5362 2698 5417 Sed
2744 5362 2999 5432 parvulus
3029 5370 3177 5427 erat,
3212 5359 3387 5414 adhuc
3411 5359 3648 5424 videbat,

2054 5451 2198 5518 quod
2226 5451 2406 5506 videre
2438 5468 2542 5507 non
2570 5451 2887 5506 sufﬁciebat.
2916 5451 3166 5518 Videbat,
3184 5459 3240 5506 et
3262 5451 3388 5519 quia
3417 5448 3651 5504 videndo

2055 5545 2304 5611 cadebat,
2334 5544 2622 5613 signiﬁcat,
2650 5545 2794 5614 quod
2816 5545 2882 5599 ad
2906 5544 2956 5598 id
2989 5561 3095 5598 non
3128 5552 3341 5613 poterat
3361 5543 3649 5613 attingere,

2057 5635 2202 5704 quod
2224 5637 2531 5691 merebatur
2554 5637 2757 5691 videre.
2779 5634 2947 5690 Nemo
2976 5646 3142 5705 potest
3171 5637 3358 5699 dicere,
3394 5633 3649 5688 Dominus

2057 5728 2229 5793 Jesus,
2260 5729 2362 5782 nisi
2386 5728 2439 5781 in
2471 5727 2673 5797 Spiritu
2701 5737 2879 5781 sancto
2904 5726 2956 5795 (I
2981 5725 3101 5782 Cor.
3127 5744 3222 5793 xu,
3253 5725 3333 5791 ⁸5).
3356 5724 3491 5792 Quia
3519 5736 3648 5789 ergo

2061 5820 2251 5877 Petrus
2286 5819 2523 5874 nondum
2552 5819 2694 5874 illam
2738 5819 3123 5890 plenitudinem
3169 5818 3389 5886 spiritus
3425 5825 3651 5880 accepe-

2057 5921 2158 5980 rat,
2200 5911 2496 5985 praedicare
2538 5909 2720 5968 Jesum
2750 5911 2900 5983 quasi
2946 5910 3202 5981 parvulus
3229 5924 3336 5965 non
3384 5902 3647 5975 valebat:
