4052 6338
286 402 384 461 475

898 393 1123 450 SUPER
1160 391 1455 450 CANTICA
1492 386 1933 448 CANTICORUM
1972 387 2360 447 EXPOSITIO.
2399 408 2470 431 -'-
2506 386 2922 445 PROGJMIUM.

3442 385 3548 441 474

290 528 425 577 ctum
453 523 566 579 est,
611 510 780 569 semel
806 510 936 567 foris
973 509 1195 566 missum
1222 519 1279 566 et
1304 525 1403 580 per
1431 517 1708 579 torporem
1736 506 1858 561 inti-
1887 513 1934 571 Α
1964 522 2038 573 ιιι,
2062 505 2147 575 6);
2171 505 2250 561 sic
2276 505 2418 560 enim
2444 504 2624 559 littera
2659 504 2908 574 cooperit
2931 500 3202 572 spiritum,
3225 500 3365 557 sicut
3391 500 3548 571 palea

290 608 508 666 delitatis
543 603 791 673 frigidum
830 618 942 658 non
975 612 1194 673 caperet
1220 602 1363 672 quod
1392 600 1620 657 audiret.
1651 598 1858 655 Idcirco

291 719 380 776 per
397 701 635 772 quaedam
664 699 945 768 aenigmata
972 712 1151 753 sermo
1172 696 1381 752 divinus
1406 695 1598 750 animae
1624 691 1860 762 torpenti

289 806 339 853 et
367 796 559 863 trigidae
594 793 851 863 loquitur,
873 799 928 848 et
954 790 1022 845 de
1058 792 1220 845 rebus
1257 805 1391 859 quas
1432 788 1603 855 novit,
1633 786 1864 841 latenter

289 889 509 943 insinuat
527 886 574 940 ei
606 899 846 939 amorem
874 898 1035 952 quem
1065 897 1171 936 non
1194 882 1362 937 novit.

350 988 400 1041 2.
441 986 706 1056 Allegoria
737 984 879 1040 enim
909 984 1101 1038 anima:
1127 982 1284 1054 longe
1311 997 1341 1035 a
1363 981 1476 1037 Deo
1497 981 1686 1053 positas
1705 980 1858 1049 quasi

286 1090 557 1153 quamdam
603 1079 908 1135 machinam
948 1077 1102 1142 facit,
1149 1086 1208 1130 ut
1236 1091 1331 1145 per
1369 1075 1514 1129 illam
1559 1074 1765 1129 levetur
1791 1072 1860 1127 ad

286 1174 461 1229 Deum.
503 1169 840 1240 Interpositis
879 1169 1078 1239 quippe
1119 1166 1489 1234 aenigmatibus
1526 1164 1651 1219 dum
1689 1163 1861 1234 quod-

284 1267 397 1321 dam
429 1266 478 1319 in
509 1264 687 1318 verbis
725 1261 1000 1331 cognoscit
1038 1260 1181 1329 quod
1232 1274 1386 1315 suum
1431 1266 1548 1325 est,
1598 1259 1652 1311 in
1700 1271 1860 1312 sensu

283 1359 558 1413 verborum
588 1355 834 1423 intelligit
875 1353 1018 1423 quod
1047 1369 1155 1407 non
1184 1368 1339 1408 suum
1370 1360 1484 1419 est;
1532 1359 1588 1405 et
1625 1366 1723 1420 per
1747 1359 1860 1404 ter-

280 1467 401 1509 rcna
428 1452 593 1507 verba
639 1457 921 1520 separatur
949 1463 977 1501 a
1008 1455 1171 1502 terra.
1227 1444 1331 1501 Per
1376 1445 1480 1500 hoc
1531 1443 1673 1499 enim
1716 1442 1863 1512 quod

280 1561 381 1599 non
404 1545 657 1599 abhorret
684 1542 958 1611 cognitum
981 1581 995 1606 ,
1030 1539 1275 1607 intelligit
1302 1536 1572 1608 quoddam
1620 1535 1862 1601 incogni-

279 1645 405 1689 tum.
438 1633 622 1689 Rebus
644 1633 785 1687 enim
818 1630 970 1686 nobis
996 1631 1141 1685 notis
1170 1645 1267 1699 per
1286 1643 1420 1698 quas
1443 1626 1713 1696 allegoria:
1740 1641 1866 1682 con-

276 1726 521 1782 ﬁciuntur
572 1725 852 1781 sententiae
900 1724 1094 1779 divina:
1124 1722 1460 1787 vestiuntur,
1510 1730 1593 1785 et,
1635 1720 1760 1775 dum
1804 1735 1864 1775 re

278 1817 649 1886 cognoscimus
689 1815 958 1871 exteriora
983 1814 1146 1869 verba
1170 1855 1185 1879 ,
1229 1812 1573 1884 pervenimus
1618 1812 1684 1866 ad
1733 1812 1867 1867 inte-
1897 1851 1943 1910 Β

277 1908 466 1964 riorem
500 1907 935 1977 intelligentiam.
962 1914 965 1915 '

340 1995 390 2049 5.
436 1995 577 2051 Hinc
606 2004 688 2050 est
714 1996 857 2050 enim
886 1994 1029 2066 quod
1057 1995 1111 2050 in
1139 1996 1243 2051 hoc
1271 1995 1438 2061 libro,
1466 1994 1557 2064 qui
1588 1992 1639 2048 in
1672 1992 1862 2048 Canti-

274 2088 349 2143 cis
374 2088 713 2143 canticorum
726 2088 1065 2156 conscriptus
1094 2095 1197 2156 est,
1216 2087 1415 2141 amoris
1442 2086 1594 2155 quasi
1613 2086 1864 2155 corporei

269 2178 428 2234 verba
458 2186 770 2249 ponuntur,
796 2186 855 2233 ut
879 2193 910 2232 a
949 2185 1169 2247 torpore
1203 2193 1301 2233 suo
1330 2177 1509 2232 anima
1536 2191 1632 2247 per
1656 2191 1864 2231 sermo-

272 2283 365 2324 nes
401 2285 514 2325 suae
571 2268 976 2325 consuetudinis
1016 2267 1265 2323 refricata
1305 2266 1630 2333 recalescat;
1674 2274 1729 2322 et
1766 2282 1863 2336 per

269 2361 429 2416 verba
460 2362 668 2416 amoris
695 2362 787 2430 qui
809 2361 945 2416 infra
970 2370 1083 2428 est,
1116 2362 1384 2417 excitatur
1408 2361 1473 2416 ad
1503 2376 1743 2417 amorem
1772 2359 1866 2430 qui

269 2468 424 2523 supra
453 2462 561 2511 est.
586 2452 942 2507 Nominantur
970 2454 1114 2509 enim
1146 2455 1200 2508 in
1229 2454 1333 2509 hoc
1356 2452 1496 2508 libro
1526 2452 1731 2518 oscula,
1766 2467 1868 2507 no-

269 2543 545 2600 minantur
573 2545 739 2599 ubera
759 2587 774 2611 ,
815 2545 1162 2600 nominantur
1189 2558 1368 2614 genae,
1409 2545 1759 2599 nominantur
1784 2542 1869 2599 le-

270 2651 454 2705 mora;
512 2638 572 2692 in
630 2636 824 2707 quibus
872 2636 1051 2693 verbis
1102 2636 1524 2699 nonirridenda
1564 2645 1647 2692 est
1703 2636 1870 2708 398

270 2736 297 2765 ι
326 2743 476 2784 sacra
500 2728 821 2799 descriptio,
849 2728 944 2783 sed
971 2728 1145 2799 major
1169 2729 1265 2783 Dei
1292 2728 1659 2783 misericordia
1689 2729 1871 2783 consi-

271 2818 505 2875 deranda
540 2828 656 2885 est;
707 2819 831 2889 quia
876 2819 1002 2873 dum
1032 2819 1275 2874 membra
1310 2819 1555 2889 corporis
1586 2817 1865 2883 nominat,

268 2918 322 2965 et
348 2911 425 2967 sic
452 2911 521 2965 ad
550 2925 791 2965 amorem
813 2917 1005 2975 vocat,
1030 2909 1325 2964 notandum
1349 2917 1432 2963 est
1459 2924 1620 2978 quam
1646 2908 1871 2964 mirabi-

268 3006 387 3063 liter
415 3006 706 3063 nobiscum
733 3014 789 3061 et
812 3004 1239 3061 misericorditer
1259 3013 1535 3074 operatur.
1561 3002 1663 3070 Qui
1688 3010 1745 3058 ut
1775 3018 1872 3058 cor

268 3108 514 3154 nostrum
543 3097 573 3137 δ
605 3098 671 3153 ad
706 3098 1107 3166 instigationem
1137 3096 1277 3152 sacri
1303 3097 1504 3152 amoris
1526 3095 1866 3161 accenderet,

267 3206 437 3262 usque
482 3192 557 3246 ad
602 3190 773 3260 turpis
809 3191 1010 3245 amoris
1059 3180 1228 3245 nostri
1252 3198 1275 3229 ο
1308 3204 1367 3243 se
1395 3190 1561 3243 verba
1589 3186 1864 3243 distendit.
1899 3205 1945 3266 ρ

267 3280 374 3338 Sed
412 3283 569 3339 unde
595 3297 655 3337 se
680 3282 949 3352 loquendo
980 3282 1225 3336 humiliat
1244 3322 1257 3347 ,
1305 3280 1429 3335 inde
1460 3295 1559 3335 nos
1588 3280 1866 3335 intellectu

267 3374 508 3441 exultat;
553 3373 678 3442 quia
706 3388 774 3428 ex
813 3372 1153 3428 sermonibus
1194 3371 1357 3440 hujus
1382 3370 1583 3426 amoris
1612 3369 1867 3426 discimus

265 3478 370 3533 qua
403 3466 612 3520 virtute
632 3464 686 3518 in
707 3463 999 3519 divinitatis
1027 3478 1211 3518 amore
1233 3462 1555 3519 ferveamus.

333 3565 390 3621 4.
409 3564 537 3620 Hoc
560 3572 740 3618 autem
768 3564 923 3618 nobis
944 3563 1173 3618 solerter
1200 3563 1513 3617 intuendum
1532 3570 1636 3629 est,
1655 3577 1724 3617 ne
1750 3577 1873 3618 cum

266 3655 434 3711 verba
468 3653 759 3709 exterioris
788 3653 987 3709 amoris
1023 3653 1271 3709 audimus
1295 3695 1310 3721 ,
1341 3652 1410 3707 ad
1438 3652 1707 3708 exteriora
1745 3667 1875 3707 sen-

265 3749 454 3805 tienda
479 3761 891 3814 remaneamus;
922 3756 979 3803 et
1018 3747 1287 3813 machina,
1318 3761 1437 3815 qua:
1466 3746 1684 3815 ponitur
1710 3753 1768 3799 ut
1795 3745 1876 3800 le-

269 3846 383 3907 vet,
416 3840 537 3910 ipsa
561 3838 733 3909 magis
756 3838 1046 3908 opprimat,
1078 3854 1146 3893 ne
1172 3838 1429 3893 lavemur.
1455 3836 1723 3892 Debemus
1748 3851 1878 3907 ergo

272 3928 328 3983 in
354 3930 545 3985 verbis
568 3929 685 3983 istis
708 3929 986 3999 corporeis
1003 3969 1019 3996 ,
1048 3929 1103 3983 in
1132 3929 1313 3984 verbis
1341 3928 1699 3983 exterioribus
1724 3928 1879 3997 quid-

273 4021 405 4092 quid
429 4022 662 4077 interius
686 4031 768 4077 est
793 4035 1053 4091 quaerere,
1088 4029 1143 4077 et
1185 4021 1471 4091 loquentes
1515 4021 1583 4074 de
1625 4034 1875 4090 corpore,

272 4114 436 4182 quasi
466 4122 623 4169 extra
653 4128 849 4183 corpus
880 4111 997 4168 ﬁeri
1018 4109 1045 4149 ἀ
1083 4113 1363 4168 debemus.
1412 4111 1491 4166 Ad
1524 4111 1623 4166 has
1662 4110 1878 4181 nuptias

274 4205 467 4275 sponsi
508 4214 566 4260 et
606 4221 817 4276 sponsa:
846 4221 970 4262 cum
1013 4205 1292 4261 intellectu
1336 4205 1538 4259 intimae
1579 4204 1876 4272 charitatis,

270 4295 328 4351 id
373 4305 462 4352 est
503 4312 628 4351 cum
653 4305 807 4352 veste
832 4296 1019 4351 venire
1064 4296 1289 4365 nuptiali
1332 4310 1555 4351 necesse
1588 4303 1704 4360 est;
1732 4309 1802 4350 ne
1827 4294 1874 4349 si

270 4398 430 4445 veste
480 4389 749 4459 nuptiali,
780 4389 833 4443 id
881 4396 965 4444 est
1000 4388 1159 4458 digna
1198 4389 1479 4444 charitatis
1523 4386 1875 4456 intelligentia

271 4495 386 4536 non
423 4481 740 4547 induimur,
782 4482 849 4536 ab
876 4480 984 4536 hoc
1022 4481 1330 4551 nuptiarum
1361 4480 1610 4537 convivio
1639 4480 1692 4534 in
1721 4486 1876 4534 exte-

272 4575 456 4631 riores
498 4574 752 4630 tenebras
772 4616 785 4638 ,
818 4573 871 4628 id
902 4582 985 4629 est
1014 4573 1067 4628 in
1096 4572 1411 4642 ignorantia;
1439 4568 1679 4628 caecitate
1703 4569 1879 4640 repel-

1962 598 2095 667 tegit
2120 594 2481 663 frumentum;
2512 595 2608 652 sed
2631 595 2999 664 jumentorum
3026 600 3139 661 est,
3168 590 3338 662 paleis
3365 592 3545 658 vesci;

1962 691 2241 747 hominum
2266 730 2283 757 ,
2312 688 2611 744 frumentis.
2644 686 2746 754 Qui
2775 702 2904 757 ergo
2932 685 3167 741 humana
3195 683 3406 738 ratione
3444 683 3552 737 uti-

1962 790 2069 847 tur,
2099 783 2466 853 jumentorum
2494 780 2677 850 paleas
2697 778 2938 847 abjiciat,
2960 785 3015 833 et
3039 776 3308 832 frumenta
3330 775 3552 844 spiritus

1964 874 2126 929 edere
2158 873 2408 937 festinet;
2440 872 2506 926 ad
2536 871 2640 925 hoc
2666 870 2865 940 quippe
2894 868 3041 924 utilis
3064 878 3180 935 est,
3208 874 3269 922 ut
3294 865 3550 937 mysteria

1964 967 2157 1021 littera:
2186 965 2424 1020 involuta
2454 971 2723 1031 tegantur.
2763 961 2902 1016 Hinc
2947 961 3090 1015 enim
3131 960 3390 1029 scriptum
3419 965 3548 1013 est:

1965 1057 2238 1128 Sapientes
2284 1054 2605 1110 abscondunt
2647 1054 3041 1125 intelligentiam
3091 1052 3274 1121 (Prov.
3319 1068 3388 1116 χ,
3438 1048 3549 1123 14).

1966 1149 2101 1222 Quia
2148 1148 2396 1203 nimirum
2440 1147 2540 1202 sub
2583 1145 2816 1213 tegmine
2843 1144 3032 1199 littera:
3071 1143 3329 1213 spiritalis
3359 1140 3553 1197 intelli-
3602 1138 3605 1140 ’

1966 1241 2146 1317 gentia
2168 1240 2496 1310 cooperitur.
2543 1237 2681 1292 Hinc
2710 1252 2920 1292 rursum
2948 1237 3003 1291 in
3032 1236 3222 1292 eodem
3252 1236 3389 1291 libro
3418 1234 3555 1291 scri-

1966 1342 2119 1404 ptum
2147 1341 2230 1387 est
2259 1351 2270 1385 :
2307 1330 2487 1387 Gloria
2532 1330 2633 1384 Dei
2672 1330 2840 1384 celare
2874 1328 3077 1384 verbum
3107 1328 3287 1396 (Prov.
3318 1345 3445 1395 xxv,
3476 1326 3553 1400 2).

1969 1424 2136 1480 Menti
2163 1425 2306 1480 enim
2360 1424 2527 1479 Deum
2571 1412 2835 1493 quaerenti
2884 1431 3034 1477 tanto
3085 1423 3226 1478 Deus
3273 1423 3561 1492 gloriosius

1971 1526 2219 1588 apparet,
2246 1526 2450 1587 quanto
2478 1516 2725 1572 subtilius
2746 1525 2905 1586 atque
2932 1515 3160 1570 interius
3186 1514 3556 1584 investigatur,

1971 1618 2031 1665 ut
2074 1617 2363 1680 appareat;
2400 1609 2496 1664 sed
2540 1608 2780 1678 nunquid
2823 1606 2967 1676 quod
3011 1606 3064 1660 in
3108 1606 3378 1677 mysteriis
3418 1606 3559 1660 Deus

1973 1701 2135 1767 celat,
2168 1716 2267 1757 nos
2294 1701 2572 1770 requirere
2600 1715 2705 1753 nou
2735 1698 3030 1754 debemus?
3067 1696 3334 1752 Debemus
3353 1696 3561 1765 utique,

1973 1809 2097 1848 nam
2128 1794 2369 1862 sequitur
2394 1810 2407 1846 :
2440 1792 2510 1845 Et
2549 1793 2717 1862 gloria
2743 1809 2918 1863 regum
2945 1792 3257 1862 investigare
3275 1807 3563 1847 sermonem

1974 1881 2191 1953 (Ibid.).
2221 1880 2323 1949 Qui
2351 1882 2493 1936 enim
2526 1880 2638 1950 jam
2669 1895 2898 1949 corpora
2928 1894 3025 1934 sua
3053 1880 3138 1933 vel
3167 1889 3346 1934 motus
3384 1879 3564 1935 carnis

1972 1987 2162 2043 regere
2188 1981 2243 2029 et
2270 1972 2595 2042 investigare
2622 1978 2918 2035 noverunt,
2964 1984 3120 2039 reges
3165 1979 3308 2026 sunt.
3356 1970 3565 2041 Regum

1974 2082 2103 2138 ergo
2133 2068 2303 2138 gloria
2335 2067 2659 2136 investigare
2683 2080 2987 2121 sermonem
3006 2104 3023 2131 ,
3051 2063 3176 2134 quia
3206 2064 3347 2120 bene
3376 2065 3564 2119 viven-

1975 2161 2105 2216 tium
2134 2162 2252 2216 laus
2290 2169 2375 2215 est
2415 2158 2743 2231 perscrutari
2786 2166 2995 2213 secreta
3030 2155 3405 2211 mandatorum
3445 2154 3562 2210 Dei.

1972 2252 2233 2308 Humana:
2265 2266 2393 2321 ergo
2416 2251 2845 2307 conversationis
2862 2252 3026 2307 verba
3068 2248 3346 2305 audientes
3369 2290 3386 2317 ,
3410 2247 3565 2317 quasi

1975 2355 2129 2402 extra
2159 2345 2405 2401 homines
2440 2360 2561 2400 esse
2595 2344 2881 2411 debemus;
2913 2360 2981 2400 ne
3022 2345 3067 2399 si
3107 2344 3414 2399 humanitus
3446 2357 3566 2412 quae

1974 2436 2225 2491 dicuntur
2245 2434 2509 2501 audimus,
2540 2434 2671 2489 nihil
2700 2434 2997 2490 divinitatis
3019 2433 3087 2489 de
3124 2434 3208 2489 his
3236 2448 3356 2504 qua:
3378 2434 3566 2491 audire

1974 2526 2234 2581 debemus
2255 2567 2270 2594 ,
2292 2526 2494 2581 sentire
2536 2526 2823 2595 possimus.
2854 2526 3020 2593 Quasi
3042 2524 3154 2595 jam
3183 2541 3291 2580 non
3321 2523 3566 2579 homines

1972 2616 2317 2673 desiderabat
2363 2632 2483 2673 esse
2531 2615 2727 2674 Paulus
2757 2618 3049 2688 discipulos
3080 2633 3236 2683 suos,
3268 2616 3461 2688 quibus
3484 2616 3566 2671 di~

1974 2710 2131 2765 cebat
2156 2728 2168 2762 :
2195 2707 2324 2763 Cum
2345 2710 2480 2763 enim
2507 2710 2575 2762 sit
2596 2710 2730 2763 inter
2751 2726 2837 2763 vos
2868 2708 3008 2762 aelus
3021 2718 3070 2762 et
3090 2709 3372 2775 contentio,
3393 2722 3567 2761 nonne

1976 2800 2210 2854 homines
2239 2800 2361 2853 estis
2405 2797 2461 2868 (Ι
2492 2798 2611 2854 Cor.
2642 2814 2720 2864 ιιι,
2752 2799 2851 2867 '5)?
2880 2798 3045 2865 Quasi
3067 2799 3178 2867 jam
3203 2813 3312 2853 nou
3333 2798 3567 2852 mstima-

1976 2892 2070 2947 bat
2095 2892 2342 2946 homines
2362 2891 2654 2961 discipulos
2683 2906 2810 2946 suos
2838 2874 3117 2958 Dominus,
3153 2906 3275 2945 cum
3304 2889 3518 2944 dicebat
3549 2905 3565 2943 :

1979 2982 2145 3049 Quem
2177 2985 2356 3039 dicunt
2377 2983 2608 3039 homines
2639 3000 2751 3038 esse
2768 2983 2935 3054 [ilium
2956 2984 3177 3037 hominis
3217 2980 3430 3054 (Matth.
3456 2995 3567 3049 xvt,

1976 3075 2116 3147 i5)?
2145 3075 2241 3132 Cui
2270 3092 2391 3133 cum
2431 3076 2595 3131 verba
2638 3076 2915 3131 hominum
2955 3076 3393 3147 reSpondissent,
3426 3075 3571 3132 illico

1977 3169 2221 3238 adjunxit
2245 3186 2259 3222 :
2294 3167 2396 3223 Vos
2418 3178 2587 3223 autem
2610 3184 2758 3239 quem
2782 3184 2863 3223 me
2887 3185 2999 3222 esse
3024 3167 3238 3222 dicitis?
3262 3166 3397 3222 Cum
3426 3166 3571 3221 enim

1975 3276 2137 3329 supra
2166 3260 2296 3315 dicit
2326 3260 2559 3316 homines
2579 3302 2595 3327 ,
2626 3275 2690 3315 ac
2719 3259 2916 3315 deinde
2943 3260 3217 3329 subjungit
3244 3277 3331 3314 vos
3368 3269 3569 3325 autem,

1977 3352 2119 3406 inter
2146 3352 2392 3407 homines
2420 3361 2477 3406 et
2503 3351 2797 3421 discipulos
2836 3350 3122 3420 quamdam
3151 3351 3462 3405 distantiam
3492 3350 3572 3404 fa-

1977 3443 2076 3508 cit,
2104 3442 2230 3512 quia
2250 3442 2502 3498 videlicet
2522 3441 2701 3497 divina
2731 3443 2809 3497 eis
2830 3442 3127 3507 insinuans,
3154 3457 3273 3498 esse
3292 3457 3386 3498 eos
3411 3455 3574 3512 super

1979 3532 2230 3587 homines
2253 3531 2511 3597 faciebat,
2541 3539 2600 3586 ut
2643 3533 2717 3586 ait
2745 3532 3036 3603 Apostolus
3063 3551 3076 3587 :
3106 3532 3168 3589 Si
3195 3551 3295 3606 qua
3322 3534 3480 3605 igitur
3516 3535 3573 3587 in

1982 3622 2188 3679 Christo
2236 3640 2368 3679 nova
2393 3635 2662 3692 creatura,
2699 3635 2868 3681 vetera
2906 3628 3223 3682 transierunt
3249 3627 3334 3697 (ll
3366 3626 3484 3681 Cor.
3516 3643 3572 3696 v,
3624 3682 3627 3687 .

1984 3714 2097 3787 l7).
2129 3713 2198 3769 Et
2225 3716 2424 3773 scimus
2452 3717 2578 3787 quia
2614 3718 2668 3773 in
2705 3718 3105 3775 resurrectione
3132 3728 3318 3775 nostra
3350 3719 3423 3773 ita
3452 3735 3576 3775 cor-

1981 3820 2081 3875 pus
2105 3805 2319 3876 spiritui
2360 3805 2683 3875 adnectitur,
2716 3816 2776 3863 ut
2800 3823 2963 3864 omne
2983 3809 3131 3878 quod
3162 3807 3342 3865 fuerat
3368 3807 3574 3877 passio-

1981 3903 2066 3960 nis
2092 3904 2146 3958 iu
2176 3904 2377 3960 virtute
2405 3904 2627 3974 spiritus
2670 3914 2997 3960 assumatur.
3038 3903 3090 3959 Is
3125 3918 3255 3974 ergo
3283 3904 3375 3975 qui
3405 3904 3575 3959 Deum

1980 3997 2223 4067 sequitur
2244 4038 2261 4065 ,
2324 3997 2525 4053 imitari
2592 3998 2756 4055 debet
2820 3998 3061 4068 quotidie
3122 3998 3575 4055 resurrectionem

1979 4103 2168 4156 suam;
2200 4098 2259 4145 ut
2286 4088 2428 4145 sicut
2455 4097 2584 4145 tunc
2614 4091 2745 4145 nihil
2786 4089 3041 4158 passibile
3089 4088 3310 4144 habebit
3353 4088 3407 4142 in
3447 4103 3574 4143 cor-

1980 4195 2149 4250 pore,
2198 4182 2273 4237 ita
2318 4197 2462 4238 nunc
2514 4182 2648 4236 nihil
2701 4180 2954 4250 passibile
2986 4178 3183 4234 haheat
3216 4179 3271 4234 in
3293 4177 3486 4245 corde;
3514 4188 3577 4233 ut

1981 4271 2279 4327 secundum
2309 4271 2624 4327 interiorem
2673 4269 2947 4325 hominem
2989 4268 3100 4337 jam
3145 4283 3285 4325 nova
3326 4276 3577 4324 creatura

1983 4364 2073 4430 sit,
2094 4362 2208 4431 jam
2232 4362 2493 4433 quidquid
2521 4368 2794 4416 vetustum
2816 4359 2977 4417 fuerit
3005 4358 3206 4429 calcet,
3236 4369 3294 4418 et
3316 4360 3373 4417 in
3397 4360 3580 4418 verbis

1984 4457 2258 4513 veteribus
2283 4457 2453 4511 solam
2482 4455 2589 4510 vim
2616 4454 2872 4511 novitatis
2900 4456 3156 4525 inquirat.

2061 4565 2113 4621 5.
2154 4566 2429 4636 Scriptura
2454 4565 2596 4620 enim
2624 4581 2778 4622 sacra
2806 4582 2962 4622 mons
2982 4568 3197 4638 quidem
3226 4578 3346 4637 est,
3377 4569 3445 4625 de
3468 4583 3579 4639 quo

273 4665 480 4721 lamur.
511 4665 783 4721 Debemus
811 4679 910 4735 per
935 4664 1050 4720 haec
1074 4664 1238 4720 verba
1264 4663 1529 4735 passionis
1558 4662 1788 4718 transire
1813 4659 1880 4715 ad
1912 4633 1963 4692 D
1986 4660 2042 4715 in
2070 4657 2271 4713 nostris
2297 4657 2549 4712 cordibus
2573 4658 2641 4712 ad
2682 4633 3083 4729 intelligendum
3110 4633 3367 4719 Dominus
3396 4633 3577 4727 venit;

273 4759 542 4814 virtutem
569 4756 1034 4827 impassibilitatis.
1069 4755 1161 4811 Sic
1187 4763 1271 4811 est
1298 4755 1441 4810 enim
1477 4754 1754 4825 Scriptura
1788 4767 1880 4807 sa-

275 4861 371 4903 cra
405 4849 463 4903 in
494 4846 674 4902 verbis
695 4855 753 4901 et
794 4847 1061 4911 sensibus,
1092 4846 1231 4901 sicut
1277 4846 1487 4914 pictura
1526 4846 1580 4898 in
1610 4843 1883 4899 coloribus

279 4948 337 4996 et
358 4940 558 5005 rebus;
599 4947 655 4993 et
695 4939 853 4994 nimis
882 4939 1077 4994 stultus
1099 4946 1182 4993 est
1206 4938 1297 5008 qui
1331 4939 1410 4993 sic
1438 4938 1662 5007 picturae
1687 4936 1886 4991 colori-

277 5031 388 5087 bus
417 5032 689 5107 inhaeret,
738 5041 797 5086 ut
834 5046 921 5087 res
964 5045 1085 5100 quae
1132 5030 1289 5100 pictae
1335 5038 1461 5084 sunt
1504 5030 1734 5098 ignoret.
1779 5027 1886 5083 Nos

279 5124 458 5189 enim,
488 5123 534 5179 si
562 5124 727 5177 verba
755 5138 875 5192 quae
912 5122 1149 5177 exterius
1192 5121 1445 5176 dicuntur
1485 5118 1882 5190 amplectimur,

280 5223 339 5271 et
361 5231 559 5271 sensus
588 5216 927 5285 ignoramus,
959 5215 1111 5285 quasi
1132 5215 1442 5285 ignorantes
1477 5228 1564 5267 res
1592 5226 1713 5282 quae
1737 5210 1890 5281 depi-

281 5315 387 5364 ctas
418 5315 571 5374 sum,
594 5306 740 5361 solos
767 5305 978 5361 colores
1000 5314 1267 5361 tenemus.
1293 5303 1494 5359 Littera
1520 5302 1726 5365 occidit,
1751 5302 1892 5359 sicut

281 5398 559 5468 scriptum
592 5403 698 5463 est,
726 5397 940 5466 spiritus
981 5404 1149 5451 autem
1186 5397 1351 5468 399
1377 5397 1600 5466 viviﬁcat
1645 5392 1743 5466 (II
1769 5394 1889 5449 Cor.

363 5634 395 5700 ξι
433 5623 618 5700 [ὶίοιιη
649 5628 816 5700 Sagra
846 5630 1142 5700 Scriptura.

362 5694 419 5771 δ-
439 5694 701 5771 Rem._et
729 5694 1067 5771 Theod.,'ad
1096 5701 1572 5771 investigationem.
1603 5696 1890 5770 Sequimur

288 5764 581 5833 Bothum,
612 5769 823 5825 Val.Cl.
856 5779 910 5825 et
939 5764 1066 5825 edit.
1094 5770 1247 5826 Rich.

371 5847 395 5873 ο
430 5835 594 5895 Abest
621 5857 676 5893 se
703 5856 734 5895 a
757 5841 963 5897 Theod.
982 5851 1036 5897 et
1075 5841 1229 5898 Rem.
1262 5841 1319 5896 In
1350 5841 1607 5907 Rothom.
1641 5849 1695 5896 et
1726 5841 1881 5899 Rich.

1986 4752 2054 4806 de
2093 4764 2204 4819 quo
2242 4757 2427 4805 monte
2472 4764 2572 4819 per
2616 4751 2936 4819 prophetam
2977 4752 3171 4809 dicitur
3202 4769 3216 4807 :
3248 4753 3388 4807 Deus
3424 4770 3456 4804 a
3492 4752 3579 4805 Li-

1988 4842 2124 4896 bano
2146 4836 2333 4905 veniet,
2360 4851 2409 4896 et
2438 4839 2665 4896 Sanetus
2686 4842 2750 4895 de
2776 4852 2948 4897 monte
2973 4844 3213 4899 umbroso
3242 4859 3292 4898 et
3319 4858 3575 4898 conaenso

1991 4929 2220 5002 (Hahae.
2250 4947 2334 4996 ιιι,
2370 4931 2445 5002 5).
2487 4930 2593 4986 Iste
2627 4947 2781 4987 mons
2809 4941 2865 4988 et
2894 4934 3198 4989 condensus
3220 4942 3303 4987 est
3331 4946 3426 5002 per
3453 4947 3580 4987 sen-

1990 5023 2216 5091 tentias,
2247 5033 2306 5078 et
2351 5024 2637 5081 umbrosus
2678 5039 2773 5094 per
2813 5025 3116 5094 allegorias.
3160 5025 3266 5080 Sed
3305 5024 3577 5080 sciendum

1990 5124 2074 5171 est
2099 5116 2225 5186 quia
2247 5131 2367 5193 cum
2396 5132 2499 5172 vox
2524 5117 2737 5173 Domini
2766 5120 2818 5174 in
2842 5127 3025 5175 monte
3048 5129 3225 5185 sonat,
3258 5120 3578 5175 vestimenta

1992 5210 2176 5265 lavare
2215 5211 2583 5281 praecipimur,
2616 5220 2672 5267 et
2699 5214 2767 5267 ab
2794 5214 2940 5269 omni
2982 5212 3160 5268 carnis
3206 5211 3580 5281 inquinatione

1993 5306 2243 5361 mundari
2262 5347 2277 5372 ,
2303 5306 2349 5361 si
2380 5306 2447 5361 ad
2489 5316 2728 5362 montem
2772 5307 3033 5363 accedere
3065 5306 3399 5362 festinamus.
3430 5302 3578 5358 Scri-

1995 5404 2147 5465 ptum
2178 5410 2408 5466 namque
2448 5406 2567 5465 est,
2599 5400 2724 5466 quia
2743 5440 2758 5464 ,
2790 5399 2837 5453 si
2873 5396 3036 5452 bestia
3066 5398 3288 5469 tetigerit
3320 5403 3576 5460 montem,

1992 5626 2210 5696 legitur,
2237 5627 2307 5681 ad
2335 5628 2493 5697 turpis
2522 5627 2715 5680 amoris
2745 5624 2909 5697 nostri
2938 5620 3396 5697 ve_rba_descendit.

2062 5691 2088 5735 δ
2128 5691 2245 5754 Hoc
2275 5691 2493 5752 verbum
2534 5698 2588 5751 in
2624 5697 2739 5751 Val.
2772 5695 2853 5750 CI.
2886 5706 2941 5749 et
2982 5695 3033 5747 in
3081 5692 3231 5747 Rich.
3267 5691 3455 5762 incipit
3491 5700 3579 5741 se-

1993 5778 2247 5838 quenhem
2288 5768 2596 5839 periodum;
2639 5771 2689 5823 in
2719 5783 2825 5839 qua
2862 5766 3081 5822 minime
3116 5764 3341 5833 legitur,
3368 5776 3577 5823 necesse

1989 5853 2084 5895 €81.
3596 5856 3599 5859 ’

3326 5953 3415 5962 ..<._..
