4052 6338
526 490 633 546 479

1768 482 2010 539 SANCTI
2047 478 2373 537 GREGORII
2413 474 2627 533 MAGNI

3728 460 3823 519 480

527 603 731 675 Spiritu
756 610 947 659 sancto
972 599 1245 657 mediante
1271 599 1581 655 incarnatus
1610 604 1722 665 est,
1748 597 1937 652 eodem
1970 606 1993 634 ι
2024 596 2129 651 hoc
2161 599 2207 657 Α
2233 593 2417 649 mundi
2442 589 2761 662 sapientiam
2786 595 3027 660 superat.
3053 586 3209 644 Unde
3234 582 3398 658 404
3418 582 3681 652 scriptum
3706 592 3783 637 est
3808 602 3821 637 :

528 698 651 756 oleo
679 705 805 753 tunc
829 703 1024 752 unctus
1052 702 1168 761 est,
1193 708 1317 749 cum
1359 693 1524 747 homo
1549 698 1783 747 creatus.
1816 687 1965 744 Odor
1991 701 2121 758 ergo

525 788 783 857 unguenti
827 788 962 857 ejus,
994 796 1080 843 est
1107 786 1389 855 ﬂagrantia
1435 782 1671 856 Spiritus
1700 783 1891 849 sancti,
1932 783 2021 852 qui
2054 797 2121 837 ex

522 878 617 935 illo
644 879 963 950 procedens,
996 880 1049 933 in
1079 878 1172 933 illo
1201 877 1532 947 permansit;
1564 876 1700 931 odor
1728 881 2123 943 unguentorum

523 973 661 1041 ejus,
694 980 775 1026 est
803 970 1084 1041 flagrantia
1112 971 1367 1025 virtutum
1391 983 1525 1037 quas
1555 975 1809 1037 operatus
1832 973 1933 1019 est.
1965 964 1991 1002 ἱ)
2021 962 2124 1018 Ha-

524 1067 639 1122 buit
662 1076 840 1120 autem
868 1063 1107 1120 Ecclesia
1138 1072 1401 1127 aromata,
1435 1062 1557 1133 quia
1589 1060 1772 1115 habuit
1806 1059 1972 1112 multa
2000 1057 2125 1127 Spi-

523 1158 657 1212 ritus
682 1158 852 1211 sancti
869 1154 1047 1223 'dona,
1079 1171 1195 1224 qua:
1225 1157 1275 1209 in
1304 1156 1464 1209 domo
1488 1153 1602 1223 Dci,
1628 1153 1678 1206 id
1711 1161 1793 1207 est
1824 1151 1873 1205 in
1897 1165 2125 1217 congre-

524 1253 743 1322 gatione
791 1262 1118 1314 sanctorum,
1154 1251 1375 1304 odorem
1420 1250 1575 1303 bona:
1618 1246 1887 1315 opinioni;
1925 1243 2119 1297 redde-

523 1353 666 1404 rent,
700 1352 753 1396 et
779 1344 1098 1397 suavitatem
1129 1341 1293 1395 futuri
1318 1339 1629 1394 Mediatoris
1661 1337 1989 1391 nuntiarent.
2019 1333 2125 1388 Sed

524 1436 655 1490 odor
681 1444 1052 1505 unguentorum
1087 1443 1286 1487 tuorum
1315 1450 1468 1497 super
1497 1432 1670 1485 omnia
1694 1440 1933 1483 aromata
1960 1445 1975 1481 :
1999 1426 2123 1494 quia

525 1523 804 1595 ﬂagrantia
836 1526 1092 1579 virtutum
1143 1524 1507 1593 spcusi,qu;c
1556 1537 1651 1592 per
1700 1520 2121 1575 incarnationem

524 1617 639 1687 ejus
665 1620 804 1674 facta
834 1626 936 1685 est,
984 1618 1112 1671 vicit
1142 1617 1556 1687 pmdicamenta
1589 1604 1766 1684 Legi-5,
1798 1629 1917 1683 qua:
1954 1614 2003 1667 in
2035 1628 2122 1666 ar-

522 1710 635 1765 rhis
664 1724 693 1763 a
724 1725 924 1779 sponsu
956 1708 1167 1761 fuerant
1196 1717 1521 1776 prmrogata.
1554 1706 1729 1760 Tanto
1771 1707 1969 1775 quippe
2014 1720 2127 1758 am-

522 1802 663 1873 plius
692 1802 757 1855 ad
804 1801 1135 1855 intellectum
1169 1801 1340 1854 crevit
1370 1800 1627 1861 Ecclesia,
1661 1809 1866 1869 quanto
1908 1809 1960 1853 et
2008 1814 2125 1851 am—

523 1892 710 1963 plioris
734 1892 957 1946 visionis
980 1892 1151 1959 gratia
1177 1892 1371 1944 meruit
1401 1891 1676 1946 illustrari.
1703 1889 1794 1943 llia
1820 1890 1975 1959 Legis
2005 1905 2128 1943 aro-

524 1993 668 2037 mata
699 1999 795 2054 per
824 1982 1040 2051 angelos
1070 1981 1444 2035 administrata
1487 1990 1610 2036 sunt
1638 2000 1650 2035 :
1706 1981 1844 2036 istud
1886 1997 2128 2050 unguen-

2227 688 2379 754 Quod
2404 688 2670 757 inﬁmum
2705 691 2781 739 est
2828 681 2949 749 Dei,
2982 684 3167 754 fortius
3196 687 3273 736 est
3298 694 3457 750 quam
3494 677 3750 737 hominis;
3777 686 3824 729 et

2225 783 2361 855 quod
2374 781 2584 835 stultum
2606 788 2683 832 est
2697 777 2817 842 Dei,
2836 777 3118 848 sapientius
3132 784 3206 830 est
3229 790 3382 846 quam
3403 772 3578 827 homin
3602 788 3629 825 s
3645 769 3696 841 (1
3711 770 3821 825 Cor.

2226 891 2265 943 ι,
2301 872 2429 941 ‘25).
2461 871 2565 926 Sed
2588 871 2715 940 quia
2746 870 2845 939 ipsi
2876 869 3034 937 hujus
3064 867 3245 922 saeculi
3274 865 3549 934 sapientes
3577 878 3823 916 nonnun-

2228 980 2392 1035 quam
2427 964 2683 1019 videntur
2710 960 3029 1031 quibusdam
3068 957 3355 1012 virtutibus
3381 956 3601 1010 studere
3634 952 3826 1023 (videas

2234 1056 2376 1111 enim
2400 1056 2687 1125 plerosque
2710 1053 2909 1106 habere
2926 1050 3269 1124 charitatem,
3286 1062 3505 1103 servare
3517 1054 3827 1099 mansuetu-

2234 1146 2434 1207 dinem,
2468 1146 2805 1200 honestatem
2828 1143 3153 1196 exteriorem
3182 1140 3233 1193 in
3264 1138 3515 1193 omnibus
3545 1149 3823 1199 exercere;

2233 1254 2366 1308 quas
2388 1239 2635 1304 virtutes,
2669 1252 2774 1289 non
2798 1243 2857 1289 ut
2878 1234 3011 1299 Deo,
3032 1232 3128 1287 sed
3150 1240 3208 1285 ut
3229 1230 3542 1285 hominibus
3562 1228 3823 1297 placeant,

2232 1332 2489 1386 exhibent
2522 1348 2534 1382 :
2567 1344 2685 1397 quae
2725 1328 2925 1383 idcirco
2968 1327 3223 1388 virtutes,
3268 1324 3496 1376 virtutes
3547 1336 3657 1373 non
3688 1326 3825 1386 sunt,

2233 1426 2356 1496 quia
2382 1426 2595 1495 placere
2616 1423 2728 1477 Deo
2755 1437 2859 1476 non
2879 1425 3141 1488 appetunt
3157 1434 3169 1469 :
3184 1416 3294 1470 olet
3313 1424 3491 1467 tamen
3516 1413 3569 1466 in
3585 1410 3826 1465 humanis

2232 1518 2469 1580 naribus,
2502 1514 2627 1569 dum
2656 1514 2889 1567 humano
2914 1509 3117 1578 judicio
3141 1508 3339 1561 bonam
3370 1504 3685 1574 opinionem
3716 1499 3831 1553 red-

2230 1610 2405 1680 dunt),
2438 1608 2531 1663 sed
2572 1615 2952 1677 comparentur
2980 1605 3093 1659 haec
3124 1618 3251 1657 vero
3276 1600 3427 1655 odori
3453 1596 3830 1665 Redemptoris

2229 1704 2419 1768 nostri,
2444 1710 2828 1771 comparentur
2847 1700 2991 1754 veris
3012 1696 3315 1759 virtutibus,
3340 1702 3392 1749 et
3413 1694 3629 1747 dicatur
3654 1708 3666 1743 :
3694 1688 3831 1742 Odor

2230 1804 2608 1868 unguentorum
2635 1803 2838 1848 tuorum
2866 1809 3022 1862 super
3044 1790 3218 1844 omnia
3244 1796 3502 1842 aromata.
3530 1784 3585 1837 Id
3609 1792 3713 1847 est,
3738 1781 3829 1834 lia-

2237 1889 2444 1959 grantia
2481 1888 2741 1943 virtutum
2771 1893 3017 1951 tuarum,
3045 1896 3259 1937 omnem
3296 1879 3535 1949 speciem
3575 1875 3830 1929 virtutum

2238 1981 2565 2051 sapientium
2594 1977 2777 2033 mundi
2807 1983 3043 2046 superat,
3076 1974 3201 2043 quia
3231 1971 3480 2026 videlicet
3514 1969 3670 2022 ﬁctas
3702 1966 3830 2020 ima-

526 2093 641 2139 tum
686 2100 783 2154 per
817 2086 1152 2155 prasentiam
1194 2085 1380 2139 datum
1419 2092 1519 2139 est.
1567 2084 1672 2139 Sed
1723 2084 1846 2152 quia
1882 2083 2130 2138 claritate
2167 2058 2202 2113 υ
2234 2074 2386 2141 gines
2432 2087 2617 2126 eorum
2667 2084 2734 2125 ex
2760 2068 2990 2123 veritate
3020 2063 3368 2121 transcendit.
3416 2059 3553 2127 Quia
3592 2057 3832 2114 secundo

525 2172 641 2241 ejus
667 2175 964 2243 praesentia}
993 2182 1243 2245 superata
1275 2182 1399 2229 sunt
1440 2176 1577 2229 bona
1605 2173 1783 2243 Legis,
1816 2190 1934 2244 qua:
1963 2174 2128 2229 subli-

524 2266 633 2321 mia
663 2282 782 2321 esse
811 2268 1185 2335 credebantur,
1213 2269 1423 2324 dicatur
1452 2278 1601 2325 recte
1626 2288 1638 2323 :
1668 2265 1813 2325 Odor
1839 2279 2128 2341 unguento-

526 2376 641 2412 rum
673 2368 877 2413 tuorum
905 2376 1058 2430 super
1086 2360 1262 2415 omnia
1295 2371 1553 2416 aromata.

596 2472 648 2526 3.
675 2470 790 2527 Hoc
836 2481 1015 2527 autem
1040 2473 1184 2542 quod
1213 2472 1542 2541 generaliter
1569 2472 1637 2526 de
1665 2480 1857 2528 cuncta
1887 2472 2127 2529 Ecclesia

532 2561 785 2628 diximus,
812 2579 951 2618 nunc
990 2565 1299 2633 specialiter
1328 2565 1396 2621 de
1425 2582 1750 2636 unaquaque
1780 2568 1958 2622 anima
2004 2583 2131 2623 sen-

526 2654 744 2710 tiamus.
765 2652 1035 2710 Ponamus
1065 2666 1193 2711 ante
1221 2658 1407 2714 oculos
1434 2672 1554 2713 esse
1582 2659 1816 2714 animum
1846 2660 2132 2731 quamdam

529 2744 793 2801 donorum
824 2747 1015 2802 studiis
1053 2748 1438 2816 inhazrentem,
1488 2751 1819 2806 intellectum
1862 2768 1930 2807 ex
1957 2752 2132 2807 aliena

529 2840 913 2911 prtedicatione
935 2843 1343 2913 percipientem,
1374 2859 1496 2913 qua:
1520 2860 1619 2915 per
1645 2844 1881 2900 divinam
1904 2846 2132 2915 gratiam

532 2934 695 2990 etiam
724 2934 839 3004 ipsa
887 2934 1139 2988 illustrari
1187 2934 1499 3003 desiderat;
1551 2945 1610 2991 ut
1656 2937 1944 3006 aliquando
1973 2938 2134 2991 etiam

527 3040 629 3095 per
657 3041 716 3080 se
764 3026 1046 3093 intelligat,
1088 3043 1206 3094 qua:
1253 3028 1384 3082 nihil
1429 3044 1490 3084 se
1519 3028 1838 3098 intelligere,
1886 3030 1985 3083 nisi
2032 3044 2130 3096 per

531 3116 697 3171 verba
727 3117 1179 3186 praedicatorum;
1218 3120 1551 3190 considerat,
1575 3128 1630 3175 et
1658 3122 1787 3177 dicit
1812 3141 1825 3175 :
1859 3120 2133 3176 Osculetur

534 3224 617 3262 me
636 3209 811 3262 osculo
833 3211 937 3263 oris
958 3211 1055 3263 sui.
1081 3209 1201 3280 Ipse
1221 3226 1306 3265 me
1332 3218 1518 3281 tangat
1542 3214 1702 3279 intus,
1727 3222 1785 3267 ut
1810 3228 2132 3282 cognoscam

535 3300 921 3372 intelligentia;
953 3311 1007 3359 et
1048 3320 1153 3360 non
1188 3303 1298 3374 jam
1334 3307 1743 3375 praedicatorum
1767 3309 2007 3375 vocibus,
2040 3309 2133 3365 sed
2163 3291 2208 3355 C

535 3392 765 3449 interna:
793 3405 928 3465 grati
948 3416 975 3451 e
1007 3412 1025 3437 ο
1050 3414 1117 3454 ex
1146 3406 1290 3454 tactu
1319 3398 1584 3471 perfruar.
1618 3402 1781 3468 Quasi
1812 3403 1996 3459 osculo
2025 3405 2135 3460 oris

534 3487 621 3542 sui
662 3489 1006 3545 osculabatur
1031 3490 1272 3563 Moysen,
1306 3509 1429 3548 cum
1478 3495 1526 3549 ei
1557 3510 1654 3565 per
1683 3495 1930 3550 fiduciam
1974 3494 2131 3550 fami—

532 3576 684 3632 liaris
714 3581 899 3647 gratiae
944 3582 1273 3639 intellectum
1322 3586 1642 3655 porrigeret.
1690 3584 1838 3643 Unde
1876 3589 2135 3658 scriptum

536 3676 623 3722 est
653 3687 667 3723 :
699 3670 759 3724 Si
793 3673 945 3740 fuerit
973 3677 1252 3743 propheta,
1291 3677 1344 3730 in
1374 3679 1574 3732 somnio
1604 3678 1786 3747 loquar
1814 3680 1881 3732 ad
1906 3697 2055 3744 eum;
2086 3688 2138 3733 et

540 3774 647 3812 non
677 3761 809 3813 sicut
838 3763 1032 3831 [amulo
1062 3783 1174 3819 meo
1208 3766 1376 3837 Moysi
1400 3786 1417 3822 :
1449 3786 1505 3823 os
1535 3772 1671 3823 enim
1705 3771 1774 3824 ad
1803 3788 1859 3825 os
1886 3771 2065 3840 loquor
2089 3776 2137 3825 ei

538 3847 728 3920 (Num.
763 3868 855 3919 xu,
888 3854 965 3923 6).
998 3854 1069 3910 Os
1098 3857 1301 3927 quippe
1323 3858 1391 3911 ad
1420 3875 1481 3914 os
1512 3861 1688 3930 loqui,
1720 3862 1874 3932 quasi
1902 3864 2132 3918 osculari

538 3947 641 4004 est,
683 3950 739 3997 et
764 3943 1032 4000 internam
1084 3946 1493 4016 intelligentiam
1542 3960 1722 4008 mente
1764 3962 1998 4022 tangere.
2031 3953 2132 4010 Se-

537 4031 723 4101 quitur
748 4051 761 4086 :

614 4148 792 4219 (Vers.
824 4151 902 4221 1.)
936 4151 1071 4217 Quia
1102 4156 1318 4211 meliora
1349 4167 1469 4212 sunt
1494 4158 1653 4213 ubera
1683 4169 1769 4213 tua
1798 4162 1934 4216 vino.

612 4260 671 4318 4.
699 4261 876 4318 Ubera
907 4265 1001 4321 Dei
1029 4277 1178 4336 sunt,
1214 4270 1352 4324 sicut
1380 4271 1528 4340 prius
1556 4272 1809 4338 diximus,
1832 4273 2139 4328 humillima

542 4350 933 4409 incarnationis
958 4355 1074 4424 ejus
1104 4359 1511 4418 condescensio.
1534 4362 1808 4433 Sapientia
1833 4374 2012 4420 autem
2040 4381 2138 4421 saa-

543 4439 654 4495 culi
691 4443 845 4509 quasi
889 4445 1163 4513 quoddam
1194 4450 1375 4505 vinum
1400 4462 1483 4508 est
1513 4472 1525 4507 :
1559 4454 1769 4510 debriat
1796 4457 1937 4512 enim
1982 4472 2136 4512 men-

546 4538 689 4599 tem,
718 4536 843 4602 quia
884 4536 952 4590 ab
982 4537 1260 4596 intellectu
1299 4543 1615 4603 humilitatis
1663 4548 1895 4605 alienam
1943 4550 2134 4607 reddit.

2236 2163 2358 2220 loco
2390 2161 2575 2216 sentiri
2625 2160 2756 2224 hoc,
2788 2157 2935 2228 quod
2986 2156 3189 2211 dictum
3236 2161 3339 2218 est,
3389 2151 3457 2206 de
3509 2162 3834 2219 unaquaque

2238 2254 2413 2307 anima
2436 2252 2698 2316 diximus;
2724 2249 2902 2303 adhuc
2922 2246 3171 2302 eumdem
3193 2257 3434 2310 sensum,
3456 2241 3502 2296 si
3526 2253 3832 2310 possumus,

2234 2342 2521 2411 adiuvante
2551 2341 2797 2405 Domino,
2822 2337 3073 2394 subtilius
3101 2348 3481 2404 exsequamur.

2307 2434 2358 2488 5.
2389 2433 2575 2487 Omnis
2606 2432 2784 2485 anima
2832 2444 2952 2499 qua:
2982 2428 3135 2482 timet
3182 2426 3372 2492 Deum,
3422 2423 3533 2493 jam
3561 2422 3667 2477 sub
3706 2420 3834 2490 jugo

2237 2527 2352 2598 ejus
2381 2536 2483 2592 est,
2516 2524 2610 2580 sed
2638 2523 2813 2578 adhuc
2857 2524 3035 2591 longe,
3067 2521 3192 2589 quia
3222 2520 3377 2572 timet
3408 2534 3422 2569 :
3472 2530 3597 2569 nam
3629 2523 3833 2568 tantum

2236 2620 2462 2691 quisque
2492 2618 2558 2673 ad
2606 2617 2771 2672 Deum
2812 2614 3043 2686 prolicit,
3076 2622 3336 2683 quantum
3370 2625 3587 2681 ptenam
3632 2605 3835 2661 timoris

2237 2714 2456 2779 amittit,
2486 2720 2541 2767 et
2577 2711 2802 2780 gratiam
2831 2709 2898 2763 de
2930 2709 3021 2762 illo
3065 2704 3340 2761 charitatis
3363 2701 3616 2773 percipit.
3658 2698 3834 2754 Pona-

2237 2822 2355 2861 mus
2386 2813 2512 2859 ante
2542 2803 2725 2858 oculos
2756 2802 2991 2856 animam
3020 2798 3306 2867 cujuslibet
3351 2795 3532 2856 electi,
3557 2808 3681 2862 qua:
3704 2807 3834 2847 con-

2238 2899 2388 2953 tinuo
2418 2894 2686 2951 desiderio
2716 2894 2769 2947 in
2812 2906 3051 2947 amorem
3090 2888 3315 2944 visionis
3355 2884 3539 2955 sponsi
3580 2880 3834 2938 accendh

2240 2998 2347 3057 tur,
2372 2989 2493 3059 quia
2517 2988 2659 3057 quod
2688 2987 2741 3041 in
2770 2986 2873 3041 hac
2896 2984 3005 3038 vita
3037 2981 3274 3053 perfecte
3298 2979 3578 3051 percipere
3607 2992 3717 3031 non
3743 2990 3834 3029 va-

2237 3080 2332 3147 let,
2363 3079 2761 3149 contemplatur
2783 3076 2899 3146 ejus
2919 3074 3314 3140 celsitudinem,
3333 3079 3390 3127 et
3414 3085 3480 3125 ex
3510 3069 3629 3139 ipso
3653 3080 3834 3121 amore

2237 3172 2647 3242 compungitur;
2678 3168 2706 3206 δ
2738 3170 2852 3239 ipsa
2884 3168 3028 3223 enim
3072 3163 3419 3233 compunctio
3443 3175 3562 3231 quae
3590 3175 3691 3231 per
3712 3158 3835 3213 cha-

2238 3262 2453 3317 ritatem
2483 3262 2560 3325 tit,
2591 3276 2711 3328 quae
2739 3269 2794 3315 et
2821 3257 3091 3314 desiderio
3120 3256 3447 3319 accenditur,
3476 3253 3633 3322 quasi
3663 3250 3832 3323 quod-

2240 3358 2362 3412 dam
2384 3352 2625 3409 osculum
2649 3359 2734 3407 est
2759 3369 2773 3417 ;
2801 3351 2961 3405 toties
2982 3348 3125 3404 enim
3148 3348 3327 3401 anima
3345 3344 3625 3401 osculatur
3643 3341 3828 3405 Deum,

2240 3450 2525 3522 quotiesin
2556 3446 2671 3516 ejus
2692 3460 2877 3500 amore
2898 3441 3293 3513 compungitur.
3325 3438 3463 3494 Sunt
3485 3437 3629 3491 enim
3661 3434 3831 3501 multi,

2241 3544 2330 3612 qui
2358 3541 2466 3611 jam
2492 3538 2708 3608 quidem
2738 3535 3020 3591 Dominum
3044 3541 3310 3598 metuunt,
3339 3529 3449 3599 jam
3479 3528 3679 3583 bonam
3710 3539 3834 3595 ope-

2239 3638 2501 3692 rationem
2554 3633 2857 3703 recipiunt;
2900 3629 2996 3685 sed
3046 3628 3270 3683 necdum
3325 3623 3662 3684 osculantur,
3712 3617 3833 3689 quia

2238 3743 2423 3783 amore
2470 3725 2585 3795 ejus
2630 3724 2850 3778 minime
2897 3726 3348 3791 compunguntur.
3399 3714 3556 3783 Quod
3595 3715 3740 3769 bene
3783 3712 3835 3765 in

2237 3819 2484 3876 convivio
2514 3814 2768 3870 Pharisaei
2816 3814 3084 3883 signatum
3112 3818 3214 3876 est,
3248 3809 3338 3879 qui
3387 3822 3509 3863 cum
3549 3805 3836 3860 Dominum

2239 3909 2563 3979 recepisset,
2612 3920 2839 3975 cumque
2867 3903 3133 3959 osculanti
3161 3901 3374 3957 mulieri
3415 3898 3585 3969 pedes
3613 3896 3753 3967 ejus,
3785 3896 3835 3950 in

2241 3999 2405 4054 corde
2443 4014 2540 4053 suo
2589 3997 2895 4065 derogaret,
2944 3995 3188 4049 audivit:
3247 3991 3478 4047 Intranti
3522 3994 3578 4046 in
3630 3991 3834 4043 domum

2243 4100 2413 4156 tuam,
2445 4091 2675 4145 osculum
2712 4090 2839 4142 mihi
2876 4105 2979 4142 non
3009 4088 3232 4152 dedisti;
3278 4086 3386 4141 [nec
3425 4095 3601 4138 autem
3646 4100 3715 4138 ea:
3741 4099 3835 4155 quo

2242 4186 2477 4255 ingressa
2492 4192 2590 4253 est,
2614 4200 2719 4238 non
2745 4182 2959 4237 cessavit
2980 4182 3202 4237 osatlari
3227 4181 3383 4251 pedes
3404 4196 3544 4234 meos
3566 4177 3717 4248 (Luc.
3742 4192 3834 4243 v11,

2242 4272 2364 4343 44).
2391 4273 2577 4328 Omnis
2602 4275 2694 4344 qui
2715 4272 2826 4343 jam
2852 4272 3226 4343 eleemosynas
3248 4270 3396 4339 facit,
3424 4271 3517 4339 qui
3542 4272 3654 4339 jam
3681 4268 3837 4323 bonis

2242 4365 2499 4434 operibus
2520 4364 2720 4432 studet,
2744 4366 2898 4435 quasi
2921 4364 3189 4420 Christum
3212 4366 3265 4419 in
3281 4363 3590 4418 convivium
3612 4361 3832 4431 recipit,

2240 4455 2512 4512 Christum
2540 4457 2731 4527 pascit,
2762 4457 2854 4525 qui
2884 4471 3004 4512 eum
3034 4456 3085 4509 in
3112 4455 3367 4511 membris
3393 4455 3504 4509 suis
3531 4463 3836 4510 sustentare

2244 4566 2350 4606 non
2378 4550 2610 4618 desinit;
2641 4550 2737 4607 sed
2764 4550 2808 4604 si
2852 4550 3087 4605 nondum
3120 4564 3218 4618 per
3246 4563 3484 4603 amorem
3516 4545 3832 4616 compungi—

546 4624 710 4692 Quasi
741 4628 972 4696 quodam
1002 4631 1129 4688 vino
1168 4633 1483 4693 debriantur
1512 4641 1853 4712 philosophi,
1884 4643 2009 4698 dum
2040 4660 2138 4715 per
2171 4644 2217 4702 ι)
2243 4652 2348 4707 tur,
2381 4642 2557 4697 adhuc
2595 4641 2711 4711 ejus
2760 4641 2979 4712 vestigia
3018 4657 3125 4695 non
3167 4640 3459 4695 osculatur.
3502 4637 3834 4709 Prazponitur

540 4718 856 4775 saecularem
901 4723 1042 4793 vulgi
1092 4740 1328 4782 amorem
1378 4739 1672 4787 transeunt.
1706 4734 1876 4799 Quam
1922 4736 2134 4805 sapien-

543 4809 677 4865 tiam
701 4811 943 4868 Ecclesia
966 4815 1243 4886 despiciat,
1268 4820 1621 4877 humillimam
1646 4824 1937 4880 Dominicte
1963 4827 2136 4882 incar-

545 4902 780 4957 nationis
809 4906 1249 4973 pmdicationem
1274 4921 1496 4981 appetat
1528 4916 1545 4980 (
1572 4914 1691 4983 plus
1714 4915 1766 4969 ei
1793 4917 1966 4986 sapiat
1991 4918 2136 4987 quod

546 5006 644 5058 per
688 4992 1053 5052 inﬁrmitatem
1101 5003 1278 5056 carnis
1324 5003 1440 5070 ejus
1485 5004 1737 5071 nutritur,
1788 5022 1948 5075 quam
1992 5008 2138 5077 quod

547 5083 775 5140 mundus
803 5088 892 5144 hic
920 5106 1017 5159 per
1055 5093 1341 5149 elationem
1386 5093 1532 5151 falsze
1577 5098 1876 5167 prudentia:
1919 5101 2135 5156 extolli-

548 5172 698 5243 tur),
732 5186 787 5229 et
815 5177 957 5233 dicat
985 5198 996 5234 :
1035 5181 1170 5245 Quia
1199 5186 1412 5239 meliora
1433 5196 1552 5241 sunt
1575 5188 1735 5243 ubera
1764 5200 1852 5245 tua
1881 5193 1999 5247 vino
2018 5235 2034 5260 ,
2080 5191 2138 5247 id

548 5269 630 5315 est
660 5262 956 5323 humillima
986 5270 1370 5331 incarnationis
1398 5284 1504 5331 tute
1545 5278 1874 5348 praedicatio,
1903 5283 2137 5338 velatam

627 5430 654 5499 ξ’
684 5423 842 5499 _Rem_.
876 5428 1193 5499 acATheod.,
1224 5435 1315 5489 hoc
1346 5436 1477 5491 loco.

623 5488 659 5579 ξ
684 5492 769 5579 Ita_
787 5496 903 5550 Val.
921 5497 1003 5553 Cl.
1028 5501 1143 5556 aliis
1167 5488 1656 5563 contradicentibus
1676 5510 1991 5579 ubilegitur,
2020 5514 2145 5566 hau-

554 5560 659 5613 riat
682 5572 873 5618 autem.

634 5630 771 5717 s_Sic
794 5635 955 5717 habet
976 5636 1226 5717 Bothum.
1253 5647 1307 5701 In
1331 5649 1500 5703 tribus
1513 5650 1648 5715 aliis,
1667 5666 1731 5704 ex
1750 5662 1883 5705 actu.
1899 5652 2140 5709 Priorem

877 5707 1039 5795 pmluris
1062 5711 1360 5795 habendam
1392 5697 1673 5795 suaserunt
1695 5697 1811 5790 qur

554 5771 845 5863 legantur:
879 5775 953 5857 Os
989 5783 1171 5863 qtappe
1198 5788 1267 5863 ad
1305 5805 1359 5843 os
1390 5771 1566 5859 loqui,
1588 5771 2000 5859 ‘aiai'z'Bs'éafaii

556 5851 606 5895 et
632 5851 908 5931 linternfim
936 5851 1326 5931 intelligentiam
1356 5851 1782 5931 meiileiita'ngere.

630 5913 654 5952 ἀ
686 5912 787 5971 Hic
823 5915 972 5974 locus
1014 5920 1064 5974 in
1096 5912 1323 5991 genuina
1368 5928 1565 5984 Paterii
1595 5912 1914 5989 dilectione
1934 5976 1948 6001 ,
1980 5950 2142 6005 quam

2241 4749 2370 4805 ergo
2397 4735 2603 4805 pastori
2623 4734 2816 4789 mulier
2835 4749 2954 4803 quae
2979 4733 3272 4798 osculatur,
3293 4733 3420 4802 quia
3450 4741 3474 4768 ο
3506 4730 3835 4801 praeponitur

2242 4826 2513 4881 exteriora
2543 4841 2638 4881 sua
2668 4826 2839 4895 danti,
2870 4827 2915 4882 is
2938 4827 3030 4896 qui
3070 4827 3283 4881 interno
3314 4825 3513 4880 mentis
3542 4827 3738 4880 ardore
3782 4823 3832 4877 in

2243 4918 2509 4974 desiderio
2557 4918 2769 4974 Domini
2820 4918 3212 4989 compungitur.
3278 4917 3424 4973 Bene
3474 4926 3660 4972 autem
3721 4915 3832 4969 dic-

2244 5018 2356 5065 tum
2387 5019 2469 5066 est
2493 5027 2505 5064 :
2540 5009 2663 5065 Non
2693 5012 2904 5066 cessavit
2923 5012 3148 5066 osculari
3167 5011 3322 5080 pedes
3347 5026 3513 5065 meos.
3546 5008 3665 5063 Non
3692 5008 3832 5073 enim

2248 5103 2446 5159 sufﬁcit
2470 5104 2522 5158 in
2550 5119 2788 5159 amorem
2816 5103 2913 5157 Dei
2940 5104 3105 5157 semel
3134 5103 3423 5173 compungi
3452 5110 3510 5156 et
3535 5102 3832 5170 quiescere,

2248 5197 2340 5253 sed
2366 5197 2709 5267 compunctio
2736 5210 2858 5251 esse
2884 5195 3045 5250 debet
3067 5204 3123 5250 et
3140 5196 3487 5251 crebrescere
3515 5212 3529 5248 :
3552 5194 3698 5247 unde
3722 5205 3833 5244 mu-

2248 5286 2346 5342 lier
2372 5286 2494 5343 ideo
2526 5287 2791 5352 laudatur,
2824 5286 2951 5355 quia
2978 5287 3213 5343 osculari
3260 5302 3368 5343 non
3409 5285 3638 5352 destitit,
3663 5283 3716 5339 id
3756 5286 3836 5337 est

2246 5441 2421 5497 daturi
2449 5458 2662 5514 sumus,
2694 5442 2939 5498 laudatur
2985 5451 3241 5514 tanquam
3272 5459 3303 5497 a
3349 5442 3613 5513 Gregorio
3653 5443 3836 5513 proin-

2250 5523 2333 5568 tus
2363 5514 2414 5567 in
2456 5512 2801 5568 Canticorum
2851 5512 3222 5584 expositione,
3272 5516 3411 5581 quod
3454 5512 3835 5569 Observatione

2246 5584 2485 5651 dignum.
2521 5584 2597 5639 Ne
2637 5601 2766 5639 vero
2808 5584 3008 5642 fraudis
3038 5587 3241 5640 oriatur
3268 5585 3500 5653 suspicio
3521 5627 3536 5652 ,
3568 5584 3833 5638 admoneo

2247 5656 2569 5727 sententiam
2595 5657 2827 5727 lianc_ex
2857 5657 3064 5727 integro
3096 5656 3315 5725 reperiri
3342 5657 3395 5709 iu
3427 5658 3675 5710 omnibus
3704 5655 3830 5727 Mss.

2248 5726 2462 5787 nostris,
2497 5726 2700 5780 sciicrt
2729 5725 3029 5782 Turonensi
3063 5727 3121 5783 S.
3154 5728 3395 5793 Martini,
3432 5727 3741 5787 Divionensi
3771 5725 3828 5779 S.

2240 5795 2627 5870 BeuigniLYal.
2647 5796 2760 5870 _Cl.,
2795 5796 3024 5870 Theod.,
3056 5798 3209 5870 Rem.
3236 5815 3300 5854 ac
3331 5801 3652 5870 ltothomag.

2242 5859 2427 5992 da;ng
2469 5859 2681 5924 Theod.
2734 5859 2788 5924 et
2834 5864 2989 5923 Rem.
3014 5859 3207 5927 solum
3252 5872 3468 5943 legitur,
3513 5859 3828 5943 ρηέμοιιωιν
