4052 6338
277 373 384 429 481

922 366 1148 424 SUPER
1187 368 1487 427 CANTICA
1526 363 1969 423 CANTICORUM
2010 362 2388 421 EXPOSITIO.
2433 397 2503 407 -—
2540 365 2689 419 CAP.
2732 366 2769 418 l.

3462 379 3573 437 482

277 486 571 558 compungi
597 484 819 541 minime
846 483 1097 540 cessavit.
1143 482 1292 539 Unde
1318 498 1417 554 per
1435 482 1752 553 prophetam
1782 479 1869 534 di-
1898 482 1947 538 A
1976 478 2247 536 hominem
2286 483 2550 538 exhibuit.
2593 484 2669 539 De
2710 500 2817 554 qua
2848 486 3110 545 effusione
3154 490 3351 547 Paulus
3392 495 3523 551 dicit
3551 513 3569 554 :

277 582 420 637 citur
443 600 455 634 :
481 580 785 635 Constituite
808 579 943 632 diem
968 578 1249 632 solemnem
1286 578 1341 631 in
1365 572 1879 648 frequentationibus,

276 690 437 744 usque
476 673 545 725 ad
573 688 735 727 cornu
765 670 948 725 altaris
980 669 1156 739 (Psal.
1193 684 1356 735 cxvn,
1381 667 1497 736 27).
1526 666 1649 721 Dies
1678 664 1879 719 solem-

277 767 363 821 nis
404 765 631 820 Domino
657 771 743 818 est
782 760 1124 831 compunctio
1170 758 1350 815 cordis
1387 758 1591 822 nostri;
1622 755 1718 810 sed
1749 763 1877 809 tunc

276 857 334 911 in
364 853 802 924 frequentatione
830 851 946 906 dies
971 849 1228 905 solemnis
1261 848 1626 912 constituitur,
1658 862 1778 900 cum
1808 844 1875 900 ad

275 949 543 1017 lacrymas
571 961 671 1015 pro
701 958 887 999 amore
917 941 1034 1011 ejus
1062 940 1278 996 assidue
1306 947 1572 994 movetur.
1602 937 1702 992 Cui
1730 937 1875 991 velut

277 1039 324 1094 si
346 1038 691 1093 diceremus:
732 1033 976 1101 Quandiu
1011 1032 1112 1087 ism
1154 1030 1325 1085 acturi
1366 1031 1590 1084 sumus?
1634 1026 1880 1095 Quandiu

277 1128 716 1185 tribulationibus
738 1124 1034 1181 afﬁciemur
1056 1125 1079 1179 ?
1100 1122 1250 1178 Illico
1276 1123 1565 1177 terminum
1595 1136 1879 1191 quousque

276 1221 395 1277 ﬁeri
416 1221 610 1275 debeat
636 1218 933 1287 subjunxit,
958 1215 1144 1271 dicens
1168 1233 1180 1268 :
1213 1214 1384 1286 Usque
1401 1214 1468 1266 ad
1487 1229 1647 1267 cornu
1671 1214 1875 1268 altaris.

274 1313 460 1369 Cornu
489 1313 689 1383 quippe
716 1310 901 1365 altaris
926 1317 1007 1364 est
1035 1308 1292 1363 exaltatio
1314 1305 1558 1362 sacriﬁcii
1585 1306 1877 1371 interioris,

275 1404 440 1478 ωε
488 1404 574 1457 ubi
608 1419 729 1457 cum
785 1401 1224 1471 pervenerimus,
1253 1399 1364 1467 jam
1405 1413 1747 1467 nequaquam
1778 1412 1877 1453 ne-

277 1514 431 1556 cesse
459 1506 563 1565 est,
609 1505 670 1552 ut
697 1496 997 1551 solemnem
1029 1496 1170 1549 diem
1216 1495 1444 1549 Domino
1474 1494 1542 1548 de
1572 1502 1754 1549 nostra
1792 1493 1874 1547 la-

276 1590 611 1645 mentatione
636 1588 918 1642 faciamus.
947 1587 1141 1641 Anima
1167 1601 1297 1656 ergo
1323 1602 1441 1656 qua:
1464 1592 1575 1655 jam
1601 1602 1697 1657 per
1725 1602 1878 1642 amo-

275 1697 390 1737 rem
419 1680 707 1750 compungi
735 1679 1024 1743 desiderat,
1050 1694 1165 1746 qua:
1183 1679 1294 1748 jam
1321 1679 1679 1748 contemplari
1707 1678 1873 1733 visio~

275 1789 398 1829 nem
430 1772 613 1842 sponsi
652 1772 735 1827 sui
777 1772 1000 1842 appetit,
1044 1771 1188 1827 dicat
1227 1788 1239 1824 :
1284 1770 1558 1825 Osculetur
1595 1788 1675 1825 me
1702 1772 1877 1825 osculo

274 1883 379 1921 οηε
400 1882 503 1919 σαι.

1992 573 2090 637 Qui
2118 589 2231 627 cum
2258 576 2311 627 in
2344 578 2512 647 [arma
2548 576 2647 631 Dei
2682 587 2843 645 esset,
2875 599 2978 635 non
3009 586 3251 650 rapinam
3291 589 3572 643 arbitratus

1982 673 2058 717 est
2095 682 2150 718 se
2182 683 2292 719 esse
2329 670 2578 739 aequalem
2616 668 2761 736 Deo,
2802 674 2893 726 sed
2921 677 3248 745 semetipsum
3287 679 3575 734 exinanivit

1983 756 2205 825 {orntum
2235 758 2366 811 servi
2395 762 2649 830 accipiens
2679 762 2909 835 (Philip.
2945 783 3012 832 ιι,
3049 767 3129 839 7).
3185 768 3338 835 Quod
3377 769 3575 826 Paulus

1981 844 2142 911 dixit,
2187 848 2503 912 exinanivit;
2557 851 2660 907 hoc
2689 852 2947 911 Salomon
2986 857 3151 922 dixit,
3186 860 3387 928 effudit.
3440 862 3574 926 Quia

1982 949 2113 1004 ergo
2144 938 2381 993 humano
2410 942 2595 1009 generi
2622 944 2876 1000 Dominus
2897 962 2994 1017 per
3016 949 3372 1005 humilitatem
3400 952 3576 1007 incar—

1981 1030 2215 1086 nationis
2262 1032 2528 1099 innotuit,
2580 1036 2789 1091 dicatur
2829 1039 2879 1092 ei
2925 1057 2936 1090 :
2996 1039 3323 1112 Unguentum
3353 1044 3574 1113 e/fusum

1982 1140 2168 1177 nomen
2198 1135 2360 1180 tuum.
2392 1127 2649 1197 Sequitur
2675 1147 2688 1182 :

2054 1213 2233 1286 (Vers.
2264 1215 2343 1286 2.)
2388 1215 2514 1271 Ideo
2545 1218 2943 1275 adulescentula:
2973 1224 3265 1279 dilexerunt
3293 1234 3359 1280 te.

2053 1305 2106 1360 8.
2151 1307 2290 1374 Quid
2335 1309 2440 1364 hoc
2483 1310 2604 1365 loco
2634 1311 3089 1381 adolescentulus,
3134 1318 3235 1373 nisi
3281 1318 3578 1378 electorum

1983 1399 2193 1453 animas
2240 1415 2337 1469 per
2386 1401 2709 1471 baptismum
2756 1417 3043 1460 renovatas
3086 1410 3409 1478 accipimus?
3457 1412 3580 1468 Vita

1982 1490 2181 1559 quippe
2214 1493 2417 1559 peccati
2451 1494 2515 1545 ad
2548 1502 2788 1548 veterem
2839 1496 3111 1551 hominem
3158 1501 3420 1570 pertinet,
3468 1504 3581 1558 vita

1977 1579 2200 1649 justitizc
2227 1583 2291 1636 ad
2325 1598 2544 1637 novum.
2588 1583 2722 1650 Quia
2754 1602 2882 1658 ergo
2916 1599 3244 1657 unguentum
3276 1591 3423 1647 foras
3448 1592 3582 1648 effu-

1984 1671 2083 1737 dit,
2114 1673 2166 1726 in
2199 1690 2384 1729 amore
2406 1691 2506 1729 suo
2530 1675 2959 1733 adolescentulas
2990 1681 3242 1737 ardentes
3267 1683 3423 1748 fecit;
3454 1686 3583 1753 quia

1984 1772 2275 1817 renovatas
2307 1766 2516 1823 animas
2546 1766 2811 1822 desiderio
2842 1786 2941 1824 suo
2980 1770 3277 1840 fragrantes
3320 1775 3582 1832 exhibuit.

1987 1853 2213 1907 Puerilis
2259 1864 2392 1910 aetas
2444 1858 2613 1911 amori
2661 1860 2886 1914 necdum
2938 1867 3215 1931 congruit;
3274 1867 3459 1922 senilis
3513 1869 3582 1925 ab

346 1958 398 2012 6,
442 1957 538 2012 Ve]
567 1966 718 2013 certe
758 1956 1003 2012 osculum
1036 1956 1153 2026 ejus
1183 1956 1321 2018 opis,
1355 1965 1438 2011 est
1464 1957 1578 2026 ipsa
1604 1956 1867 2026 perfectio
1900 1950 1943 2008 Β
1974 1961 2156 2002 amore
2185 1947 2400 2002 desinit.
2454 1948 2597 2004 Puer
2635 1961 2735 2014 est,
2770 1953 2860 2022 qui
2894 1954 3012 2008 VllIB
3051 1955 3291 2011 ardentis
3334 1959 3574 2014 studium

274 2050 427 2122 pacis
451 2050 699 2118 internae,
727 2050 794 2105 ad
821 2066 982 2119 quam
1013 2066 1134 2105 cum
1168 2051 1593 2120 pervenerimus,
1622 2050 1754 2104 nihil
1782 2066 1871 2105 re-

273 2142 513 2198 manebit
552 2143 782 2213 amplius
810 2143 956 2212 quod
985 2157 1310 2211 qureramus.
1348 2140 1499 2196 Unde
1521 2150 1576 2195 et
1601 2152 1726 2211 apte
1748 2142 1875 2198 sub-

273 2232 533 2302 iungitur.
577 2234 711 2301 Quia
746 2235 963 2287 mxliora
1000 2243 1119 2287 sunt
1164 2234 1320 2287 ubera
1361 2234 1473 2304 ejus
1504 2234 1637 2287 vino.
1676 2232 1873 2288 Vinum

274 2327 421 2382 enim
450 2335 534 2381 est
563 2327 789 2382 scientia
820 2327 943 2390 Dei,
985 2342 1147 2396 quam
1175 2326 1227 2380 in
1256 2326 1355 2380 ista
1388 2326 1494 2379 \ita
1522 2325 1687 2395 positi
1716 2340 1875 2381 acce-

276 2418 490 2491 pimus;
522 2420 687 2475 ubera
721 2428 900 2475 autem
930 2422 1116 2490 sponsi
1158 2427 1285 2474 tunc
1323 2418 1720 2488 amplectimur,
1751 2433 1876 2473 cum

276 2529 403 2571 eum
428 2513 541 2583 jam
570 2515 624 2568 in
664 2522 862 2568 aeterna
903 2514 1077 2583 patria
1107 2528 1205 2583 per
1236 2513 1541 2582 amplexum
1579 2511 1876 2583 praesentia:

275 2606 728 2675 contemplamur.
778 2606 931 2661 Dicat
965 2620 1094 2675 ergo
1128 2624 1141 2660 :
1174 2605 1399 2661 Meliora
1430 2616 1548 2660 sunt
1588 2605 1746 2660 ubera
1789 2616 1876 2661 tua

274 2698 415 2753 uino.
448 2698 525 2752 Ae
547 2699 591 2752 si
616 2699 758 2753 dicat
791 2716 802 2750 :
845 2697 1035 2766 Magna
1066 2706 1150 2753 est
1177 2698 1393 2767 quidem
1422 2698 1671 2761 scientia,
1705 2712 1869 2766 quam

277 2790 350 2845 de
376 2798 433 2844 te
460 2789 592 2843 mihi
621 2790 673 2843 in
706 2789 807 2844 hac
834 2798 942 2841 vita
966 2789 1272 2855 contulisti;
1303 2803 1554 2857 magnum
1580 2795 1663 2842 est
1691 2788 1876 2843 vinum

277 2883 489 2937 notitia:
519 2890 654 2946 tum,
701 2898 808 2952 quo
846 2896 932 2935 me
970 2881 1215 2948 debrias;
1263 2882 1359 2935 sed
1403 2882 1570 2936 ubera
1619 2888 1709 2934 tua
1753 2887 1879 2933 sunt

276 2972 409 3028 vino
437 2972 658 3028 meliora
676 3015 691 3040 ,
723 2973 848 3042 quia
890 2980 1015 3027 tunc
1042 2987 1138 3041 per
1166 2972 1401 3041 speciem
1433 2981 1489 3026 et
1514 2987 1610 3040 per
1636 2969 1878 3039 sublimi-

276 3071 450 3119 tatem
486 3064 958 3133 contemplatinnis
998 3062 1399 3123 transcenditur
1437 3059 1697 3131 quidquid
1727 3059 1795 3113 de
1824 3067 1879 3114 te

277 3157 449 3212 modo
480 3172 577 3227 per
606 3156 765 3211 ﬁdem
792 3158 978 3212 scitur.
1024 3157 1090 3209 Et
1117 3156 1245 3211 odor
1272 3163 1647 3227 unguentorum
1673 3162 1877 3208 tuorum

274 3264 435 3318 super
472 3249 647 3305 omnia
676 3258 944 3313 aromata;
974 3248 1100 3302 dum
1131 3248 1330 3302 virtute
1376 3247 1645 3314 scientiae,
1678 3247 1875 3302 virtute

1982 2040 2209 2094 necdum
2243 2042 2441 2111 C(Bpil;
2485 2058 2647 2098 senex
2688 2054 2788 2111 est,
2821 2048 2911 2115 qui
2939 2058 3180 2117 coeperat
3210 2051 3448 2118 quidem,
3481 2051 3577 2108 sed

1981 2130 2160 2187 desiit.
2194 2132 2327 2199 Quia
2352 2149 2481 2203 ergo
2504 2151 2681 2205 neque
2710 2137 2761 2191 hi
2795 2138 3019 2208 ﬂagrant
3049 2140 3100 2192 in
3131 2140 3294 2211 406
3324 2141 3575 2207 Domino,

1978 2224 2070 2293 qui
2113 2225 2339 2279 necdum
2370 2238 2649 2296 ceperunt,
2697 2245 2872 2300 neque
2921 2232 2973 2286 hi
3004 2232 3096 2301 qui
3142 2236 3251 2300 jam
3293 2243 3573 2304 ceperant,

1979 2318 2073 2372 sed
2119 2317 2448 2387 friguerunt;
2499 2314 2803 2393 postposita
2846 2326 3038 2395 puerili
3076 2326 3163 2381 vel
3202 2327 3355 2381 senili
3396 2336 3579 2399 actate,

1983 2410 2402 2467 adolescentulze
2440 2430 2660 2469 currere
2708 2416 2977 2481 dicuntur,
3025 2416 3078 2471 id
3108 2426 3190 2471 est
3236 2418 3338 2471 illa:
3386 2419 3578 2476 anima:

1984 2518 2103 2573 quae
2135 2504 2187 2557 in
2220 2505 2337 2574 ipso
2369 2504 2595 2561 fervoris
2626 2523 2809 2562 amore
2831 2516 2975 2563 sunt.

2054 2595 2107 2650 9.
2150 2595 2303 2663 Quod
2336 2606 2512 2652 tamen
2546 2599 2843 2667 intelligere
2875 2601 3030 2654 aliter
3053 2616 3357 2671 possumus.
3392 2603 3580 2662 Potest

1985 2687 2129 2742 enim
2162 2688 2527 2744 adolescentia
2570 2691 2635 2744 ad
2670 2692 3035 2746 infirmitatem
3066 2692 3277 2750 referri.
3309 2695 3583 2754 Juveniles

1985 2778 2185 2848 quippe
2218 2788 2407 2834 aetates
2437 2791 2561 2835 sunt
2592 2782 2725 2835 ordo
2754 2784 3089 2850 angelorum,
3124 2785 3215 2852 qui
3256 2787 3398 2840 nulla
3429 2788 3605 2849 debi-j

1987 2869 2143 2923 litate
2166 2871 2295 2924 victi
2321 2880 2479 2937 sunt,
2533 2873 2676 2926 nulla
2717 2873 3028 2929 inlirmitate
3059 2877 3313 2944 superati.
3369 2878 3586 2935 Dicatur

1982 2975 2114 3027 ergo
2147 2982 2158 3017 :
2194 2963 2524 3034 Unguentum
2554 2966 2775 3035 e/j‘usum
2799 2976 2875 3020 est
2897 2985 3082 3023 nomen
3116 2979 3277 3036 tuum,
3309 2970 3426 3026 ideo
3454 2974 3584 3028 ado-

1983 3054 2282 3110 lescentulw
2311 3056 2604 3111 dilexerunt
2640 3068 2718 3124 te;
2749 3058 2801 3112 id
2837 3067 2936 3124 est,
2971 3061 3097 3130 quia
3128 3076 3226 3131 per
3247 3063 3583 3120 incarnatio-

1982 3163 2106 3202 nem
2141 3156 2308 3212 tuam,
2345 3150 2594 3204 notitiam
2640 3160 2783 3205 tuam
2825 3153 3061 3207 exterius
3092 3154 3343 3221 eﬂ‘udisti,
3379 3156 3581 3214 idcirco

1982 3241 2210 3295 inlirmm
2253 3242 2447 3296 animae
2494 3252 2740 3297 naturam
2788 3244 3075 3298 humanam
3119 3246 3343 3317 diligere
3371 3264 3581 3318 prteva-

273 3341 562 3408 castitatis,
608 3343 807 3396 virtute
837 3342 1240 3404 misericordrze,
1288 3342 1489 3397 virtute
1531 3341 1870 3405 humilitatis,
1901 3357 1947 3419 ρ
1980 3332 2110 3387 lem.
2158 3332 2266 3387 "lin
2298 3335 2498 3404 quippe
2523 3334 2764 3389 Vir'UN’S
2793 3352 3016 3390 summa?
3042 3341 3191 3405 quasi
3221 3340 3394 3394 ωῑδιίε
3420 3340 3580 3406 Ιιινθ⁴

271 3433 478 3489 virtute
508 3434 789 3489 charitatis
833 3434 1022 3503 pollet.
1069 3433 1123 3487 Si
1154 3442 1466 3489 sanctorum
1508 3434 1617 3487 vita
1649 3433 1873 3487 odorem

270 3534 583 3583 aromatum
609 3541 673 3580 ex
698 3527 989 3581 virtutibus
1018 3540 1126 3579 non
1154 3525 1398 3591 haberet,
1429 3524 1629 3579 Paulus
1658 3540 1766 3579 non
1794 3524 1878 3578 di-

270 3625 426 3674 ceret
468 3634 481 3669 :
532 3614 720 3670 Christi
762 3616 925 3671 bonus
965 3617 1093 3670 odor
1130 3631 1306 3669 sumus
1337 3615 1447 3670 Deo
1475 3618 1530 3671 in
1577 3616 1717 3670 omni
1763 3615 1875 3669 loco

270 3707 365 3777 (ΙΙ
394 3705 516 3762 Cor.
550 3723 587 3772 ι,
616 3706 728 3775 15).
763 3706 872 3763 Sed
902 3708 1059 3776 longe
1087 3708 1439 3762 excellentior
1461 3715 1544 3763 est
1568 3707 1658 3761 illa
1690 3706 1876 3762 unctio

270 3797 392 3858 Dei,
425 3796 494 3851 ad
522 3812 683 3868 quam
714 3798 1041 3867 quandoque
1068 3797 1299 3853 ducendi
1328 3813 1544 3863 sumus;
1586 3797 1746 3866 longe
1774 3812 1872 3852 ex-

272 3888 557 3946 cellentior
584 3899 665 3944 est
692 3890 829 3945 odor
855 3899 1251 3959 unguentorum
1282 3891 1377 3946 Dei
1407 3891 1737 3946 aromatibus
1760 3892 1871 3945 vir-

269 3988 449 4036 tutum
472 3991 780 4037 nostrarum
808 4000 820 4035 :
848 3981 913 4035 Et
936 3983 980 4036 si
999 3982 1112 4051 jam
1138 3996 1329 4051 magna
1361 3990 1487 4037 sunt
1516 3996 1635 4051 qua:
1657 3982 1870 4054 accepi—

269 4087 429 4136 mus,
472 4071 621 4127 valde
660 4081 842 4126 tamen
876 4071 1087 4141 potiora
1126 4079 1252 4126 sunt
1280 4086 1399 4140 quae
1435 4071 1502 4125 de
1537 4072 1870 4141 contempla-

270 4162 427 4217 tione
447 4158 713 4217 Creatoris
744 4163 917 4216 nostri
944 4164 1218 4232 accepturi
1242 4178 1447 4217 sumus.
1475 4160 1630 4216 Unde
1651 4162 1869 4217 anhelet

268 4252 451 4309 anima
474 4261 528 4306 et
546 4254 688 4309 dicat
714 4271 725 4306 :
751 4254 880 4307 odor
898 4263 1277 4325 unguentorum
1301 4264 1504 4309 tuorum
1522 4271 1675 4325 super
1690 4256 1865 4309 omnia

268 4353 538 4407 aromata;
572 4344 625 4397 id
648 4353 764 4409 est,
797 4345 937 4400 bona
978 4344 1068 4399 illa
1096 4360 1216 4415 quae
1245 4361 1341 4413 per
1355 4346 1867 4414 contemplationem

268 4451 578 4507 prteparas,
611 4436 715 4491 ista
754 4436 936 4491 omnia
976 4437 1232 4491 virtutum
1279 4452 1502 4491 munera
1536 4451 1656 4507 qua:
1685 4437 1737 4490 in
1766 4438 1869 4493 hac

268 4528 383 4582 vita
414 4529 677 4595 tribuisti,
721 4530 1126 4584 transcendunt.
1163 4529 1413 4584 Dicamus
1437 4529 1562 4585 huic
1591 4528 1864 4594 Ecclesiae,

266 4620 517 4676 dicamus
537 4622 660 4675 huic
681 4621 895 4687 animat,
926 4622 1004 4677 sic
1026 4623 1249 4684 amanti,
1274 4624 1351 4678 sic
1371 4623 1618 4677 :estuanti
1641 4623 1694 4677 in
1717 4638 1869 4677 amo-

266 4727 385 4766 rem
414 4712 599 4780 sponsi
627 4713 730 4775 sui,
765 4713 905 4767 unde
934 4722 1138 4767 tantum
1170 4713 1496 4768 desiderium
1529 4716 1868 4785 perceperit?

1985 3424 2127 3490 nilis,
2164 3426 2326 3479 etiam
2357 3426 2428 3479 ibi
2462 3435 2513 3479 te
2542 3427 2789 3495 diligunt,
2825 3427 2915 3481 ubi
2944 3428 3092 3483 fusus
3122 3444 3228 3483 non
3258 3445 3337 3496 es,
3368 3433 3496 3500 quia
3526 3439 3581 3486 et

1985 3517 2055 3571 ibi
2086 3524 2139 3571 te
2168 3518 2374 3581 vident,
2408 3518 2497 3571 ubi
2522 3518 2573 3570 in
2605 3526 2749 3573 statu
2776 3518 3072 3575 divinitatis
3101 3528 3153 3574 te
3179 3523 3441 3578 contines.
3475 3523 3577 3591 Qui

1982 3621 2113 3676 ergo
2154 3609 2221 3661 ah
2260 3608 2366 3662 illis
2407 3609 2635 3663 summis
2664 3609 2977 3676 ordinibus,
3009 3613 3162 3681 quasi
3196 3628 3225 3667 a
3251 3612 3577 3683 juvenilibus

1982 3698 2231 3754 aetatibus
2269 3700 2429 3753 etiam
2476 3716 2585 3755 non
2628 3700 2776 3756 fusus
2817 3701 3045 3769 videris,
3087 3704 3323 3761 exterius
3354 3714 3577 3776 prepter

1981 3791 2231 3847 homines
2257 3791 2530 3859 funderis;
2562 3800 2620 3848 ut
2649 3794 2812 3849 etiam
2854 3795 2922 3849 ab
2952 3795 3386 3864 adolescentulis,
3412 3796 3465 3852 id
3490 3807 3576 3855 est

1982 3883 2049 3939 ab
2079 3883 2307 3939 infirmis
2332 3885 2599 3940 mentibus
2624 3885 2886 3955 diligaris.
2915 3887 3209 3957 Sequitur:

2050 3976 2226 4046 (Vers.
2258 3977 2337 4047 '5.)
2364 3976 2549 4037 ,Trahe
2574 3995 2674 4034 me.

2048 4068 2131 4123 l0.
2174 4067 2360 4125 Omnis
2385 4070 2476 4140 qui
2519 4070 2777 4137 trahitur,
2810 4080 2902 4125 aut
2944 4088 3053 4127 non
3084 4073 3299 4135 valens,
3342 4082 3439 4128 aut
3464 4091 3574 4132 non

1974 4162 2188 4223 volens,
2234 4162 2432 4216 invitus
2460 4163 2712 4216 trahitur.
2763 4160 2870 4216 Sed
2899 4163 2989 4230 qui
3020 4162 3151 4216 dicit
3194 4181 3206 4216 :
3256 4163 3424 4217 Tralie
3469 4182 3570 4231 me,

1971 4252 2136 4308 habet
2167 4253 2367 4321 aliquid
2390 4254 2534 4321 quod
2566 4254 2700 4317 vult,
2735 4252 2899 4306 habet
2928 4252 3126 4320 aliquid
3152 4254 3297 4323 quod
3328 4271 3433 4309 non
3458 4256 3575 4312 vult

1978 4345 2161 4419 [Forte
2204 4348 2474 4418 legendum
2513 4362 2619 4399 non
2657 4344 2842 4416 valet].
2893 4344 3094 4399 Natura
3143 4346 3375 4402 humana
3417 4350 3573 4421 sequi

1977 4440 2145 4495 Deum
2186 4440 2328 4503 vult,
2380 4437 2474 4492 sed
2507 4436 2833 4492 infirmitatis
2860 4439 3251 4495 consuetudine
3296 4449 3568 4512 superata,

1974 4533 2113 4588 sicut
2140 4533 2300 4587 debet
2331 4532 2484 4602 sequi
2514 4541 2537 4568 ει
2566 4548 2672 4586 non
2698 4533 2974 4602 praevalet.
2997 4532 3157 4589 Videt
3184 4550 3311 4605 ergo
3342 4536 3484 4591 aliud
3515 4537 3571 4591 in

1976 4638 2033 4678 se
2062 4638 2181 4677 ese
2208 4638 2315 4691 quo
2350 4622 2541 4683 tendit.
2587 4622 2733 4676 aliud
2764 4624 2818 4677 in
2849 4639 2909 4679 se
2936 4639 3055 4680 esse
3090 4626 3233 4696 quod
3266 4644 3373 4681 non
3403 4628 3568 4695 valet,

1975 4724 2027 4769 et
2070 4722 2219 4768 recte
2247 4712 2418 4766 dicit:
2456 4711 2625 4767 Trahe
2667 4730 2766 4768 me.
2802 4713 2963 4780 Quasi
2995 4715 3281 4783 volentem,
3330 4734 3430 4771 nec
3470 4732 3569 4770 va—

269 4800 425 4857 Unde
476 4805 720 4859 notitiam
765 4806 1060 4860 divinitatis
1099 4807 1217 4876 ejus
1260 4809 1715 4879 apprehenderit?
1762 4808 1870 4865 Sed
1894 4820 1951 4879 ι)
1976 4807 2175 4861 lentem
2211 4821 2268 4861 se
2298 4805 2513 4860 viderat
2534 4805 2754 4873 Paulus,
2785 4822 2907 4861 cum
2936 4808 3178 4863 diceret:
3211 4809 3387 4862 Mente
3407 4810 3571 4864 servio

266 4910 399 4951 ecce
429 4897 570 4951 unde
590 4897 939 4966 exprimeret,
973 4898 1105 4952 dicit
1131 4915 1144 4950 :

344 4988 521 5060 (Vers.
554 4990 634 5061 2.)
672 4990 999 5062 Unguentum
1022 4990 1243 5060 eﬂ‘usum
1271 5008 1457 5045 nomen
1489 5003 1648 5046 tuum.

340 5083 393 5137 7.
430 5081 772 5153 Unguentum
802 5083 1053 5151 eliusum,
1084 5092 1169 5139 est
1193 5082 1447 5137 divinitas
1474 5084 1775 5139 incarnata.
1809 5084 1867 5140 Si

262 5176 411 5231 enim
454 5176 523 5231 sit
555 5188 885 5246 unguentum
916 5178 969 5232 in
998 5177 1237 5244 vasculo,
1280 5178 1393 5233 olet
1432 5177 1630 5244 minus,
1663 5180 1705 5235 si
1737 5194 1867 5234 vero

202 5260 205 5263 ’
263 5266 589 5335 eﬂunditur,
647 5269 782 5323 odor
823 5268 974 5324 eliusi
1013 5270 1268 5338 unguenti
1327 5268 1602 5323 dilatatur.
1660 5269 1863 5325 Numen

262 5374 399 5429 ergo
422 5358 539 5427 Dei,
564 5369 893 5431 unguentum
909 5360 1134 5416 effusum
1156 5370 1260 5428 est,
1277 5361 1401 5430 quia
1417 5361 1483 5417 ab
1507 5361 1866 5417 immensitate

263 5452 561 5508 divinitatis
586 5469 698 5509 sua:
721 5454 790 5509 ad
820 5463 1066 5510 naturam
1088 5464 1331 5511 nostram
1361 5471 1421 5510 se
1444 5456 1684 5511 exterius
1709 5456 1861 5521 fudit,

260 5552 319 5599 et
347 5544 417 5598 ab
445 5559 512 5600 eo
539 5546 682 5614 quod
708 5554 791 5601 est
816 5547 1116 5613 invisibilis,
1140 5562 1200 5601 se
1230 5548 1500 5603 visibilem
1523 5548 1785 5608 reddidit:
1817 5550 1865 5605 si

261 5637 411 5692 enim
433 5653 543 5693 non
566 5654 626 5694 se
655 5636 975 5705 effunderet,
1003 5653 1344 5710 nequaquam
1372 5642 1530 5697 nobis
1559 5642 1866 5699 innotesce-

260 5738 369 5785 ret.
399 5727 601 5785 Effudit
625 5747 684 5788 se
705 5740 1058 5802 unguentum,
1087 5747 1213 5789 cum
1245 5746 1306 5790 se
1333 5731 1502 5789 Deum
1528 5736 1783 5804 servavit,
1811 5745 1867 5793 et

344 5900 370 5927 ⁸
395 5890 515 5947 Val.
546 5891 653 5963 CL,
679 5910 785 5950 non
804 5902 993 5964 potest.

1974 4901 2076 4971 legi
2105 4899 2227 4962 Dei,
2259 4917 2414 4954 carne
2442 4909 2615 4955 autent
2655 4902 2753 4973 legi
2781 4902 2980 4972 peccati
3006 4901 3184 4972 (Rom.
3212 4919 3303 4963 vn,
3336 4900 3459 4970 25);
3493 4911 3570 4969 et,

1985 4994 2147 5049 Video
2178 4994 2337 5048 aliam
2358 4995 2525 5065 legem
2546 4996 2599 5048 in
2626 4995 2867 5049 membris
2898 4996 3043 5058 meis,
3078 5005 3447 5064 repugnantem
3470 4995 3581 5066 legi.

1973 5090 2161 5143 mentis
2190 5105 2317 5142 mea:
2347 5086 2536 5161 (Ibid.,
2569 5086 2684 5158 25).
2714 5086 2848 5154 Quia
2872 5102 3001 5155 ergo
3044 5085 3187 5140 aliud
3213 5096 3298 5143 est
3327 5087 3377 5141 in
3410 5088 3570 5143 nobis

1975 5182 2118 5253 quod
2151 5198 2248 5237 nos
2278 5183 2487 5249 incitat,
2514 5180 2656 5235 aliud
2680 5180 2823 5251 quud
2846 5188 3053 5247 gravat,
3084 5178 3326 5235 dicamus
3352 5197 3363 5232 :
3400 5174 3570 5233 Tro/re

1974 5291 2053 5327 me
2082 5282 2199 5344 post
2228 5284 2305 5337 te;
2337 5289 2599 5327 curremus
2620 5274 2675 5326 in
2697 5273 2911 5327 odorem
2932 5278 3310 5341 unguentorum
3341 5280 3565 5325 tuorum.

1974 5366 2031 5421 In
2076 5366 2297 5421 odorem
2340 5373 2733 5433 unguentorum
2783 5364 2878 5418 Dei
2922 5364 3207 5428 currimus,
3250 5379 3371 5417 cum
3411 5363 3568 5420 donis

1976 5460 2091 5529 ejus
2139 5457 2507 5528 spiritualibus
2546 5454 2741 5515 alllati,
2793 5455 2845 5508 in
2896 5470 3136 5509 amorem
3184 5454 3405 5509 visionis
3449 5453 3566 5525 ejus

1972 5551 2257 5606 inhiamus.

2044 5645 2132 5701 ll.
2174 5645 2462 5701 Sciendum
2492 5658 2623 5699 vero
2649 5651 2752 5709 est,
2792 5643 2918 5714 quia
2951 5643 3004 5698 in
3033 5658 3099 5699 eo
3138 5643 3283 5716 quod
3318 5644 3565 5700 homines

1972 5739 2143 5796 Deum
2190 5744 2513 5810 sequuntur,
2567 5735 2857 5807 aliquando
2904 5736 3215 5808 ambulant,
3274 5736 3563 5811 aliquando

2482 5883 2529 5895 -αο
