4052 6338
275 399 376 460 λεδ

866 403 1094 464 SUPER
1129 405 1422 468 GANTlCA
1455 403 1902 472 CANTICORUM
1929 405 2322 474 EXPUSTTYO.
2365 448 2435 461 —
2477 415 2629 474 CAP.
2671 409 2710 471 Ι.

3417 429 3522 496 486

273 527 388 574 sunt
430 513 693 588 apostoli,
730 514 899 575 ubera
920 516 1064 577 illius
1090 533 1217 578 sunt
1243 540 1431 582 omnes
1459 527 1837 599 praedicatores
1865 531 1913 592 Α
1941 526 2207 585 Parantur
2233 545 2360 601 ergo
2380 533 2599 603 praemia
2623 534 3059 606 exspectantibus
3088 529 3374 599 adventum
3403 545 3522 618 Dei,

271 611 524 668 Ecclesiae.
557 611 773 682 Vinum,
796 615 934 671 sicut
959 619 1204 688 superius
1224 618 1476 692 diximus,
1506 622 1606 678 fuit
1635 624 1688 679 in
1713 640 1838 695 pro-

270 705 461 776 phetis,
500 704 682 758 vinum
719 703 821 760 fuit
864 705 918 762 in
961 703 1113 778 lege;
1145 709 1239 765 sed
1267 713 1391 782 quia
1422 713 1686 784 ampliora
1716 721 1842 768 sunt

268 793 381 850 data
409 808 505 864 per
532 797 809 866 apostolos
830 797 1106 864 mandata,
1137 817 1297 873 quam
1324 802 1450 857 data
1490 801 1703 858 fuerant
1741 819 1839 874 per

267 883 562 958 prophetas,
593 894 741 942 recte
764 903 909 944 nunc
937 889 1135 946 dicitur
1162 909 1174 944 :
1203 887 1461 949 Hemores
1483 887 1694 949 uberum
1716 903 1834 950 tuo-

263 994 369 1032 rum
395 994 545 1048 super
571 977 744 1033 vinum
767 996 786 1034 :
817 981 943 1052 quia
970 983 1062 1053 qui
1091 983 1191 1039 ista
1215 996 1445 1057 possunt
1472 988 1696 1059 implere
1717 1005 1834 1062 qua:

264 1069 313 1125 in
337 1065 484 1124 Novo
515 1067 866 1128 Testamento
904 1075 1164 1131 mandata
1191 1086 1336 1148 sunt,
1375 1078 1523 1135 illam
1551 1080 1834 1136 scientiam

262 1148 410 1226 chis
437 1153 552 1210 sine
575 1153 740 1212 dubio
769 1160 1172 1217 transcendunt.

324 1265 405 1324 16.
445 1265 604 1336 Quod
649 1277 829 1326 tamen
875 1280 932 1327 et
969 1272 1126 1330 aliter
1161 1275 1467 1346 intelligere
1497 1295 1784 1352 possumus
1817 1299 1833 1339 :

256 1357 499 1414 leuiores
525 1359 736 1416 uberum
767 1371 970 1418 tuorum
997 1381 1150 1437 super
1175 1368 1366 1423 vinum.
1396 1368 1533 1426 Sunt
1560 1373 1715 1428 multi
1745 1375 1836 1444 qui

255 1452 425 1507 vinum
465 1453 687 1522 quidem
726 1456 1012 1526 sapientia:
1055 1458 1294 1529 habent,
1335 1461 1431 1518 sed
1471 1465 1835 1534 cognitionem

252 1545 559 1602 humilitatis
604 1563 714 1604 non
756 1548 975 1605 habent.
1024 1550 1164 1608 lstos
1209 1553 1431 1610 scientia
1474 1554 1658 1622 inﬂat,
1708 1558 1835 1629 quia

251 1639 476 1698 cbaritas
505 1657 616 1698 non
643 1639 896 1700 aediﬁcat.
927 1643 1067 1701 Sunt
1091 1661 1219 1703 vero
1249 1649 1402 1708 multi
1428 1649 1519 1721 qui
1543 1650 1621 1707 sic
1648 1651 1832 1708 viuum

248 1734 478 1792 scientias
514 1736 751 1804 habent,
786 1745 846 1793 ut
871 1738 1045 1794 sciant
1073 1741 1420 1798 considerare
1453 1740 1598 1798 dona
1629 1743 1834 1800 doctri-

247 1842 345 1895 nae,
391 1827 535 1883 dona
578 1829 1115 1902 spiritualisgratim;
1165 1832 1306 1889 dona
1351 1835 1496 1889 enim
1541 1835 1834 1906 spiritualis

246 1918 441 1988 gratim,
464 1919 621 1989 quasi
647 1921 893 1990 quaedam
915 1922 1169 1979 mamilla:
1195 1933 1322 1980 sunt
1347 1927 1400 1982 in
1431 1936 1681 1997 pectore,
1712 1944 1831 2000 quae

245 2012 507 2068 subtiliter
537 2013 766 2070 occultis
793 2016 1063 2072 meatibus
1105 2019 1474 2087 spiritualibus
1501 2023 1828 2091 ministrant,
1862 2001 1910 2062 Β

244 2110 298 2161 et
325 2104 596 2159 nutriunt.
629 2104 886 2162 Mensores
915 2121 1046 2177 ergo
1076 2108 1287 2164 uberum
1332 2119 1534 2165 tuorum
1564 2130 1718 2184 super
1756 2116 1833 2170 vi-

240 2211 360 2254 num
387 2212 405 2250 :
444 2197 578 2268 quia
604 2197 660 2252 hi
691 2199 784 2270 qui
808 2199 1012 2254 sectari
1041 2200 1220 2255 sciunt
1238 2201 1379 2256 dona
1407 2203 1593 2270 gratia:
1620 2212 1746 2272 tuae,
1773 2213 1836 2260 ut

241 2285 337 2342 sibi
368 2302 478 2343 non
531 2287 773 2344 tribuant
812 2289 957 2360 quod
984 2292 1230 2362 sapiunt,
1275 2293 1374 2348 sed
1419 2295 1488 2351 de
1526 2296 1714 2352 eadem
1741 2313 1834 2353 sa-

239 2379 437 2453 pientia
483 2396 650 2453 quam
697 2391 1058 2455 acceperunt,
1109 2400 1219 2441 non
1263 2386 1624 2457 extolluntur;
1673 2406 1836 2462 super

239 2470 354 2530 illos
399 2474 494 2544 qui
546 2473 615 2531 de
660 2474 927 2544 sapientia
966 2491 1064 2532 sua
1114 2478 1468 2545 extolluntur,
1511 2480 1830 2539 eﬂ‘eruntur.

240 2561 362 2619 Plus
389 2573 474 2619 est
505 2565 651 2620 enim
683 2565 957 2620 humiliter
991 2581 1183 2636 sapere
1218 2584 1378 2639 quam
1406 2585 1627 2641 sapere;
1661 2588 1838 2642 neque

240 2655 379 2716 enim
404 2672 538 2713 vere
565 2672 756 2728 sapere
783 2666 884 2726 est,
913 2659 1186 2717 humiliter
1207 2677 1314 2718 non
1338 2678 1552 2736 sapere.
1579 2663 1837 2720 Mensores

239 2759 363 2816 ergo
387 2747 609 2804 uberum
637 2757 840 2806 tuorum
868 2768 1024 2824 super
1058 2753 1408 2824 vinum:quia
1435 2756 1667 2812 scientes
1695 2756 1838 2813 dona

233 2842 534 2911 spiritualis
555 2845 743 2913 gratim
765 2846 1145 2915 considerare,
1196 2849 1580 2906 transcendunt
1606 2866 1699 2908 eos
1745 2852 1838 2922 qui

233 2935 519 2994 scientiam
545 2938 764 3008 quidem
791 2938 1014 3006 habent,
1041 2939 1137 2996 sed
1153 2941 1518 3010 cognitionem
1544 2943 1598 2998 in
1623 2958 1831 3000 memo-

230 3027 362 3084 riam
393 3029 668 3086 donorum
689 3045 805 3086 non
833 3031 1058 3088 habent.
1089 3030 1293 3103 Aperte
1323 3047 1452 3105 ergo
1483 3033 1668 3091 dicere
1699 3044 1783 3093 est
1808 3054 1824 3092 ε

227 3118 488 3178 Uentam
518 3119 732 3180 uberum
758 3131 963 3178 tuorum:
996 3139 1155 3195 super
1181 3125 1353 3182 viuum
1394 3142 1414 3180 :
1461 3127 1587 3198 quia
1629 3127 1823 3185 fortior

227 3221 310 3268 est
335 3213 619 3270 humilitas
645 3228 810 3283 quant
827 3215 1089 3272 scientia.
1117 3215 1316 3273 Vinum
1346 3219 1512 3288 enim,
1542 3227 1624 3275 est
1643 3219 1825 3278 scien-

228 3304 298 3364 tia
323 3320 452 3376 qua:
477 3305 737 3373 inebriat,
766 3305 1027 3364 memoria
1054 3308 1279 3365 uberum
1302 3323 1421 3380 quae
1448 3309 1677 3376 debriat,
1705 3325 1823 3380 quae

1943 629 1998 675 et
2028 619 2372 690 diligentibus
2399 624 2688 682 adventum
2711 628 2857 697 ejus;
2883 628 3009 700 quia
3035 637 3144 686 nun
3175 629 3402 704 diligunt
3433 637 3525 694 ad-

1941 719 2163 794 ventum
2209 709 2435 782 iudicis,
2493 717 2596 772 nisi
2649 715 2717 774 de
2755 731 2918 777 causa
2972 729 3067 776 sua
3114 733 3521 794 prmSumentes.

1942 793 2128 856 Omnis
2157 805 2335 857 autem
2359 805 2645 874 certitudo,
2669 806 2696 844 δ
2725 809 2990 866 rectitudo
3017 793 3349 873 c‘ertitudinis
3376 819 3432 875 in
3445 817 3528 877 di-

1944 888 2180 948 lecrione
2206 902 2322 962 est;
2351 904 2406 950 et
2431 895 2553 952 ideo
2578 904 2725 955 recte
2765 900 2996 957 dieitur':
3037 899 3186 959 Beati
3209 903 3430 980 diligunt
3453 915 3522 968 te.

2003 980 2190 1052 (am.
2222 983 2276 1050 ι,
2309 983 2388 1056 ω
2432 986 2610 1059 κνίση
2629 999 2768 1056 απ»
2807 992 2908 1046 τεά
2929 995 3183 1064 βαι-ιιι.
3215 996 3526 1067 ﬂia-m-

1941 1073 2122 1140 salem,
2154 1076 2286 1129 sicut
2316 1075 2648 1133 tabernacula
2671 1077 2856 1147 Cedar,
2899 1096 2919 1122 ε
2949 1083 3258 1153 “Ms
3271 1087 3530 1146 ﬁniunt-

1941 1165 2041 1219 nis.
2071 1162 2253 1220 Nolite
2271 1182 2354 1222 me
2389 1169 2717 1226 cmtsiderare
2739 1172 2877 1244 quod
2897 1173 3044 1245 fusca
3071 1176 3191 1243 sint,
3231 1179 3353 1250 quia
3377 1181 3528 1236 deco-

1938 1258 2125 1315 loravit
2143 1276 2226 1314 me
2243 1262 2344 1316 sol.

2015 1349 2102 1404 18.
2145 1350 2356 1408 Scimus
2407 1354 2532 1426 quia
2581 1354 2638 1410 in
2679 1355 2986 1426 primordiis
3038 1349 3330 1430 Ecclesiae,
3401 1366 3526 1419 dum

1941 1442 2228 1512 praedicata
2255 1442 2638 1516 fuissetgratia
2665 1446 3042 1520 Redemptoris
3073 1453 3263 1521 nostri,
3294 1455 3384 1510 alii
3412 1472 3530 1512 cre-

1940 1532 2210 1602 diderunt,
2242 1535 2331 1590 alii
2356 1551 2468 1591 non
2493 1537 2870 1606 crediderunt;
2925 1543 3022 1598 sed
3055 1541 3111 1597 bi
3151 1545 3241 1614 qui
3285 1548 3528 1602 credide-

1935 1636 2086 1696 runt,
2111 1628 2179 1683 ab
2205 1628 2508 1686 inﬁdelibus
2535 1630 2777 1701 despecti
2823 1642 2972 1701 sunt,
3009 1642 3064 1690 et
3090 1637 3244 1707 quasi
3266 1653 3526 1708 persecu-

1938 1719 2138 1774 tionem
2153 1720 2326 1790 passi,
2354 1721 2506 1792 quasi
2523 1721 2576 1776 in
2603 1722 2745 1776 viam
2775 1715 3025 1779 Gentium
3047 1723 3357 1783 discessisse
3386 1725 3530 1799 judi-

1935 1809 2044 1865 cati
2073 1816 2219 1864 sunt.
2249 1808 2398 1866 Unde
2427 1809 2664 1867 Ecclesia
2693 1811 2749 1866 in
2788 1813 2992 1869 eisdem
3034 1813 3232 1870 clamat
3269 1817 3528 1877 adversus

1935 1914 2032 1957 eos
2058 1902 2150 1972 qui
2172 1903 2418 1958 conversi
2446 1919 2557 1960 non
2586 1911 2710 1959 sunt
2746 1920 2759 1958 :
2794 1903 2967 1976 Nigra
2994 1923 3131 1976 sum,
3165 1909 3254 1964 sed
3274 1911 3524 1984 formosa,

1933 1995 2061 2067 [ilice
2079 1995 2390 2051 Jerusalem.
2446 1997 2607 2068 Nigra
2656 2013 2774 2054 sum
2830 1999 3050 2069 quidem
3078 2011 3256 2059 vestro
3295 2004 3528 2077 judicio.

1935 2087 2033 2143 sed
2082 2087 2321 2149 formosa
2371 2103 2467 2159 per
2516 2089 2928 2146 illustrationem
2975 2093 3186 2161 gratiae.
3245 2095 3527 2162 Quomodo

1936 2179 2090 2250 nigra
2111 2180 2134 2234 ?
2155 2180 2304 2235 Sicut
2333 2179 2670 2236 tabernacula
2699 2180 2888 2236 Cedat.
2939 2181 3114 2239 Cedat
3142 2184 3528 2257 ίοιθτυΐθιδίιίτ

1938 2273 2206 2339 tenebrze;
2261 2272 2435 2329 Cedar
2455 2275 2600 2330 enim
2625 2277 2893 2333 secundus
2917 2276 3018 2334 fuit
3046 2279 3114 2335 de
3139 2281 3338 2349 genere
3351 2279 3528 2339 isma-

1937 2362 2044 2430 ιλιι,
2098 2374 2156 2420 et
2206 2361 2384 2420 Cedar
2413 2365 2760 2422 tabernacula
2787 2366 2929 2427 Esau
2955 2368 3195 2426 luerunt.
3244 2369 3527 2439 Quomodo

1939 2469 2069 2525 ergo
2097 2456 2249 2527 nigra
2268 2457 2409 2512 sicut
2429 2457 2774 2514 tabernacula
2801 2457 3015 2516 Cedar?
3051 2461 3177 2531 quia
3214 2461 3270 2517 iu
3298 2478 3530 2534 conspe-

1940 2556 2032 2604 ctu
2056 2556 2238 2604 vestro
2277 2547 2346 2603 ad
2379 2549 2790 2606 similitudinem
2838 2549 3087 2606 Gentium
3109 2551 3355 2622 judicata
3385 2569 3526 2624 sum,

1940 2638 1994 2695 id
2004 2647 2089 2694 est
2103 2640 2168 2696 ad
2189 2641 2591 2696 similitudinem
2607 2650 2972 2712 peccatorum.
2993 2643 3275 2710 Quomodo
3293 2639 3530 2702 formosa

1939 2732 2079 2789 sicut
2106 2734 2261 2804 pellis
2283 2733 2629 2791 Salomonis?
2655 2733 2850 2792 Fertur
2870 2734 3127 2792 Salomon
3151 2729 3368 2807 quando
3400 2746 3530 2794 tem-

1939 2827 2088 2895 plum
2116 2823 2422 2892 aetlilicavit,
2477 2826 2658 2882 omnia
2684 2827 2776 2880 illa
2816 2842 2945 2883 vasa
2979 2828 3168 2899 templi
3198 2827 3354 2885 fact-is
3383 2827 3532 2902 pelli-

1937 2916 2042 2974 bus
2071 2917 2439 2987 cooperuisse.
2464 2915 2572 2972 Sed
2603 2918 2853 2973 nimirum
2881 2919 3050 2989 pelles
3078 2917 3388 2976 Salomonis
3434 2919 3531 2978 de-

1936 3022 2081 3065 corae
2109 3023 2229 3064 esse
2273 3017 2570 3080 potuerunt
2617 3008 2672 3065 in
2710 3006 3024 3080 obsequium
3064 3011 3224 3082 regis.
3249 3009 3365 3066 Sed
3397 3010 3526 3084 quia

1934 3101 2193 3158 Salomon
2219 3101 2606 3172 interpretatur
2633 3099 2916 3173 paciﬁcus,
2963 3117 3063 3158 nos
3111 3101 3285 3172 ipsum
3337 3117 3526 3159 verun

1930 3193 2279 3254 Salomonem
2309 3194 2702 3267 intelligamus;
2751 3194 2877 3266 quia
2900 3209 3089 3252 omnes
3118 3194 3313 3252 animae
3341 3196 3528 3262 adbmy

1929 3296 2114 3344 rentes
2137 3286 2271 3356 Deo,
2301 3287 2469 3357 pelles
2523 3287 2827 3342 Salomonis
2853 3295 3012 3358 sunt,
3067 3298 3404 3346 macerantes
3441 3281 3531 3347 se4

227 3396 290 3452 atl
315 3375 695 3468 cognitionem
723 3398 991 3456 donorum
1031 3407 1272 3455 revocat.
1315 3398 1574 3456 Memora:
1615 3401 1829 3456 uberum

1938 3379 2084 3449 ipsas
2113 3386 2170 3433 et
2197 3379 2251 3433 in
2283 3377 2602 3449 obsequium
2645 3377 2788 3446 regis
2839 3378 2992 3447 pacis
3038 3378 3350 3435 redeuntes.
3393 3375 3530 3436 Sum

226 3497 434 3545 tuorum
481 3505 640 3560 super
690 3490 863 3546 vinum
907 3505 926 3546 ε
970 3488 1099 3561 quia
1140 3490 1310 3546 vincit
1335 3491 1613 3548 humilitas
1653 3491 1826 3547 abun-

223 3580 469 3638 dantiam
501 3580 759 3636 scientiae.

287 3685 382 3742 t7.
437 3683 594 3742 Rccti
631 3681 856 3754 diligunt
895 3689 946 3738 te
979 3699 1003 3738 :
1053 3683 1131 3740 Ac
1155 3685 1202 3740 si
1240 3683 1444 3740 diceret
1489 3701 1502 3737 :
1548 3682 1668 3740 Non
1695 3677 1831 3742 recti

226 3777 406 3835 adhuc
429 3776 650 3837 timent.
677 3773 827 3831 Beati
841 3774 1074 3847 diligunt
1093 3784 1143 3830 te
1165 3792 1183 3830 :
1207 3775 1383 3834 omnis
1403 3775 1548 3834 enim
1567 3776 1660 3849 qui
1683 3777 1830 3834 bona

229 3885 399 3942 opera
427 3871 548 3941 agit
574 3884 674 3940 pro
699 3870 919 3937 timere.
949 3871 1052 3928 etsi
1089 3870 1146 3927 in
1173 3885 1342 3943 opere
1385 3879 1567 3928 rectus
1606 3878 1721 3939 est,
1771 3871 1830 3930 in

218 3963 502 4022 desiderio
533 3972 718 4022 rectus
741 3979 852 4021 non
877 3971 988 4032 est;
1029 3964 1194 4022 vellet
1221 3965 1366 4021 enim
1395 3980 1502 4022 non
1533 3980 1653 4022 esse
1681 3965 1828 4036 quod

217 4056 478 4126 timeret,
505 4065 568 4115 et
593 4057 738 4114 bona
761 4073 932 4128 opera
959 4073 1069 4114 non
1113 4057 1342 4114 faceret.
1385 4057 1490 4128 Qui
1517 4074 1646 4115 vero
1684 4060 1826 4116 bona

216 4164 390 4220 opera
415 4166 525 4221 pro
553 4165 740 4208 amore
775 4152 920 4222 agit,
967 4159 1027 4209 et
1051 4151 1110 4206 in
1138 4166 1306 4223 opere
1353 4159 1413 4208 et
1459 4152 1514 4206 in
1555 4152 1825 4210 desiderio

215 4251 401 4300 nctus
435 4252 548 4309 est,
579 4253 605 4281 ι
643 4243 741 4299 sed
770 4243 998 4302 dulcedo
1023 4244 1228 4302 amoris
1255 4243 1570 4300 timentibus
1597 4245 1828 4304 abscon-

213 4332 381 4389 ditur.
430 4333 594 4390 Uade
629 4334 890 4405 scriptum
925 4341 1014 4392 est
1050 4350 1073 4390 .'
1109 4332 1282 4399 Quam
1319 4351 1512 4405 magna
1549 4336 1825 4392 multitudo

214 4426 515 4482 metu
545 4438 675 4492 tute,
705 4424 956 4489 Domine,
984 4441 1141 4497 quam
1181 4424 1500 4480 abscondisti
1527 4425 1822 4480 timentibus

214 4525 284 4582 te,
309 4525 365 4572 et
393 4517 670 4588 periocha
698 4517 774 4570 cis
808 4516 896 4586 qui
923 4522 1135 4586 sperant
1164 4515 1218 4568 in
1257 4522 1307 4569 te
1337 4513 1508 4586 (Paul.
1543 4529 1677 4582 xxx,
1706 4512 1818 4585 20).

213 4607 462 4665 Dulcedo
511 4609 656 4664 enim
689 4608 825 4675 Dei,
876 4607 1190 4662 timentibus
1217 4607 1387 4662 Deum
1417 4606 1689 4678 incognita
1717 4613 1822 4675 est,

214 4705 534 4762 unum
559 4703 624 4760 tit
664 4710 816 4758 nota.
861 4701 962 4771 Qui
991 4716 1121 4770 ergo
1150 4716 1248 4774 per
1274 4715 1518 4758 amorem
1554 4698 1823 4755 studuerit

214 4804 400 4851 rectus
430 4809 558 4850 esse
579 4836 596 4861 ,
625 4793 863 4864 perfecta
884 4769 1112 4848 dilectio
1143 4769 1286 4847 illius
1326 4800 1439 4858 est,
1488 4799 1547 4845 ut
1583 4790 1822 4860 judicem
1850 4787 1904 4847 D
1928 4769 2158 4862 “iam”

213 4889 534 4946 venientem
560 4901 671 4945 non
700 4888 907 4952 timeat,
951 4892 1011 4941 ut
1038 4884 1294 4955 quidquid
1340 4883 1408 4940 de
1435 4884 1650 4939 aeternis
1689 4898 1820 4953 sup-

213 4979 396 5052 pliciis
425 4977 680 5045 audierit,
714 4977 886 5048 509
913 4989 1022 5029 non
1052 4972 1322 5028 formidet.
1355 4969 1510 5027 Unde
1536 4979 1593 5027 et
1621 4965 1822 5027 Paulus

211 5071 344 5128 dum
367 5070 667 5126 adventum
692 5067 890 5140 judicis
912 5072 1274 5137 exspectaret,
1303 5063 1430 5118 dum
1452 5064 1670 5134 prtemia
1696 5063 1822 5119 vitae

211 5174 437 5220 aeternae
466 5172 756 5234 quareret,
803 5162 935 5220 dicit
979 5178 993 5214 :
1045 5157 1175 5228 Qute
1201 5159 1516 5231 praeparavit
1544 5156 1685 5217 Deus
1715 5176 1818 5216 non

212 5256 386 5310 solum
409 5254 566 5321 mihi,
594 5254 686 5310 sed
713 5261 763 5310 et
784 5250 1021 5308 omnibus
1045 5252 1133 5324 qui
1156 5250 1378 5322 diligunt
1403 5248 1678 5305 adventum
1709 5251 1821 5322 ejus

215 5335 303 5416 (11
338 5345 486 5400 Tim.
526 5361 603 5415 tv,
631 5343 722 5414 8).
755 5343 979 5401 Praemia
1011 5343 1154 5399 enim
1198 5341 1544 5411 diligentibus
1585 5356 1616 5395 a
1639 5339 1823 5412 judice

210 5446 597 5512 praeparantur
622 5429 848 5504 aeterna.
882 5436 1008 5508 quia
1037 5435 1212 5492 omnis
1242 5435 1332 5505 qui
1377 5449 1436 5490 se
1475 5434 1616 5489 mala
1652 5449 1818 5504 opera

209 5547 379 5604 agere
407 5533 539 5601 scit,
589 5531 828 5602 iudicem
868 5528 1182 5585 venientem
1227 5529 1410 5595 timet;
1458 5529 1550 5598 qui
1582 5543 1711 5584 vero
1751 5527 1820 5583 de

209 5627 479 5701 operibus
516 5627 629 5682 suis
671 5623 967 5696 praesumit,
1018 5620 1211 5690 iudicis
1263 5619 1557 5676 adventum
1606 5620 1815 5690 qurerit.

282 5799 310 5828 ιι
351 5787 568 5842 Desunt
593 5783 711 5839 haec
740 5781 792 5836 in
825 5777 988 5836 codd.
1015 5773 1250 5843 Val-CL,
1281 5769 1490 5830 Theod.
1521 5787 1584 5830 ac
1614 5771 1808 5830 Rhein.

205 5861 604 5928 Sumpta_suut
631 5870 700 5910 ex
729 5853 1051 5928 Rgthomag.

281 5933 310 5974 ι’
336 5916 422 5988 Ῑιει
449 5925 740 5996 Rothem.,
761 5916 1024 5992 'Theod,
1054 5927 1159 5979 etc.
1208 5917 1268 5976 In
1305 5916 1428 5975 ‘Val.
1461 5916 1542 5974 Cl.
1570 5917 1764 5990 legitur
1797 5936 1809 5972 :

1936 3486 2069 3527 vero
2097 3471 2150 3526 in
2173 3470 2381 3540 judicio
2400 3470 2542 3526 sicut
2569 3467 2914 3524 tabernacula
2935 3465 3126 3537 Cedar,
3153 3485 3271 3542 quae
3298 3469 3453 3542 quasi
3469 3472 3529 3530 in

1936 3561 2079 3620 viam
2107 3559 2361 3616 Gentium
2396 3558 2968 3630 discessissejudicor;
3016 3559 3114 3618 sed
3150 3561 3305 3632 juxta
3330 3563 3530 3622 verita-

1936 3660 2048 3711 tem
2068 3653 2219 3710 sicut
2241 3650 2395 3725 pellis
2416 3650 2723 3710 Salomonis
2768 3666 2907 3722 sum,
2963 3653 3087 3724 quia
3127 3653 3182 3708 in
3209 3655 3530 3730 obsequium

1936 3746 2080 3816 regis
2099 3745 2369 3804 adhzcreo.

2010 3837 2188 3909 (Vers.
2220 3835 2302 3908 5.)
2349 3832 2531 3893 Nolite
2577 3853 2657 3892 me
2704 3833 3034 3894 considerare
3061 3833 3199 3912 quod
3233 3833 3382 3912 fusca
3405 3857 3526 3908 sim,

1931 3931 2050 4002 quia
2073 3930 2386 3985 decoloravit
2406 3946 2488 3984 me
2513 3931 2612 3984 sol.

2001 4015 2090 4074 19.
2145 4015 2519 4076 Peccatricem
2573 4018 2908 4087 attendebat,
2948 4019 3099 4074 mare
3148 4023 3361 4089 partem
3397 4027 3526 4090 qua:

1929 4105 2144 4166 Christo
2174 4109 2498 4168 crediderat.
2555 4110 2664 4167 Sel
2691 4111 2841 4166 dicat
2863 4111 2966 4164 ista
2994 4128 3007 4163 :
3053 4103 3235 4165 Nolite
3289 4121 3371 4166 me
3391 4121 3526 4167 con-

1927 4202 2162 4258 siderant:
2185 4203 2324 4275 quod
2352 4205 2499 4274 fusca
2545 4205 2664 4270 sim,
2692 4203 2816 4275 quia
2845 4203 3166 4258 αεσοιογαᾱι
3187 4213 3276 4258 me
3300 4205 3398 4259 Μ.
3423 4201 3526 4262 θοι

1931 4297 2046 4368 ipse
2073 4294 2352 4364 Decimus,
2400 4296 2519 4367 ipse
2539 4297 2764 4353 veniens
2793 4295 3127 4351 decoloraret
3163 4305 3273 4352 me.
3301 4296 3526 4354 Prece-

1930 4391 2039 4461 ptis
2058 4392 2169 4446 suis
2197 4389 2452 4453 ostendit,
2502 4389 2631 4459 quia
2659 4387 2886 4460 pulchra
2909 4393 3020 4444 non
3039 4387 3119 4444 fut
3149 4388 3208 4445 ii
3233 4392 3525 4463 mus

1930 4483 2108 4553 Legis.
2129 4482 2224 4538 Sol
2253 4496 2411 4552 quem
2437 4481 2638 4536 arctius
2655 4483 2852 4552 tangit,
2878 4482 3056 4553 ipsum
3095 4481 3417 4552 accolunt;
3445 4485 3526 4541 ita

1929 4581 1986 4630 et
2013 4573 2272 4629 Dominus
2297 4571 2539 4638 veniens,
2571 4585 2732 4643 quem
2757 4587 2860 4644 per
2898 4574 3126 4643 gratiam
3155 4583 3314 4630 sum
3337 4576 3525 4632 δίδωτι..

1927 4663 2068 4720 crius
2092 4663 2291 4734 tetiglt,
2323 4663 2696 4731 decoloravit;
2751 4665 2877 4734 quia
2909 4665 3041 4720 dum
3073 4665 3200 4737 plus
3231 4668 3526 4739 appropin-

2185 4755 2252 4811 ad
2269 4755 2516 4826 gratiam,
2565 4754 2688 4826 pius
2717 4769 2819 4812 nos
2857 4765 2978 4814 esse
3005 4746 3322 4828 peccantes
3351 4766 3522 4829 agno-

1926 4849 2146 4905 scimus.
2179 4845 2469 4904 Yideamus
2490 4846 2719 4904 Paulum
2747 4857 2815 4904 ex
2847 4847 3028 4905 intima
3067 4851 3377 4907 vectemur:
3420 4851 3522 4907 de-

1927 4941 2269 4998 coloratum:
2316 4935 2475 5004 Quod
2522 4941 2567 4994 si
2611 4937 2838 4994 colentes
2883 4939 2946 4994 in
2970 4939 3182 4995 Christo
3223 4933 3521 5011 justtﬁeari-

1921 5032 2114 5088 imcm‘i
2143 5041 2320 5086 sumus
2366 5039 2417 5085 et
2453 5026 2557 5102 ipsi
2603 5040 2897 5104 peccatores
2953 5030 3098 5104 (Gut.
3143 5045 3209 5099 ﬂ,
3260 5031 3374 5104 ιη.
3411 5032 3523 5100 Qut

1925 5144 1985 5186 se
2025 5126 2082 5184 in
2127 5125 2348 5183 Christo
2377 5134 2723 5198 pateatoretn
2761 5126 2970 5183 invenlt
2992 5168 3008 5194 ,
3059 5126 3114 5181 tu
3163 5123 3281 5181 sole
3318 5135 3381 5182 5e
3420 5127 3520 5182 tle-

1928 5221 2230 5280 coloratum
2285 5215 2516 5276 invenit.
2583 5217 2695 5276 Sed
2742 5229 2875 5275 ecce
2928 5227 3059 5290 pars
3116 5218 3218 5274 ista
3273 5223 3397 5288 quae
3447 5222 3521 5273 es

1925 5314 2110 5370 indum
2139 5312 2389 5379 credidit,
2443 5310 2874 5382 persecutionem
2897 5311 2964 5366 ab
2990 5307 3298 5366 Μῆδος
3321 5307 3520 5364 indm

1926 5425 2086 5483 passa
2111 5418 2214 5476 est,
2273 5403 2470 5464 afflicta
2497 5405 2680 5462 multis
2716 5402 3176 5462 tribulationibus.
3226 5401 3382 5460 Unde
3421 5408 3518 5459 seu
3620 5402 3627 5408 '

1965 5505 2106 5563 uitur
2136 5525 2149 5560 :

1965 5524 2106 5563 uitur
2136 5525 2149 5560 :

1923 5524 1959 5579 q
1976 5611 2151 5682 (Vers.
2170 5607 2248 5681 5.)
2269 5607 2393 5664 Filii
2407 5605 2589 5662 matris
2610 5621 2738 5660 mete
2748 5612 3104 5677 pugnaverunt
3119 5603 3390 5660 adversum
3403 5617 3505 5661 me.

1921 5770 2103 5828 Omnis
2129 5782 2301 5828 autem
2331 5772 2582 5828 certitudo
2604 5769 2926 5828 rectitudinis
2951 5774 3007 5827 in
3047 5771 3337 5827 dilectione.

1953 5917 1964 5928 ο
1993 5855 2016 5883 ε
2033 5845 2314 5971 fictilem.
2338 5845 2468 5899 sicut
2487 5839 2668 5916 pelles,
2704 5853 2761 5901 at
2787 5842 2922 5901 infra
2945 5853 3072 5901 cum
3092 5843 3301 5901 caeteris
3322 5841 3516 5928 habet,

1919 5932 2028 5973 mu
2081 5932 2142 5987 pe
2186 5933 2248 5971 is.
