4052 6338
478 384 583 446 487

1701 356 1944 421 SANCTI
1985 350 2319 413 GREGORII
2358 348 2575 408 MAGNI

3658 334 3768 392 488

541 496 632 553 90.
663 493 798 564 Quia
829 488 919 545 lilii
948 486 1245 559 Synagoga:
1260 481 1353 552 qui
1384 481 1435 535 in
1468 475 1782 534 inﬁdelitate
1812 482 2061 543 perman-
2086 471 2142 531 Α
2242 463 2332 521 23.
2384 461 2490 519 Sed
2531 460 2566 517 ό
2595 468 2654 515 ιιι
2681 458 2763 515 sic
2801 454 3020 521 afllicta,
3052 454 3132 510 sic
3160 450 3437 517 destituta,
3463 447 3595 519 quid
3646 461 3766 503 me-

475 560 907 653 serunt,vbcllum
940 576 1325 653 persecutionis
1342 582 1531 629 contra
1554 571 1850 640 Synagogae
1880 560 2064 617 ﬁdeles

478 687 799 755 gesserunt;
842 675 934 731 sed
959 672 1086 729 dum
1118 666 1549 740 persecutionem
1580 659 1780 731 patitur
1807 671 1870 711 ea
1918 668 2061 725 pars,

476 746 597 850 qua:
618 789 683 828 ex
714 769 911 826 Judaeis
956 765 1104 821 venit
1149 761 1217 817 ad
1258 760 1435 822 ﬁdem,
1476 752 1742 809 'discessit
1790 748 1857 804 ad
1901 746 2067 819 410

478 846 919 938 prtedicationem
940 857 1223 917 Gentium,
1252 850 1401 907 Unde
1442 858 1497 905 et
1523 846 1766 916 sequitur
1795 860 1809 897 :

550 988 728 1061 (Vers.
764 983 841 1055 5.)
872 983 1255 1038 Posueruntme
1276 974 1536 1030 custodem
1563 972 1616 1026 in
1641 969 1835 1034 vineis;
1864 967 2066 1023 vineam

482 1098 652 1138 meam
679 1062 783 1135 non
812 1075 1084 1131 custodivi.

549 1205 642 1260 ει.
698 1202 834 1270 Quia
862 1200 987 1255 dum
1019 1211 1107 1252 me
1154 1196 1549 1265 persequuntur
1580 1186 1634 1240 hi
1677 1184 1767 1255 qui
1798 1183 1851 1238 in
1887 1180 2072 1237 Judzca

486 1309 634 1365 sunt,
668 1307 694 1335 ⁸
730 1297 780 1350 ἱιι
808 1291 1060 1350 Ecclesiis
1091 1303 1176 1343 me
1204 1284 1481 1342 custodem
1539 1279 1801 1335 fecerunt.
1850 1273 2075 1328 Vineam

488 1410 665 1451 meam
715 1404 821 1445 non
850 1382 1137 1448 custodivi,
1191 1380 1315 1450 quia
1370 1368 1868 1431 Judreamdescrui.
1922 1362 2076 1421 Unde

487 1494 541 1542 et
572 1481 769 1537 Paulus
792 1477 942 1541 dicit,
975 1474 1115 1529 unde
1140 1481 1195 1526 et
1225 1466 1454 1540 apostoli
1483 1484 1496 1519 :
1538 1463 1692 1518 Vobis
1722 1462 1935 1515 missum
1964 1457 2078 1527 [ue-

488 1588 571 1634 rat
592 1576 795 1631 uerbum
823 1569 953 1634 Dei;
981 1566 1071 1622 sed
1100 1567 1221 1643 quia
1244 1562 1486 1633 indignos
1521 1574 1607 1613 vos
1632 1553 1933 1628 judicastis,
1963 1564 2081 1604 ecce

486 1673 619 1727 imus
643 1668 710 1721 ad
742 1663 930 1719 Gentes
954 1662 1091 1733 (Act.
1124 1675 1237 1723 xm,
1263 1655 1373 1725 46).
1434 1652 1512 1709 Ac
1550 1651 1593 1707 si
1625 1652 1806 1705 dicat:
1856 1645 1966 1700 Nos
1991 1644 2074 1698 vi-

490 1777 646 1820 neam
680 1768 919 1814 nostram
942 1751 1216 1811 custodire
1244 1748 1511 1811 volumus,
1572 1743 1666 1799 sed
1696 1740 1820 1812 quia
1849 1752 1948 1793 nos
1980 1734 2081 1805 ipsi

2173 557 2374 614 ruisti?
2441 554 2571 624 quid
2635 566 2704 606 ex
2760 550 2906 605 dono
2962 554 3252 603 consecuta
3308 543 3415 597 es?
3468 539 3594 594 Filii
3650 557 3766 594 ms-

2173 650 2267 703 tris
2298 662 2426 702 mea:
2455 650 2812 716 pugnaverunt
2834 640 3111 695 adversum
3140 653 3238 691 me.
3273 634 3395 689 Filii
3425 633 3613 686 matris
3640 641 3769 686 sunt

2172 740 2436 813 apostoli;
2483 746 2656 793 mater
2698 733 2843 789 enim
2893 731 3135 787 omnium
3178 726 3480 781 Jerusalem
3534 736 3768 792 superna

2172 845 2276 893 est.
2321 834 2429 905 Ipsi
2457 836 2833 904 pugnaverunt
2861 838 3051 881 contra
3080 821 3397 882 Ecclesiam,
3429 817 3557 873 dum
3598 816 3665 871 ab
3688 815 3771 869 in-

2175 927 2433 983 ﬁdelitate
2461 923 2529 979 ad
2575 921 2735 977 ﬁdem
2765 916 3246 990 pnedicationibus
3285 913 3425 976 suis,
3478 908 3634 980 quasi
3661 907 3774 977 qui-

2174 1023 2399 1079 busdam
2420 1017 2626 1076 lanceis
2674 1012 3052 1071 confoderunt.
3106 1006 3260 1062 Unde
3290 1014 3343 1059 et
3393 1002 3592 1057 Paulus
3619 999 3773 1069 Quasi

2177 1113 2396 1185 quidam
2452 1114 2721 1181 pugnator
2771 1104 2939 1159 dicit:
3001 1099 3383 1170 Cogitationum
3435 1094 3655 1147 consilia
3684 1089 3775 1144 de-

2177 1184 2450 1271 struentes,
2482 1213 2530 1259 et
2558 1215 2762 1257 omnem
2790 1194 3114 1251 altitudinem
3140 1190 3473 1245 extollentem
3500 1201 3554 1238 se
3587 1184 3775 1237 adver-

2180 1318 2267 1358 sus
2296 1299 2569 1355 scientiam
2598 1295 2694 1349 Dei
2716 1290 2770 1361 (1
2779 1289 2807 1345 1
2835 1288 2956 1344 Cor.
2987 1304 3043 1353 ιι,
3067 1286 3144 1356 5).
3177 1285 3282 1350 Qui
3311 1279 3654 1336 altitudinem
3683 1277 3778 1331 de»

2182 1395 2363 1460 struit,
2395 1392 2581 1461 utique
2608 1391 2877 1459 pugnator
2908 1388 3011 1437 est.
3038 1379 3124 1433 Isti
3148 1391 3277 1446 ergo
3308 1382 3656 1445 pugnatores,
3690 1368 3781 1424 isti

2184 1487 2278 1541 ﬁlii
2328 1460 2515 1538 matris
2560 1476 2861 1535 Jerusalem
2909 1470 3316 1527 debellaverunt
3362 1463 3663 1520 Ecclesiam
3712 1460 3781 1515 ab

2183 1595 2370 1638 errore
2398 1594 2517 1639 suo.
2558 1584 2619 1630 ut
2665 1573 2807 1627 illam
2853 1568 3140 1623 fundarent
3196 1563 3261 1617 ad
3294 1561 3582 1630 justitiam.
3643 1556 3779 1610 Filii

2186 1674 2369 1731 matris
2400 1686 2525 1725 mea:
2551 1670 2907 1738 pugnaverunt
2937 1670 3117 1715 contra
3145 1675 3244 1711 me.
3287 1654 3355 1708 Et
3379 1653 3505 1723 quid
3535 1654 3785 1707 fecerunt

2186 1762 2530 1839 pugnantes?
2560 1758 2853 1813 Posuerunt
2881 1770 2962 1808 me
2992 1752 3252 1805 custodem
3280 1748 3333 1801 in
3377 1746 3556 1800 vineis.
3600 1743 3785 1797 Vineae

490 1850 794 1926 respuistis,
854 1847 921 1902 ad
972 1845 1270 1898 alienarum
1319 1842 1595 1894 vinearum
1635 1830 1931 1888 custodiam
1983 1840 2082 1881 nos
2115 1888 2163 1946 Β
2189 1830 2467 1921 ὲεξιεείπ’
2508 1858 2628 1906 sum
2680 1849 2908 1902 Virtutes
2934 1859 3054 1914 qua,
3110 1839 3470 1903 ﬂumineam;
3500 1837 3629 1906 quia
3657 1836 3785 1890 dum

702 1943 712 1946 _
769 1942 778 1946 -
812 1941 821 1946 .
925 1937 943 1946 -
1331 1932 1364 1946 ι·
1408 1931 1419 1942 ο
1502 1944 1540 1946 ,_
1603 1925 1660 1946 Δ,
1693 1925 1974 1946 ο--.-ΑκΑηΛ
2016 1917 2080 1946 ..Α

493 1917 874 2002 transmittitis.
925 1937 1114 2006 Itaque
1168 1950 1287 2003 qua:
1316 1931 1545 1987 diximus
1597 1925 1665 1980 de
1693 1925 1978 1996 Synagoga
2016 1917 2083 1972 ad

496 2036 657 2091 Iidem
713 2045 972 2088 conversa
1004 2068 1020 2093 ,
1090 2026 1335 2080 dicamus
1389 2020 1550 2075 modo
1605 2018 1673 2071 de
1720 2013 1959 2069 Ecclesia
2015 2008 2085 2064 ad

498 2125 657 2182 ﬁdem
686 2129 919 2178 vocata:
958 2116 1127 2190 Nigra
1150 2132 1285 2181 sum,
1317 2113 1408 2167 sed
1438 2113 1684 2183 formosa,
1718 2105 1843 2176 filice
1863 2102 2087 2157 Jerusa:

497 2221 616 2273 lem.
649 2214 887 2270 Ecclesia
916 2226 983 2267 ex
1022 2206 1283 2264 Gentibus
1330 2204 1553 2259 veniens
1604 2197 1913 2255 considerat
1952 2190 2086 2245 ﬁde-

496 2312 627 2367 lium
660 2308 884 2371 animas,
915 2319 1051 2375 quas
1098 2299 1321 2363 invenit,
1353 2312 1489 2366 quas
1533 2302 1589 2349 et
1616 2291 1750 2345 ﬁlias
1784 2285 2084 2343 Jerusalem

496 2410 677 2459 vocat.
706 2397 1003 2454 Jerusalem
1035 2395 1233 2465 quippe
1262 2389 1396 2445 visio
1450 2386 1599 2457 pacis
1628 2382 1861 2446 dicitur;
1916 2376 2089 2434 consi-

498 2494 652 2550 derat
671 2489 802 2561 quid
834 2488 981 2554 fecit,
1013 2485 1140 2556 quid
1172 2483 1307 2539 facta
1337 2488 1451 2546 est;
1483 2486 1540 2533 et
1568 2475 1862 2532 conﬁtetur
1888 2477 2084 2541 prmtc-

498 2588 631 2644 ritas
655 2584 863 2654 culpas,
918 2596 987 2636 ne
1037 2579 1267 2649 superba
1297 2575 1400 2639 sit;
1432 2570 1721 2629 conﬁtetur
1766 2571 2089 2637 prtesentem

498 2677 686 2741 vitam,
718 2690 787 2730 ne
817 2674 1024 2741 ingrata
1052 2670 1138 2733 sit,
1189 2676 1243 2721 et
1289 2665 1420 2721 dicit
1455 2682 1467 2717 :
1523 2660 1697 2732 Nigra
1722 2673 1855 2724 sum,
1880 2654 1971 2710 sed
1992 2655 2095 2725 for-

501 2865 649 2934 nigra
680 2877 777 2934 per
806 2860 970 2915 vitam
1001 2856 1354 2929 pneteritam,
1408 2851 1643 2906 formosa
1674 2861 1772 2917 per
1801 2856 2092 2900 conversa-

500 2958 704 3012 tionem
732 2959 1069 3022 sequentem.
1096 2946 1378 3015 Quomodo
1408 2944 1558 3012 nigra
1582 2940 1722 2995 sicut
1747 2933 2095 2992 tabernacula

503 3047 715 3102 Cedar?
757 3044 971 3109 Cedar,,
988 3038 1335 3094 tabernacula
1369 3034 1605 3105 gentium
1631 3031 1869 3097 fuerunt,
1914 3027 2094 3082 taber-

506 3139 696 3196 nacula
728 3137 1074 3192 tenebrarum
1099 3130 1335 3185 fuerunt.
1379 3127 1447 3181 Et
1467 3124 1712 3194 gentibus
1740 3124 1941 3179 dictum
1972 3126 2091 3175 est:

504 3235 704 3289 Fuisti;
736 3227 1017 3301 aliquando
1053 3226 1291 3289 tenebra’,
1322 3238 1456 3275 nunc
1484 3229 1652 3273 autem
1675 3221 1765 3272 tua:
1788 3218 1842 3271 in
1868 3212 2093 3269 Domino
2123 3222 2171 3287 ο

508 3327 726 3399 (Epltes.
758 3340 810 3387 v,
838 3322 915 3392 8).
968 3317 1249 3387 Quomodo
1294 3316 1527 3370 formosa
1575 3312 1714 3366 sicut
1758 3308 1911 3379 pellis
1940 3306 2096 3362 Salo-

504 3415 715 3473 monis?
746 3411 1003 3467 Macerati
1026 3410 1168 3465 enim
1194 3421 1381 3463 sumus
1402 3419 1499 3475 per
1528 3399 1915 3473 paenitentiam.
1951 3396 2095 3453 Mor-

503 3508 702 3563 tiﬁcata
723 3520 849 3561 caro
881 3518 979 3575 per
1025 3499 1416 3573 pmnitentiam,
1450 3493 1608 3565 quasi
1638 3491 1794 3564 pellis
1840 3489 1892 3544 in
1936 3487 2096 3543 obse-

506 3596 689 3669 quium
736 3595 877 3665 regis
944 3592 1245 3648 adducitur.
1313 3587 1515 3643 Omnes
1564 3599 1662 3655 per
1721 3580 2097 3653 paenitentiam

507 3691 717 3761 seipsos
743 3689 1061 3757 allligentcs,
1092 3684 1335 3741 membra
1363 3679 1565 3737 Christi
1593 3693 1653 3735 se
1680 3677 1897 3732 faciunt.
1929 3673 2099 3729 Mem-

506 3782 603 3837 bra
625 3794 754 3852 ergo
773 3779 976 3835 Christi
1005 3793 1102 3849 per
1130 3776 1504 3848 paenitentiam
1536 3772 1754 3835 afﬂicta,
1809 3767 1978 3839 pelles
2001 3766 2101 3821 Sa-

508 3874 743 3931 lomonis
764 3880 914 3940 sunt,
939 3872 1065 3941 quia
1094 3867 1418 3925 mortificata
1457 3880 1586 3921 caro
1615 3863 1769 3918 ﬁunt.

579 3996 669 4052 22.
699 3995 808 4053 Sed
834 4009 965 4052 ecce
985 4002 1141 4050 erant
1168 3993 1223 4047 in
1243 3989 1425 4046 Judaza
1452 3987 1660 4053 ﬁdeles,
1705 3986 1798 4057 qui
1846 3984 2101 4055 dedigna-

508 4095 706 4149 bantur
751 4090 819 4145 ad
868 4088 1027 4145 tidem
1056 4085 1243 4142 venire
1287 4082 1551 4155 gentiles;
1602 4080 1745 4136 unde
1784 4088 1841 4135 et
1879 4077 2099 4134 Petrum

507 4186 859 4255 redarguunt,
890 4180 1035 4252 quod
1078 4177 1391 4235 Cornelium
1431 4182 1773 4245 susceperat.
1828 4170 1981 4226 Unde
2043 4170 2098 4225 in

508 4278 751 4335 Ecclesia
776 4275 1027 4331 Gentium
1058 4269 1443 4340 subjungitur:
1498 4266 1678 4321 Nolite
1730 4281 1813 4319 me
1858 4263 2102 4319 conside.

512 4387 632 4426 rare
685 4378 817 4441 quoa
865 4370 1011 4439 fusca
1038 4367 1156 4419 sim.
1202 4363 1378 4419 Nolite
1416 4361 1698 4432 despicere
1747 4348 2101 4428 gentilitatem

512 4478 648 4520 mea:
678 4459 1028 4523 inﬁdelitatis,
1079 4457 1247 4512 nolite
1292 4455 1569 4527 despicere
1625 4458 1850 4524 peccata
1881 4450 2060 4521 priora
2087 4490 2103 4515 ,

2191 1950 2499 2019 depugnant
2528 1944 2581 1997 in
2612 1954 2699 1995 me
2724 1937 2879 2004 vitia,
2910 1935 3066 2005 quasi
3096 1933 3166 1988 de
3193 1931 3332 1985 mala
3356 1944 3476 1984 mea
3500 1942 3587 1982 me
3616 1942 3789 1998 expu-

2193 2017 2359 2110 gnant
2379 2032 2817 2098 fruetilicatione,
2866 2027 3025 2099 (‘11
3082 2034 3137 2080 et
3164 2024 3423 2077 virtutum
3448 2019 3627 2075 studia
3655 2017 3791 2074 mihi

2194 2133 2491 2195 dederunt;
2550 2130 2603 2182 in
2647 2123 2819 2180 vineis
2870 2136 2958 2175 me
2979 2117 3259 2175 custodem
3292 2117 3558 2179 iecerunt,
3592 2120 3650 2166 ut
3678 2109 3793 2166 fru-

2196 2224 2577 2284 ctiﬁcationem
2645 2217 2919 2273 afferrent.
2993 2210 3123 2267 Post
3166 2206 3622 2278 expugnationem
3669 2217 3795 2274 spe-

2194 2319 2405 2377 cialiter
2457 2317 2641 2371 dicat:
2706 2310 2925 2365 Vineam
2952 2321 3120 2360 meam
3170 2318 3275 2357 non
3308 2297 3577 2354 custodiri.
3627 2294 3793 2349 Vinea

2194 2411 2470 2476 Ecclesiae,
2516 2407 2735 2476 antiqua
2756 2399 3093 2459 consuetudo
3126 2396 3327 2452 erroris
3354 2401 3459 2459 est,
3516 2406 3639 2461 quze
3664 2388 3796 2443 dum

2194 2515 2377 2564 custos
2402 2504 2474 2558 ad
2500 2503 2729 2556 virtutes
2759 2495 2999 2567 ponitur,
3055 2487 3295 2545 deseruit
3350 2483 3631 2553 antiquam
3658 2494 3797 2535 con-

2195 2596 2536 2655 suetudinem
2566 2589 2769 2647 erroris
2791 2586 2899 2642 sui.

2266 2688 2358 2744 24.
2392 2687 2634 2743 Diximus
2654 2682 2722 2738 de
2743 2679 3025 2752 Synagoga
3058 2672 3127 2729 ad
3157 2670 3315 2726 ﬁdem
3342 2666 3596 2724 veniente
3620 2681 3636 2731 ;
3664 2663 3801 2719 dixi—

2195 2799 2316 2838 mus
2334 2780 2404 2835 de
2429 2775 2744 2834 Gentilitate
2774 2781 3069 2833 conversa;
3099 2763 3343 2819 dicamus
3370 2772 3498 2828 ergo
3527 2754 3802 2826 generali-

2201 2881 2286 2928 ter
2323 2870 2391 2925 de
2438 2876 2549 2922 tota
2595 2861 2754 2919 simul
2803 2858 3068 2921 Ecclesia,
3125 2861 3182 2909 et
3236 2847 3544 2923 specialiter
3573 2844 3704 2915 quid
3732 2845 3801 2899 de

2202 2976 2522 3034 unaquaque
2550 2958 2729 3013 anima
2750 2951 3092 3011 sentiendum
3123 2955 3223 3003 est.
3270 2944 3462 2999 Solent
3500 2940 3653 3011 pravi
3698 2954 3799 2992 au-

2201 3031 2446 3123 ditores,
2478 3052 2731 3107 doctores
2778 3060 2909 3101 suos
2939 3056 3047 3097 non
3074 3037 3423 3096 considerare
3468 3031 3615 3103 quod
3650 3037 3798 3097 sunt,

2201 3149 2297 3206 sed
2319 3146 2463 3218 quod
2493 3144 2731 3199 fuerunt.
2780 3137 2910 3191 Sani
2966 3147 3097 3202 ergo
3122 3130 3377 3187 doctores
3404 3126 3451 3181 ei
3474 3123 3801 3181 conﬁtentur

2200 3242 2344 3315 quod
2374 3241 2612 3302 fuerunt,
2644 3242 2700 3291 et
2725 3232 3010 3303 proferunt
3030 3224 3173 3297 quod
3204 3229 3363 3285 sunt;
3395 3228 3454 3274 ut
3481 3231 3581 3272 nec
3606 3228 3799 3286 pecca-

2202 3348 2347 3395 tores
2375 3351 2435 3392 se
2456 3330 2810 3396 abscondant,
2863 3340 2963 3380 nec
3008 3323 3207 3377 iterum
3240 3318 3383 3372 dona
3422 3313 3575 3368 velut
3602 3307 3797 3378 ingrati

2200 3429 2491 3497 denegent.
2526 3424 2681 3478 Dicat
2709 3433 2839 3488 ergo
2870 3417 2923 3471 in
2947 3414 3064 3469 istis
3110 3409 3349 3467 Ecclesia
3384 3425 3397 3461 :
3444 3404 3617 3476 Nigra
3660 3417 3799 3464 sum,

2201 3520 2292 3576 sed
2314 3521 2563 3591 formosa.
2590 3512 2751 3582 Nigra
2785 3524 2879 3579 per
2906 3522 3017 3573 me,
3049 3492 3286 3560 formosa
3316 3514 3416 3572 per
3438 3499 3678 3559 donum;
3712 3493 3798 3547 ni-

2202 3588 2457 3686 gralsum
2496 3612 2563 3666 de
2596 3607 2891 3681 pra'terito,
2944 3604 3183 3659 formosa
3231 3614 3301 3654 ex
3346 3610 3415 3650 eo
3465 3591 3613 3664 quod
3660 3588 3801 3645 facta

2202 3721 2321 3762 sum
2352 3704 2403 3759 in
2446 3701 2654 3756 futuris.
2686 3694 2971 3765 Quomodo
3015 3693 3187 3762 nigra,
3235 3684 3509 3758 quomodo
3530 3678 3801 3736 formosa?

2204 3796 2365 3867 Nigra
2394 3794 2535 3850 sicut
2560 3787 2907 3846 tabernacula
2936 3782 3135 3848 Cedar,
3192 3782 3427 3835 formosa
3457 3775 3601 3829 sicut
3639 3768 3799 3841 pellis

2204 3863 2531 3947 Salomonis.
2558 3884 2623 3939 Et
2654 3899 2762 3939 non
2794 3890 2878 3937 est
2904 3880 3109 3950 justum
3134 3884 3191 3930 ut
3216 3872 3412 3941 aliquis
3432 3884 3498 3924 ex
3528 3863 3803 3937 praeterita

2205 3985 2320 4040 vita
2370 3988 2668 4052 pensetur,
2729 3976 2756 4014 δ
2816 3983 2872 4030 et
2914 3987 3020 4027 non
3072 3968 3246 4037 magis
3294 3968 3609 4019 attendatur
3659 3956 3804 4027 quod

2204 4078 2325 4145 fuit,
2370 4075 2464 4131 sed
2508 4072 2652 4144 quod
2709 4076 2812 4125 esi.
2885 4064 3037 4120 Unde
3094 4059 3369 4131 subjungit
3413 4073 3427 4109 :
3499 4052 3688 4108 Nolite
3731 4065 3808 4104 me

2206 4168 2540 4225 considerare
2594 4161 2729 4235 quod
2788 4161 2934 4231 fusca
2986 4157 3117 4219 sim;
3174 4154 3293 4225 quia
3364 4146 3683 4203 decolorat-it
3729 4158 3807 4196 me

2208 4262 2308 4317 sol.
2338 4233 2642 4329 Aliquando
2670 4255 2724 4307 in
2744 4250 3024 4320 Scriptura
3047 4259 3220 4309 saera,
3253 4242 3333 4297 sol
3356 4238 3580 4311 ponitur
3612 4233 3806 4289 nimius

2210 4358 2738 4409 :cstusterrenorum
2767 4340 3181 4396 desideriorum.
3234 4331 3386 4388 Unde.
3437 4341 3567 4397 ergo
3616 4322 3807 4379 fusca?

2215 4447 2351 4513 Quia
2400 4440 2715 4498 decolorat-it
2760 4454 2840 4490 me
2888 4435 2984 4499 sol,
3035 4441 3087 4487 et
3144 4430 3339 4484 ardore
3373 4421 3577 4478 amoris
3609 4414 3806 4473 terreni

514 4505 648 4520 ww
678 4505 1028 4523 -----ν--------ι
1079 4505 1246 4512 --ν--ν-
1298 4505 1565 4527 "Tw—
1629 4505 1651 4524 τ
1784 4505 1787 4506 ν
1881 4505 1898 4521 .
2090 4505 2102 4515 ,
2231 4505 2255 4513 -

514 4554 685 4611 nolite
714 4551 995 4607 attendere
1020 4548 1146 4618 quid
1197 4546 1292 4601 fui.
1335 4545 1546 4612 Quare?
1592 4544 1716 4616 quia
1771 4539 2107 4597 decoloravit
2132 4558 2184 4619 υ
2212 4538 2352 4610 apud
2382 4547 2639 4607 sponsum
2664 4528 2974 4584 decolorata
2995 4538 3133 4587 sum,
3186 4520 3237 4575 id
3260 4527 3343 4573 est
3367 4513 3627 4570 indecora
3659 4505 3799 4578 apud

513 4659 602 4700 me
621 4643 725 4701 sol.
756 4640 850 4697 Sol
881 4640 932 4695 in
963 4654 1030 4695 eo
1056 4638 1350 4701 decolorat,
1396 4637 1446 4691 in
1471 4652 1578 4707 quo
1606 4635 1808 4690 arctius
1838 4642 1892 4687 et
1921 4631 2103 4687 distri-

514 4739 656 4795 ctius
683 4750 743 4791 se
766 4732 1041 4805 imprimit.
1104 4730 1244 4785 Deus
1270 4729 1485 4798 quando
1511 4727 1813 4782 districtum
1838 4723 2100 4793 judicium

514 4839 684 4897 tenet,
715 4827 869 4900 quasi
897 4824 1289 4881 districtionem
1317 4836 1470 4877 suam
1491 4820 1721 4890 amplius
1743 4818 2000 4883 exhibet;
2050 4824 2107 4869 et

514 4922 794 4979 decolorat
848 4919 972 4973 dum
1003 4916 1234 4988 amplius
1261 4915 1450 4985 fulget,
1508 4913 1633 4983 quia
1662 4912 1789 4968 dum
1816 4911 2106 4967 districtio-

515 5028 641 5069 nem
684 5012 935 5068 subtilius
986 5017 1245 5073 exercet,
1302 5006 1544 5061 districte
1588 5003 1879 5074 adjudicat.
1938 5001 2104 5070 Quasi

516 5105 662 5162 enim
712 5103 896 5159 radios
935 5116 1064 5157 suos
1091 5099 1374 5169 suspendit
1399 5098 1504 5166 sol,
1559 5096 1775 5168 quando
1807 5095 2106 5152 clementer

518 5210 683 5270 opera
744 5204 926 5250 nostra
970 5192 1307 5256 considerat;
1362 5189 1517 5261 quasi
1563 5188 1803 5244 districte
1849 5187 2107 5241 virtutem

517 5305 671 5347 suam
699 5287 940 5352 exhibet,
970 5285 1188 5358 quando
1213 5284 1453 5342 districte
1476 5297 1641 5354 opera
1665 5291 1848 5338 nostra
1889 5287 2104 5351 pensat.

516 5381 672 5439 Dicat
692 5396 821 5451 ergo
844 5378 1111 5445 Ecclesia;
1143 5377 1268 5433 inde
1286 5392 1405 5433 sum
1430 5375 1599 5439 fusca,
1644 5375 1782 5429 unde
1811 5371 2106 5443 peccatrix,

440 5524 453 5559 θ
521 5474 648 5543 quia
702 5489 789 5529 me
833 5472 916 5528 sol
946 5471 1309 5536 decoloravit;
1360 5471 1483 5540 quia
1533 5467 1937 5524 Creatormeus
1980 5464 2106 5519 dum

446 5563 456 5596 ί
518 5579 609 5622 me
628 5564 848 5632 deserit,
878 5578 980 5633 ego
1010 5562 1063 5617 in
1091 5576 1277 5619 errore
1306 5562 1450 5633 lapsa
1473 5575 1611 5617 sum.

595 5751 622 5826 ξι
662 5741 781 5826 Xal.
806 5741 915 5811 Cl.,
943 5744 997 5799 in
1034 5740 1293 5826 Ecclesia.

526 5813 631 5941 ﬂ":
660 5813 760 5871 llic
800 5808 910 5870 non
944 5816 1127 5887 magis,
1157 5814 1297 5869 idem
1333 5808 1634 5881 signiﬁcare
1653 5810 1866 5868 videtur
1898 5824 1963 5868 ac
2006 5810 2105 5864 mi-

2210 4646 2392 4693 reszem
2423 4627 2586 4683 facta.

2285 4723 2464 4795 (Vers.
2492 4721 2574 4792 5.)
2632 4718 2762 4774 Filii
2794 4715 2974 4771 matris
3000 4726 3127 4766 mea:
3149 4710 3508 4780 pugnaverunt
3536 4699 3809 4753 adversum

2214 4834 2313 4872 me.

2279 4909 2369 4965 25.
2398 4909 2458 4965 In
2493 4907 2641 4964 omni
2666 4915 2912 4962 creatura
2934 4900 3051 4957 dure
3078 4903 3337 4953 creatum
3368 4887 3665 4945 rationales
3685 4889 3810 4940 sunt

2210 5003 2462 5065 conditas,
2494 5001 2729 5054 lmmana
2750 5005 2808 5052 et
2834 4992 3075 5064 angelica
3115 5006 3127 5042 :
3164 4983 3361 5043 cecidit
3392 4981 3652 5051 angelus;
3685 4994 3807 5049 per-

2207 5095 2378 5152 suasit
2405 5092 2613 5149 homini
2647 5102 2693 5144 ε.
2742 5088 2913 5143 Mater
2957 5084 3097 5139 enim
3130 5077 3305 5135 omnis
3338 5085 3624 5137 creatum),
3657 5069 3807 5125 beni-

2210 5189 2386 5260 gnitas
2425 5196 2481 5243 et
2511 5183 2752 5255 potentia
2801 5180 2917 5235 Dei.
2960 5176 3068 5231 Nos
3118 5186 3249 5242 ergo
3280 5179 3333 5224 ct
3362 5166 3577 5237 Angeli,
3630 5179 3694 5217 et
3745 5176 3811 5215 co

2214 5280 2359 5351 quod
2388 5276 2682 5334 rationales
2709 5271 2911 5330 conditi
2937 5283 3140 5333 sumus,
3197 5262 3349 5334 quasi
3399 5258 3691 5330 quamdam
3724 5271 3812 5308 so-

2217 5373 2468 5429 cietatem
2501 5364 3150 5424 fraternitatishabemus.
3205 5356 3312 5412 Sed
3353 5354 3479 5423 quia
3514 5350 3692 5420 angeli
3746 5348 3811 5400 ah

2219 5470 2407 5525 eadem
2431 5465 2669 5539 potentia
2694 5460 2891 5519 conditi
2914 5468 3057 5521 sunt,
3084 5472 3112 5509 a
3135 5470 3239 5525 qua
3264 5463 3319 5508 et
3346 5464 3477 5515 nos,
3505 5448 3597 5519 qui
3632 5456 3810 5499 tamen

2220 5560 2475 5616 cadentes
2502 5555 2676 5627 angeli
2700 5564 2887 5611 contra
2920 5564 3016 5607 nos
3044 5544 3289 5621 quotidie.
3335 5541 3538 5599 bellmn
3578 5546 3810 5608 gerum;

2214 5734 2555 5880 quznggpplc
2592 5742 2648 5788 ut
2691 5732 2933 5797 caderet,
2971 5723 3146 5819 angeli
3193 5721 3331 5794 lapsi
3375 5718 3682 5791 superbiam
3721 5690 3805 5771 se-
