4052 6338
258 418 353 481 48')
858 416 1085 476 SUPER
1122 418 1415 479 CANTICA
1451 410 1629 479 CANT
1639 420 1893 495 [CORUM

257 546 389 601 dicat
418 560 431 596 :
478 540 607 597 Filii
624 542 808 599 matris
836 542 1088 604 Ecclesia:
1117 557 1470 620 pugnaverunt
1498 558 1679 605 contra
1718 566 1815 605 me.
1846 556 1900 614 Α

237 634 385 699 ‘Ecce
408 632 527 690 dum
550 642 788 704 pugnant
815 636 903 691 isti
943 638 1160 708 spiritus
1182 640 1493 710 rationales,
1544 641 1634 697 isti
1657 641 1817 711 spiri—

256 737 331 784 tus
356 726 446 782 ﬁlii
472 728 660 784 matris
687 729 814 785 dum
844 740 1083 801 pugnant
1105 740 1294 788 contra
1321 735 1579 802 animam,
1616 732 1822 790 iaciunt

253 838 362 879 eam
388 822 546 878 rebus
572 824 803 880 terrenis
832 825 1163 892 incumbere,
1197 826 1504 882 actionibus
1534 826 1809 883 smculari-

252 913 343 969 bus
366 927 573 981 vacare,
599 929 687 969 res
724 916 1063 972 transitorias
1090 931 1354 985 quaerere.
1390 916 1545 973 Unde
1595 926 1652 974 et
1688 918 1819 974 sub-

244 1001 446 1073 jungit:
496 1002 791 1059 Posuerunt
839 1023 921 1061 me
966 1008 1224 1062 custodem
1278 1008 1334 1062 in
1380 1009 1562 1077 vineis,
1618 1011 1821 1064 vineam

249 1110 403 1148 meam
422 1109 525 1149 non
552 1096 822 1151 custodivi.
881 1095 1063 1153 Vinea:
1096 1099 1239 1153 enim
1267 1108 1396 1154 sunt
1438 1101 1682 1157 actiones
1709 1109 1819 1157 ter-

245 1203 396 1244 renae.
422 1188 501 1244 Ac
527 1190 571 1245 si
621 1190 801 1247 dicat:
832 1193 885 1247 in
908 1192 1117 1251 actibus
1147 1194 1379 1250 terrenis
1406 1194 1687 1251 custodem
1733 1208 1823 1251 me

244 1290 547 1350 posuerunt,
581 1290 610 1320 ι
639 1291 695 1337 et
742 1298 862 1352 quae
891 1285 1107 1340 vineam
1136 1299 1336 1353 meam,
1378 1286 1433 1342 id
1481 1294 1565 1343 est
1583 1286 1819 1342 animam

241 1387 409 1428 meam
439 1390 548 1429 non
583 1376 873 1446 custodivi,
921 1378 1090 1433 vitam
1143 1394 1341 1447 meam,
1383 1386 1620 1436 mentem
1647 1394 1824 1435 meam

238 1465 504 1523 custodire
534 1469 778 1537 neglexi;
827 1471 953 1538 quia
975 1470 1101 1526 dum
1131 1473 1370 1530 exterius
1420 1472 1475 1527 in
1502 1487 1685 1528 rerum
1713 1482 1823 1527 ter-

236 1574 481 1615 renarum
515 1562 732 1617 actione
758 1563 1000 1619 involuta
1026 1580 1167 1634 sum,
1213 1566 1282 1621 ab
1325 1564 1535 1621 interna
1575 1564 1822 1622 custodia

236 1649 411 1720 elapsa
442 1666 585 1706 sum.
619 1651 870 1724 Plerique
912 1669 983 1710 ex
1034 1670 1102 1711 eo
1154 1671 1213 1712 se
1269 1656 1620 1712 considerant
1677 1655 1823 1725 quod

230 1737 381 1810 juxta
409 1743 557 1811 ipsos
599 1750 703 1812 est,
763 1760 874 1800 non
903 1760 969 1801 ex
1010 1761 1079 1803 eo
1121 1747 1267 1817 quod
1289 1756 1435 1804 sunt.
1463 1747 1625 1803 Juxta
1673 1746 1823 1817 ipsos

233 1838 353 1886 sunt
401 1831 724 1901 dignitates,
772 1832 927 1903 juxta
973 1836 1120 1906 ipsos
1160 1846 1288 1892 sunt
1338 1837 1609 1893 exteriora
1662 1837 1823 1892 mini-

230 1923 424 2023 steria;
478 1932 539 1979 et
567 1924 695 2023 dum
744 1927 1057 1983 custodiunt
1103 1929 1249 2000 quod
1300 1930 1456 2000 juxta
1485 1945 1546 1986 se
1594 1931 1819 1997 habent,
1855 1963 1901 2023 Β

228 2014 432 2084 seipsos
459 2015 744 2072 custodire
770 2018 1069 2089 negligunt.
1136 2020 1289 2075 Dicat
1318 2035 1450 2091 ergo
1480 2038 1494 2075 :
1526 2019 1824 2076 Posuerunt

228 2107 592 2163 mecustodem
616 2109 672 2163 in
699 2108 883 2177 vineis,
938 2112 1142 2165 vineam
1182 2128 1352 2167 meam
1388 2130 1494 2167 non
1538 2112 1823 2178 custodivi;

226 2197 278 2254 id
306 2209 410 2268 est,
473 2202 605 2258 dum
658 2204 921 2261 exteriori
963 2205 1227 2261 custodia:
1286 2207 1342 2261 in
1378 2206 1588 2262 actibus
1640 2204 1824 2261 saeculi

226 2292 501 2361 deservio,
561 2296 836 2353 interioris
874 2297 1135 2353 custodia:
1181 2298 1598 2354 sollicitudinem
1644 2297 1821 2353 amisi.

223 2383 330 2441 Sed
368 2401 503 2443 ecce
551 2387 774 2444 reducta
805 2388 1004 2445 anima‘
1032 2389 1101 2444 ad
1130 2390 1356 2458 gratiam
1394 2388 1671 2446 Creatoris
1695 2390 1819 2456 sui,

217 2475 329 2548 jam
366 2487 542 2548 amet,
571 2479 683 2550 jam
705 2480 949 2552 requirat
975 2480 1068 2539 ubi
1105 2480 1525 2554 Redemptorem
1560 2497 1716 2539 suum
1744 2482 1821 2537 in-

220 2573 422 2629 veniat.

288 2663 471 2733 (Vers.
506 2664 591 2737 6.)
636 2659 829 2725 Indica
875 2666 1024 2734 mihi,
1073 2684 1220 2739 quem
1265 2667 1438 2740 diligit
1480 2667 1656 2723 anima
1681 2681 1818 2736 mea,

214 2756 303 2813 ubi
329 2776 549 2830 pascas,
578 2758 667 2814 ubi
695 2760 844 2816 cubes
874 2762 927 2816 in
953 2762 1186 2816 meridie.

220 2874 227 2880 -
284 2850 376 2908 26.
416 2850 483 2908 In
534 2852 763 2909 meridie
803 2852 884 2909 sol
916 2853 1211 2909 ferventior
1253 2862 1358 2910 est.
1410 2852 1596 2909 Omnis
1647 2852 1739 2922 qui
1767 2850 1821 2907 in

212 2939 321 2998 ﬁde
350 2944 560 3011 fervet,
586 2943 641 2999 in
689 2958 877 3000 amore
904 2943 1156 3000 desiderii
1192 2943 1383 3000 fervet.
1441 2944 1549 2999 Iste
1594 2958 1824 3015 sponsus

213 3033 303 3102 qui
330 3034 531 3090 subter
555 3034 808 3091 hinnulus
827 3043 1072 3103 vocatur,
1106 3035 1161 3090 in
1189 3035 1353 3090 corde
1378 3036 1619 3106 ipsorum
1648 3034 1824 3107 pascit

207 3124 481 3179 virtutum
511 3125 878 3193 viriditatem;
904 3126 956 3181 in
984 3127 1149 3183 corde
1188 3127 1426 3198 ipsorum
1475 3127 1739 3182 recumbit
1767 3127 1821 3182 in

210 3216 464 3283 meridie,
512 3216 571 3271 in
622 3216 835 3273 fervore
886 3218 1186 3273 charitatis.
1236 3215 1426 3273 Indica
1468 3216 1613 3285 mihi,
1657 3216 1822 3289 412

205 3323 355 3377 quem
386 3308 574 3380 diligit
599 3309 775 3364 anima
797 3324 935 3375 mea,
977 3308 1063 3363 ubi
1083 3325 1290 3380 pascas,
1344 3308 1431 3363 ubi
1459 3307 1608 3363 cubes
1630 3308 1686 3361 in
1714 3324 1821 3362 me-

207 3366 362 3454 ridie.
394 3366 589 3468 Quare
617 3401 697 3457 sic
723 3413 928 3472 quaerat
952 3401 1045 3458 ubi
1070 3366 1288 3473 pascat,
1311 3401 1403 3458 ubi
1431 3403 1614 3469 cubet,
1643 3400 1821 3458 reddit
1851 3366 1897 3432 Ο

204 3506 437 3551 causam
473 3494 841 3563 inquisitionis
862 3509 995 3550 suae.

274 3588 477 3659 (Vers.
511 3585 593 3659 6.)
620 3585 707 3642 Ne
734 3591 914 3662 vagari
943 3589 1191 3663 incipiam
1216 3597 1334 3661 post
1360 3604 1537 3663 greges
1564 3580 1823 3647 sodalium

203 3687 445 3737 tuorum.

272 3771 371 3828 27.
437 3770 679 3829 Sodales
706 3770 803 3829 Dei
830 3782 957 3829 sunt
992 3772 1151 3829 amici
1176 3770 1490 3845 familiares,
1517 3774 1659 3832 sicut
1703 3789 1825 3831 om-

198 3879 300 3923 nes
328 3866 432 3936 qui
453 3865 604 3922 bene
628 3864 851 3933 vivunt;
875 3865 970 3921 sed
990 3865 1145 3921 multi
1165 3873 1428 3937 apparent
1449 3866 1661 3923 sodales
1679 3880 1822 3935 esse,

198 3967 257 4015 et
285 3960 522 4016 sodales
552 3975 660 4016 non
683 3969 830 4017 sunt.
862 3958 1011 4016 Multi
1040 3961 1186 4016 enim
1231 3960 1484 4018 doctores
1532 3960 1657 4016 dum
1699 3975 1819 4031 per-

194 4066 430 4107 versam
460 4051 770 4107 doctrinam
799 4052 1109 4119 suaderent,
1164 4052 1380 4109 sodales
1405 4051 1624 4123 quidem
1671 4052 1820 4108 vide-

194 4143 437 4212 bantur,
468 4142 569 4199 sed
598 4144 801 4200 inimici
850 4144 1195 4200 exstiterunt.
1246 4144 1384 4200 Dum
1430 4145 1607 4200 adhuc
1627 4143 1822 4200 doctor

193 4244 351 4293 esset
379 4236 582 4306 Arius,
629 4234 919 4303 Sabellius,
968 4236 1277 4301 Montanus,
1312 4237 1468 4307 quasi
1491 4236 1706 4293 sodales
1734 4236 1818 4292 vi-

192 4326 521 4397 debantur;
550 4327 647 4384 sed
672 4328 799 4384 dum
827 4328 1071 4386 districto
1095 4327 1272 4385 diﬁ’usi
1298 4337 1444 4399 sunt,
1491 4330 1693 4386 inimici
1722 4345 1820 4402 ap-

190 4431 546 4493 paruerunt.
576 4419 646 4476 Et
673 4422 991 4494 plerumque
1010 4421 1199 4478 ﬁdeles
1218 4422 1432 4488 animae,
1483 4422 1611 4478 dum
1640 4421 1814 4478 iuba:-

188 4527 326 4573 rent
354 4517 547 4574 verbo
578 4514 693 4581 Dei,
725 4515 855 4570 dum
882 4523 1067 4570 amant
1093 4515 1149 4570 in
1170 4515 1483 4573 doctoribus
1531 4515 1675 4573 unde
1694 4531 1822 4587 pro-

191 4604 414 4676 ﬁciant,
476 4621 681 4665 cavere
732 4606 984 4663 nesciunt
1029 4621 1407 4678 perversorum
1442 4607 1607 4664 verba
1629 4608 1821 4663 docto-

188 4713 345 4769 rum,
378 4710 441 4756 et
465 4714 546 4755 ex
575 4697 817 4769 ipsorum
847 4712 943 4754 ore
963 4698 1236 4755 deﬁciunt.
1264 4697 1436 4767 Quam
1461 4698 1645 4754 multa:
1672 4698 1818 4753 enim

188 4791 396 4863 plebes
425 4790 578 4856 istae,
636 4803 759 4859 quae
784 4788 852 4845 de
876 4789 1150 4846 sodalibus
1181 4788 1549 4857 crediderunt,
1596 4795 1652 4843 et
1690 4783 1816 4841 dum

1936 423 2312 483 EXPOSITIO.
2356 456 2424 469 —
2467 422 2618 483 CAP.
2660 426 2697 479 Ι.
3402 441 3507 501 490

1927 549 2206 607 catholicis
2228 567 2337 607 non
2358 553 2497 608 bene
2518 553 2799 625 agentibus
2811 553 3010 612 dicere.
3032 555 3186 612 Multi
3213 558 3355 614 enim
3384 576 3514 631 par-

1922 640 2031 695 vuli
2062 640 2201 696 intra
2232 641 2523 698 Ecclesium
2579 644 2765 701 ﬁdeles
2817 655 3080 717 appetunt
3106 648 3246 704 bene
3292 651 3510 721 vivere,

1923 733 2116 788 volunt
2138 734 2304 788 vitam
2335 735 2670 791 rectitudinis
2714 745 2923 805 tenere,
2972 740 3317 795 considerant
3343 742 3514 797 vitam

1922 824 2263 879 sacerdotum
2290 825 2381 896 qui
2410 827 2488 881 eis
2515 830 2785 897 υνξεροεὶιί
2812 838 2972 895 sunt;
3020 840 3075 886 et
3101 831 3226 887 dum
3253 833 3517 889 sacerdo-

1923 922 2007 970 tes
2032 915 2133 985 ipsi
2163 932 2270 970 non
2294 917 2431 973 bene
2459 918 2664 985 vivunt,
2723 920 2847 974 dum
2877 920 2936 975 hi
2981 922 3073 992 qui
3101 932 3361 992 praesunt,
3403 938 3518 980 non

1922 1014 2073 1062 recte
2100 1008 2306 1075 vivunt,
2367 1010 2421 1063 hi
2450 1011 2542 1079 qui
2590 1012 2992 1082 subsequuntur
3013 1014 3068 1069 in
3105 1031 3350 1072 errorem
3378 1016 3515 1071 dila-

1927 1099 2148 1156 buntur.
2180 1099 2335 1156 Unde
2356 1110 2411 1157 et
2439 1102 2681 1159 Ecclesia
2708 1106 2860 1174 quasi
2890 1106 2945 1159 in
2974 1108 3053 1161 eis
3094 1108 3335 1178 parvulis
3364 1117 3421 1163 et
3448 1108 3517 1160 ll-

1925 1191 2134 1249 delibus
2156 1193 2289 1247 dicit
2321 1210 2334 1247 :
2379 1192 2567 1249 Indica
2594 1196 2742 1262 mihi,
2782 1213 2931 1267 quem
2959 1197 3128 1269 diligit
3150 1199 3329 1253 anima
3375 1216 3513 1267 mea,

1924 1283 2011 1339 ubi
2040 1303 2249 1356 pascas,
2270 1286 2355 1342 ubi
2385 1288 2534 1343 cubes
2586 1291 2642 1344 in
2694 1290 2926 1345 meridie.
2961 1290 3140 1345 Vitam
3175 1292 3308 1346 mihi
3359 1308 3520 1349 vera-

1926 1375 2063 1431 citer
2104 1377 2454 1433 servientium
2487 1379 2580 1434 tibi
2610 1379 2807 1446 indica,
2839 1388 2901 1435 ut
2952 1382 3117 1437 sciam
3158 1383 3248 1438 ubi
3276 1398 3469 1453 pascas
3498 1400 3516 1451 ;

1927 1469 2255 1525 viriditatem
2285 1472 2568 1539 virtutum,
2598 1481 2657 1527 ut
2682 1473 2849 1530 sciam
2875 1473 2968 1528 ubi
2997 1474 3163 1529 cubes
3185 1477 3237 1529 in
3269 1477 3517 1544 meridie,

1926 1561 1979 1616 id
1995 1570 2079 1617 est
2106 1562 2199 1617 ubi
2216 1562 2464 1632 quiescas
2492 1564 2547 1618 in
2576 1565 2790 1620 fervore
2814 1564 3126 1633 cbaritatis;
3151 1581 3217 1621 ne
3243 1566 3370 1621 dum
3391 1580 3520 1635 gre-

1925 1665 2021 1723 ges
2048 1653 2312 1709 sodalium
2336 1663 2550 1710 tuorum
2587 1656 2813 1725 aspicio,
2861 1656 2977 1725 ipsa
3019 1657 3202 1726 vagari
3242 1658 3520 1728 incipiam,

1926 1744 2177 1800 nesciens
2222 1744 2377 1814 cujus
2420 1746 2600 1801 verbis
2652 1761 2740 1803 me
2787 1755 2842 1801 et
2871 1747 3131 1802 doctrinis
3154 1749 3518 1803 committam.

1926 1835 2097 1891 Caute
2138 1837 2283 1892 enim
2332 1837 2495 1893 debet
2540 1838 2718 1894 omnis
2762 1838 2998 1905 auditor,
3053 1840 3229 1894 omnis
3255 1840 3519 1907 inﬁrmus,

1926 1928 2275 1985 considerare
2321 1928 2477 1999 cujus
2515 1929 2699 1986 verbis
2753 1944 2813 1985 se
2837 1930 3062 1985 credere
3096 1929 3316 1999 debeat,
3366 1930 3524 1998 cujus

1926 2020 2239 2090 magisterio
2270 2022 2342 2075 uti
2370 2018 2587 2089 debeat,
2639 2020 2794 2091 cujus
2842 2020 3091 2092 exempla
3116 2021 3270 2092 sequi
3298 2021 3518 2078 debeat.

1927 2114 1997 2170 Et
2025 2129 2152 2171 ecce
2182 2114 2345 2172 verba
2374 2117 2562 2187 sponsi
2582 2116 2879 2173 redduntur
2907 2118 2975 2172 ad
3001 2132 3277 2188 sponsam.

1944 2219 1953 2223 -
2000 2249 2177 2319 (Vers.
2209 2249 2289 2321 7.)
2342 2250 2407 2306 Si
2430 2252 2642 2323 ignoras
2677 2260 2745 2318 te,
2773 2269 2804 2307 ο
2832 2252 3049 2324 pulchra
3094 2255 3231 2308 inter
3255 2254 3520 2322 mulieres,

1923 2341 2187 2411 egredere,
2216 2350 2265 2395 et
2293 2341 2377 2396 abi
2406 2351 2522 2413 post
2545 2344 2760 2416 vestigia
2791 2360 3026 2417 gregum,
3070 2352 3120 2400 et
3148 2361 3303 2414 pasce
3342 2345 3520 2402 Iucdos

1925 2441 2039 2489 tuos
2059 2434 2217 2505 juxta
2246 2434 2582 2490 tabernacula
2607 2444 2896 2507 pastorum.

1997 2566 2086 2623 28.
2140 2566 2328 2625 Omnis
2379 2569 2560 2637 anima
2607 2571 2739 2627 nihil
2795 2572 2958 2628 debet
3008 2572 3239 2645 amplius
3292 2588 3514 2642 curare,

1926 2674 2088 2730 quam
2118 2668 2178 2716 ut
2208 2662 2439 2732 seipsam
2468 2663 2621 2718 sciat.
2672 2664 2775 2731 Qui
2801 2665 2941 2719 enim
2972 2665 3211 2736 seipsam
3249 2667 3370 2734 scit,
3422 2683 3526 2723 co-

1929 2752 2142 2821 gnoscit
2160 2753 2287 2821 quia
2313 2753 2383 2809 ad
2429 2755 2715 2824 imaginem
2746 2754 2844 2812 Dei
2886 2755 3063 2813 factus
3092 2766 3193 2826 est,
3219 2774 3329 2815 non
3358 2759 3525 2817 debet

1929 2842 2338 2900 similitudinem
2387 2844 2756 2915 jumentorum
2796 2848 2970 2916 sequi,
3030 2848 3146 2903 sive
3192 2848 3249 2902 in
3287 2848 3525 2918 luxuria,

1926 2936 2043 2994 sive
2068 2937 2123 2993 in
2152 2938 2394 3009 appetitu
2415 2940 2667 3008 praesenti
2694 2939 2934 2996 dissolvi.
2979 2939 3057 2995 De
3084 2956 3189 3012 qua
3217 2941 3527 3011 ignorantia

1925 3027 2054 3083 alibi
2077 3028 2273 3085 dicitur
2304 3046 2317 3082 :
2354 3028 2527 3085 Homo
2548 3047 2663 3085 cum
2690 3032 2746 3086 in
2768 3032 2962 3087 honore
2985 3041 3137 3099 esset,
3183 3049 3288 3087 non
3316 3034 3526 3090 intelle-

1924 3121 2026 3187 atit,
2057 3133 2385 3193 comparatus
2434 3132 2512 3179 est
2534 3124 2784 3195 jumentis
2813 3126 3196 3195 insipientibus,
3256 3139 3306 3185 et
3333 3130 3523 3185 similis

1928 3215 2096 3284 {actus
2127 3223 2204 3269 est
2254 3215 2362 3270 illis
2413 3214 2586 3286 (Psal.
2617 3232 2799 3284 vam,
2858 3218 2971 3289 15).
3023 3219 3257 3289 Vestigia
3297 3234 3523 3290 gregum

1927 3314 2055 3360 sunt
2089 3304 2333 3363 actiones
2375 3307 2717 3377 p0pulorum,
2768 3324 2889 3378 quae
2917 3320 3118 3378 quanto
3146 3312 3327 3366 multa:
3374 3320 3525 3378 sunt,

1930 3405 2080 3453 tanto
2108 3398 2400 3467 impeditae,
2434 3408 2585 3453 tanto
2612 3415 2899 3468 perversae.
2934 3402 3157 3456 Dicatur
3176 3417 3306 3471 ergo
3332 3403 3525 3460 Eccle-

1930 3490 2026 3546 sia:
2059 3507 2073 3543 :
2121 3488 2185 3544 Si
2204 3490 2413 3560 ignoras
2436 3499 2504 3556 te,
2533 3506 2563 3543 o
2592 3489 2810 3559 pulchra
2830 3491 2963 3545 inter
2980 3492 3240 3559 mulieres,
3262 3495 3525 3564 egredere,

1929 3591 1978 3637 et
1998 3582 2084 3636 abi
2112 3591 2229 3650 post
2256 3582 2471 3653 uestigia
2491 3599 2719 3653 gregum,
2750 3592 2801 3637 et
2820 3600 2975 3655 pasce
3002 3586 3178 3642 haedos
3208 3597 3341 3656 tuos,
3365 3589 3527 3660 juxta

1930 3674 2267 3730 tabernacula
2304 3684 2590 3743 pastorum.
2648 3674 2693 3727 0
2751 3683 2829 3742 tu,
2879 3691 2999 3746 qua;
3036 3676 3186 3745 forda
3217 3694 3317 3749 per
3368 3680 3526 3749 igno-

1930 3765 2187 3833 rantiam,
2240 3778 2338 3833 per
2364 3763 2523 3821 ﬁdem
2569 3765 2797 3837 pulchra
2841 3764 2981 3822 facta
3026 3782 3085 3823 es
3122 3769 3265 3825 inter
3293 3771 3525 3828 aliorum

1931 3854 2156 3911 animas.
2190 3854 2344 3921 Quod
2374 3854 2653 3911 evidenter
2676 3856 2873 3913 dicitur
2892 3858 2961 3913 ad
2989 3857 3285 3916 Ecclesiam
3315 3862 3522 3919 electo-

1928 3963 2080 4015 rum;
2103 3949 2149 4002 si
2177 3948 2394 4017 ignoras
2423 3956 2496 4013 te,
2522 3947 2575 4003 id
2604 3958 2689 4003 est
2712 3949 2816 4005 hoc
2837 3949 3037 4021 ipsum,
3067 3952 3213 4022 quod
3233 3952 3301 4006 ad
3330 3953 3527 4023 imagi-

1929 4055 2055 4095 nem
2083 4054 2257 4095 meam
2284 4041 2427 4094 facta
2448 4056 2530 4109 es,
2574 4040 2825 4110 ignoras;
2857 4042 3138 4110 egredere,
3163 4042 3217 4096 id
3241 4051 3325 4097 est
3348 4043 3520 4103 foras.

1928 4131 1987 4188 Si
2016 4148 2147 4189 vero
2179 4149 2287 4189 non
2317 4134 2600 4203 cognoscis
2630 4132 2656 4171 ι»
2679 4148 2832 4201 aquo
2855 4132 2997 4187 facta
3040 4149 3122 4199 es,
3173 4133 3435 4213 egredere
3464 4144 3523 4192 et

1928 4225 2049 4294 abi;
2095 4225 2231 4281 vade
2250 4234 2370 4295 post
2390 4224 2616 4291 vestigia
2636 4237 2895 4292 gregum;
2927 4238 3177 4291 sequere,
3203 4238 3313 4279 non
3333 4239 3521 4282 exem-

1928 4319 2020 4390 pla
2048 4333 2191 4384 mea,
2221 4318 2383 4388 413
2434 4315 2529 4373 sed
2583 4314 2830 4384 exempla
2878 4315 3223 4386 populorum,
3260 4326 3319 4373 et
3355 4332 3522 4388 pasce

1923 4413 2107 4469 haedos
2136 4421 2258 4466 tuos
2290 4408 2442 4478 juxta
2495 4406 2843 4462 tabernacula
2898 4417 3199 4477 pastorum.
3248 4408 3399 4466 Haedi
3428 4425 3523 4467 no-

1922 4503 2022 4560 stri
2044 4509 2173 4558 sunt
2200 4507 2378 4555 motus
2408 4497 2674 4563 carnales,
2728 4497 2866 4553 haedi
2906 4500 3080 4555 nostri
3099 4508 3224 4556 sunt
3258 4501 3523 4559 tentatio-

1926 4610 2026 4652 nes
2041 4593 2259 4650 illicitae.
2285 4591 2383 4646 Abi
2410 4598 2535 4661 post
2553 4589 2779 4661 vestigia
2803 4604 3046 4661 gregum,
3071 4592 3125 4648 id
3141 4600 3224 4649 est
3248 4593 3524 4650 descende

1925 4694 2051 4759 post
2071 4683 2295 4753 vestigia
2318 4682 2663 4754 populorum,
2695 4690 2752 4737 et
2780 4692 2943 4752 pasce
2970 4682 3157 4739 haedos
3185 4692 3329 4752 tuos,
3357 4684 3409 4737 id
3436 4689 3524 4740 est;

1927 4780 2074 4836 nutri
2100 4785 2282 4837 motus
2319 4777 2586 4844 carnales,
2637 4791 2748 4832 non
2797 4775 2910 4846 jam
2955 4791 3145 4834 sensus
3186 4777 3517 4847 spirituales,

187 4860 292 4937 eas
315 4888 764 4953 persequuntur,
797 4897 897 4953 per
924 4894 1117 4950 greges
1155 4880 1424 4935 sodalium
1453 4877 1813 4935 erraverunt!
1847 4869 1898 4931 Ι)
1920 4874 2017 4932 sed
2042 4860 2246 4929 'motus
2290 4871 2561 4928 carnales.
2620 4869 2723 4926 Abi
2749 4869 2903 4940 juxta
2934 4868 3282 4925 tabernacula
3330 4875 3521 4940 pasto-

186 4971 361 5030 Dicat
396 4988 544 5043 ergo
567 4991 581 5028 :
616 4971 805 5030 Indica
830 4974 958 5030 mihi
982 4973 1068 5028 ubi
1097 4988 1304 5045 pascas,
1330 4971 1417 5026 ubi
1444 4970 1594 5025 cubes
1620 4972 1677 5024 in
1703 4986 1814 5024 me-

181 5066 353 5133 ridie,
389 5082 465 5121 ne
496 5067 683 5138 vagari
709 5067 957 5138 incipiam
970 5074 1085 5140 post
1103 5081 1281 5137 greges
1306 5063 1562 5119 sodalium
1590 5070 1816 5117 tuorum.

184 5154 387 5213 Indica
419 5158 484 5213 in
517 5170 749 5227 quorum
788 5158 953 5215 corda
983 5158 1250 5214 veraciter
1274 5156 1602 5226 requiescas,
1631 5168 1701 5209 ne
1730 5153 1816 5210 in-

183 5253 408 5324 cipiam
455 5253 653 5322 vagari
704 5262 830 5325 post
875 5268 1067 5326 greges
1092 5268 1304 5323 eorum,
1359 5252 1452 5323 qui
1482 5250 1693 5307 sodales
1721 5248 1818 5305 tibi

186 5346 502 5416 videntur,
533 5346 592 5401 id
612 5354 699 5403 est
720 5348 813 5418 qui
834 5347 1126 5405 familiares
1151 5348 1228 5403 tui
1258 5347 1569 5413 creduntur,
1623 5351 1680 5401 et
1708 5357 1821 5399 non

180 5453 345 5501 sunt.
372 5444 602 5499 Omnes
626 5444 957 5511 sacerdotes,
987 5459 1177 5501 omnes
1202 5444 1458 5500 doctores
1486 5441 1697 5497 sodales
1726 5438 1823 5495 Dei

181 5543 345 5600 sunt,
382 5544 672 5607 quantum
700 5534 769 5590 ad
794 5535 1064 5606 speciem;
1092 5542 1352 5606 quantum
1373 5548 1505 5590 vero
1537 5532 1604 5587 ad
1633 5532 1820 5598 vitam,

179 5631 359 5685 multi
390 5644 521 5685 non
550 5629 782 5698 sodales,
814 5628 912 5687 sed
938 5626 1233 5685 adversarii
1259 5635 1404 5683 sunt.
1427 5624 1534 5681 Sed
1562 5624 1678 5680 haec
1705 5623 1823 5694 ipsa

179 5734 315 5792 qua:
362 5716 631 5778 diximus
668 5719 737 5777 de
782 5720 1051 5777 haereticis
1107 5717 1395 5789 magistris,
1438 5730 1727 5787 possumus
1755 5712 1825 5770 de

259 5923 290 5954 ⁸
332 5910 533 5968 Forte
564 5907 874 5980 legendum,
898 5915 1066 5980 atque.

508 6001 792 6093 "cruor"
839 6001 1138 6065 LXXIX.

1924 4981 2065 5033 rttm,
2094 4966 2142 5023 si
2167 4980 2337 5037 agnos
2364 4963 2544 5035 pascis
2568 4963 2623 5017 in
2671 4960 3024 5017 tabernaculo
3052 4967 3352 5031 pastorum,
3392 4974 3522 5031 pas-

1923 5061 2082 5127 ceris,
2132 5058 2185 5114 id
2211 5065 2295 5121 est
2323 5058 2377 5113 in
2435 5055 2696 5113 doctrinis
2716 5055 3117 5125 magistrorum,
3175 5053 3231 5108 in
3256 5052 3518 5111 doctrinis

1926 5153 2334 5226 Apostolorum,
2365 5151 2420 5206 in
2441 5149 2703 5207 doctrinis
2729 5150 3139 5221 prophetarum.
3165 5146 3223 5204 Si
3250 5164 3382 5207 vero
3404 5149 3517 5204 bte-

1926 5247 2027 5305 dos
2057 5245 2252 5318 pascis,
2298 5243 2457 5314 juxta
2485 5243 2834 5300 tabernacula
2881 5250 3159 5313 pastorum
3208 5256 3400 5312 pasce,
3456 5248 3519 5297 ut

1925 5337 2034 5394 ﬁde
2064 5336 2270 5394 voceris
2288 5334 2615 5403 Christiana,
2645 5342 2703 5391 et
2741 5350 2850 5391 non
2876 5334 3170 5404 operibus;
3220 5334 3346 5404 quia
3372 5332 3517 5389 intra

1926 5429 2127 5487 videris
2150 5444 2271 5487 esse
2299 5444 2398 5500 per
2427 5428 2606 5494 ﬁdem,
2628 5434 2685 5483 et
2709 5442 2818 5483 non
2848 5427 2987 5483 intra
3009 5442 3108 5498 per
3132 5439 3317 5497 opera.
3374 5425 3515 5493 Quia

1927 5538 2056 5581 ecce
2075 5522 2385 5594 increpasti,
2418 5534 2548 5577 ecce
2571 5518 2895 5588 redarguisti
2939 5518 3089 5590 (quid
3115 5519 3259 5574 enim
3304 5532 3415 5575 non
3435 5516 3517 5573 di-

1929 5616 2053 5687 cis),
2080 5616 2208 5688 quid
2228 5623 2287 5670 tu
2307 5613 2539 5684 benigne
2565 5626 2632 5669 ea
2651 5610 2765 5683 jam
2787 5618 3045 5684 operatus
3073 5611 3168 5669 es?
3188 5609 3285 5668 Dic
3314 5609 3510 5682 plane:

1928 5707 2064 5767 Nam
2090 5708 2372 5781 sequitur:

1999 5896 2025 5936 δ
2046 5908 2049 5911 ‘
2067 5895 2186 5954 Val.
2216 5892 2323 5965 CL,
2355 5893 2425 5951 ad
2444 5893 2589 5967 quid,
2615 5911 2647 5951 a
2666 5910 2766 5967 quo
2794 5895 2932 5968 facta
2956 5914 3031 5955 es.
3115 5984 3142 6043 1

3151 5986 3188 6044 6
