4052 6338
309 217 417 277 495

937 220 1165 281 SUPER
1204 223 1495 283 CANTICA
1535 222 1981 285 CANTICORUM
2022 202 2406 284 EXPOSl'liO.
2446 251 2517 272 --
2562 221 2711 280 CAP.
2754 221 2814 280 ll.

3473 226 3579 286 ωε

374 339 550 411 (Vers.
584 337 699 411 12.)
727 340 1034 399 Fasciculus
1063 345 1289 416 myrrha:
1332 344 1547 402 dilectus
1576 357 1720 403 meus
1741 345 1899 415 mihi,»
1923 349 1977 409 Α
1998 350 2209 401 catores
2236 342 2498 413 intelligi;
2530 346 2623 416 qui
2655 345 3054 417 simplicitatem
3087 359 3248 421 quam
3269 352 3582 428 praedicant,

302 432 435 487 inter
481 430 639 487 ubera
678 450 792 489 mea
838 436 1255 491 commorabitur.

369 510 460 579 33.
502 523 835 582 Mortuorum
889 538 1118 600 c0rpora
1160 532 1378 602 myrrha
1429 530 1637 587 condiri
1684 531 1895 602 solent,

304 632 370 671 ne
398 620 731 688 putrescant.
784 617 1054 691 Myrrham
1102 623 1303 693 quippe
1347 624 1667 695 corporibus
1689 640 1758 680 ne
1797 641 1895 695 pu-

301 714 538 766 trescant
583 698 901 769 adhibemus
923 758 937 781 ,
966 708 1090 769 dum
1112 717 1353 772 membra
1384 724 1571 773 nostra
1612 717 1665 772 in
1695 717 1903 774 Christi-

301 802 636 872 exemplutn,
672 819 768 875 per
789 808 1100 863 eorumdem
1148 794 1619 866 mortiﬁcationem
1660 825 1692 864 a
1718 818 1897 879 putre-

299 894 422 950 dine
468 894 694 951 luXuriuc
737 886 1140 970 restringimus;
1191 915 1260 956 ne
1305 900 1431 956 dum
1472 916 1535 957 ea
1566 902 1682 957 sine
1710 901 1897 979 condi-

299 1000 480 1045 mento
509 988 891 1055 dimiserimus,
927 993 1187 1050 dissoluta
1210 994 1499 1067 putredine
1522 1010 1701 1052 escam
1731 978 1895 1072 εἰς

298 1083 571 1138 vermibus
597 1085 815 1140 aeternis
844 1093 1027 1141 nostra
1055 1103 1287 1159 corpora
1315 1089 1594 1147 faciamus.
1628 1092 1734 1147 Sed
1765 1095 1894 1163 quid

300 1182 382 1232 est
410 1173 554 1247 quod
582 1164 838 1232 dilectum
883 1182 1040 1234 Suum
1069 1196 1270 1250 sponsa
1304 1197 1413 1237 non
1460 1185 1767 1257 myrrham,
1800 1185 1897 1241 sed

297 1266 613 1323 fasciculum
643 1269 876 1340 myrrha-'3
906 1271 1187 1338 nominat,
1219 1273 1322 1329 nisi
1366 1275 1509 1344 quod
1541 1276 1669 1331 dum
1708 1285 1895 1333 sancta

298 1372 448 1412 mens
475 1355 671 1412 Christi
702 1358 868 1413 vitam
901 1374 970 1415 ex
998 1359 1145 1415 omni
1175 1371 1331 1432 parte
1371 1366 1714 1433 considerat,
1765 1383 1897 1423 con-

299 1456 380 1505 tra
409 1450 591 1505 omnia
618 1450 746 1506 vitia
776 1466 844 1507 ex
871 1452 988 1523 ejus
1039 1454 1341 1511 imitatione
1386 1465 1751 1527 repugnantes
1787 1461 1896 1515 vir-

297 1548 441 1598 tutes
485 1546 808 1614 congregat;
861 1559 929 1599 ex
976 1544 1171 1615 quibus
1218 1548 1317 1603 sibi
1360 1535 1676 1605 fasciculum
1707 1558 1895 1621 aptat,

299 1651 405 1708 quo
432 1636 613 1693 carnis
634 1653 745 1693 sua:
772 1632 1115 1709 putredinetu
1165 1642 1549 1713 sempiternam
1580 1643 1894 1713 ahstergat?

1998 448 2247 505 servant,
2278 444 2333 494 et
2357 437 2586 494 visibilia
2628 449 3067 508 contemnentes,
3119 444 3190 499 ad
3216 454 3427 503 ater-al
3461 462 3587 507 cum

1997 534 2210 604 magnis
2262 532 2547 603 gannitibus
2589 533 2864 591 anhelant.
2921 535 3178 607 Sequitur
3229 554 3336 596 vox
3374 554 3591 613 sponsa

1997 628 2225 683 dicentis
2258 646 2268 679 :

2071 723 2248 793 (Vers.
2277 724 2363 793 l5,
2394 724 2504 796 l6.)
2534 723 2669 779 Ecce
2698 732 2751 779 tu
2771 712 2983 795 pulcher
3007 740 3089 791 ea,
3110 724 3400 794 dilecta-ti,
3420 734 3474 784 ct
3498 728 3601 788 ὀο-

1995 828 2189 868 corus:
2221 814 2435 869 lectulus
2464 824 2639 870 noster
2658 815 2894 885 ﬂoridus,
2928 816 3075 887 tigna
3089 816 3360 874 domm
3380 824 3591 878 m

1997 919 2112 957 rum
2141 904 2355 959 cedrina
2373 943 2389 972 ,
2423 906 2689 976 laquearia
2716 907 3035 977 cupi-escium

2068 995 2156 1048 56.
2188 994 2417 1050 Pulcher
2443 1003 2497 1052 et
2545 996 2776 1053 decorus
2814 997 3045 1054 dilectus
3086 999 3285 1057 dicitur
3301 1032 3329 1069 ,η
3372 1001 3499 1071 quia
3535 1001 3601 1059 llr

1997 1086 2279 1142 divinitate
2309 1099 2364 1144 et
2412 1090 2747 1145 humanitate
2775 1091 2844 1146 ab
2892 1092 3041 1147 omni
3070 1095 3275 1150 amanti
3321 1108 3385 1151 se
3409 1098 3595 1153 mente

1996 1182 2115 1238 sine
2153 1182 2365 1237 macula
2402 1184 2845 1253 reprehensionis
2882 1185 3160 1255 aspicitur.
3229 1187 3409 1255 Quem
3462 1188 3599 1243 dunt

1997 1288 2198 1344 sponsa
2249 1274 2412 1344 pleno
2468 1274 2748 1331 desiderio
2795 1277 3071 1345 sequitur,
3115 1279 3363 1335 omnium
3404 1280 3599 1336 mundi

1996 1368 2463 1437 perturbationum
2511 1369 2882 1436 obliviscitur;
2933 1379 2989 1425 et
3034 1371 3159 1426 dum
3202 1373 3257 1427 in
3301 1373 3417 1441 ejus
3462 1382 3607 1443 pace

1996 1459 2253 1527 quiescit,
2284 1461 2453 1529 magis
2481 1468 2545 1516 ac
2576 1461 2747 1531 magis
2788 1461 3096 1517 decoratur.
3129 1461 3284 1519 Unde
3308 1465 3592 1534 sequitur:

1997 1548 2239 1605 Lectulus
2268 1561 2441 1606 uoster
2464 1552 2702 1622 ﬂoridus.
2750 1550 2887 1618 Quid
2918 1552 3176 1608 lectulum
3214 1566 3425 1623 spumae
3444 1594 3459 1620 ,
3491 1557 3603 1613 nisi

1995 1643 2091 1697 otii
2121 1643 2360 1713 quietem
2390 1643 2774 1711 intelligimus?
2816 1642 2970 1699 Mens
2993 1644 3138 1698 enim
3166 1658 3286 1713 quae
3332 1651 3595 1716 sponsum

296 1728 398 1796 Qui
441 1730 579 1785 bene
626 1729 768 1786 inter
806 1731 973 1787 ubera
1020 1733 1349 1788 commorari
1397 1733 1627 1804 dicitur,
1677 1735 1803 1804 quia
1837 1735 1892 1790 in
1922 1745 1973 1807 Β
1997 1749 2154 1789 suum
2182 1735 2455 1789 Christum
2486 1735 2828 1804 singulariter
2856 1744 3035 1802 amat,
3054 1736 3368 1805 inquantum
3391 1745 3595 1807 potest,

297 1819 588 1877 dilectione
636 1809 733 1878 Dei
785 1830 840 1879 et
890 1824 1121 1893 proximi
1176 1825 1437 1885 habitatio
1472 1825 1673 1882 Christi
1703 1834 1892 1884 sancta

296 1913 611 1969 aediﬁcatur.
641 1910 842 1970 Sancta
875 1917 1075 1987 quippe
1101 1917 1281 1973 anima
1308 1918 1435 1973 dum
1462 1917 1631 1974 Deum
1661 1919 1740 1975 sic
1768 1919 1896 1975 dili-

296 2006 402 2076 git,
431 2014 491 2061 ut
520 2000 825 2078 proximum
868 2025 972 2065 non
1004 2018 1356 2078 contemnat,
1409 2018 1463 2067 et
1488 2013 1721 2083 proximi
1749 2028 1895 2069 amo-

297 2113 411 2155 rem
440 2099 518 2155 sic
546 2101 859 2172 exsequitur
881 2144 896 2170 ,
924 2110 986 2158 ut
1008 2103 1247 2159 divinum
1277 2120 1387 2160 non
1409 2104 1649 2172 minuat,
1702 2105 1894 2175 procul

297 2191 461 2249 dubio
482 2192 648 2248 ubera
677 2195 730 2249 in
760 2196 979 2264 pectore
1014 2197 1116 2252 sibi
1146 2197 1323 2265 locat,
1380 2198 1576 2268 quibus
1617 2197 1893 2254 Christum

298 2283 628 2354 amplectens
697 2285 873 2355 ipsum
929 2287 1150 2343 nutriat.
1228 2287 1394 2355 Quasi
1441 2289 1584 2344 enim
1637 2290 1893 2347 uberibus

296 2373 543 2433 Christus
579 2378 811 2434 nutritus
839 2372 1130 2437 roboratur
1150 2419 1165 2448 ,
1196 2380 1322 2436 dum
1367 2382 1469 2437 hac
1511 2382 1725 2453 gemina
1756 2383 1893 2439 dile-

296 2468 496 2533 ctione,
540 2476 600 2523 ut
628 2468 817 2527 fortius
843 2469 1137 2540 inhaereat,
1185 2472 1503 2529 delectatur.
1562 2474 1641 2530 De
1692 2490 1802 2547 quo
1839 2485 1895 2532 et

297 2560 473 2616 adhuc
496 2561 691 2618 dicitur
726 2582 739 2619 :

372 2650 547 2725 (Vers.
592 2644 706 2725 15.)
739 2640 922 2710 Botrus
953 2653 1110 2727 Cypri
1136 2655 1350 2712 dilectus
1374 2673 1517 2713 meus
1554 2657 1705 2724 milii,
1727 2657 1784 2711 in
1814 2658 1894 2712 vi-

296 2744 412 2798 neis
436 2742 708 2817 Eugaddi.

370 2823 458 2890 Si.
498 2834 705 2908 Cyprus
750 2826 925 2894 insula
953 2846 1071 2908 est,
1128 2840 1183 2895 in
1230 2855 1334 2911 qua
1385 2841 1667 2897 uberiores
1720 2840 1896 2896 vineae

297 2943 457 2999 quam
485 2928 609 2985 alibi
663 2939 974 2987 nascuntur.
1028 2930 1134 2987 Per
1185 2930 1425 3004 Cyprum
1476 2947 1604 3002 ergo
1652 2932 1894 2989 Ecclesia

293 3018 613 3077 universalis
656 3018 999 3093 designatur,
1049 3039 1170 3095 quae
1216 3024 1413 3082 multas
1468 3026 1657 3081 vineas
1699 3026 1893 3095 nutrit,

1997 1828 2064 1883 ab
2084 1829 2335 1884 omnibus
2349 1828 2798 1884 sollicitudinibus
2818 1828 3004 1883 mundi
3025 1836 3201 1897 vacat,
3225 1830 3449 1885 virtutes
3473 1831 3597 1900 qui-

1994 1920 2096 1976 bus
2122 1919 2336 1991 Sponso
2365 1936 2464 1977 suo
2492 1921 2722 1992 placeat,
2753 1919 2897 1975 intus
2917 1922 3244 1976 accumulat.
3274 1916 3440 1994 51¢
3462 1922 3593 1991 Quze

1995 2013 2124 2068 dum
2172 2013 2352 2068 omnia
2380 2027 2500 2083 quin
2528 2012 2850 2083 temporalia
2879 2018 3008 2067 sunt
3035 2012 3366 2073 contemnit.
3419 2012 3595 2067 lectua

1998 2105 2109 2159 lum
2136 2104 2383 2160 sibi‘cum
2411 2104 2625 2175 Sponso
2656 2105 2709 2159 in
2738 2116 2874 2173 pace
2900 2102 3143 2157 victoria!
3172 2101 3335 2169 facit,
3364 2101 3455 2157 ubi
3481 2112 3597 2171 quo

1996 2196 2229 2266 quietius
2260 2208 2484 2265 pausat,
2511 2210 2578 2251 eo
2600 2195 2829 2264 amplius
2868 2193 3030 2249 ﬂores
3058 2193 3268 2248 invenit
3312 2192 3508 2264 quibus
3534 2204 3598 2250 se

1996 2289 2250 2346 decoram
2280 2290 2493 2360 Sponso
2544 2288 2815 2344 ostendat.
2857 2286 3113 2358 Sequitur
3147 2303 3159 2339 :
3195 2286 3362 2358 Tigna
3405 2285 3591 2341 domo-

1995 2398 2116 2437 rum
2136 2391 2433 2438 nostrarum
2458 2382 2703 2448 cedi-ina,
2736 2382 3007 2454 laquearia
3050 2386 3235 2435 nostra
3270 2379 3593 2451 cypressiud.

2001 2488 2021 2515 ε
2046 2474 2152 2530 Per
2180 2476 2403 2543 domos,
2451 2474 2639 2544 plures
2682 2472 2955 2530 Ecclesias
2997 2471 3386 2542 intelligimus,
3428 2468 3456 2511 ⁸
3500 2476 3599 2543 per

1997 2568 2143 2637 tigna
2173 2567 2391 2623 cedrina
2425 2566 2812 2635 prmdicatorcs
2841 2565 3184 2634 designam‘us
3203 2605 3218 2632 ,
3250 2570 3348 2636 per
3377 2564 3599 2635 laquea-

1995 2659 2075 2714 ria
2106 2658 2414 2729 cypressin‘a
2442 2657 2589 2727 ipsos
2635 2656 2865 2727 populos
2910 2657 3218 2724 ﬁguramus.
3252 2656 3421 2725 Tigna
3449 2655 3593 2711 enim

1997 2757 2202 2804 tectum
2231 2756 2573 2815 sustentant,
2612 2747 2895 2817 laquearia
2919 2760 3051 2803 vero
3098 2747 3318 2802 domum
3368 2748 3598 2817 implent

1997 2849 2055 2896 et
2072 2848 2286 2896 ornant.
2310 2840 2400 2895 Sic
2419 2841 2498 2895 sic
2519 2840 2572 2893 in
2589 2840 2777 2894 sancta
2798 2837 3038 2894 Ecclesia
3062 2838 3444 2909 praedicatores
3464 2838 3595 2895 boni

1996 2931 2329 3002 Scripturam
2360 2930 2596 2986 diiinam
2624 2930 2677 2985 in
2725 2927 2892 2986 corde
2920 2936 2977 2984 et
3017 2940 3117 2984 ore
3144 2933 3399 2999 portant,
3429 2942 3593 2997 quam

1997 3025 2246 3082 ﬁdelibus
2278 3034 2300 3061 ο
2330 3023 2700 3096 expandentes
2729 3021 3049 3095 praedicant;
3090 3028 3151 3075 ut
3178 3019 3313 3075 dum
3349 3017 3640 3075 Ecclesia‘

292 3113 423 3168 dum
451 3112 504 3168 in
530 3113 724 3169 multas
750 3110 1022 3185 Ecclesias
1049 3115 1247 3183 divisa,
1277 3117 1459 3172 vinum
1487 3119 1629 3189 quod
1656 3118 1895 3175 laetiﬁcat
1920 3128 1968 3194 ε
1998 3121 2375 3194 praedicatione
2403 3119 2611 3178 cmlesti
2642 3119 2957 3187 instruitur,
3011 3115 3287 3172 munimen
3339 3114 3590 3185 accipiat,

290 3221 390 3262 cor
435 3207 698 3275 hominis,
758 3209 945 3279 gignit.
977 3218 999 3245 τι
1039 3195 1282 3281 Engaddi
1331 3212 1722 3282 interpretatur
1765 3214 1893 3270 fons

290 3290 449 3354 haedi.
484 3298 678 3355 Haedus
708 3310 887 3357 autem
913 3303 1211 3374 antiquitus
1255 3319 1357 3375 pro
1408 3306 1646 3374 peccatis
1688 3306 1878 3361 immo.

290 3391 523 3447 labatur.
555 3391 691 3458 Quid
720 3407 847 3461 ergo
870 3409 966 3463 per
994 3394 1198 3449 fontem
1249 3395 1389 3450 lttcdi
1441 3395 1546 3452 nisi
1584 3396 1889 3465 baptismus

287 3483 491 3539 Christi
525 3483 824 3553 ﬁguratur?
861 3474 919 3539 in
967 3500 1074 3555 quo
1121 3485 1250 3539 dum
1296 3501 1494 3554 corpus
1539 3487 1891 3557 intinguitur,

290 3575 473 3631 anima
518 3576 781 3643 abluitur;
831 3586 887 3632 et
933 3592 1029 3647 per
1079 3577 1220 3633 illius
1268 3577 1426 3634 ﬁdem
1474 3580 1564 3649 qui
1605 3596 1704 3651 pro
1756 3597 1888 3651 pec-

288 3666 570 3724 catoribus
614 3677 843 3722 mortem
873 3668 1109 3738 pertulit,
1143 3669 1321 3723 anima
1360 3671 1595 3727 humana
1633 3687 1664 3726 a
1696 3682 1891 3742 pecca-

290 3759 364 3814 tis
417 3758 667 3817 omnibus
715 3759 963 3816 mundari
1010 3775 1071 3817 se
1113 3760 1307 3819 credit.
1340 3760 1441 3819 Cui
1490 3779 1617 3821 mox
1655 3764 1890 3821 dilectus

291 3853 585 3921 reSpondet
613 3871 626 3907 :
1730 3860 1733 3861 '

370 3944 543 4015 (Vers.
578 3942 689 4017 id.)
722 3944 857 4002 Ecce
893 3956 946 4002 tu
974 3948 1191 4019 pulchra
1218 3965 1293 4017 es,
1323 3952 1494 4007 amica
1522 3965 1658 4020 mea,
1688 3965 1806 4006 ecce
1832 3957 1889 4005 tu

290 4039 529 4108 Pulchra,
562 4041 694 4097 oculi
726 4043 796 4096 tui
827 4042 1203 4099 columbarum.

367 4130 456 4186 55.
512 4131 599 4189 Bis
643 4135 918 4205 pulchram
951 4135 1194 4207 Sponsus
1218 4151 1474 4209 sponsam
1513 4152 1671 4193 suam
1693 4147 1889 4205 vocat;

293 4226 421 4297 quia
467 4226 554 4281 cui
599 4226 941 4285 dilectionem
986 4228 1082 4285 Dei
1125 4237 1181 4285 et
1226 4231 1458 4301 proximi
1496 4231 1887 4300 donat,gemi—

292 4333 418 4373 nam
467 4312 921 4389 pulchritudinem
969 4321 1020 4378 ei
1063 4322 1285 4392 inserit,
1332 4339 1440 4395 qua
1479 4324 1807 4389 delectatur,
1834 4332 1889 4381 et

291 4425 456 4481 quam
500 4411 699 4467 laudat.
747 4412 911 4484 Cujus
958 4413 1100 4470 oculi
1148 4415 1289 4471 bene
1341 4414 1713 4471 columbarum
1764 4429 1886 4471 esse

1992 3229 2102 3283 quo
2147 3214 2215 3269 ab
2269 3213 2527 3268 imbribus
2585 3211 2944 3266 tentationum
3002 3214 3333 3278 protegatur.
3385 3205 3595 3260 Cedrus

1993 3314 2175 3359 autem
2205 3310 2259 3359 et
2287 3317 2576 3375 cypressus
2598 3300 2945 3371 imputribilia
2972 3298 3117 3367 ligna
3150 3311 3268 3352 esse
3298 3296 3591 3367 perhiben-

1993 3403 2101 3450 tur.
2133 3394 2337 3462 Quibus
2366 3396 2503 3449 bene
2530 3406 2716 3447 omues
2755 3391 2914 3446 electi
2947 3389 3273 3459 ﬁgurantur;
3308 3385 3432 3457 quia
3464 3385 3593 3441 dUm

1993 3488 2311 3557 temporalia
2342 3487 2487 3541 nullo
2511 3485 2781 3541 desiderio
2809 3490 3103 3545 sectantur,
3134 3481 3319 3536 atterni
3346 3480 3501 3546 ﬁunt,
3525 3493 3594 3535 eo

1993 3583 2137 3652 quod
2168 3588 2349 3637 mente
2378 3581 2433 3635 in
2460 3586 2663 3635 aeterna
2712 3578 2966 3648 ﬁguntur.
2997 3572 3312 3646 Respondet
3349 3572 3592 3644 Sponsus

1993 3683 2050 3732 et
2076 3675 2208 3732 dicit
2242 3693 2255 3729 :

2629 3760 2859 3822 CAPUT
2886 3763 2948 3819 ll.

2065 3857 2217 3931 (Cap.
2243 3858 2305 3916 ll.
2331 3858 2570 3917 —-Yers.
2601 3857 2679 3929 l.)
2701 3856 2816 3931 Ego
2839 3857 2936 3929 [los
2965 3856 3160 3929 campi,
3187 3860 3239 3912 et
3265 3848 3432 3911 lilium
3466 3864 3592 3910 catt--~

1989 3956 2218 4010 vallium.

2063 4047 2122 4101 l.’
2143 4047 2287 4102 Bene
2333 4045 2529 4102 liorem
2578 4044 2827 4099 Christus
2880 4054 2941 4095 se
2993 4038 3268 4105 nominat,
3323 4035 3416 4106 qui
3461 4034 3590 4091 dum

1989 4138 2172 4211 spinas
2210 4147 2555 4207 peccatorum
2602 4133 2969 4197 exterminat,
3010 4138 3246 4185 mentem
3295 4142 3505 4199 sponsa:
3535 4132 3591 4182 ct

1989 4231 2383 4305 pulchritudine
2412 4243 2521 4285 suae
2560 4225 2779 4294 justitiac
2835 4228 3090 4289 exornat,
3118 4226 3173 4275 et
3200 4220 3420 4307 naribus
3465 4232 3590 4274 cor-

1990 4324 2073 4380 dis
2141 4324 2267 4379 dum
2326 4323 2547 4379 caeleste
2599 4316 2925 4373 desiderium
2981 4315 3250 4387 applicat,
3326 4314 3589 4371 interiora

1990 4418 2181 4472 animae
2206 4416 2359 4486 quasi
2389 4415 2557 4470 odore
2584 4410 2869 4467 refocillat.
2909 4410 3011 4476 Qui
3056 4411 3301 4482 sequitur
3329 4408 3507 4465 adhuc
3533 4414 3593 4463 et

290 4503 676 4574 perhibentur;
728 4507 853 4577 quia
898 4505 1029 4565 dum
1073 4507 1127 4561 in
1177 4508 1564 4579 temporalibus
1604 4508 1805 4577 gemit,
1836 4510 2183 4584 ettndicit:

293 4593 364 4649 ad
392 4602 593 4652 asterna
622 4598 648 4635 ι’
678 4596 944 4655 desiderio
969 4598 1213 4669 rapitur,
1236 4600 1292 4655 in
1321 4599 1668 4670 simplicitate
1694 4614 1885 4655 sensus

290 4704 423 4746 suos
465 4692 728 4759 custodit,
773 4701 830 4749 et
874 4693 1120 4751 carnales
1151 4696 1620 4765 concupiscentias
1656 4696 1891 4750 detecta;

292 4788 404 4839 tur.
435 4780 695 4840 Columba
735 4786 934 4858 quippe
959 4786 1014 4842 in
1055 4801 1243 4843 amore
1270 4803 1369 4857 pro
1392 4796 1554 4843 cantu
1593 4787 1777 4855 gemit.
1823 4783 1891 4839 Et

288 4870 437 4928 bene
464 4882 651 4929 sancta
688 4877 865 4932 anima
894 4877 1155 4933 columbae
1184 4886 1555 4947 comparatur;
1604 4876 1733 4945 quia
1757 4874 1882 4928 dum

288 4966 513 5036 reprobi
547 4969 745 5039 quique
785 4972 841 5027 in
866 4988 1053 5029 amore
1082 4954 1265 5028 mundi
1311 4972 1554 5042 garriunt
1595 4979 1649 5025 et
1698 4970 1883 5023 laetan-

288 5066 416 5129 tur,
443 5074 598 5117 mens
622 5061 795 5119 electa
824 5065 879 5119 in
908 5065 1115 5123 ctelesti
1144 5064 1415 5121 desiderio
1453 5062 1735 5127 atteritur;
1761 5058 1887 5129 quia

289 5152 453 5207 timet
476 5168 546 5211 ne
566 5156 777 5212 amittat
804 5160 949 5229 quod
977 5158 1175 5231 diligit,
1198 5158 1327 5216 dum
1363 5157 1627 5214 dill‘ertur.
1657 5155 1891 5213 Possunt

288 5246 460 5303 etiam
494 5263 593 5321 per
620 5250 809 5309 oculos
836 5252 1243 5324 columbarum,
1288 5251 1648 5312 Ecclesiarum
1691 5251 1889 5323 prade

367 5466 395 5496 ⁸
437 5455 538 5514 llic
560 5458 813 5517 inseritur
841 5461 895 5516 in
929 5461 1047 5518 aliis
1094 5461 1305 5519 excusis
1335 5479 1348 5517 :
1384 5458 1449 5516 In
1478 5456 1724 5531 Engaddi
1770 5458 1883 5513 bal-

285 5546 499 5585 samum
525 5533 781 5604 gignitur,
815 5534 950 5604 quod
997 5550 1111 5587 cum
1150 5535 1294 5600 oleo,
1344 5534 1631 5603 pontiﬁcali
1672 5531 1881 5585 benedi-

282 5609 465 5677 ctione
490 5601 713 5677 chrisma
742 5601 969 5677 efficitur
988 5647 1001 5670 ,
1048 5622 1146 5677 quo
1175 5606 1311 5657 dona
1339 5601 1505 5657 saucii
1536 5604 1764 5671 Spiritus
1786 5617 1882 5655 ex—

276 5674 613 5745 primuntur.
660 5673 929 5743 Euguddi,
963 5673 1070 5730 etc:
1112 5674 1157 5741 Q
1182 5688 1274 5739 uc,
1321 5682 1509 5745 utpote
1540 5690 1665 5745 mss.
1704 5676 1887 5745 ignota

283 5743 677 5817 exponimus.
728 5746 1017 5817 Destimpta
1064 5746 1314 5817 vjdentur
1351 5758 1416 5801 ex
1447 5743 1588 5802 Beda
1616 5744 1708 5802 lib.
1746 5759 1785 5800 tt
1837 5744 1892 5801 in

283 5813 460 5872 Cant.
490 5814 561 5869 ad
587 5816 832 5890 eumdem
879 5813 1022 5874 vers.
1075 5814 1284 5875 Botrus.

2063 4601 2243 4673 (Vers.
2272 4596 2352 4669 2.)
2383 4596 2529 4654 Sicut
2558 4594 2725 4650 lilium
2752 4595 2889 4649 inter
2914 4596 3093 4666 spinas
3112 4635 3127 4663 ,
3176 4595 3252 4651 sic
3274 4592 3447 4648 amica
3472 4607 3590 4647 mea

1990 4696 2126 4750 inter
2145 4691 2306 4762 ﬁlias.
2914 4764 2919 4769 ι

2064 4785 2119 4839 2.
2153 4783 2298 4838 Bene
2327 4781 2463 4837 sicut
2483 4779 2653 4835 lilium
2674 4778 2814 4833 inter
2834 4776 3035 4847 spinas,
3058 4778 3255 4847 sponsa
3280 4775 3424 4829 inter
3453 4768 3589 4828 ﬁlias

1995 4891 2113 4933 esse
2141 4873 2484 4946 perhibetur;
2518 4873 2641 4944 quia
2667 4883 2787 4927 cum
2811 4868 2963 4923 multi
2995 4867 3102 4924 sint
3130 4868 3183 4921 in
3227 4862 3465 4919 Ecclesia
3496 4860 3591 4949 qui

1991 4973 2123 5031 solis
2147 4969 2327 5026 verbis
2351 4968 2621 5024 Christum
2651 4960 2997 5030 conﬁtentur,
3023 4960 3274 5032 operibus
3298 4960 3427 5012 vero
3454 4953 3591 5041 nihil

1991 5066 2091 5121 nisi
2124 5065 2395 5121 humanas
2415 5059 2801 5118 sollicitudines
2827 5058 3132 5122 sectantur,
3184 5050 3313 5109 dum
3344 5048 3459 5105 sola
3494 5048 3587 5104 illa

1993 5156 2173 5212 anima
2200 5156 2255 5211 in
2284 5154 2379 5210 lilll
2404 5153 2662 5225 dignitate
2690 5152 3057 5221 computatur,
3086 5150 3205 5217 qua:
3231 5159 3261 5199 a
3286 5139 3589 5197 mortalita-

1992 5251 2067 5309 tis
2093 5249 2278 5308 radice
2303 5247 2373 5305 ad
2395 5246 2672 5306 omlestem
2720 5234 3171 5316 pulchritudinem
3216 5234 3479 5307 assurgit,
3533 5241 3587 5291 et

2059 5454 2087 5493 δ
2128 5440 2297 5521 Editi,
2341 5450 2411 5506 ad
2433 5458 2628 5526 caterua
2666 5444 2946 5503 desideria.
3099 5520 3111 5526 _
3423 5512 3438 5526 .

2066 5538 2088 5567 ο
2129 5526 2246 5581 Hoc
2267 5520 2388 5578 loco
2410 5533 2534 5578 octo
2557 5522 2817 5575 linearum
2841 5520 3209 5572 assumcntum
3229 5520 3584 5584 resecuimus,

1990 5598 2118 5656 Mss.
2142 5596 2391 5669 Aontnium
2419 5608 2686 5669 consensu
2712 5587 3082 5669 reﬁciendum.

2068 5669 2094 5707 ά
2135 5667 2261 5723 lisse
2288 5666 2484 5721 omissa
2514 5678 2581 5717 ex
2615 5662 2739 5716 Mss.
2772 5662 3159 5716 revocavimus.

2074 5750 2097 5778 ο
2138 5738 2195 5793 1η
2224 5737 2487 5809 vulgatis,
2512 5736 2703 5791 contra
2739 5731 2867 5790 Mss.
2900 5730 3079 5796 ﬁdem,
3109 5728 3259 5801 quasi
3287 5732 3476 5785 tecm
3501 5730 3592 5782 αθ

1999 5811 2301 5885 pandentes.

2978 5934 3063 5959 -‘V
3162 5943 3213 5957 ’δέ
