4052 6338
358 426 463 485 ἇ95

1540 394 1785 458 SANCTI
1823 388 2154 451 GREGORII
2192 382 2411 446 MAGNI

3538 358 3649 420 496

2788 453 2798 462 ι

356 536 633 599 munditia:
650 528 940 589 candorem
956 523 1121 582 corde
1140 527 1196 579 et
1209 532 1441 590 corpore
1460 513 1668 584 sibiipsi
1690 509 1949 576 custodit,
1980 514 2033 573 Α
2058 506 2240 572 satiat,
2301 510 2485 557 tamen
2531 508 2599 551 ex
2628 490 2735 599 illo.
2764 487 2989 599 minimo
3026 481 3171 557 quod
3216 477 3420 599 cursim
3459 475 3648 599 sungit,

359 643 417 690 et
460 628 736 703 proximos
776 633 1020 694 quosque
1062 618 1218 673 bonze
1265 609 1535 683 opinionis
1563 607 1729 662 odore
1752 602 1947 659 reficit.

360 695 479 777 Sed
496 720 620 789 quia
646 716 888 786 Sponsus
914 721 1167 781 sponsam
1196 718 1350 760 suam
1382 708 1530 756 tanta
1556 696 1713 752 laude
1739 695 1953 789 dignam

2054 566 2360 656 considerat
2404 597 2667 663 quantum
2705 583 2901 639 debeat
2950 591 3133 633 amare
3160 570 3307 644 quod
3340 578 3511 625 amat.
3544 566 3652 623 Po-

2057 700 2162 747 test
2210 698 2394 743 tamen
2424 662 2540 754 per
2589 678 2780 736 cellam
2827 672 3091 730 vinariam
3144 668 3425 738 Scriptura
3476 662 3659 718 divina

360 754 568 882 Ebu‘i‘t,
590 754 721 881 ips:
733 808 847 879 jam
877 754 1149 861 exrdebito
1176 796 1379 863 laudat,
1407 810 1439 850 a
1468 808 1577 863 quo
1600 788 1805 846 laudari
1834 801 1955 857 per-
2056 780 2296 881 ﬁgurari.
2328 776 2432 879 [Ter
2457 768 2826 882 hanchuippe
2847 765 3141 882 inus-pgnas:

362 908 542 979 spicit,
570 913 626 959 et
644 902 775 957 dicit
806 918 821 953 :

438 998 613 1068 (Vers.
654 994 734 1062 ὅ.)
767 992 915 1046 Sicut
959 988 1127 1043 malus
1164 988 1299 1040 inter
1349 982 1493 1053 ligna

366 1091 580 1146 dilectus
610 1102 753 1141 meus
780 1086 913 1137 inter
944 1082 1103 1149 ﬁlios.

438 1183 493 1236 '5.
524 1181 690 1248 Ligna
730 1172 1010 1247 sylvestria
1037 1170 1152 1225 esui
1196 1167 1474 1223 hominum
1515 1163 1725 1217 habiles
1755 1159 1963 1213 fructus

368 1286 479 1327 non
526 1269 790 1338 gignunt;
833 1262 1002 1317 malus
1040 1274 1169 1313 vero
1192 1256 1339 1326 quod
1381 1254 1581 1323 gignit,
1625 1262 1864 1318 congrue
1910 1252 1968 1300 et

368 1362 662 1424 salubriter
698 1356 944 1414 homines
987 1352 1172 1408 edunt.
1221 1349 1413 1403 Merito
1444 1360 1572 1414 ergo
1623 1358 1721 1413 per
1764 1339 1966 1394 malum

369 1453 643 1515 Christus,
692 1464 790 1519 per
828 1443 1107 1517 sylvestria
1156 1456 1286 1495 vero
1314 1438 1455 1507 ligna
1499 1434 1679 1491 caeteri
1720 1430 1970 1487 homines

372 1545 702 1613 figurantur;
752 1537 878 1607 quia
921 1536 975 1589 in
1004 1533 1122 1590 solo
1151 1530 1366 1586 Christo
1413 1526 1593 1583 cibum
1622 1524 1811 1580 salutis
1840 1534 1972 1590 quo-

370 1636 476 1690 ties
504 1630 789 1703 quaerimus
837 1626 1168 1688 invenimus;
1202 1622 1258 1676 in
1307 1619 1423 1688 ejus
1465 1618 1647 1673 verbis
1686 1625 1741 1670 et
1787 1628 1973 1669 exem-

372 1724 478 1795 plis
525 1722 730 1775 animas
778 1725 991 1773 nostras
1038 1714 1215 1769 fructu
1244 1712 1398 1767 suavi
1439 1718 1495 1765 et
1541 1707 1743 1765 salubri
1791 1706 1972 1760 reﬁci-

372 1832 513 1871 mus.
568 1814 687 1883 Ipse
732 1819 816 1867 est
860 1809 1060 1879 quippe
1095 1808 1299 1876 lignum
1348 1804 1502 1867 vitae,
1544 1812 1568 1836 υ
1626 1800 1776 1870 quod
1814 1798 1973 1854 nobis

2060 846 2169 939 tur,
2195 870 2320 941 quia
2353 868 2406 921 in
2436 865 2554 933 ejus
2584 858 2830 917 doctrina
2858 852 3143 910 manifeste
3171 849 3400 906 discitur
3425 846 3665 917 qualiter

1544 977 1839 1050 sylvarum,
1884 972 1959 1027 sic
2061 967 2207 1021 Dens
2228 971 2284 1017 et
2324 958 2603 1030 proximus
2633 951 2882 1007 ordinate
2910 947 3221 1017 diligantur.
3253 940 3367 998 Hac
3396 940 3668 996 cbaritate

2063 1068 2321 1129 percussa
2351 1050 2596 1121 sequitur
2622 1054 2678 1100 et
2708 1043 2875 1099 dicit:

2139 1146 2314 1215 (Vers.
2331 1143 2411 1212 5.)
2434 1140 2639 1195 Fulcite
2658 1152 2737 1191 me
2753 1134 2991 1205 ﬂoribus,
3019 1132 3210 1202 stipate
3238 1144 3320 1183 me
3340 1124 3516 1191 malis,
3544 1122 3670 1196 quia

2068 1257 2245 1296 amore
2273 1239 2513 1308 langueo.

2142 1332 2197 1387 6.
2230 1330 2331 1385 Per
2361 1327 2525 1383 flores
2552 1322 2725 1381 teneri
2744 1321 2950 1391 quique
2978 1325 3033 1373 et
3062 1313 3399 1385 incipientes,
3428 1325 3527 1381 per
3556 1322 3676 1361 ma-

2070 1428 2123 1482 la
2150 1439 2282 1480 vero
2310 1419 2535 1492 perfecti
2578 1415 2763 1471 tideles
2804 1413 3176 1481 designantur.
3207 1408 3420 1477 Sponsa
3467 1404 3679 1473 quippe

2072 1520 2200 1591 quia
2227 1530 2413 1572 amore
2436 1514 2677 1583 languet,
2708 1508 2885 1565 fulciri
2923 1522 2984 1563 se
3012 1501 3235 1561 floribus
3256 1508 3313 1557 et
3335 1498 3525 1569 stipari
3554 1510 3684 1550 ma-

2076 1590 2143 1667 lis
2170 1608 2397 1681 appetit,
2429 1607 2556 1678 quia
2587 1605 2715 1660 dum
2744 1617 2803 1659 se
2841 1598 3161 1657 aeternitatis
3189 1592 3459 1651 desiderio
3485 1590 3685 1655 allicit,

2077 1704 2205 1759 dum
2254 1700 2487 1773 qualiter
2517 1699 2645 1753 il’uc
2672 1694 2970 1767 perveniat,
3002 1698 3115 1746 tota
3145 1687 3420 1743 anxietate
3462 1682 3690 1754 perqui-

2078 1795 2172 1859 rit,
2198 1792 2221 1829 δ
2247 1792 2344 1846 sed
2374 1790 2784 1861 perventionem
2830 1786 2958 1841 dum
2986 1783 3039 1838 in
3071 1795 3238 1837 carne
3264 1778 3417 1843 vivit,
3458 1775 3690 1831 omnino

374 1868 737 1973 tribuitilpse
784 1868 1011 1970 est.qui
1042 1868 1171 1953 dum
1220 1896 1375 1951 nobis
1421 1868 1772 1962 semetipsum
1804 1891 1974 1961 inspi-
2006 1892 2054 1954 Β
2083 1900 2193 1940 non
2222 1884 2444 1949 invenit,
2495 1881 2714 1949 fatigata
2745 1878 2798 1931 in
2828 1874 3099 1930 desiderio
3141 1886 3242 1926 suo
3280 1868 3597 1938 requiescit,
3632 1872 3695 1920 et

344 1986 347 1993 ’
374 2010 461 2056 rat
486 2042 497 2065 ,
528 1998 761 2053 animam
787 1994 978 2065 pascit.
1012 1992 1071 2047 1n
1101 1991 1311 2047 caeteris
1338 2004 1469 2043 vero
1499 1986 1545 2042 si
1582 1984 1711 2055 quid
1754 1983 1975 2039 refocil-

375 2090 595 2146 lationis
640 2087 974 2151 invenimus,
1019 2098 1131 2139 non
1182 2081 1327 2150 quod
1382 2080 1628 2141 illorum,
1691 2075 1787 2131 sed
1833 2072 1980 2143 quod

378 2182 583 2239 Christi
632 2188 736 2245 est,
784 2176 982 2232 abillis
1009 2173 1301 2237 sumimus;
1352 2170 1479 2240 quia
1532 2165 1791 2238 quidquid
1821 2166 1875 2219 in
1902 2165 1984 2219 eis

380 2280 585 2345 praeter
604 2269 776 2325 Deum
805 2276 916 2335 est,
944 2264 1280 2323 mortiferum
1319 2262 1475 2319 nobis
1503 2259 1690 2332 procul
1712 2257 1875 2313 dubio
1901 2258 1985 2312 in-

382 2364 653 2420 venimus.

459 2454 641 2527 (Vers.
669 2452 748 2525 ὅ.)
778 2452 885 2507 Sub
906 2450 1086 2505 umbra
1106 2449 1248 2503 illius
1268 2462 1416 2518 quem
1436 2440 1813 2509 desiderabam,
1844 2439 1986 2505 sedi;

382 2555 433 2601 et
458 2548 657 2617 fructus
696 2543 807 2613 ejus
837 2541 1001 2595 dulcis
1029 2538 1222 2611 gutturi
1256 2552 1391 2591 meo.

456 2633 513 2689 4.
570 2631 774 2688 Umbra
817 2629 1015 2685 Christi
1066 2628 1333 2697 protectio
1382 2632 1466 2682 est
1516 2622 1747 2694 Spiritus
1792 2620 1985 2675 sancti.

387 2724 620 2795 Spiritus
644 2723 844 2793 quippe
864 2727 1080 2775 sanctus
1110 2726 1345 2773 mentem
1374 2732 1535 2786 quam
1554 2715 1747 2786 replet,
1793 2713 1990 2769 obum-

387 2816 549 2881 brat;
576 2813 704 2883 quia
742 2826 959 2869 omnem
991 2810 1349 2866 tentatiouum
1374 2807 1643 2863 fervorem
1690 2810 1988 2875 temperat:

387 2916 444 2965 et
493 2906 622 2961 dum
691 2920 819 2960 aura
865 2919 975 2959 sua:
1030 2900 1399 2973 inSpirationis
1448 2899 1688 2955 suaviter
1754 2903 1994 2951 mentem

388 3000 594 3067 tangit,
643 2995 903 3066 quidquid
961 2995 1112 3049 noxii
1160 2994 1357 3048 caloris
1403 2989 1708 3046 sustinebat
1738 2986 1993 3056 expellit:

394 3097 452 3144 et
480 3102 641 3157 quam
668 3090 779 3154 jam
825 3086 1051 3140 forsitan
1103 3085 1299 3138 nimius
1345 3083 1602 3136 vitiorum
1642 3089 1803 3134 aestus
1831 3077 1991 3147 417

395 3176 696 3235 marcidam
726 3176 961 3241 fecerat,
1002 3174 1191 3228 umbra
1222 3173 1399 3228 sancti
1446 3172 1679 3241 Spiritus
1707 3178 1999 3242 protegens

392 3276 639 3331 recreat;
678 3272 736 3319 ut
760 3264 887 3319 dum
916 3263 970 3316 in
1001 3262 1119 3331 ejus
1158 3260 1513 3331 inspiratione
1537 3260 1733 3315 sedens
1778 3266 1993 3329 pausat,

394 3360 540 3415 vires
584 3357 804 3426 colligat
840 3355 1036 3425 quibus
1085 3353 1153 3407 ad
1203 3364 1463 3408 alternam
1510 3352 1675 3405 vitam
1721 3348 1996 3404 robustius

398 3456 601 3507 currat.
632 3448 889 3519 Sequitur
920 3465 933 3500 :
968 3444 1037 3499 Et
1084 3448 1283 3516 fructus
1313 3444 1423 3515 ejus
1446 3444 1613 3497 dulcis
1639 3443 1833 3513 gutturi
1862 3457 1995 3496 meo.

395 3544 575 3600 Arbor
592 3544 792 3615 quippe
816 3541 1090 3597 fructifera
1119 3542 1236 3611 ipse
1259 3539 1503 3596 Christus
1520 3540 1573 3594 in
1599 3538 1765 3595 corde
1788 3539 2004 3608 planta-

398 3643 486 3689 tus
534 3633 816 3698 consistit;
846 3647 1010 3700 quam
1050 3632 1095 3685 si
1119 3646 1272 3685 mens
1301 3639 1483 3686 nostra
1513 3631 1673 3698 digne
1708 3630 1913 3697 diligit,
1944 3636 2008 3683 et

399 3723 665 3778 instanter
694 3722 924 3787 excolit,
957 3722 1162 3776 fructus
1202 3721 1454 3775 nimirum
1484 3719 1710 3775 interius
1749 3718 2005 3788 pulchros

400 3822 459 3869 et
482 3813 642 3867 utiles
666 3812 853 3881 gignit.
883 3812 1031 3879 Quos
1054 3812 1181 3866 dum
1204 3827 1355 3866 mens
1384 3813 1610 3881 capiens
1634 3811 1791 3866 avide
1812 3826 2000 3866 come-

404 3906 504 3972 dit,
538 3919 728 3961 omnes
742 3903 928 3959 mundi
946 3903 1251 3973 voluptates
1274 3919 1380 3973 prae
1401 3903 1518 3973 ejus
1544 3903 1826 3959 dulcedine
1854 3910 2005 3973 post-

403 3996 577 4069 ponit.
611 3996 775 4052 Dulce
801 3997 943 4051 enim
967 4004 1050 4051 est
1077 3996 1233 4051 valde
1261 3996 1357 4051 sibi
1388 3997 1626 4051 coelestia
1656 3995 1919 4064 cogitare,
1948 3995 2005 4049 in

404 4088 708 4144 aeternitate
747 4087 966 4143 oculum
1006 4086 1251 4142 intimum
1299 4088 1482 4156 ligere,
1516 4096 1577 4141 ut
1621 4086 1908 4155 aliquando
1949 4086 2004 4141 in

402 4179 620 4236 ﬂetibus
646 4182 807 4236 etiam
837 4197 989 4237 mens
1013 4196 1242 4236 accensa
1292 4187 1714 4249 compungatur,
1767 4186 1822 4233 et
1864 4179 1997 4232 intet

404 4271 673 4342 lacrymas
718 4273 996 4329 sublevata
1016 4314 1031 4338 ,
1061 4273 1377 4342 angelorum
1406 4272 1527 4327 cibo
1548 4310 1563 4336 ,
1594 4273 1709 4342 ipsa
1753 4271 2003 4327 videlicet

406 4362 701 4431 sapientia,
740 4372 943 4433 quanto
981 4364 1221 4433 dulcius,
1270 4372 1421 4420 tanto
1471 4362 1683 4418 avidius
1730 4372 2003 4435 pascatur.

408 4448 541 4503 tnde
563 4456 648 4503 est
692 4450 839 4519 quod
867 4450 1110 4504 subditur
1137 4468 1149 4503 :

482 4539 661 4611 (Vers.
710 4542 787 4614 ὁ.)
820 4541 1120 4598 Introduxit
1149 4562 1229 4599 me
1259 4543 1371 4599 Rea:
1408 4546 1461 4601 in
1492 4545 1677 4600 cellam
1717 4545 2004 4611 vinariam,

410 4632 675 4688 ordinavit
702 4633 759 4686 in
797 4650 878 4687 me
906 4633 1231 4689 charitatem.

482 4723 537 4777 5.
581 4723 721 4791 Quid
766 4724 911 4780 enim
952 4740 1051 4795 per
1079 4726 1269 4783 cellam
1300 4727 1561 4783 vinariam
1602 4728 2005 4796 congruentius,

412 4828 575 4882 quam
616 4814 791 4883 ipsam
840 4830 1093 4870 arcanam
1138 4818 1454 4873 aeternitatis
1496 4818 2009 4887 contemplationem

413 4905 753 4975 accipimus?
783 4905 841 4961 In
881 4906 984 4963 hac
1011 4910 1312 4966 aeternitate
1338 4912 1513 4979 angeli
1552 4911 1723 4965 sancti
1752 4912 1880 4965 vino
1918 4926 2009 4965 sa-

411 4997 632 5067 pientia:
652 4999 1007 5073 inebriantur,
1027 5002 1153 5059 dum
1176 5004 1352 5074 ipsum
1373 5005 1543 5059 Deum
1567 5004 1705 5060 facie
1722 5006 1789 5059 ad
1819 5005 2010 5061 faciem

412 5089 683 5158 videntes,
700 5094 848 5148 omni
867 5096 1143 5165 voluptate
1156 5097 1385 5167 spiritali
1398 5098 1686 5152 satiantur.
1719 5098 1871 5155 Hanc
1886 5088 2011 5153 san-

352 5186 357 5257 μ
415 5190 505 5237 cta
523 5198 677 5240 mens
691 5184 1030 5259 (postpositis
1048 5190 1297 5246 omnibus
1313 5193 1724 5263 temporalibus)
1740 5194 1827 5248 sia
1844 5209 2012 5264 spon-

350 5284 354 5288 ‘
413 5286 478 5327 so
508 5272 883 5332 introducatur
912 5280 1095 5345 intrat,
1129 5280 1181 5335 in
1211 5296 1318 5350 qua
1348 5297 1416 5336 ex
1446 5282 1554 5338 illis
1582 5284 1840 5353 angelicis
1878 5284 2015 5340 deli-

416 5364 516 5421 ciis
535 5377 798 5435 quantum
831 5370 931 5425 sibi
965 5373 1302 5440 conceditur,
1330 5384 1530 5445 gustat.
1559 5375 1627 5431 Et
1669 5379 1793 5447 quia
1832 5378 2011 5434 adhuc

418 5455 476 5511 in
524 5472 757 5531 corpore
809 5464 1151 5535 corruptibili
1198 5465 1490 5538 detinetur,
1529 5483 1589 5525 se
1616 5468 1855 5539 perfecte
1901 5482 2012 5525 non

492 5665 519 5743 ξ
554 5652 955 5743 quam
996 5664 1376 5743 rtobt':__tribu_i_t.

492 5724 645 5810 bsic
687 5724 881 5809 legitur
908 5733 961 5787 in
1010 5736 1431 5810 omnibusMss.
1482 5737 1653 5805 Quam
1705 5737 2012 5810 lectionem,

426 5799 527 5884 etsi
556 5799 945 5884 obscuriorem,
1001 5807 1410 5884 prmfe_rendam_
1440 5799 1691 5884 du'ximus
1736 5799 2013 5862 Editorurn

424 5868 578 5924 alteri
604 5886 619 5937 ;
648 5872 917 5943 perquirit,
957 5868 1019 5931 ea
1036 5877 1169 5944 quod
1199 5880 1584 5949 perfectionem,
1614 5880 1736 5934 dum
1773 5882 1827 5933 in
1856 5895 2015 5933 carne

2086 1980 2140 2033 in
2182 1978 2288 2033 hoc
2313 1976 2432 2032 solo
2460 1974 2678 2045 gaudet,
2703 1973 2749 2027 si
2792 1970 2939 2026 circa
2969 1983 3029 2023 se
3065 1964 3328 2038 prospicit
3352 1961 3440 2017 vel
3490 1960 3697 2031 quibus

2086 2074 2220 2143 ipsa,
2272 2069 2359 2125 vel
2392 2069 2445 2123 in
2488 2080 2723 2137 quorum
2767 2060 3102 2133 perfectione
3152 2053 3581 2113 consolationem
3624 2049 3698 2104 de

2088 2164 2349 2232 languore
2397 2175 2499 2215 suo
2540 2156 2847 2229 perspicere
2891 2152 3083 2223 possit.
3127 2147 3333 2216 Quibus
3370 2144 3439 2200 de
3486 2155 3698 2215 sponso

2098 2272 2199 2313 suo
2229 2255 2624 2323 subsequentcr
2664 2250 2775 2304 bsic
2802 2247 2935 2302 dicit
2961 2264 2973 2300 :

2164 2346 2343 2418 (Vcrs.
2372 2344 2454 2413 6.)
2480 2341 2635 2398 Lazva
2664 2343 2776 2413 ejus
2796 2336 2887 2393 sub
2908 2337 3079 2408 capite
3105 2350 3217 2390 meo
3239 2340 3288 2389 et
3310 2331 3527 2386 dextera
3557 2327 3700 2382 illius

2094 2434 2475 2508 amplexabitur
2503 2449 2604 2487 me.

2165 2529 2219 2582 7.
2257 2527 2361 2583 Per
2398 2526 2585 2581 laevam
2640 2520 2828 2593 sponsi
2868 2519 2977 2575 vita
3006 2528 3265 2588 praesens,
3296 2526 3394 2584 per
3418 2512 3705 2567 dexteram

2098 2636 2231 2676 vero
2251 2619 2361 2675 vita
2380 2625 2582 2673 aeterna
2599 2614 2931 2683 designatur.
2958 2610 3059 2666 Per
3076 2617 3240 2679 caput
3260 2616 3442 2661 autem
3463 2617 3707 2675 sponsas,

2099 2726 2254 2767 mens
2295 2724 2411 2780 qua:
2450 2708 2642 2762 anima:
2702 2703 3011 2761 dominatur
3048 2701 3359 2756 assumitur.
3406 2694 3516 2753 Sed
3566 2695 3705 2749 lazva

2102 2804 2289 2876 sponsi
2335 2802 2435 2859 sub
2463 2801 2641 2872 capite
2696 2812 2907 2869 sponsae
2954 2810 3077 2852 esse
3104 2795 3322 2859 dicitur,
3372 2803 3429 2847 et
3476 2790 3707 2845 dextera

2103 2898 2223 2969 ejus
2264 2895 2603 2967 amplexatur
2644 2906 2785 2959 eam,
2836 2891 2961 2962 quia
3006 2889 3173 2944 vitam
3219 2884 3575 2956 temporalem
3606 2880 3713 2937 sub

2106 2996 2288 3043 mente
2341 3001 2440 3043 sua
2493 2999 2710 3054 semper
2758 2984 2928 3053 ponit,
2978 2981 3147 3035 vitam
3174 2994 3306 3035 vero
3359 2985 3619 3031 aeternam
3654 2978 3717 3027 ut

2107 3079 2256 3135 omni
2284 3076 2447 3133 modo
2478 3077 2818 3146 amplexetur
2837 3072 3194 3141 concupiscit.
3214 3069 3340 3125 Haec
3365 3068 3568 3139 quippe
3589 3079 3717 3135 qua:

2106 3171 2273 3238 videt,
2305 3167 2717 3238 magnanimiter
2732 3174 2913 3222 mente
2935 3162 3148 3219 sublimi
3167 3161 3477 3225 conculcat,
3511 3157 3712 3213 ciliciis

2107 3264 2419 3321 caelestibus
2461 3277 2521 3318 se
2550 3268 2799 3331 occupat.
2855 3257 2983 3313 Haec
3028 3272 3095 3312 ex
3125 3254 3451 3311 necessitate
3494 3252 3719 3320 tolerat,

2106 3359 2173 3413 ad
2203 3358 2292 3413 illa
2314 3372 2524 3413 summo
2545 3354 2817 3411 desiderio
2838 3353 2991 3423 quasi
3014 3350 3242 3407 brachio
3272 3350 3502 3404 dextero
3527 3345 3720 3417 Sponsi

2106 3450 2327 3505 astricta
2360 3447 2616 3518 suspirat.
2647 3444 2707 3501 In
2754 3459 2873 3514 qua:
2900 3459 3025 3499 cum
3070 3440 3472 3513 aliquantulum
3528 3440 3719 3503 intrat,

2107 3540 2505 3597 delectabiliter
2533 3538 2787 3608 quiescit,
2833 3536 2985 3606 cujus
3013 3535 3209 3605 quietis
3238 3534 3527 3588 dilectione
3555 3547 3721 3587 mun—

2108 3631 2281 3686 danos
2330 3628 2603 3685 tumultus
2654 3627 2877 3684 omnino
2928 3626 3148 3681 fastidit.
3202 3624 3294 3680 Sic
3348 3624 3721 3694 quiescentem

2110 3724 2296 3791 utique
2325 3735 2556 3791 sponsus
2581 3719 2814 3789 amplius
2842 3717 3036 3788 diligit,
3065 3726 3121 3773 et
3149 3718 3216 3773 ab
3242 3717 3361 3788 ejus
3381 3716 3722 3772 excitatione

2112 3814 2389 3883 improbos
2415 3826 2661 3881 quosque
2690 3810 2926 3881 repellit,
2954 3809 3139 3865 dicens
3163 3826 3178 3863 :

2185 3905 2365 3977 (Vers.
2395 3904 2474 3975 7.)
2499 3903 2698 3974 Adjuro
2718 3919 2824 3966 vos,
2858 3902 2984 3971 ﬁlia:
3009 3900 3324 3965 Jerusalem,
3363 3916 3457 3969 per
3478 3914 3723 3967 capreas,

2112 4014 2383 4069 cervosque
2409 3997 2572 4068 418
2599 4013 2919 4066 camporum,
2948 4012 3011 4050 ne
3053 3996 3327 4062 suscitetis,
3361 4011 3521 4067 neque
3562 3996 3728 4066 cvigi-
3748 4000 3773 4009 ‘

2114 4091 2225 4145 lare
2251 4090 2457 4161 faciatis
2487 4090 2749 4154 dilectam,
2783 4102 2803 4128 ε
2829 4088 2992 4143 donec
3020 4089 3135 4159 ipsa
3167 4087 3307 4143 velit.

2186 4181 2239 4235 8.
2271 4180 2429 4236 Cervi
2456 4189 2510 4236 et
2558 4197 2765 4251 caprerc
2796 4181 2994 4235 munda
3047 4180 3300 4235 animalia
3346 4181 3400 4235 in
3432 4180 3552 4249 lege
3604 4193 3727 4234 esse

2116 4273 2488 4342 perhibentur.
2540 4270 2679 4338 Quid
2726 4286 2856 4341 ergo
2888 4288 2985 4342 per
3032 4286 3225 4327 cervos
3255 4283 3309 4326 et
3338 4286 3589 4342 capreas,
3620 4270 3729 4324 nisi

2116 4362 2301 4431 fidem,
2358 4378 2510 4433 spem
2552 4373 2607 4418 et
2653 4362 2975 4417 charitatem
3027 4361 3367 4433 accipimus?
3417 4360 3562 4427 Quas
3598 4361 3729 4415 dum

2115 4455 2274 4509 nobis
2315 4454 2547 4508 mundas
2598 4468 2901 4521 servamus,
2947 4468 3046 4522 per
3075 4452 3295 4508 easdem
3345 4450 3483 4506 altos
3512 4460 3731 4505 montes

2118 4545 2594 4615 contemplationis
2642 4544 3004 4600 ascendimus.
3057 4543 3256 4599 Sancta
3307 4551 3489 4597 autem
3546 4543 3728 4596 anima

2119 4651 2320 4706 sponsa
2385 4636 2585 4692 Christi
2640 4652 2671 4689 a
2720 4636 2930 4690 cunctis
2985 4636 3170 4689 mundi
3225 4635 3727 4705 perturbationibus

2123 4728 2403 4797 quiescere
2430 4727 2656 4798 appetit,
2689 4729 2741 4782 in
2773 4729 2895 4783 sinu
2926 4729 3107 4798 sponsi
3136 4728 3327 4797 sepitis
3353 4726 3587 4781 terrenis
3627 4741 3727 4779 cu-

2124 4820 2438 4890 piditatibus
2484 4819 2721 4875 dormire
2750 4830 2938 4875 sancto
2990 4820 3103 4875 otio
3135 4819 3493 4889 concupiscit,
3545 4818 3618 4871 ita
3671 4824 3731 4870 ut

2125 4912 2291 4966 etiam
2314 4912 2622 4966 necessaria
2643 4911 2913 4980 colloquia
2940 4910 3228 4982 aliquando
3248 4910 3509 4975 fastidiat,
3528 4910 3731 4965 solius-

2121 5021 2232 5075 que
2262 5006 2450 5074 Sponsi
2476 5004 2841 5061 collocutione
2870 5012 3075 5074 quanto
3106 5005 3362 5075 quietius,
3398 5014 3552 5059 tanto
3580 5019 3732 5060 sere-

2120 5097 2251 5152 .nius
2290 5097 2600 5153 hilarescat.
2647 5097 2754 5153 Sed
2784 5097 2925 5153 hanc
2952 5097 3315 5153 dormientem
3356 5097 3606 5152 carnales
3635 5096 3732 5166 qui

2123 5197 2255 5246 sunt
2284 5190 2338 5243 in
2382 5188 2645 5257 Ecclesia,
2678 5205 3065 5261 nonnunquam
3096 5191 3409 5261 importune
3458 5192 3727 5255 excitant,

2122 5281 2363 5351 negotiis
2392 5281 2578 5336 mundi
2606 5296 2726 5336 eam
2769 5281 3049 5351 implicare
3075 5282 3384 5337 desiderant
3408 5300 3421 5349 ;
3455 5284 3582 5353 quia
3613 5283 3731 5352 ejus

2124 5374 2292 5430 vitam
2324 5373 2569 5428 inutilem
2599 5373 2929 5439 existimant,
2962 5374 3088 5427 dum
3131 5374 3199 5429 ab
3223 5388 3412 5428 eorum
3443 5374 3590 5429 curis
3610 5389 3729 5428 eam

2127 5481 2189 5522 se
2229 5466 2590 5522 abstinentem
2617 5462 2985 5521 considerant.
3017 5463 3083 5519 Hi
3134 5464 3276 5521 tales
3322 5466 3456 5520 satis
3487 5478 3731 5534 congrue

2122 5666 2640 5749 vivitrtrcqu‘iescil.
2692 5666 2762 5749 Et
2800 5670 2854 5722 in
2903 5669 3004 5749 hoc
3023 5670 3135 5749 solo
3182 5668 3373 5749 gaudet
3402 5670 3446 5722 si
3490 5673 3627 5725 circa
3674 5688 3732 5725 sc

2131 5739 2381 5811 respicit;
2413 5740 2487 5791 vel
2516 5740 2696 5809 quibus
2726 5741 2840 5808 ipsa
2872 5741 3129 5811 proﬁciat,
3163 5742 3241 5793 vel
3268 5741 3321 5793 in
3349 5757 3569 5810 quorum
3611 5759 3723 5811 pro-

2124 5810 2777 5885 fectionefonsolationem
2794 5812 2869 5885 de
2880 5813 3142 5885 languore
3168 5828 3261 5885 suo
3294 5814 3520 5885 recipere
3546 5814 3727 5882 possit.

2206 5890 2229 5918 ο
2268 5880 2323 5933 lu
2357 5878 2678 5952 Rothomag.
2711 5890 2767 5939 et
2794 5882 2914 5939 Val.
2947 5878 3025 5940 Cl.
3076 5878 3409 5955 quoadusque
3442 5878 3559 5954 ipsa
3588 5885 3722 5939 velit.
