4052 6338
514 420 618 477 499

1686 416 1938 483 19AM
1978 416 2307 479 ΕΜ
2342 422 2562 479 idle

3676 421 3772 479 580

510 542 696 601 menta
718 532 923 604 inutilia
945 538 1311 611 amputantur,
1336 535 1397 595 ut
1419 528 1653 597 mundus
1677 531 1836 597 citius
1857 532 2089 597 linitur.
2120 539 2175 602 Α
2192 537 2371 605 gnari,
2403 545 2457 592 et
2484 552 2583 607 per
2620 549 2906 591 cavernam
2946 535 3218 603 maceriae,
3247 534 3363 605 ipsa
3386 535 3659 606 protectio
3685 550 3773 591 ano

626 628 768 685 nitur
793 648 807 685 :

626 628 699 682 u't
793 648 807 685 :

511 626 768 794 $9?le
804 720 890 786 l2,
938 719 1054 791 l3.)
1102 719 1216 779 Vox
1259 718 1474 777 turturis
1518 716 1700 781 audita
1736 724 1815 775 est
1859 718 1915 773 in
1965 729 2101 774 terra

512 820 713 877 nostra,
749 812 880 885 ﬁcus
909 810 1123 884 protulit
1152 825 1361 883 gressus
1382 825 1521 878 suos,
1553 809 1713 865 vinea:
1741 809 1983 880 ﬂorentes
2006 810 2098 864 de-

511 904 699 969 derunt
722 904 932 968 odorem
961 919 1133 963 suum.

582 994 672 1057 14.
702 995 843 1065 Quid
890 1010 989 1069 per
1037 1001 1320 1057 turturem,
1371 991 1475 1047 nisi
1525 989 1795 1057 Ecclesia;
1830 990 1957 1060 quid
2006 1006 2101 1060 per

512 1097 713 1159 terram
744 1088 949 1160 sponsi,
1001 1086 1103 1151 nisi
1132 1086 1239 1141 vita
1286 1083 1376 1139 illa
1402 1083 1561 1139 beata
1599 1083 1951 1152 designatur?
1995 1082 2101 1137 Sed

512 1198 621 1239 vox
649 1180 874 1237 turturis
901 1180 953 1234 in
980 1185 1119 1234 terra
1151 1176 1333 1247 sponsi
1356 1176 1538 1231 audita
1566 1190 1684 1231 esse
1713 1174 1909 1231 dicitur
1933 1193 1947 1241 ;
1976 1176 2101 1244 quia

513 1272 641 1327 dum
681 1287 779 1342 pro
823 1268 1087 1325 desiderio
1115 1283 1213 1322 suo
1245 1273 1432 1320 sancta
1480 1264 1720 1319 Ecclesia
1761 1266 2098 1335 deprecatur,

513 1378 547 1417 a
576 1361 789 1415 Christo
827 1361 880 1414 in
930 1359 1067 1413 ccelo
1094 1356 1512 1411 clementissime
1558 1355 1859 1409 exauditur.
1892 1356 1967 1409 De
1995 1371 2100 1424 qua

512 1461 662 1507 recte
689 1452 961 1506 subditur:
996 1448 1155 1501 Ficus
1178 1447 1391 1516 protulit
1412 1463 1618 1521 grossos
1646 1462 1789 1510 suos,
1824 1446 1983 1500 vinem
2004 1447 2102 1515 [lo-

512 1553 678 1597 rentes
709 1541 959 1595 dederunt
996 1540 1206 1592 odorem
1237 1554 1404 1592 suum.
1450 1536 1610 1591 Ficus
1657 1537 1857 1606 quippe
1887 1550 2102 1605 grossos

508 1649 638 1690 suos
687 1634 929 1704 protulit,
980 1630 1106 1701 quia
1144 1637 1331 1685 sancta
1382 1627 1622 1682 Ecclesia
1662 1637 1927 1698 martyres
1974 1644 2102 1681 suos

510 1729 575 1783 ad
612 1737 867 1783 aeternam
913 1724 1142 1794 patriam
1170 1721 1448 1797 praemisit.
1478 1719 1608 1775 Post
1635 1735 1771 1790 quos
1799 1721 1971 1775 vinea:
2000 1718 2102 1773 ilo-

508 1828 693 1878 rentes
738 1820 963 1878 odorem
991 1833 1148 1873 suum
1194 1814 1474 1880 dederunt,
1507 1814 1632 1884 quia
1666 1828 1762 1885 per
1790 1815 2100 1869 universum

2200 629 2384 698 geliac
2407 629 2665 685 custodite
2694 627 2928 696 ﬁgurari.
2959 626 3016 682 In
3046 643 3151 698 qua
3176 629 3419 685 custodia
3445 644 3571 685 cum
3607 630 3774 685 anima

2202 720 2438 791 ponitur,
2466 721 2605 775 bene
2624 720 2674 774 ei
2699 735 2726 772 a
2756 733 2957 790 sponso
2986 718 3216 774 dicitur:

2273 811 2453 875 (Vers.
2494 810 2611 881 11.)
2645 810 2874 867 Ostende
2920 811 3045 864 mihi
3076 812 3258 881 faciem
3298 820 3458 876 totum,
3500 817 3649 865 sonet
3687 826 3778 865 rex

2202 912 2291 958 tata
2313 906 2369 959 in
2408 904 2618 959 auribus
2664 905 2791 960 meis
2813 919 2832 957 :
2882 919 2983 959 uox
3011 904 3149 958 enim
3178 912 3266 958 tua
3295 904 3479 971 dulcis,
3534 912 3585 958 et
3628 904 3781 974 facies

2202 1007 2291 1054 tua
2319 999 2527 1053 decora.

2275 1090 2361 1147 tt}.
2394 1088 2532 1155 Quid
2572 1088 2715 1143 enim
2754 1102 2862 1158 per
2904 1088 3116 1155 laciem,
3165 1089 3267 1145 nisi
3294 1087 3453 1143 tidem
3482 1102 3589 1157 qua
3619 1101 3649 1141 a
3676 1086 3780 1143 Deo

2203 1178 2598 1246 cognoscimnr,
2643 1177 2982 1247 accipimus?
3028 1176 3093 1231 Et
3137 1177 3265 1247 quid
3308 1192 3404 1247 per
3445 1192 3657 1241 vocem,
3688 1176 3782 1230 nisi

2204 1270 2647 1341 praedicationem
2671 1269 3059 1336 intelligimus?
3081 1268 3185 1323 Sed
3209 1269 3452 1338 paccipit
3480 1283 3708 1339 sponsus
3734 1278 3786 1322 ut

2204 1362 2254 1417 ei
2281 1376 2477 1439 sponsa
2503 1360 2689 1414 faciem
2711 1374 2863 1415 suam
2884 1360 3151 1426 ostendat,
3180 1361 3303 1429 quia
3331 1362 3643 1430 quicunque
3662 1376 3717 1414 se
3736 1358 3787 1410 ft-

2204 1450 2325 1507 dem
2341 1450 2471 1504 dicit
2484 1449 2701 1514 habere,
2722 1465 2940 1503 necesse
2954 1456 3109 1503 estut
3126 1448 3177 1502 in
3196 1450 3350 1504 bonis
3360 1450 3617 1517 operibus
3627 1448 3778 1519 421

2204 1557 2265 1598 se
2293 1550 2567 1609 exerceat,
2590 1550 2649 1595 ut
2675 1542 2727 1596 in
2753 1542 3008 1612 operibus
3029 1542 3392 1598 exterioribus
3419 1543 3550 1598 tidcs
3573 1544 3789 1599 interior

2205 1633 2528 1691 innotescat.
2559 1635 2664 1689 Sed
2694 1643 2749 1689 et
2774 1649 2943 1705 opera
2968 1649 3191 1690 necesse
3208 1645 3285 1689 est
3314 1645 3373 1689 ut
3398 1652 3505 1690 vox
3533 1637 3787 1705 prmdirao

2207 1722 2370 1783 tionis
2394 1732 2668 1792 sequatur,
2687 1724 2814 1792 quia
2836 1724 3141 1795 quicunque
3160 1726 3213 1781 in
3236 1727 3440 1783 sanctis
3458 1728 3716 1797 operibus
3734 1743 3791 1785 se

2207 1814 2420 1878 dilatat,
2452 1830 2793 1884 consequens
2822 1824 2907 1871 est
2950 1824 3014 1871 ut
3040 1817 3314 1877 adeadem
3344 1818 3588 1874 facienda
3615 1822 3790 1889 proxi—

509 1917 767 1974 mundum
822 1914 1069 1985 exempla
1119 1914 1385 1969 bonorum
1444 1924 1668 1980 operum
1719 1913 2095 1963 excreverunt.
2131 1920 2179 1981 Β
2206 1923 2576 1977 musquosque
2598 1912 2934 1965 exltortetur.
2959 1909 3379 1981 ldeosequitur:
3414 1914 3531 1969 γη
3550 1916 3792 1970 animi“

510 2010 692 2071 Vineae
745 2010 932 2083 utique
984 2003 1150 2065 flores
1177 2004 1520 2082 producunt,
1571 2023 1690 2065 cum
1729 1999 1949 2079 singula:

509 2109 691 2165 clesite
746 2106 951 2160 animas
1003 2102 1155 2176 prius
1211 2100 1454 2157 infideles
1500 2098 1567 2154 ad
1625 2097 1747 2161 lidei
1802 2098 2098 2159 novitatem

513 2217 610 2272 per
663 2199 988 2271 baptismum
1042 2194 1299 2257 educunt.
1355 2190 1465 2247 Sed
1511 2190 1673 2253 ﬂores
1728 2189 1831 2259 ipsi
1877 2186 2099 2243 odorem

508 2290 830 2365 proferunt,
889 2303 1011 2345 cum
1066 2285 1350 2341 credentes
1410 2282 1602 2337 animas
1661 2278 1907 2348 exempla
1958 2278 2101 2341 bona

506 2400 605 2456 per
633 2396 853 2439 suavem
904 2377 1215 2450 opinionem
1264 2374 1365 2429 sibi
1395 2372 1626 2428 invicem
1665 2379 1720 2425 et
1749 2369 1868 2425 aliis
1914 2382 2101 2439 asper-

506 2484 657 2547 gunt.
713 2472 822 2529 Sed
869 2470 999 2543 quia
1049 2468 1293 2523 Christus
1344 2474 1575 2532 utroque
1624 2461 1787 2517 modo
1840 2462 2100 2517 exhorta-

508 2571 673 2627 tionis
726 2582 823 2623 nos
879 2564 1090 2631 trahit,
1146 2571 1205 2617 ut
1258 2559 1508 2618 videlicet
1556 2565 1611 2613 et
1666 2554 1952 2627 praeceptis
2000 2569 2101 2613 nos

507 2662 817 2725 admoneat,
870 2666 925 2714 et
952 2655 1215 2724 exemplis
1267 2659 1579 2709 sanctorum
1626 2664 1727 2709 nos
1766 2647 1957 2716 erigat,
2012 2644 2099 2702 id-

508 2756 655 2810 circo
683 2766 893 2823 sponsa:
920 2764 1030 2804 suae
1060 2746 1209 2819 prius
1238 2752 1297 2809 ut
1324 2749 1571 2813 surgeret
1599 2738 1937 2801 admonendo
1963 2751 2101 2808 pra:-

508 2844 676 2916 cepit,
709 2850 766 2896 et
790 2839 983 2897 deinde
1012 2836 1259 2907 exempla
1290 2842 1601 2890 sanctorum
1639 2831 1707 2887 ad
1735 2830 2100 2901 cognitionem

507 2938 752 3005 adduxit,
809 2944 864 2992 et
910 2942 1033 3005 post
1080 2931 1451 3000 exemplorum
1486 2926 1870 2983 exhibitionem
1907 2925 2103 2985 iterum

507 3045 567 3086 se
593 3030 663 3085 ad
704 3028 958 3099 prmcepti
1008 3023 1481 3083 commonitionem
1534 3020 1820 3083 convertit,
1875 3017 2097 3072 dicens:

583 3121 762 3193 (Vers.
788 3118 875 3183 i5,
910 3116 1021 3186 14.)
1049 3117 1235 3187 Surge,
1260 3113 1428 3166 amica
1449 3128 1583 3176 mea,
1610 3127 1757 3166 soror
1778 3125 1914 3176 mea,
1942 3114 1990 3160 et
2020 3122 2105 3163 ve—

510 3217 584 3284 ni,
610 3213 847 3279 columba
872 3229 988 3280 mea
1013 3213 1069 3279 in
1094 3207 1435 3284 foraminibus
1458 3214 1641 3279 petra,
1670 3205 1726 3265 in
1751 3220 1969 3263 caverna
1990 3218 2103 3265 uta-

506 3310 683 3364 cerinz.

578 3397 667 3453 15.
699 3394 882 3465 Surgit
909 3393 1109 3459 anima,
1137 3407 1259 3449 cum
1300 3407 1331 3446 a
1362 3389 1573 3463 peccati
1611 3386 2012 3461 perpetratione
2039 3401 2099 3442 se

506 3492 703 3561 erigit;
735 3491 903 3557 venit,
933 3504 1057 3544 cum
1100 3501 1198 3558 per
1224 3486 1368 3541 bona
1415 3498 1583 3554 opera
1626 3480 1882 3537 desiderii
1926 3479 2099 3534 sancti

508 3582 758 3654 passibus
792 3581 993 3636 salictis
1021 3577 1089 3633 ad
1130 3576 1373 3637 emlestia
1426 3574 1617 3633 tendit.
1670 3571 1869 3628 Sancta
1899 3570 2098 3626 etenim

508 3687 662 3739 mens
706 3686 830 3727 cum
858 3669 1143 3739 praterhac
1189 3668 1312 3723 vitae
1356 3665 1739 3736 turpitudinem
1786 3663 2094 3733 conspicit,

500 3778 633 3820 cum
662 3768 887 3831 peccata
918 3773 1017 3815 sua
1066 3763 1346 3817 enumerat
1396 3771 1517 3825 quae
1561 3754 1707 3821 fecit,
1755 3769 1882 3809 mox
1910 3767 2097 3808 secum

508 3855 565 3911 in
612 3852 946 3911 conscientia
986 3850 1277 3918 erubescit,
1317 3858 1374 3905 et
1418 3864 1755 3919 quaecunque
1794 3850 1848 3902 in
1894 3847 2096 3903 mundo

506 3946 791 4013 dilexerat,
839 3943 907 4000 ad
945 3942 1128 4009 odium
1157 3941 1259 3998 sibi
1314 3941 1641 3997 transferens
1668 3939 1883 3996 ﬂetibus
1910 3956 1969 3997 se
1999 3956 2099 4011 pu-

503 4038 605 4105 nit,
639 4045 696 4093 et
735 4037 851 4106 ipsa
872 4033 1193 4106 ipmnitentia
1234 4032 1376 4090 facta
1403 4032 1694 4100 robustior,
1730 4032 1798 4088 ab
1826 4033 1972 4091 omni
2010 4033 2096 4088 in-

503 4127 821 4197 quinatione
874 4126 1042 4183 etiam
1095 4134 1122 4171 tt
1174 4124 1375 4189 exilit,
1452 4132 1509 4179 et
1563 4124 1632 4180 ab
1679 4124 1827 4179 omni
1878 4131 2099 4195 torpore

504 4218 849 4289 negligentie
873 4232 939 4272 se
981 4215 1209 4284 excutit,
1262 4223 1324 4272 ut
1371 4214 1484 4284 jam
1534 4215 1590 4269 in
1651 4214 1849 4270 intimis
1887 4216 2096 4285 cogita-

500 4311 743 4367 tionibus
768 4326 879 4375 non
903 4309 1101 4380 jaceat,
1132 4309 1227 4365 sed
1256 4308 1324 4363 ad
1354 4307 1659 4379 appetenda
1688 4308 1972 4364 invisibilia
1999 4324 2097 4379 per

498 4408 697 4457 saneta
733 4400 999 4457 desideria
1038 4414 1103 4455 se
1129 4401 1401 4455 extendat.
1434 4400 1560 4455 Haec
1585 4400 1767 4469 itaque
1795 4414 1948 4455 mens
1974 4414 2095 4453 sur-

504 4491 585 4558 git
614 4498 667 4547 at
695 4489 863 4559 venit,
886 4489 1017 4558 quia
1046 4497 1102 4544 et
1129 4505 1161 4544 a
1192 4489 1427 4559 torporis
1474 4490 1785 4547 inﬁrmitate
1821 4505 1919 4559 per
1946 4505 2096 4545 com-

502 4586 856 4657 punctionem
897 4584 1160 4653 seerigit,
1208 4584 1342 4639 etin
1389 4586 1592 4640 sanctis
1620 4585 1809 4639 studiis
1836 4599 1895 4639 se
1933 4599 2092 4638 exer-

502 4693 657 4746 cens,
685 4677 753 4733 ad
775 4684 978 4733 mterna
1002 4676 1229 4747 pedibus
1254 4677 1453 4733 amoris
1482 4676 1671 4732 currit.
1702 4675 1803 4729 Per
1830 4674 2091 4730 foramina

504 4778 683 4824 autem
715 4777 903 4839 petrae,
932 4769 1156 4823 vulnera
1180 4782 1436 4822 manuum
1474 4775 1529 4821 et
1556 4767 1752 4836 pedum
1779 4764 1978 4822 Christi
2032 4768 2087 4822 in

502 4876 663 4929 cruce
699 4860 980 4931 pendentis
1000 4861 1241 4925 libenter
1263 4857 1645 4921 intellexerim.
1671 4856 1967 4914 Cavernam
1995 4874 2088 4915 ve-

504 4969 567 5008 ro
605 4954 866 5020 macerim,
894 4953 1090 5009 vulnus
1123 4952 1307 5007 lateris
1345 4950 1490 5021 quod
1520 4950 1711 5013 lancea
1754 4950 1950 5009 factum
1979 4959 2085 5017 est.

503 5043 694 5099 eodem
710 5059 883 5109 sensu
920 5043 1166 5107 dixerim.
1200 5041 1268 5095 Et
1293 5042 1431 5095 bene
1459 5039 1702 5103 columba
1729 5042 1781 5095 in
1810 5040 2088 5101 foramini-

503 5135 604 5192 bus
632 5145 794 5217 petrae
823 5144 879 5192 et
920 5136 975 5191 in
1003 5149 1233 5197 caverna
1273 5132 1523 5187 maceriae
1553 5146 1673 5187 esse
1715 5132 1932 5199 dicitur,
1961 5135 2088 5207 quia

502 5228 629 5293 dum
675 5229 730 5284 in
784 5227 956 5284 crucis
983 5225 1359 5289 recordatione
1396 5223 1711 5295 patientiam
1739 5222 1939 5281 Cbtisti
1970 5226 2085 5280 imi-

2119 4728 2171 4788 D

2196 2000 2369 2061 dulcis
2410 2010 2458 2057 et
2488 2000 2648 2070 facies
2678 2009 2768 2056 tu
2790 2002 3002 2056 decora.
3034 2002 3185 2059 Tunc
3210 2005 3355 2059 enim
3380 2014 3434 2060 et
3460 2022 3564 2060 vox
3600 2008 3790 2077 placet,

2206 2104 2261 2150 et
2291 2089 2453 2151 facies
2480 2090 2787 2162 dedantur,
2830 2092 3047 2167 quando
3066 2102 3126 2152 et
3152 2110 3322 2169 opera
3366 2097 3683 2170 praedicatio
3710 2114 3794 2156 se-

2196 2187 2407 2267 quitur,
2437 2195 2491 2242 et
2513 2203 2723 2244 rursum
2744 2190 3181 2259 praedicationem
3201 2192 3343 2246 bona
3361 2208 3529 2264 opera
3541 2194 3795 2248 comitan-

2208 2287 2315 2337 tur.
2345 2279 2662 2349 Huiusmodi
2676 2280 3119 2350 praedicatoribus
3141 2292 3542 2354 consequenter
3558 2285 3754 2343 dicitur
3778 2304 3791 2339 :

2276 2371 2453 2440 (Vera.
2476 2370 2589 2443 15.)
2612 2371 2793 2443 Capite
2812 2372 2959 2433 nobis
2982 2372 3007 2411 δ
3033 2375 3353 2445 vulpeculas,
3373 2392 3489 2448 qua
3509 2376 3797 2433 demolien-

2203 2471 2290 2522 tur
2310 2466 2486 2520 vineas
2517 2480 2534 2519 :
2563 2482 2685 2520 nam
2713 2466 2861 2520 vim
2887 2478 3067 2521 nostra
3089 2467 3285 2537 ﬂoruit.

2276 2555 2363 2609 17.
2391 2555 2495 2611 Per
2523 2557 2710 2626 vulpes
2732 2558 2990 2625 habretiei,
3023 2573 3121 2629 per
3144 2560 3333 2614 vineas
3359 2559 3587 2631 singulae
3614 2558 3800 2616 Eccle-

2202 2646 2300 2707 siae
2320 2647 2688 2717 designantur.
2714 2649 2822 2705 Sed
2846 2651 3033 2721 vulpes
3058 2652 3239 2706 vineas
3259 2632 3799 2723 demolinnturﬁiuia

2205 2754 2303 2809 per
2330 2738 2611 2795 bzeretioos
2634 2737 2893 2795 Ecclesia:
2921 2755 2951 2794 a
2981 2748 3145 2796 rectas
3167 2741 3292 2795 fidei
3320 2741 3597 2797 viriditate
3617 2746 3797 2800 exsic-

2204 2836 2417 2886 cantur.
2466 2828 2596 2894 Quae
2640 2831 2781 2885 bene
2814 2832 3048 2901 parvulas
3085 2831 3355 2900 dicuntur,
3386 2833 3511 2903 quia
3556 2838 3800 2905 quamvis

2205 2930 2395 2983 contra
2450 2922 2735 2977 veritatem
2775 2922 2920 2978 intus
2958 2924 3305 2995 superbiant,
3337 2927 3583 2981 exterius
3616 2934 3797 2983 tamen

2204 3014 2261 3070 in
2306 3014 2485 3071 verbis
2533 3014 2892 3069 humilitatem
2922 3029 3018 3083 per
3044 3014 3448 3071 simulationem
3496 3024 3795 3073 sectantur.

2196 3105 2334 3173 Quae
2356 3117 2483 3163 tunc
2508 3122 2538 3161 a
2560 3107 2758 3162 sanctis
2780 3106 3222 3178 prasdicatoribus
3238 3108 3547 3179 capiuntur,
3580 3112 3798 3181 quando

2204 3200 2439 3259 instante
2467 3198 2849 3266 altercatione,
2872 3201 3155 3257 sententiis
3194 3202 3442 3259 veritatis
3464 3204 3800 3259 convincun-

2122 3325 2175 3391 ο
2207 3300 2314 3346 tur.
2348 3288 2736 3391 Prndicatores
2766 3289 2969 3359 quippe
2990 3291 3165 3347 sancti
3194 3291 3485 3361 aliquando
3514 3308 3679 3348 canes
3704 3309 3803 3364 per

2205 3380 2605 3439 similitudinem
2656 3380 2910 3437 dicuntur
2940 3399 2953 3436 :
2983 3384 3111 3452 quia
3161 3383 3632 3454 pnedicatienibus
3660 3386 3798 3441 assi-

2200 3471 2342 3537 duis,
2369 3472 2523 3541 quasi
2569 3472 2851 3529 latratibus
2892 3472 3242 3543 importunis,
3274 3476 3616 3534 adversarios
3640 3492 3802 3547 quos-

2202 3578 2310 3633 que
2338 3580 2368 3619 a
2392 3577 2556 3634 grege
2584 3564 2763 3620 ovium
2794 3580 2983 3621 arcere
3011 3566 3274 3622 nituntur.
3300 3566 3395 3623 Isti
3414 3583 3581 3625 canes
3608 3569 3799 3640 vulpes

2203 3655 2420 3713 Christo
2440 3656 2689 3726 capiunt;
2722 3657 2845 3727 quia
2876 3657 3070 3713 ducem
3097 3674 3255 3715 suum
3283 3658 3414 3716 dum
3443 3659 3681 3716 ﬁdeliter
3718 3662 3801 3715 di—

2202 3750 2402 3818 ligunt,
2455 3765 2555 3820 pro
2593 3749 2711 3819 ejus
2757 3765 2946 3806 amore
2991 3751 3334 3818 laborantes,
3377 3754 3797 3823 tergiversantes

2200 3848 2487 3905 bzeretieos
2514 3847 2582 3903 ab
2613 3846 3042 3904 involutionibus
3061 3849 3453 3919 quaestionum,
3471 3848 3631 3919 quasi
3656 3863 3689 3901 a
3718 3856 3800 3902 te-

2204 3940 2448 3997 nebrosis
2486 3941 2670 3997 caveis
2708 3940 2776 3996 ad
2820 3940 2993 3997 lucem
3020 3941 3266 3997 veritatis
3310 3940 3568 3996 educunt.
3614 3938 3797 4006 Quare

2200 4048 2331 4090 vero
2352 4034 2595 4104 vulpium
2638 4033 2917 4090 demolitio
2944 4034 3221 4103 timeatur,
3251 4032 3627 4089 manifestatur
3668 4046 3791 4086 eum

2194 4127 2399 4184 dicitur
2429 4143 2444 4181 :
2476 4122 2622 4181 Nam
2644 4126 2796 4181 uinea
2826 4132 3009 4181 nostra
3034 4126 3232 4197 ﬂoruit.
3265 4124 3434 4181 Vinea
3460 4124 3666 4193 quippe
3689 4120 3791 4177 ﬂo-

2199 4219 2306 4274 ruit
2323 4257 2338 4283 ,
2366 4218 2491 4289 quia
2520 4226 2706 4275 saneta
2728 4217 2970 4275 Ecclesia
2996 4234 3093 4289 per
3114 4218 3440 4289 baptismum
3470 4215 3609 4272 ﬁlios
3637 4216 3703 4270 ad
3730 4216 3795 4267 ti-

2201 4311 2288 4367 dei
2332 4326 2525 4367 novam
2559 4312 3027 4367 conversationem
3059 4310 3327 4381 perduxit.
3359 4308 3567 4376 Quibus
3594 4308 3789 4363 timew

2195 4403 2327 4463 dum
2352 4410 2455 4469 est,
2484 4418 2555 4467 ne
2574 4404 2644 4463 ab
2662 4403 2934 4465 haereticis
2958 4396 3492 4472 depravantuﬂquia
3518 4400 3652 4454 dum
3671 4398 3792 4468 qui-

2198 4510 2304 4563 que
2351 4495 2634 4550 credentes
2681 4493 2734 4549 in
2786 4494 3081 4549 novitatem
3127 4493 3327 4549 Christi
3374 4503 3791 4564 rego-eruatur,

2197 4599 2305 4655 quo
2336 4586 2566 4655 quisque
2593 4586 2831 4649 tenerior
2858 4594 2963 4651 est,
2992 4600 3059 4641 eo
3079 4585 3237 4641 citius
3262 4584 3328 4640 ad
3349 4584 3673 4656 pravitatem
3704 4600 3792 4639 se-

2199 4679 2434 4741 ducitur.
2468 4679 2716 4741 Floribus
2742 4680 2966 4737 omnino
2994 4679 3295 4737 timendum
3314 4687 3415 4745 est,
3438 4693 3507 4733 ne
3537 4684 3791 4749 pereant,

2196 4769 2323 4837 quia
2348 4768 2477 4829 dum
2505 4769 2682 4835 adhuc
2701 4770 2929 4841 quisque
2956 4769 3025 4827 ad
3069 4768 3455 4840 perfectionem
3493 4784 3595 4839 per
3630 4782 3793 4822 exer-

2196 4862 2381 4918 citium
2412 4861 2723 4918 diuturnum
2764 4876 2875 4921 non
2923 4861 3232 4929 convaluit,
3282 4860 3439 4916 facile
3479 4861 3528 4915 si
3563 4876 3596 4914 a
3623 4860 3792 4917 dente

2196 4970 2471 5011 venenosa
2494 4954 2788 5019 mordetur,
2814 4954 2881 5007 ab
2909 4953 3012 5007 hoc
3042 4953 3186 5023 quod
3217 4962 3406 5007 nactus
3434 4953 3631 5019 fuerat,
3662 4966 3793 5006 eva-

2196 5045 2388 5107 nescit.
2433 5043 2679 5105 Perfecta
2727 5045 2870 5105 enim
2900 5059 3129 5115 quantine
3167 5044 3346 5099 anima
3372 5044 3431 5098 in
3459 5060 3569 5114 quo
3594 5059 3656 5099 se
3677 5043 3789 5112 jam

2196 5139 2285 5194 diu
2308 5136 2569 5200 exercuit,
2594 5135 2750 5193 facile
2780 5151 2890 5197 non
2916 5136 3133 5201 amittit,
3165 5136 3292 5206 quia
3312 5148 3424 5204 quin
3444 5134 3789 5203 freqimtias

2193 5231 2376 5301 palato
2420 5229 2609 5287 inlitus
2648 5242 2810 5297 quam
2838 5227 3009 5289 dulcis
3036 5228 3109 5284 sit
3138 5227 3394 5284 Dominus
3419 5227 3687 5298 gustarit,
3716 5241 3787 5280 eo

504 5327 686 5387 tatur.
742 5320 867 5381 dum
928 5320 1043 5390 ipsa
1093 5320 1314 5381 vulnera
1370 5325 1590 5391 propter
1644 5319 1951 5390 exemplum
2020 5320 2088 5381 ad
2192 5321 2526 5379 constantius
2563 5319 2752 5390 sponsi
2797 5318 3178 5379 rectitudinem
3224 5325 3397 5383 tenet,
3446 5326 3502 5373 et
3552 5317 3791 5373 distorta

503 5412 820 5475 memoriam
861 5412 1119 5481 reducit,
1160 5413 1313 5495 quasi
1339 5412 1588 5475 columba
1628 5411 1681 5473 in
1711 5411 2083 5480 foraminibus,

503 5501 581 5555 sic
608 5503 835 5573 simplex
862 5504 1038 5567 anima
1086 5504 1139 5559 in
1184 5503 1492 5567 vulneribus
1540 5501 1927 5559 nutrimentum
1977 5516 2084 5567 quo

504 5591 891 5658 convalescat,
961 5594 1179 5649 invenit.
1247 5593 1479 5651 Possunt
1534 5598 1717 5647 tamen
1780 5605 1877 5660 per
1940 5590 2085 5647 fora~

503 5682 647 5739 mina
674 5692 841 5767 petra:
868 5727 883 5754 ,
941 5688 1322 5746 incarnationis
1369 5685 1568 5751 Christi
1617 5693 1953 5742 sacramenta
2005 5686 2079 5742 si-

576 5880 603 5945 ξι
631 5869 697 5945 lu
720 5869 955 5937 Excusis,
990 5874 1140 5945 etiam
1173 5878 1498 5945 cogitationis
1519 5879 1684 5931 exilit.

575 5936 603 5976 δ
646 5940 729 5995 Sic
774 5936 991 6011 legimus
1025 5944 1073 5995 in
1105 5936 1347 6000 clunibus
1377 5947 1499 6003 MSS.
1530 5949 1619 6004 ubi
1658 5947 1798 6005 Editi
1836 5948 2038 6006 habent
2063 5991 2079 6021 ,

2189 5411 2407 5469 fastidit.
2442 5413 2572 5478 Quae
2596 5411 2940 5480 prosequitur
2967 5409 3377 5475 convenienter,
3404 5416 3467 5467 et
3488 5409 3623 5464 dicit
3654 5426 3671 5461 :

2264 5503 2440 5575 (Vers.
2475 5501 2560 5568 16,
2601 5502 2715 5573 17.)
2751 5502 2982 5561 Dilectus
3008 5518 3153 5561 meus
3178 5502 3399 5569 stiti,“
3422 5519 3519 5573 ego
3544 5502 3645 5568 illi,
3692 5499 3791 5572 qui

2189 5599 2418 5667 pascitur
2457 5598 2590 5653 inter
2629 5596 2741 5657 lilia
2759 5637 2773 5664 ,
2824 5597 2985 5659 donec
3013 5598 3207 5667 cupiret
3232 5597 3365 5662 dies,
3386 5604 3443 5653 et
3466 5595 3787 5651 utclinentl!

2188 5688 2400 5746 umbra.

2172 5886 2345 5959 uulpes
2371 5884 2633 5958 parvulas,
2652 5882 2793 5941 forte
2811 5882 2937 5957 quia
2958 5887 3149 5954 postea
3169 5880 3362 5955 legitur
3385 5895 3397 5932 :
3411 5874 3641 5949 parvula
3664 5872 3771 5926 die.
