4052 6338
465 263 574 323 505

1669 244 1911 302 SANCTI
1950 236 2272 298 GREGORH
2305 235 2518 291 MAGNI

3620 223 3729 281 504

464 371 710 431 invenire
731 375 1064 438 satagentem
1085 362 1390 434 excipiunt,
1419 369 1474 418 et
1495 368 1556 418 ut
1580 361 1735 418 citius
1764 360 1998 416 inveniat
2018 397 2034 424 ,
2063 338 2269 421 A'sicut
2298 355 2495 424 virgula
2526 355 2656 424 fumi
2675 369 2740 408 ea:
2771 353 3088 412 aromatibus
3117 353 3358 426 myrrhw,
3383 362 3432 408 et
3463 351 3726 424 thum,”

464 465 749 538 prmceptis
793 464 1090 524 instruunt,
1127 457 1386 527 exemplis
1426 455 1744 512 accendunt.
1774 454 1919 520 Quos
1949 452 2036 507 illa

466 561 824 625 interrogans,
859 554 987 609 dicit
1017 571 1030 606 :
1065 549 1208 604 Num
1236 567 1382 621 quem
1422 549 1591 620 diligit
1621 548 1794 600 anima
1825 562 1934 598 mea
1959 545 2036 599 vi-

368 644 370 647 ’
395 674 399 676 -
465 651 653 705 dictis?
677 649 822 702 Bene
843 661 938 701 eos
962 658 1157 714 sponsa
1183 644 1516 709 interrogare
1538 640 1748 703 dicitur,
1773 638 1896 708 quia
1916 638 2041 691 dum

369 757 374 761 ·
467 756 656 797 eorum
685 739 885 808 scripta
933 735 1022 791 vel
1064 735 1228 789 verba
1259 732 1497 802 vigilanti
1527 732 1705 784 animo
1735 736 2042 798 perscruta-

381 850 383 852 ·
469 841 586 898 tur,
637 841 891 900 tanquam
921 823 1271 898 prtesentibus
1320 826 1478 880 etiam
1527 823 1836 878 absentibus
1879 819 2044 876 animi

471 923 771 978 intentione
801 922 1046 991 loquens,
1070 919 1194 988 quid
1223 919 1288 973 de
1309 916 1520 972 Christo
1545 917 1828 982 senserint,
1857 915 2045 970 scisci-

475 1021 637 1066 tatur.
665 1013 801 1079 Quia
828 1028 959 1066 vero
983 1011 1106 1064 dum
1130 1009 1180 1062 in
1197 1023 1289 1066 eos
1311 1009 1556 1074 intendit,
1583 1022 1854 1077 nunquam
1880 1023 2046 1078 spon-

470 1119 591 1158 sum
620 1104 844 1169 invenit,
876 1109 1265 1172 consequenter
1290 1101 1562 1169 subjungit
1587 1119 1600 1154 :

542 1193 723 1263 (Vers.
756 1192 833 1259 4.)
866 1193 1141 1246 Paululum
1176 1208 1290 1245 cum
1320 1192 1712 1262 pertransissem
1750 1207 1854 1257 eos,
1878 1191 2050 1245 inveni

471 1300 621 1353 quem
650 1284 818 1353 diligit
845 1284 1016 1336 anima
1045 1299 1176 1336 mea.

547 1375 601 1428 4.
634 1373 912 1428 Paululum
954 1372 1141 1441 vigiles
1183 1373 1404 1439 transit,
1431 1381 1486 1428 et
1527 1373 1783 1428 dilectum
1814 1373 2048 1441 invenit,

474 1467 603 1538 quia
631 1466 755 1519 dum
781 1479 875 1519 eos
902 1479 1064 1534 puros
1087 1464 1332 1519 homines
1356 1479 1475 1520 esse
1505 1465 1724 1533 cogitat,
1752 1464 1818 1518 ad
1847 1464 2044 1518 divini-

478 1565 643 1611 tatem
683 1563 917 1610 mentem
957 1555 1145 1623 erigit,
1175 1555 1354 1624 ibique
1387 1569 1644 1624 sponsum
1692 1571 1846 1609 suum
1892 1571 2051 1626 supra

477 1644 724 1700 homines
754 1643 903 1698 Patri
927 1644 1186 1712 aequalem
1218 1646 1510 1713 cognoscit.
1554 1645 1722 1711 Quem
1753 1655 1878 1702 tunc
1908 1647 2054 1700 inve-

2139 447 2360 502 universi
2381 445 2599 515 pulveris
2623 446 2952 516 pigmentarii
2969 448 2995 500 ?

2214 577 2262 629 7.
2296 575 2353 630 ln
2374 575 2586 630 deserto
2617 576 2828 643 itaque,
2860 577 2911 629 in
2941 576 3044 631 hoc
3066 576 3268 630 mundo
3315 574 3575 639 Ecclesia,
3609 577 3722 633 sive

2140 676 2326 725 sancta
2356 681 2580 736 quaeque
2605 667 2781 720 anima
2811 666 2958 730 vivit,
2993 667 3118 720 dum
3149 680 3180 719 a
3209 679 3378 734 regno
3406 667 3560 720 exsul
3583 667 3723 720 inter

2142 759 2360 823 bestias,
2393 757 2662 812 daemones
2689 757 2962 823 videlicet,
2993 756 3158 825 degit.
3191 755 3288 810 llic
3311 757 3454 811 enim
3483 757 3585 810 etsi
3616 771 3725 811 non

2145 850 2365 906 omnino
2387 864 2418 902 a
2446 864 2648 918 sponso
2677 847 2965 914 deseritur,
2991 855 3171 902 tamen
3197 847 3323 900 dum
3354 848 3406 901 in
3430 863 3593 902 carne
3621 857 3725 911 est,

2145 941 2383 997 nondum
2412 940 2477 994 ad
2505 948 2706 994 certain
2730 939 2847 1007 ejus
2867 938 3128 993 visionem
3155 938 3477 1005 admittitur,
3507 937 3635 992 dum
3660 939 3727 992 ab

2147 1048 2213 1089 eo
2242 1048 2338 1102 per
2363 1032 2550 1086 exsilia
2580 1040 2634 1086 et
2673 1031 2998 1085 tentationes
3019 1030 3415 1098 peregrinatur,
3441 1031 3570 1099 quia
3601 1030 3728 1083 dum

2149 1123 2324 1177 adhuc
2347 1137 2468 1175 cum
2498 1136 2564 1174 eo
2598 1136 2702 1174 non
2727 1128 2935 1187 regnat,
2967 1119 3142 1174 deseri
3184 1120 3250 1174 ab
3275 1135 3342 1173 eo
3369 1121 3471 1174 sibi
3497 1120 3728 1174 videtur.

2149 1211 2228 1268 Ob
2257 1213 2360 1266 hoc
2395 1226 2608 1279 semper
2654 1210 2864 1264 laborat
2896 1216 2956 1264 ut
2984 1209 3273 1278 ascendat,
3303 1219 3360 1263 ut
3386 1225 3550 1278 quem
3580 1210 3737 1265 valde

2151 1304 2352 1372 diligit,
2383 1303 2553 1371 magis
2599 1317 2663 1356 ac
2692 1302 2860 1369 magis
2887 1301 3116 1367 sentiat,
3167 1309 3432 1370 quatenus
3481 1303 3737 1370 quoniam

2153 1394 2389 1466 perfecte
2418 1408 2541 1449 eum
2572 1393 2625 1446 in
2656 1391 2871 1446 deserto
2912 1407 3019 1445 non
3050 1399 3226 1454 tenet,
3257 1392 3344 1444 vel
3389 1393 3442 1445 in
3472 1391 3590 1460 ipso
3621 1391 3741 1459 ejus

2155 1486 2421 1542 desiderio
2451 1501 2510 1539 se
2537 1483 2765 1551 reﬁciat,
2792 1494 2851 1538 ut
2877 1484 2956 1538 sic
2985 1485 3039 1538 in
3067 1484 3152 1537 via
3183 1485 3461 1551 roborata,
3493 1487 3739 1555 quando-

2155 1593 2260 1646 que
2301 1577 2368 1631 ad
2411 1578 2516 1631 hoc
2561 1574 2709 1644 quod
2756 1574 2848 1629 diu
2896 1575 3220 1643 concupivit,
3270 1576 3571 1643 perveniat.
3607 1576 3742 1630 Sunt

2159 1669 2364 1738 quippe
2392 1667 2662 1731 nonnulli,
2697 1666 2788 1736 qui
2821 1665 2947 1720 dum
2973 1666 3152 1720 omnia
3183 1666 3413 1720 visibilia
3443 1666 3738 1730 fastidiunt,

474 1735 621 1788 "isse
646 1749 709 1789 ⁸⁸
737 1734 899 1802 die",
931 1750 1053 1789 cum
1081 1737 1279 1790 smmis
1311 1737 1581 1791 laboribus
1620 1737 1798 1805 “diu”
1818 1778 1833 1805 ι
1862 1738 1914 1790 ίη
1941 1737 2056 1804 eius
2087 1737 2135 1796 Β
2160 1734 2395 1814 mentem
2423 1759 2475 1812 in
2505 1734 2743 1812 ccelestia
2789 1757 3032 1824 erigunt,
3063 1764 3118 1811 et
3153 1757 3279 1825 quia
3309 1758 3362 1811 in
3391 1755 3583 1811 inﬁmis
3610 1756 3743 1810 nihil

477 1828 773 1882 divinitatis
801 1827 1105 1881 claritatem
1135 1827 1350 1882 oculum
1380 1827 1501 1881 ﬁdei
1528 1835 1779 1896 tanquam
1808 1843 1905 1896 per
1934 1843 2060 1898 spe-

475 1918 660 1974 culum
693 1918 1110 1989 contemplando
1148 1918 1535 1989 aliquantulum
1577 1920 1704 1987 figit.
1755 1918 1908 1986 Quod
1938 1927 2058 1972 tan-

475 2014 651 2068 tillum
697 2022 898 2082 quanta
944 2012 1203 2069 aviditate
1248 2013 1442 2068 mentis
1487 2013 1774 2084 suscipiat,
1804 2012 2056 2079 ostendit,

479 2102 668 2159 dicens
693 2120 708 2156 :

556 2214 737 2284 (Vers.
769 2213 847 2282 4.)
895 2213 1056 2268 Tenui
1084 2230 1216 2280 eum,
1257 2231 1350 2269 nec
1391 2215 1680 2280 dimittam,
1713 2213 1873 2268 donec
1899 2215 2063 2269 intro-

482 2305 671 2360 ducam
713 2306 859 2359 illum
886 2307 940 2358 in
972 2306 1178 2360 domum
1219 2306 1397 2360 matris
1427 2321 1580 2372 metu,
1609 2313 1658 2360 et
1685 2306 1741 2359 in
1779 2304 2064 2359 cubiculum

483 2396 745 2468 genitricis
773 2411 919 2448 mete.

555 2487 610 2542 5.
653 2487 822 2542 Mater
848 2486 1103 2542 Ecclesiae
1122 2487 1404 2559 Synagoga
1433 2489 1676 2555 exstitit;
1711 2488 1836 2558 quia
1861 2503 1926 2544 ex
1950 2490 2064 2560 ipsa

486 2587 701 2636 sanctos
732 2579 1110 2650 prmdicatores
1133 2581 1352 2647 habuit,
1382 2596 1412 2634 a
1439 2581 1635 2650 quibus
1672 2582 1894 2636 verbum
1920 2583 2065 2636 veri-

483 2672 614 2727 tatis
638 2673 907 2742 suscepit,
937 2686 1034 2741 per
1070 2671 1214 2742 quod
1243 2673 1297 2726 in
1337 2671 1442 2728 ﬁde
1471 2682 1784 2742 regenerata
1811 2673 1930 2728 fuit.
1961 2673 2067 2730 Te-

484 2777 582 2824 net
608 2784 736 2839 ergo
765 2786 1021 2841 sponsum
1048 2769 1289 2827 Ecclesia
1319 2772 1491 2827 donec
1534 2771 1589 2825 in
1617 2771 1835 2826 domum
1883 2771 2068 2826 matris

489 2877 614 2918 eum
643 2863 948 2920 introducat
967 2908 980 2932 ,
1013 2865 1139 2936 quia
1168 2880 1338 2935 usque
1378 2866 1432 2920 in
1466 2866 1622 2921 ﬁnem
1651 2867 1834 2921 mundi
1865 2866 1930 2920 ab
1954 2866 2068 2936 ejus

491 2949 597 3005 ﬁde
626 2961 680 3005 et
717 2969 900 3008 amore
946 2971 1055 3009 non
1089 2956 1324 3020 recedit,
1356 2957 1528 3010 donec
1565 2957 1633 3008 ad
1671 2957 1828 3011 ﬁdem
1857 2956 2070 3012 Judteos

491 3038 740 3092 adducat.
774 3040 891 3092 Non
921 3042 1068 3112 quod
1095 3051 1282 3111 postea
1313 3044 1562 3109 recedat;
1593 3047 1795 3115 quippe
1823 3062 1982 3116 quem
2013 3048 2066 3102 in

2161 1850 2304 1919 quod
2333 1850 2412 1904 eis
2435 1848 2730 1916 dulcescat,
2754 1847 3112 1916 conspiciunt,
3140 1855 3312 1902 totum
3343 1863 3439 1902 cor
3465 1847 3532 1900 ad
3561 1863 3742 1915 super-

2161 1956 2230 1994 na
2278 1948 2618 1995 convertunt.
2670 1938 2738 1994 lli
2783 1939 2851 1992 ab
2901 1939 3148 1993 omnibus
3196 1938 3350 1992 malis
3399 1938 3640 1992 moribus
3688 1951 3749 1992 se

2162 2041 2384 2100 exuunt,
2436 2047 2656 2088 censum
2705 2031 2891 2086 mundi
2936 2045 3058 2085 cum
3096 2029 3475 2099 cupiditatibus
3501 2038 3748 2083 contem-

2163 2133 2318 2192 nunt,
2348 2139 2444 2194 spe
2467 2123 2535 2176 ad
2560 2122 2844 2177 invisibilia
2877 2121 3121 2182 tendunt,
3152 2129 3207 2174 et
3233 2135 3340 2189 quo
3367 2121 3615 2190 ampliori
3647 2121 3746 2174 de-

2164 2217 2361 2272 siderio
2426 2215 2530 2270 illis
2569 2215 2863 2279 inhaerent,
2900 2228 2964 2267 eo
2990 2213 3160 2281 magis
3198 2227 3261 2267 ac
3308 2212 3476 2279 magis
3523 2212 3751 2266 moleste

2167 2306 2569 2375 corruptionem
2600 2305 2780 2359 ferunt
2801 2319 2963 2372 quam
3013 2302 3230 2356 habent.
3263 2301 3327 2355 Hi
3359 2301 3609 2356 nimirum
3652 2317 3750 2370 per

2167 2397 2439 2452 desertum
2472 2395 2798 2462 ascendunt,
2831 2395 2958 2464 quia
2989 2393 3114 2447 dum
3144 2393 3198 2446 in
3224 2392 3329 2446 hoc
3377 2391 3577 2446 mundo
3608 2391 3753 2445 inter

2166 2489 2488 2544 tentationes
2517 2486 2737 2553 vivunt,
2767 2500 2873 2554 quo
2918 2484 3147 2554 amplius
3174 2483 3300 2537 dum
3345 2482 3433 2538 hic
3471 2489 3755 2536 morantur

2167 2579 2341 2637 deseri
2369 2585 2630 2642 metuunt,
2675 2592 2740 2631 eo
2777 2575 2992 2644 quidem
3031 2574 3222 2629 fortius
3253 2573 3353 2628 ista
3382 2573 3662 2635 deserunt,
3697 2579 3753 2627 et

2167 2673 2466 2728 ferventius
2496 2671 2560 2725 ad
2588 2671 2679 2724 illa
2708 2668 3041 2738 gradiuntur,
3073 2668 3126 2722 in
3156 2667 3352 2736 quibus
3382 2681 3506 2720 cum
3533 2665 3756 2734 fuerint,

2171 2765 2305 2822 nihil
2333 2765 2561 2833 amplius
2585 2764 2729 2831 quod
2759 2778 2855 2817 eos
2885 2769 3158 2829 amoveat,
3184 2760 3293 2828 jam
3326 2760 3614 2814 timebunt.

2243 2855 2296 2909 8.
2319 2855 2464 2910 Bene
2495 2863 2674 2908 autem
2704 2855 2844 2908 sicut
2864 2853 3070 2921 virgula
3094 2852 3220 2906 fumi
3247 2851 3542 2906 ascendere
3565 2850 3756 2904 dicun-

2173 2952 2278 3010 tur,
2298 2944 2420 3013 quia
2448 2952 2502 2997 et
2527 2944 2746 2998 odorem
2765 2941 3101 3008 bonrefamze,
3116 2949 3169 2996 et
3188 2941 3538 2996 subtilitatem
3560 2941 3759 2995 mentis

2173 3037 2374 3092 habere
2401 3035 2670 3089 dicuntur.
2705 3034 2822 3088 Non
2865 3043 3044 3088 autem
3081 3033 3441 3103 quarumlibet
3464 3048 3642 3086 rerum
3673 3032 3757 3086 fu-

490 3127 684 3182 exsilio
713 3128 904 3196 diligit,
939 3109 992 3184 in
1021 3109 1194 3200 patria
1224 3133 1410 3187 videns
1436 3109 1662 3202 amplius
1693 3109 1922 3190 amabit.
1968 3137 2065 3192 Sed

2184 3144 2302 3182 nius
2333 3128 2431 3180 iste
2458 3141 2577 3180 esse
2605 3126 2819 3192 dicitur,
2851 3126 2943 3179 sed
2977 3140 3043 3180 ex
3074 3124 3400 3179 aromatihus
3423 3123 3674 3193 myrrhae,
3706 3131 3760 3176 et

492 3221 562 3276 de
609 3221 700 3276 illo
730 3230 974 3293 tempore
1005 3223 1110 3279 dici
1154 3225 1357 3290 debuit,
1402 3226 1469 3280 de
1507 3240 1617 3294 quo
1671 3243 1702 3281 a
1742 3229 2072 3296 quibuslibet

487 3319 712 3380 propter
732 3311 1053 3368 obsistentes
1075 3315 1401 3372 tentationes
1421 3316 1650 3370 dubitari
1675 3319 1869 3387 potuit.
1895 3319 1952 3373 ln
1975 3319 2072 3373 do-

488 3415 636 3455 mum
683 3415 813 3471 ergo
857 3403 1045 3459 matris
1090 3403 1343 3460 dilectum
1389 3406 1725 3474 introducet,
1757 3409 1970 3479 quando
2020 3410 2072 3464 in

487 3493 599 3548 fine
629 3493 812 3548 mundi
840 3492 1077 3550 Ecclesia
1108 3511 1203 3565 per
1228 3497 1665 3565 praedicationem
1695 3499 1858 3570 424
1879 3500 1934 3554 in
1961 3500 2075 3567 ple-

489 3584 615 3638 hem
659 3585 928 3653 judaicam
968 3586 1273 3642 Christiana
1319 3599 1653 3647 sacramenta
1694 3592 1965 3646 immittet.
2015 3592 2073 3647 In

492 3674 800 3728 cubiculum
825 3685 1002 3731 autem
1026 3681 1178 3747 quasi
1204 3681 1256 3733 in
1278 3682 1625 3736 secretiorem
1648 3692 1854 3752 partem
1881 3685 2076 3739 domus

492 3777 619 3817 eum
668 3763 993 3831 introducet,
1036 3769 1158 3835 quia
1186 3784 1253 3822 ex
1284 3771 1470 3824 eadem
1500 3773 1656 3840 plebe
1703 3773 1776 3826 ita
1817 3775 2076 3842 plurimos

493 3862 807 3921 convertet,
837 3865 897 3909 ut
925 3871 1110 3911 omnes
1138 3859 1324 3912 mundi
1354 3863 1596 3916 sarcinas
1626 3862 1876 3931 abjiciant
1895 3903 1912 3931 ,
1937 3873 1993 3919 et
2022 3866 2076 3920 iu

494 3945 702 4000 intimis
720 3947 1136 4015 cogitationibus
1164 3950 1263 4004 soli
1291 3950 1404 4005 Deo
1426 3951 1640 4020 placere
1671 3956 2074 4024 concupiscant.

492 4035 878 4106 Hujuscemodi
905 4041 1146 4098 homines
1164 4043 1469 4099 cubiculum
1495 4044 1690 4100 facient
1709 4062 1925 4116 sponso,
1951 4050 2078 4119 quia

492 4128 623 4182 dum
653 4145 684 4184 a
712 4145 772 4185 se
798 4147 987 4186 omnes
1025 4134 1210 4190 sordes
1253 4136 1561 4204 cupiditatis
1608 4137 1893 4206 abjicient,
1924 4142 2079 4207 quasi

493 4229 766 4277 secretum
793 4224 971 4278 locum
1001 4225 1055 4279 in
1081 4236 1263 4283 mente
1287 4229 1340 4281 in
1361 4243 1469 4297 quo
1499 4231 1817 4296 delectetur,
1845 4248 2079 4302 compo-

498 4319 648 4366 nent.
687 4313 734 4366 A
773 4329 1003 4382 quorum
1047 4317 1439 4385 inquietatione
1481 4323 1534 4375 in
1575 4323 1654 4377 eis
1691 4322 2081 4381 delectabiliter

499 4415 737 4471 pausans
761 4417 1012 4473 sponsus,
1041 4406 1316 4476 improbos
1343 4411 1606 4479 prohibet,
1638 4413 1858 4467 dicens:

2176 3219 2371 3282 thuris,
2408 3226 2462 3272 et
2494 3217 2732 3271 universi
2769 3217 3002 3286 pulveris
3029 3216 3368 3287 pigmentarii
3396 3215 3629 3271 existere
3663 3215 3757 3270 de-

2175 3310 2501 3365 declaratur.
2531 3310 2742 3380 Myrrha
2765 3310 2961 3380 quippe
2990 3318 3322 3364 mortuorum
3348 3322 3579 3376 corpora
3621 3323 3755 3361 con-

2175 3405 2394 3460 diuntur
2444 3422 2511 3460 ne
2555 3414 2881 3475 putrescant,
2926 3405 3081 3458 thura
3129 3418 3260 3458 vero
3305 3402 3669 3458 accenduntur
3697 3407 3754 3454 ut

2176 3498 2474 3554 redoleant.
2531 3495 2634 3551 Per
2686 3497 2956 3568 myrrham
3002 3510 3130 3563 ergo
3183 3495 3360 3549 carnis
3407 3491 3754 3548 mortiﬁcatio

2177 3588 2438 3657 signatur,
2480 3603 2577 3656 per
2604 3587 2728 3642 thus
2769 3603 2898 3642 vero
2925 3589 3226 3642 orationum
3266 3586 3524 3641 munditia
3564 3586 3762 3640 intelli-

2179 3681 2342 3749 gitur.
2372 3679 2570 3734 Sancta
2600 3678 2756 3747 igitur
2801 3678 2976 3732 anima
3006 3678 3135 3733 dum
3165 3692 3381 3732 carnem
3417 3692 3570 3730 suam
3598 3692 3630 3730 a
3656 3692 3757 3745 pu-

2181 3769 2389 3825 tredine
2409 3767 2659 3823 vitiorum
2683 3769 2987 3832 mortiﬁcat,
3006 3768 3130 3822 dum
3157 3782 3344 3823 omnes
3368 3767 3551 3822 mundi
3573 3767 3759 3836 volup-

2180 3869 2321 3916 tates
2343 3875 2438 3931 per
2459 3861 2842 3914 continentiam
2863 3861 3108 3929 abnegat,
3127 3859 3276 3928 quasi
3295 3859 3568 3930 myrrham
3593 3858 3755 3914 mori-

2182 3961 2305 4007 turo
2330 3953 2541 4021 corpori
2572 3952 2808 4018 adhibet,
2842 3961 2899 4006 ut
2920 3962 3040 4021 post
3064 3951 3324 4021 judicium
3353 3967 3383 4006 a
3411 3951 3758 4019 corruptione

2181 4057 2384 4102 aeterna
2414 4061 2602 4100 sanum
2634 4055 2962 4115 permaneat.
2995 4046 3137 4118 Cum
3157 4061 3284 4100 vero
3313 4060 3372 4100 se
3423 4044 3490 4102 ad
3519 4044 3756 4099 caelestia

2183 4137 2374 4204 majori
2397 4137 2663 4191 desiderio
2690 4137 2954 4204 accendit,
2984 4137 3144 4208 425
3170 4143 3223 4189 et
3244 4151 3274 4189 a
3301 4136 3479 4191 cordis
3510 4135 3754 4190 cubiculo

2185 4244 2373 4284 omnes
2394 4229 2689 4298 superﬂuas
2712 4228 3064 4296 cogitationes
3092 4229 3362 4283 ferventer
3383 4227 3588 4297 abjicit,
3614 4226 3761 4296 quasi

2187 4321 2512 4376 thuribulum
2543 4337 2638 4376 cor
2673 4337 2825 4374 suum
2855 4336 3037 4374 coram
3069 4322 3178 4375 Deo
3227 4321 3370 4376 facit.
3405 4322 3462 4374 ln
3501 4337 3610 4390 quo
3638 4320 3764 4372 dum

2185 4428 2286 4484 per
2312 4412 2654 4466 dilectionem
2704 4411 2932 4466 virtutes
2982 4421 3291 4480 congregat,
3325 4413 3476 4480 quasi
3506 4414 3766 4464 carbones

505 4535 507 4537 ί
573 4511 749 4604 (Yers.
781 4513 859 4585 5.)
881 4515 1079 4586 Adjuro
1109 4534 1228 4584 vos,
1261 4520 1384 4588 ﬁlia:
1408 4521 1720 4590 Jerusalem,
1749 4543 1838 4595 per
1864 4543 2080 4597 capreas
2109 4499 2164 4559 D
2189 4505 2240 4558 in
2270 4503 2541 4604 thuribulo
2572 4511 2820 4604 coaptat,
2853 4502 3044 4604 inquo
3095 4504 3326 4604 seipsaiu
3375 4517 3527 4556 mens
3558 4502 3610 4604 i-n
3640 4517 3765 4554 cou-

497 4619 770 4677 servatque
797 4624 1114 4677 camporum,
1147 4627 1211 4664 ne
1238 4613 1512 4680 suscitetis,
1543 4630 1705 4685 neque
1730 4617 1970 4687 evigilarc
1997 4621 2080 4690 {a-

497 4697 649 4752 cialis
677 4698 951 4764 dilectam,
983 4701 1144 4754 donec
1170 4705 1287 4772 ipsa
1315 4703 1452 4756 velit.

568 4789 620 4844 6.
653 4791 710 4845 ln
736 4792 841 4847 hoc
869 4792 1054 4861 utique
1085 4794 1347 4864 ostendit,
1380 4796 1503 4865 quia
1527 4796 1765 4865 ejusdem
1788 4800 2081 4869 perfectio-

498 4884 583 4938 nis
620 4885 880 4953 quosdam
911 4884 980 4940 de
1008 4885 1291 4958 Synagoga
1339 4897 1463 4957 post
1487 4891 1895 4946 conversionem
1922 4894 2076 4949 inve-

499 4975 630 5040 niet,
646 4977 796 5044 cujus
822 4977 889 5032 de
909 4977 1152 5035 Ecclesia
1176 4993 1339 5046 quam
1362 4980 1638 5048 plurimos,
1671 4982 1796 5035 dum
1820 4984 1872 5037 in
1892 4999 2080 5040 eorum

501 5065 679 5134 quiete
725 5067 975 5122 similiter
1023 5068 1344 5135 delectatur,
1392 5071 1459 5122 ab
1506 5071 1583 5124 eis
1611 5081 1635 5107 α
1666 5072 2079 5141 inquietatorem

498 5156 771 5228 prohibet,
796 5160 937 5214 sicut
953 5161 1019 5215 ab
1041 5160 1279 5217 Ecclesia
1302 5162 1592 5232 prohibuit.
1617 5162 1923 5223 lntroducta
1951 5185 2078 5241 ergo

502 5248 569 5300 ad
599 5247 756 5302 ﬁdem
785 5249 1087 5322 Synagoga,
1112 5251 1365 5308 Ecclesiae
1387 5265 1620 5309 mentem
1646 5271 1744 5325 per
1769 5274 1931 5330 opera
1961 5277 2080 5330 qua:

502 5341 670 5411 videt,
699 5345 984 5415 conspicit,
1009 5353 1066 5400 et
1108 5347 1493 5403 sublimitatem
1539 5349 1654 5419 ejus
1701 5353 1856 5409 valde
1904 5355 2077 5410 admi-

504 5443 648 5497 rans,
681 5433 811 5488 dicit
844 5453 856 5487 :

577 5521 754 5589 (Vers.
780 5524 856 5594 6.)
887 5527 1014 5592 Qua:
1032 5537 1110 5583 est
1142 5530 1244 5584 ista
1285 5547 1398 5602 quae
1418 5533 1622 5588 asendit
1660 5552 1751 5607 per
1797 5537 2075 5606 desertum,

2181 4602 2372 4663 spectu
2397 4593 2489 4646 Dei
2514 4593 2636 4661 igne
2667 4593 2946 4646 charitatis
2977 4593 3254 4648 accendat.
3291 4593 3533 4661 Dumque
3561 4591 3768 4645 ferven-

2183 4693 2266 4738 tes
2293 4691 2348 4737 et
2378 4683 2602 4737 mundas
2631 4683 2908 4737 orationes
2939 4675 3006 4735 ad
3039 4683 3203 4738 Deum
3243 4684 3471 4749 emittit,
3502 4683 3658 4752 quasi
3687 4683 3765 4735 fu-

2186 4790 2334 4828 mum
2357 4783 2655 4830 aromatum
2677 4789 2744 4828 ex
2767 4775 3039 4828 thuribulo
3061 4776 3256 4841 educit,
3278 4785 3336 4828 ut
3361 4791 3546 4830 coram
3571 4776 3767 4829 dilecto

2185 4879 2350 4920 suave
2370 4864 2634 4931 redoleat,
2662 4872 2717 4918 et
2739 4865 3014 4931 proximos
3039 4880 3285 4934 quosque
3304 4865 3370 4917 ad
3396 4865 3512 4932 ejus
3533 4880 3768 4917 amorem

2185 4968 2284 5024 per
2311 4955 2453 5009 bona
2481 4953 2728 5022 exempla
2757 4954 3032 5008 concitare
3061 4969 3167 5007 non
3195 4953 3420 5007 desinat.
3447 4951 3555 5006 Sed
3582 4963 3772 5006 notat-

2183 5046 2311 5100 dum
2354 5046 2496 5113 quod
2528 5060 2635 5098 non
2667 5045 2742 5098 ait
2783 5045 3016 5100 universi
3064 5044 3352 5113 pigmenti,
3394 5045 3490 5097 sed
3538 5043 3769 5096 uuivi'rsi

2183 5135 2420 5204 pulveris
2436 5135 2798 5202 pigmentarii.
2819 5135 3096 5203 Pigmenta
3111 5134 3312 5202 quippe
3335 5131 3580 5194 facimus,
3605 5147 3768 5200 quan-

2180 5225 2251 5279 do
2283 5225 2503 5278 virtutes
2527 5239 2915 5294 congregamus
2944 5225 2996 5276 in
3015 5224 3196 5278 corde.
3217 5221 3444 5288 Quando
3473 5238 3603 5277 vero
3630 5223 3767 5290 ipsas

2183 5324 2395 5369 nostras
2424 5315 2652 5369 virtutes
2673 5331 2768 5384 per
2786 5314 2993 5382 singula
3021 5328 3247 5382 quaeque
3271 5328 3438 5382 opera
3465 5313 3766 5380 diligentius

2187 5413 2570 5469 retractamus,
2600 5421 2669 5460 ne
2712 5406 2841 5473 quid
2873 5406 2926 5458 in
2969 5405 3224 5474 operibus
3266 5405 3467 5458 nostris
3511 5404 3763 5457 incultum

2189 5505 2486 5565 remaneat,
2515 5511 2582 5550 ne
2609 5498 2750 5550 inter
2796 5496 3019 5560 virtutes
3048 5496 3236 5553 vitium
3265 5495 3449 5569 lateat,
3483 5502 3610 5549 tunc
3640 5506 3762 5564 pro-

586 5737 612 5767 ι
629 5723 948 5802 Rothomag.
969 5770 985 5800 ,
1006 5731 1655 5804 inquietationem:Lectio
1672 5741 1912 5811 priorum
1939 5742 2216 5802 Editorum
2242 5745 2521 5818 paululum
2540 5751 2628 5802 est
2654 5743 2888 5803 diversa.
