4052 6338
339 295 444 355 505

968 281 1190 351 SUPER
1227 290 1522 349 CANTICA
1557 287 1997 347 CANTICORUM
2036 289 2420 349 EXPOSITIO.
2459 325 2530 338 —-
2571 293 2719 354 CAP.
2763 296 2846 353 Ill.

3470 304 3578 363 506

334 407 426 467 cul
450 410 614 469 dubio
633 414 902 479 unguenta
924 407 1179 463 virtutum
1207 406 1359 476 quasi
1384 406 1438 461 in
1467 405 1743 476 pulverem
1781 411 1903 458 tun-
1928 405 1982 463 Δ
2006 405 2154 473 quia,
2184 407 2477 462 secundum
2505 416 2531 445 ε·
2557 409 2905 478 ρι’ωεοίθηιῖω
2925 424 3034 468 suae
3059 411 3304 480 gratiam,
3334 413 3581 476 Christus

333 508 529 574 dimus,
557 513 616 561 ut
643 520 708 560 eo
736 503 1014 557 mundiora
1057 501 1163 558 sint
1188 516 1352 570 opera
1381 507 1584 565 nostra,
1611 513 1716 563 quo
1741 497 1909 553 subti-

339 603 438 660 lius
463 614 528 654 ea
558 599 624 653 ab
648 595 793 651 omni
818 593 1164 662 subreptione
1192 593 1444 647 vitiorum
1466 591 1771 646 discernere
1800 604 1908 644 non

337 703 627 745 cessamus.
667 684 1043 755 Huiuscemodi
1073 691 1278 738 mentes
1323 682 1519 737 dilecto
1547 695 1645 735 suo
1672 680 1910 735 delecta-

337 782 472 837 oiles
513 795 573 834 se
611 792 705 848 per
745 776 860 846 ejus
887 774 1112 845 gratiam
1142 773 1363 838 faciunt,
1392 780 1449 827 et
1486 772 1612 827 dum
1657 771 1725 824 ab
1762 769 1908 826 omni

336 870 608 927 mundano
628 867 854 938 strepitu
882 880 940 920 se
966 864 1232 930 dividunt,
1262 863 1440 917 locum
1469 862 1522 917 in
1547 877 1654 931 quo
1679 876 1909 932 sponsus

336 962 664 1031 requiescat,
714 959 769 1015 in
815 956 1004 1028 seipsis
1050 962 1401 1025 componunt.
1448 953 1526 1009 De
1572 969 1680 1024 qua
1725 952 1909 1024 requie

335 1055 584 1216 “[232:
604 1095 666 1208 .7,
700 1140 778 1210 8.)
817 1139 900 1194 Εη
927 1139 1166 1195 lectulum
1187 1139 1481 1194 Salomonis
1510 1101 1779 1208 sexaginta
1803 1138 1912 1208 for-

339 1251 411 1297 tes
440 1241 671 1295 ambiunt
696 1255 761 1292 ea:
787 1238 1082 1309 fortissimis
1106 1236 1302 1299 Israel,
1335 1251 1508 1290 omnes
1539 1243 1761 1287 tenentes
1794 1233 1909 1302 gla-

336 1333 478 1398 dios,
508 1339 557 1385 et
576 1330 643 1383 ad
673 1328 805 1384 bella
827 1329 1143 1393 doctissimi,
1165 1327 1562 1398 uniuscujusque
1596 1325 1733 1379 ensis
1758 1340 1912 1395 super

335 1428 504 1498 femur
527 1439 674 1479 suum
699 1429 906 1493 propter
935 1423 1138 1476 timores
1158 1428 1453 1475 nocturnos.

406 1517 460 1570 9.
501 1515 756 1569 Salomon
783 1513 984 1582 quippe
1018 1512 1272 1583 paciﬁcus
1315 1510 1722 1578 interpretatur.
1776 1505 1914 1573 Quid

336 1621 462 1677 ergo
481 1622 578 1677 per
597 1605 961 1669 Salomonem,
984 1603 1082 1660 nisi
1103 1602 1344 1657 Christus
1365 1600 1694 1669 intelligitur,
1719 1599 1785 1652 de
1807 1612 1913 1668 quo

332 1699 590 1768 scriptum
617 1704 736 1752 est:
785 1695 906 1765 Ipse
949 1704 1025 1749 est
1064 1709 1168 1765 pax
1201 1701 1400 1758 nostra,
1424 1690 1511 1763 qui
1539 1691 1660 1761 fecit
1699 1699 1914 1761 utraque

2009 507 2247 554 sanctam
2277 499 2566 557 Ecclesiam
2595 502 2660 557 de
2685 504 2886 559 sanctis
2929 505 2983 560 in
3026 514 3283 560 aeternum
3327 522 3583 576 perman-

2008 591 2146 646 suris
2172 593 2486 647 construxit.
2538 594 2810 649 Columnas
2839 596 2951 666 ejus
2982 596 3098 663 fecit
3127 607 3425 668 argenteas,
3455 600 3583 668 quia

2009 679 2182 735 eidem
2229 678 2473 736 Ecclesiae
2503 685 2879 751 praedicatores
2925 684 3098 752 dedit,
3129 687 3219 755 qui
3259 695 3316 742 et
3365 697 3423 743 ut
3461 703 3582 745 eam

2008 774 2267 844 exemplis
2295 784 2677 843 sustentarent,
2707 792 2898 848 magna
2915 778 3133 848 iustitia:
3153 781 3472 839 rectitudine
3492 800 3585 839 ro-

2006 868 2235 934 boravit,
2264 877 2318 924 et
2343 879 2402 925 ut
2427 871 2895 940 prmdicationibus
2938 874 3230 940 erudirent,
3263 876 3438 932 nitore
3466 878 3583 933 elo-

2009 962 2140 1032 quii.
2174 963 2327 1030 quasi
2357 964 2641 1033 splendore
2669 967 2894 1035 argenti,
2937 968 3230 1023 decoravit.
3287 969 3584 1026 Reclinato-

2010 1056 2143 1110 rium
2173 1073 2383 1111 aureum
2411 1058 2556 1124 fecit,
2586 1059 2708 1128 quia
2735 1059 2860 1114 dum
2880 1059 2932 1114 in
2962 1061 3210 1116 cordibus
3229 1063 3587 1131 perfectorum

2009 1146 2369 1216 resplenduit,
2402 1149 2480 1204 eis
2509 1149 2798 1205 divinitatis
2831 1166 2940 1205 suae
2977 1154 3272 1222 potentiam
3313 1170 3409 1223 per
3457 1171 3589 1209 con-

2012 1239 2415 1309 templationem
2444 1242 2699 1296 ostendit.
2743 1241 2800 1296 In
2831 1258 2935 1312 qua
2973 1246 3424 1315 contemplatione
3461 1248 3588 1301 dum

2013 1329 2092 1384 eis
2121 1330 2572 1400 pulchritudinem
2594 1333 2893 1388 caelestium
2915 1335 3227 1403 gaudiorum
3248 1338 3587 1404 monstravit,

2013 1423 2166 1492 quasi
2193 1424 2590 1479 reclinatorium
2618 1440 2685 1479 ex
2720 1439 2850 1480 auro
2885 1428 3206 1496 composuit,
3249 1429 3373 1496 quia
3405 1429 3583 1484 locum

2014 1514 2068 1569 in
2110 1530 2218 1585 quo
2246 1529 2306 1570 se
2336 1515 2700 1571 refocillantes
2743 1517 3084 1588 requiescant
3126 1520 3393 1589 apposuit.
3437 1519 3592 1586 Quod

2014 1606 2416 1661 reclinatorium
2446 1607 2584 1662 bene
2611 1623 2831 1662 aureum
2860 1624 2979 1664 esse
3007 1609 3201 1665 dicitur
3224 1626 3239 1663 :
3266 1611 3386 1679 quia
3415 1611 3596 1664 melior

2016 1704 2093 1750 est
2118 1698 2373 1766 sapientia
2395 1700 2587 1752 cunctis
2616 1697 2824 1765 Opibus,
2852 1708 2901 1752 et
2939 1701 3114 1754 omnia
3143 1715 3257 1771 quin
3286 1700 3592 1754 desideran-

332 1791 527 1845 unum?
557 1787 773 1860 (Ephes.
804 1801 861 1852 ιι,
897 1785 1009 1856 14.)
1048 1783 1320 1840 Salomoni
1351 1795 1479 1850 ergo
1507 1779 1762 1835 lectulum
1788 1778 1915 1833 faci-

2026 1798 2106 1842 tur
2129 1788 2157 1826 δ
2188 1790 2304 1842 huic
2328 1805 2429 1842 non
2453 1791 2623 1842 valent
2664 1791 2954 1858 comparari
2986 1789 3166 1860 (Prov.
3198 1805 3319 1857 vm,
3353 1790 3464 1858 li).
3513 1787 3598 1843 Ad

331 1897 472 1944 mus,
496 1879 709 1951 quando
730 1893 763 1932 a
789 1877 972 1932 mundi
1000 1873 1452 1933 sollicitudinibus
1480 1871 1700 1926 omnino
1729 1884 1912 1926 cessa-

295 1963 301 1967 ’
329 1989 473 2041 mus,
505 1974 630 2027 dum
648 1973 700 2026 in
715 1971 831 2027 solo
852 1970 1119 2026 desiderio
1136 1967 1341 2024 Christi
1359 1967 1590 2022 libenter
1604 1979 1912 2034 pausamus,

329 2066 513 2134 eique,
542 2072 600 2118 ut
626 2063 902 2118 nobiscum
932 2069 1154 2131 pauset,
1183 2075 1277 2115 cor
1300 2060 1367 2114 ab
1395 2058 1540 2114 omni
1570 2065 1783 2113 terrena
1816 2072 1912 2111 cu-

328 2155 558 2226 piditate
587 2154 927 2209 mundamus.
979 2151 1236 2206 Denarius
1264 2159 1444 2205 autem
1472 2163 1726 2204 numerus
1751 2148 1795 2202 si
1821 2161 1918 2217 per

327 2245 603 2300 senarium
632 2244 1038 2314 multiplicetur,
1065 2242 1318 2297 nimirum
1340 2241 1614 2308 sexaginta
1640 2240 1917 2309 complen-

329 2347 442 2394 tur.
472 2335 574 2392 Per
600 2336 877 2392 denarium
897 2336 1080 2404 itaque
1103 2333 1429 2402 Decalogum
1455 2332 1586 2401 legis
1606 2332 1913 2401 accipimus,

325 2447 433 2503 per
466 2429 736 2485 senarium
775 2437 952 2483 autem
980 2435 1151 2483 totum
1179 2426 1282 2481 hoc
1319 2434 1528 2495 tempus
1571 2425 1917 2492 intelligimus

323 2521 479 2594 quod
507 2537 602 2577 sex
630 2520 818 2576 diebus
840 2519 1158 2590 operatoriis
1186 2519 1326 2574 volvi
1354 2519 1611 2573 videmus.
1634 2517 1737 2572 Per
1755 2533 1914 2573 sexa-

321 2613 480 2684 ginta
519 2611 678 2681 igitur
705 2609 870 2665 fortes
898 2625 1086 2665 omnes
1117 2608 1384 2680 perfectos
1413 2609 1506 2677 qui
1537 2607 1751 2663 fuerunt
1793 2615 1918 2663 ante

321 2718 436 2760 nos
464 2702 517 2756 in
545 2701 786 2757 Ecclesia
813 2701 1189 2770 intelligimus;
1219 2701 1311 2770 qui
1341 2701 1466 2755 dum
1495 2700 1682 2756 decem
1711 2716 1916 2770 praece-

319 2803 425 2867 pta
446 2793 578 2863 legis
600 2806 707 2862 quo
732 2791 1041 2862 spiritalius,
1065 2807 1130 2846 eo
1152 2791 1338 2845 fortius
1365 2790 1420 2844 in
1441 2805 1536 2845 sex
1560 2790 1749 2846 diebus
1770 2806 1919 2846 com-

321 2887 639 2958 pleverunt,
654 2883 807 2954 quasi
832 2883 1238 2951 sexagenarium
1255 2897 1533 2936 numerum
1555 2881 1914 2952 perfecerunt.

319 2978 401 3034 Hi
418 2976 666 3033 lectulum
685 2975 990 3031 Salomonis
1005 2975 1266 3040 ambiunt,
1285 2975 1407 3046 quia
1429 2983 1661 3030 mentem
1678 2983 1917 3030 sanctam

317 3071 390 3126 in
423 3084 528 3138 qua
557 3068 798 3123 Christus
839 3075 1030 3138 pausat
1057 3068 1233 3122 verbis
1268 3074 1323 3122 et
1348 3067 1607 3136 exemplis
1646 3068 1914 3135 muniunt,

316 3135 529 3231 quibus
572 3159 638 3214 ab
673 3159 820 3214 aditu
840 3135 1053 3215 vmentis
1094 3160 1373 3216 venientes
1418 3135 1600 3216 hostes
1622 3160 1913 3231 repellunt,
1946 3135 1990 3198 (ἶ

315 3254 458 3311 dum
488 3252 656 3322 ipsam
685 3259 919 3307 mentem
947 3252 1206 3322 exemplis
1229 3252 1516 3320 sustinent,
1547 3253 1760 3320 scriptis
1788 3267 1914 3307 eru-

316 3345 506 3400 diunt.
553 3344 620 3399 lli
651 3352 835 3399 tenent
857 3343 1082 3413 gladios,
1113 3353 1169 3399 et
1197 3344 1264 3398 ad
1293 3344 1436 3399 bella
1467 3344 1764 3399 doctissimi
1797 3343 1916 3398 exi-

312 3443 510 3501 stunt,
556 3435 679 3505 quia
707 3435 832 3489 dum
877 3434 1095 3488 verbum
1129 3433 1224 3487 Dei
1252 3448 1418 3501 opere
1445 3435 1736 3502 complent,
1769 3433 1917 3502 quod

312 3531 498 3585 corde
525 3526 734 3593 sciunt,
775 3527 943 3593 magis
971 3541 1036 3579 ac
1077 3525 1247 3593 magis
1288 3539 1501 3594 semper
1530 3525 1675 3578 docti
1703 3525 1916 3579 hostem

310 3633 510 3683 suum,
536 3617 831 3671 diemonem
854 3616 1078 3680 scilicet,
1107 3616 1370 3684 sapientia
1393 3623 1449 3670 et
1468 3615 1781 3670 fortitudine
1802 3616 1919 3670 vin-

314 3717 480 3767 cunt.
531 3707 636 3764 Per
680 3708 911 3778 gladium
959 3709 1124 3774 enim,
1175 3710 1396 3764 verbum
1445 3708 1539 3764 Dei
1585 3708 1916 3777 designatur,

312 3817 428 3876 per
475 3815 663 3855 manus
691 3809 872 3854 autem
901 3801 1096 3870 quibus
1122 3800 1329 3869 gladios
1359 3808 1544 3855 tenent
1591 3801 1706 3869 ipsa
1750 3816 1914 3870 opera

315 3897 644 3965 ﬁgurantur.
691 3893 769 3948 De
794 3893 986 3964 quibus
1011 3894 1147 3948 bene
1169 3893 1412 3948 subditur
1437 3911 1450 3946 :
1507 3892 1918 3963 Uniuscujusque

311 3988 466 4043 ensis
512 4001 664 4055 super
704 3986 870 4056 femur
909 4002 1058 4038 suum
1099 3993 1310 4055 propter
1361 3985 1567 4038 timores
1613 3992 1912 4039 nocturnos.

316 4076 471 4144 Quid
492 4092 586 4145 per
614 4090 818 4143 ensem,
849 4076 950 4130 nisi
969 4076 1205 4144 rigorem
1229 4074 1685 4141 conversationis;
1712 4083 1766 4130 et
1785 4076 1917 4144 quid

318 4182 431 4241 per
460 4166 657 4234 femur,
689 4167 792 4223 nisi
832 4167 1012 4222 carnis
1041 4168 1341 4237 appetitum
1371 4167 1698 4237 accipimus?
1744 4166 1915 4223 Electi

320 4272 465 4328 ergo
493 4257 689 4328 quique
707 4297 723 4323 ,
752 4258 842 4326 qui
867 4257 978 4326 jam
1006 4256 1073 4311 ad
1101 4255 1486 4327 perfectionem
1520 4257 1644 4310 vitzr
1673 4257 1916 4326 provecti

318 4361 476 4419 sunt,
505 4367 718 4422 semper
741 4367 924 4406 ensem
952 4366 1113 4420 super
1153 4351 1326 4405 femur
1349 4365 1506 4404 suum
1534 4349 1743 4416 ferunt,
1789 4350 1916 4420 quia

318 4445 510 4513 rigore
540 4442 962 4499 conversationis
987 4440 1280 4511 appetitum
1317 4441 1494 4496 carnis
1524 4439 1737 4497 assidue
1767 4437 1914 4494 fran-

2016 1882 2120 1937 hoc
2149 1881 2552 1936 reclinatorium
2581 1880 2765 1935 multis
2794 1881 3066 1935 laboribus
3089 1883 3420 1949 pervenitur,
3452 1881 3595 1934 mul-

2015 1972 2084 2026 tis
2106 1971 2537 2026 tribulationibus
2558 1970 2883 2037 ascenditur,
2909 1971 2981 2024 ita
3002 1977 3083 2037 ut,
3105 1971 3150 2025 si
3173 1985 3395 2025 necesse
3414 1969 3595 2036 luerit,

2017 2063 2180 2119 etiam
2237 2063 2450 2132 sanguis
2498 2061 2698 2118 eli'undi
2747 2062 3109 2132 permittatur.
3163 2058 3305 2116 ldeo'
3341 2075 3596 2116 ascensus

2017 2162 2166 2208 recte
2194 2168 2495 2222 purpureus
2523 2167 2643 2209 esse
2671 2152 2888 2208 dicitur.
2938 2152 3074 2208 Dum
3101 2152 3245 2208 enim
3280 2153 3451 2206 sancti
3478 2152 3598 2220 qui-

2018 2259 2125 2314 que
2153 2253 2416 2315 martyres
2441 2252 2665 2314 propter
2689 2245 2853 2299 vitam
2877 2251 3134 2299 aeternam
3155 2259 3383 2314 corpora
3402 2258 3499 2300 sua
3529 2245 3599 2299 ad

2017 2335 2273 2404 supplicia
2298 2334 2656 2400 tradiderunt,
2682 2335 2808 2390 dum
2825 2335 3055 2405 ﬂagella,
3079 2347 3101 2374 ε
3125 2335 3403 2404 equuleos,
3427 2335 3597 2403 ignes,

2017 2428 2222 2498 gladios
2250 2435 2307 2483 et
2335 2428 2436 2482 alia
2465 2429 2873 2483 innumerabilia
2897 2436 3164 2484 tormenta
3185 2428 3453 2499 patienter
3471 2442 3597 2496 per-

2019 2520 2287 2585 tulerunt,
2339 2533 2518 2573 nonne
2547 2519 2614 2573 ad
2638 2517 3048 2574 reclinatorium
3075 2518 3216 2574 istud
3235 2558 3251 2584 ,
3293 2517 3360 2572 ad
3387 2518 3601 2572 beatam

2017 2611 2227 2668 scilicet
2249 2611 2440 2676 vitam,
2465 2625 2562 2680 per
2582 2625 2860 2667 ascensum
2878 2625 3205 2681 purpureum
3220 2609 3603 2665 ascenderunt?

2017 2705 2125 2762 Sed
2159 2722 2258 2762 nos
2287 2706 2468 2763 miseri
2497 2706 2623 2775 quid
2665 2707 2872 2776 agimus
2893 2748 2910 2776 ,
2941 2707 3029 2776 qui
3059 2706 3112 2760 in
3139 2706 3245 2760 hoc
3272 2703 3478 2759 ferculo
3506 2718 3603 2758 co-

2019 2802 2214 2856 lumna:
2243 2809 2510 2868 argenteae
2541 2815 2648 2854 non
2675 2816 2879 2864 sumus,
2900 2799 3023 2867 quia
3045 2805 3288 2852 sanctam
3305 2795 3600 2851 Ecclesiam

2020 2907 2122 2947 nec
2165 2891 2426 2961 exemplis
2462 2898 2842 2953 sustentamus,
2889 2903 2989 2943 nec
3030 2887 3412 2958 praedicatione
3441 2885 3607 2939 doce-

2021 2983 2178 3037 mus?
2227 2981 2285 3036 ln
2333 2978 2845 3036 ea'reclinatorium
2896 2993 3119 3033 aureum
3169 2992 3274 3031 non
3321 2977 3604 3042 habemus,

2022 3073 2169 3143 quia,
2202 3072 2430 3127 terrenis
2455 3070 2867 3140 cogitationibus
2895 3068 3140 3134 involuti,
3165 3070 3230 3122 ad
3256 3067 3600 3137 splendorem

2021 3166 2300 3237 sapientiae
2322 3180 2417 3235 per
2446 3163 2958 3233 contemplationem
2989 3176 3097 3215 non
3127 3159 3473 3228 assurgimus.
3506 3158 3605 3212 As-

2020 3271 2241 3312 censum
2282 3267 2610 3324 purpureum
2650 3266 2753 3305 nec
2802 3251 2965 3304 etiam
3010 3248 3418 3330 cognoscimus,
3457 3246 3608 3313 quia,

2019 3347 2386 3417 voluptatibus
2419 3351 2701 3408 vacantes,
2733 3341 2944 3396 labores
2972 3347 3028 3394 et
3073 3339 3471 3409 persecutiones
3499 3351 3599 3404 pro

2020 3449 2225 3494 aeterna
2256 3435 2591 3491 beatitudine
2621 3431 2762 3486 ferre
2793 3445 3120 3487 recusamus.
3154 3427 3476 3482 Consolatur
3504 3440 3607 3480 nos

2021 3528 2413 3598 aliquantulum
2441 3524 2585 3595 quod
2616 3524 2683 3578 de
2714 3525 2818 3578 hoc
2858 3521 3062 3576 ferculo
3090 3519 3370 3573 subditur:
3423 3516 3604 3571 Media

2022 3621 2277 3676 charitate
2321 3618 2620 3684 constravit,
2669 3624 2881 3686 propter
2925 3614 3066 3683 ﬁlias
3100 3610 3413 3666 Jerusalem.
3464 3608 3604 3675 Quid

2022 3714 2166 3769 enim
2207 3727 2304 3782 per
2336 3711 2472 3764 tilias
2499 3707 2802 3764 Jerusalem
2822 3745 2835 3772 ,
2867 3719 2991 3760 cum
3019 3719 3128 3758 non
3169 3702 3305 3756 lilios
3331 3700 3424 3754 sed
3464 3699 3600 3753 tilias

2021 3805 2234 3869 dixerit,
2261 3802 2628 3870 intelligimus,
2654 3800 2757 3855 nisi
2787 3814 2887 3854 nos
2910 3797 3138 3864 debiles,
3161 3795 3255 3864 qui
3276 3794 3331 3848 in
3358 3792 3602 3849 Ecclesia

2020 3910 2129 3950 non
2153 3894 2280 3959 viri,
2311 3892 2405 3948 sed
2433 3891 2646 3946 femina:
2667 3905 2880 3956 sumus,
2911 3888 3037 3957 quia
3065 3894 3255 3943 contra
3288 3884 3417 3939 vitia
3447 3883 3604 3938 forti-

2021 3992 2105 4040 ter
2147 4000 2256 4039 uon
2283 3984 2636 4046 reluctamur,
2663 3980 2890 4033 viriliter
2938 3991 3046 4032 non
3071 3975 3388 4036 resistimus,
3419 3972 3602 4025 mulie-

2019 4079 2186 4133 briter
2205 4074 2581 4144 subjacemus?
2609 4070 2910 4125 Jerusalem
2936 4067 3079 4121 enim
3100 4065 3236 4119 visio
3264 4061 3410 4131 pacis
3431 4061 3602 4114 inter-

2020 4179 2264 4242 pretatur
2282 4210 2296 4234 ,
2325 4185 2423 4238 per
2443 4180 2606 4237 quam
2633 4162 2901 4224 Ecclesia,
2935 4173 3055 4228 quae
3085 4166 3168 4212 est
3196 4163 3369 4209 mater
3394 4161 3599 4220 nostra,

2021 4263 2354 4331 designatur,
2387 4273 2453 4312 eo
2482 4256 2627 4326 quod
2669 4253 2886 4308 assidue
2911 4264 3099 4320 pacem
3127 4253 3440 4318 perpetuam
3469 4261 3603 4300 con-

2020 4353 2331 4422 templatur.
2361 4347 2417 4402 Si
2445 4360 2573 4415 ergo
2599 4359 2698 4398 nos
2725 4344 2779 4397 in
2805 4340 3012 4396 ferculo
3039 4338 3200 4408 Regis
3228 4337 3491 4393 columna:
3519 4352 3605 4391 ar-

2022 4453 2226 4514 gentea:
2246 4456 2356 4494 non
2370 4452 2574 4500 sumus,
2607 4433 3014 4489 reclinatorium
3043 4446 3264 4488 aureum
3300 4445 3408 4485 non
3438 4429 3604 4484 habe-

318 4542 464 4606 sunl
482 4575 498 4602 ,
529 4549 598 4588 ne
625 4533 796 4588 hostis
841 4547 999 4600 quem
1030 4532 1085 4586 ἱῐι
1106 4539 1266 4586 nocte
1291 4530 1450 4600 huius
1488 4530 1673 4584 mundi
1701 4531 1913 4596 timent,
1941 4509 1996 4569 D
2019 4509 2896 4604 mus,perascensumpurpureum
2912 4524 3208 4581 ascendere
3220 4541 3327 4579 non
3339 4524 3602 4590 valemus;

316 4634 552 4697 repente
580 4625 823 4691 veniens,
855 4624 1069 4678 mollem
1098 4623 1302 4677 aditum
1330 4621 1588 4688 inveniat,
1622 4628 1677 4675 et
1699 4635 1795 4690 per
1823 4636 1918 4674 vo-

317 4717 557 4788 luptatis
587 4717 870 4772 mollitiem
908 4715 1072 4786 426
1095 4730 1162 4770 eo
1189 4713 1422 4782 facilius,
1466 4729 1575 4784 quo
1623 4715 1914 4780 voluptuo-

316 4808 501 4863 siores
537 4807 819 4871 invenerit,
863 4806 930 4859 ad
959 4806 1205 4874 graviora
1244 4813 1467 4875 peccata
1507 4806 1788 4874 perducat.
1837 4806 1916 4861 De

318 4899 493 4955 laude
521 4900 706 4968 itaque
733 4897 1038 4953 Salomonis
1066 4896 1240 4950 adhuc
1276 4896 1558 4950 subditur:

410 4989 583 5061 (γεω.
610 4990 675 5056 9,
706 4989 817 5057 10.)
857 4986 1137 5042 Ferculum
1174 4987 1294 5057 fecit
1323 4986 1421 5040 sibi
1445 5003 1539 5040 rea:
1567 4986 1820 5042 Salomon
1850 4989 1912 5043 de

315 5085 487 5156 lignis
516 5085 723 5142 Libani.
769 5087 1044 5141 Columnas
1073 5093 1347 5156 argenteas
1365 5126 1378 5149 ,
1407 5083 1791 5137 reclinatorium
1820 5101 1913 5138 au-

316 5197 498 5249 reum,
528 5199 793 5238 ascensum
826 5198 1166 5253 purpureum;
1194 5179 1367 5234 media
1394 5178 1645 5232 charitate
1674 5186 1908 5234 constra-

315 5273 420 5337 vit,
447 5283 653 5343 propter
680 5275 820 5344 filias
849 5273 1159 5326 Jerusalem.

407 5361 491 5418 10.
521 5362 686 5432 Ligna
709 5363 894 5419 Libani
917 5362 1261 5433 imputribilia
1281 5375 1401 5417 esse
1422 5367 1749 5415 asseruntur.
1776 5360 1909 5416 Fer-

317 5452 512 5509 culum
541 5469 670 5525 ergo
696 5454 825 5511 fecit
851 5454 955 5512 sibi
983 5470 1081 5510 rex
1107 5453 1362 5509 Salomon
1411 5452 1478 5507 de
1503 5452 1659 5522 lignis
1698 5450 1907 5519 Libani,

410 5636 448 5700 αθ
477 5629 590 5684 Val.
619 5630 724 5696 CL,
771 5631 1061 5700 prwsentia:
1090 5646 1197 5684 sua:
1227 5631 1474 5700 gratiam,
1502 5629 1647 5698 quod
1691 5628 1912 5683 minime

261 5729 266 5734 ο
317 5699 643 5772 probamus.
673 5699 1057 5757 Contradicunt
1082 5715 1296 5770 quoque
1320 5699 1406 5753 alii
1431 5699 1555 5772 Mss.

411 5766 439 5808 δ
473 5767 693 5841 Excusi,
720 5775 768 5827 ei
796 5789 899 5832 non
921 5766 1135 5842 possunt
1156 5766 1467 5841 comparari.

2015 4626 2209 4681 saltem
2249 4619 2586 4682 cbaritatem,
2633 4632 2753 4686 quae
2782 4617 3084 4672 communis
3129 4615 3380 4670 omnibus
3417 4614 3605 4668 electis

2017 4712 2168 4786 quasi
2191 4714 2244 4767 in
2271 4708 2451 4766 medio
2480 4707 2655 4780 posita
2675 4714 2781 4773 est,
2805 4713 3104 4760 teneamus.
3129 4703 3231 4758 Per
3249 4704 3388 4757 hanc
3406 4704 3606 4770 quippe

2020 4822 2118 4862 rex
2148 4805 2406 4860 Salomon
2436 4815 2538 4856 nos
2564 4800 2620 4854 in
2641 4797 2845 4854 ferculo
2867 4811 2966 4851 suo
2995 4810 3116 4851 esse
3139 4791 3451 4860 cognoscit,
3479 4791 3604 4859 quia

2021 4899 2078 4954 in
2106 4913 2172 4954 eo
2197 4911 2318 4952 cum
2344 4893 2610 4950 columnis
2638 4890 2930 4960 argenteis,
2963 4903 3088 4942 cum
3111 4882 3459 4940 reclinatorio
3508 4896 3605 4935 au-

2019 5005 2134 5055 reo,
2169 5003 2291 5043 cum
2319 5001 2543 5042 ascensu
2569 4997 2862 5056 purpureo,
2891 4986 3113 5051 propter
3141 4974 3278 5029 ﬁlias
3305 4971 3602 5028 Jerusalem

2019 5082 2183 5140 etiam
2213 5079 2390 5135 media
2411 5077 2673 5133 charitate
2700 5074 3012 5134 constravit,
3041 5069 3164 5137 quia
3193 5081 3314 5121 cum
3341 5063 3602 5119 Ecclesiae

2018 5172 2276 5230 membris
2330 5170 2396 5224 ad
2441 5167 2685 5223 eamdem
2733 5163 2916 5236 sponsi
2967 5157 3350 5217 beatitudinem
3406 5167 3601 5226 perve-

2020 5265 2217 5328 nimus,
2249 5260 2296 5317 si
2323 5258 2640 5315 charitatem
2668 5254 2987 5312 indefessam
3014 5252 3381 5307 observamus.
3411 5244 3601 5314 Sequi-

2017 5365 2248 5519 tu227
2287 5443 2462 5515 (Vers.
2495 5440 2609 5509 Η.)
2639 5436 2982 5510 Egredimini,
3018 5435 3146 5506 ﬁlia:
3177 5432 3330 5497 Sion,
3359 5437 3410 5484 et
3435 5427 3600 5482 videte

2092 5634 2114 5663 ο
2154 5622 2232 5677 Ita
2263 5634 2452 5677 omnes
2471 5618 2596 5673 Mss.
2623 5624 2678 5673 et
2700 5616 2843 5672 Edit.
2867 5615 3035 5670 Paris.
3062 5612 3220 5668 1518.
3248 5611 3375 5666 Alia:
3396 5610 3598 5665 habent

2018 5697 2240 5750 aculeos.
2266 5690 2474 5745 Erroris
2496 5688 2708 5743 occasio
2736 5687 2834 5744 fuit
2854 5685 3044 5743 modus
3064 5681 3330 5742 scribendi
3352 5690 3592 5738 veterum

2020 5762 2425 5821 amanuensium
2451 5758 2671 5814 eculeos.
