4052 6338
423 358 528 418 5H

1642 323 1887 386 SANCTI
1926 316 2255 378 cuecoau
2294 312 2515 374 MAGNI
2558 272 2562 277 ’

3613 304 3740 362 512

425 464 687 528 mandans
730 459 890 516 corda
917 470 1093 514 eorum
1129 454 1270 525 (Act.
1297 466 1389 517 xv,
1420 448 1500 517 9).
1531 445 1599 502 Et
1626 445 1823 501 iterum
1857 460 1869 494 :
1894 440 2023 496 Sine
2051 440 2099 499 Α
2126 443 2182 528 et
2230 434 2297 490 de
2340 430 2614 528 montibus
2644 426 2936 528 perdet-um
2978 422 3232 528 Ecclesia
3254 428 3573 528 coronatur,
3606 421 3756 491 quia

428 561 534 634 ﬁde
561 552 877 627 impossibile
904 561 981 606 est
1021 550 1223 621 placere
1244 546 1355 599 Deo
1379 541 1567 612 (Hebr.
1600 554 1685 602 χι,
1716 535 1793 634 6))
1826 534 1901 589 De
1926 545 2022 602 spe

428 632 609 709 antem
639 648 834 703 dicitur
866 664 876 699 ε
907 642 1031 698 Non
1069 639 1446 712 confundentur
1476 649 1651 688 omnes
1692 632 1777 702 qui
1812 634 2025 699 sperant

426 745 484 798 in
516 752 585 811 te,
618 738 857 793 Domine.
895 732 1022 798 Quis
1052 734 1189 786 enim
1224 732 1276 783 in
1308 736 1354 781 te
1389 726 1647 797 speravit,
1675 732 1722 775 et
1752 720 2024 775 derelictus

432 830 755 903 est?(Eccli.
790 845 856 893 ιι,
890 826 949 879 ll
972 866 985 891 ,
1024 823 1137 893 1‘2.)
1180 822 1255 875 De
1284 819 1548 875 charitate
1582 822 1761 903 autem
1790 812 2023 903 dicitur:

436 901 677 982 Charitas
723 921 886 991 operit
936 914 1317 969 multitudinem
1362 916 1687 981 peccatorum
1711 902 1764 973 (1
1794 901 1906 955 Pet.
1935 916 1984 954 tv
2009 939 2026 967 ,

436 1017 515 1087 8).
566 1015 632 1068 Et
662 1014 856 1068 iterum
892 1027 904 1062 :
958 1009 1020 1062 Si
1048 1004 1353 1059 distribuero
1383 1017 1559 1056 omnes
1588 997 1859 1069 facultates
1886 1008 2029 1087 meas

436 1086 493 1161 in
523 1102 660 1159 cibos
691 1116 996 1174 pauperum,
1022 1104 1070 1151 et
1091 1097 1137 1149 si
1164 1093 1424 1148 tradidero
1468 1106 1652 1160 corpus
1681 1104 1853 1142 meum
1877 1086 1951 1138 ita
1978 1092 2034 1136 ut

439 1197 655 1250 ardeam
689 1234 703 1259 ,
748 1193 1053 1246 charitatem
1111 1195 1280 1240 autem
1319 1199 1423 1237 non
1464 1180 1724 1243 habuero,
1756 1176 1885 1230 nihil
1922 1191 2035 1228 sum

447 1286 502 1359 (Ι
534 1286 657 1341 Cor.
690 1300 822 1350 xm,
854 1282 930 1351 5).
955 1276 1274 1333 EtJoannes
1303 1274 1577 1345 apostolus
1604 1290 1614 1325 :
1642 1270 1779 1325 Deus
1810 1270 2037 1359 Charitas

443 1356 520 1433 est
558 1376 735 1448 (Joan.
783 1389 854 1438 tv,
902 1369 1012 1439 16).
1060 1367 1246 1423 Potest
1292 1375 1473 1420 tamen
1523 1370 1579 1417 et
1616 1360 1771 1417 aliter
1812 1356 2037 1448 intelligi

446 1446 591 1537 quod
634 1478 712 1519 ter
742 1463 936 1518 dicitur
970 1459 1124 1514 Veni.
1149 1457 1313 1512 Venit
1343 1455 1487 1511 enim
1517 1467 1714 1524 sponsa
1754 1457 1940 1505 sancta
1972 1446 2040 1503 ad

444 1559 716 1615 Christum
736 1596 750 1621 ,
776 1554 903 1609 dum
932 1552 987 1607 iu
1017 1552 1123 1605 hoc
1154 1549 1353 1604 mundo
1384 1548 1596 1611 vivens,
1630 1546 1768 1599 bona
1797 1557 1915 1613 qum
1940 1556 2041 1610 po-

444 1657 549 1704 test
592 1654 864 1717 operatur.
902 1643 1063 1697 Venit
1092 1640 1310 1711 quando
1350 1639 1403 1692 in
1446 1638 1582 1692 hora
1610 1634 1803 1690 mortis
1841 1633 2039 1697 anima,

449 1741 564 1811 ipsa
594 1738 849 1793 videlicet
879 1749 1109 1805 sponsa,
1160 1748 1191 1785 a
1238 1745 1401 1785 carne
1428 1729 1663 1784 exuitur.
1697 1725 1855 1780 Venit
1883 1723 2046 1779 tertio

2126 526 2252 581 dum
2274 540 2373 594 per
2403 523 2521 592 ejus
2548 519 2989 593 praedicationem
3019 524 3078 573 et
3104 514 3356 571 crudeles
3385 514 3453 568 ad
3476 514 3756 585 pietatem

2126 625 2183 673 et
2208 614 2508 687 hypocritae
2536 612 2605 667 ad
2631 611 2758 666 vita:
2787 608 3005 664 humilis
3023 608 3289 663 unitatem
3317 612 3756 671 convertuntur,

2128 723 2230 780 pro
2275 707 2357 762 his
2394 704 2643 760 omnibus
2684 701 2966 773 prtemium
3008 698 3276 772 percipiet
3302 696 3447 769 quod
3477 706 3751 751 meretur.

2129 798 2227 854 Cui
2256 798 2449 852 iterum
2480 795 2677 851 dicitur
2708 811 2721 847 :

2205 894 2382 966 (Vers.
2413 891 2492 962 9).
2544 890 2843 945 Vulnerasti
2863 905 2952 943 cor
2972 904 3162 953 meum,
3194 903 3345 942 soror
3369 902 3491 941 mea
3515 901 3748 956 sponsa,

2132 989 2413 1045 vulnerasti
2444 1004 2532 1043 cor
2555 1003 2724 1042 meum
2748 987 2803 1042 in
2823 1002 2927 1041 uno
2949 984 3218 1041 oculorum
3242 994 3471 1049 tuorum,
3494 991 3545 1035 et
3562 981 3618 1035 in
3639 997 3758 1035 uno

2136 1086 2277 1140 crine
2303 1083 2424 1138 colli
2449 1083 2545 1137 tui.

2218 1175 2305 1230 12.
2369 1174 2473 1230 Per
2510 1172 2698 1230 oculos
2725 1186 2941 1243 spouste
2969 1178 3169 1227 sanctae
3198 1167 3455 1224 Ecclesia:
3482 1166 3759 1237 praedica-

2141 1280 2304 1334 tores,
2335 1269 2475 1323 sicut
2499 1267 2701 1323 dictum
2725 1273 2827 1333 est,
2860 1265 3243 1334 designantur;
3273 1275 3373 1331 per
3401 1259 3582 1314 crines
3611 1273 3751 1312 vero

2142 1361 2326 1435 populi
2352 1359 2641 1415 multitudo
2672 1357 2961 1427 ﬁguratur;
2995 1370 3092 1425 per
3121 1353 3325 1408 collum
3354 1360 3542 1407 autem
3570 1350 3760 1405 sancti

2142 1452 2335 1523 capitis
2381 1460 2438 1507 et
2488 1449 2737 1520 corporis
2782 1446 3092 1517 coniunctio
3137 1445 3579 1509 demonstratur,
3632 1455 3761 1510 qua:

2146 1544 2278 1600 ﬁdes
2329 1542 2589 1599 Ecclesim
2638 1540 2977 1608 intelligitur.
3020 1537 3124 1591 Per
3152 1535 3295 1591 hanc
3320 1534 3467 1590 enim
3495 1540 3667 1603 caput
3695 1540 3762 1587 et

2146 1652 2347 1707 corpus
2387 1634 2753 1704 conjungitur,
2800 1631 2928 1686 dum
2970 1628 3185 1684 Christo
3216 1626 3446 1698 quisque
3484 1639 3555 1679 eo
3595 1632 3759 1679 tena-

2148 1731 2263 1787 cius
2293 1730 2538 1795 iuhaeret,
2582 1742 2691 1799 quo
2723 1725 2933 1781 ﬁdelior
2956 1724 3008 1779 in
3047 1722 3190 1777 bona
3212 1718 3635 1777 conversatione
3662 1716 3767 1771 ha-

452 1808 667 1899 quaudo
716 1828 769 1881 in
798 1825 885 1879 die
908 1823 1095 1893 judicii
1127 1820 1300 1876 ultimi
1324 1833 1539 1875 carnem
1564 1816 1808 1882 resumit,
1840 1821 1896 1869 et
1925 1827 2045 1867 cum
2077 1833 2126 1893 Β
2150 1824 2326 1879 betur,
2372 1820 2430 1875 ιη
2484 1834 2592 1875 uno
2641 1832 2773 1888 ergo
2820 1816 3103 1871 oculorum
3129 1821 3185 1869 et
3211 1812 3266 1867 in
3296 1826 3409 1866 uno
3450 1809 3602 1866 crine
3630 1808 3766 1865 colli

445 1919 662 1975 Christo
708 1919 1002 1972 thalamum
1046 1913 1323 1969 cmlestem
1373 1910 1686 1979 ingreditur.
1729 1906 1807 1962 lbi
1847 1905 2046 1974 quippe

448 2010 691 2065 omnium
723 2008 968 2062 laborum
1010 2020 1232 2060 suorum
1263 2002 1481 2076 prtemia
1524 1998 1909 2069 consequitur;
1952 1995 2047 2061 ibi,

446 2100 560 2169 jam
592 2098 813 2153 omnino
845 2097 1130 2166 prostratis
1159 2104 1214 2149 et
1241 2092 1475 2149 exclusis
1504 2090 1771 2156 hostibus,
1816 2088 2052 2158 gloriose

457 2196 772 2246 coronatur.
803 2189 929 2244 Ideo
960 2195 1016 2242 et
1046 2188 1132 2242 hic
1160 2202 1257 2259 per
1288 2184 1702 2256 promissionem
1733 2182 1783 2235 ei
1813 2180 2009 2234 dicitur
2035 2195 2047 2230 :

455 2280 799 2337 Coronaberis
829 2281 891 2334 de
918 2282 1082 2353 capite
1106 2282 1329 2344 Amana,
1356 2279 1418 2332 de
1439 2279 1623 2333 vertice
1656 2275 1817 2330 Sanir
1843 2282 1891 2327 et
1916 2271 2054 2326 Her-

456 2395 599 2443 mon,
633 2375 695 2429 de
720 2374 968 2430 cubilibus
994 2374 1217 2439 leonum,
1249 2374 1312 2426 de
1340 2371 1600 2426 montibus
1629 2367 1932 2440 pardorum.

530 2466 616 2521 11.
643 2464 781 2532 Quid
813 2481 909 2536 per
936 2464 1142 2519 Amana
1166 2504 1181 2530 ,
1210 2462 1389 2529 Sanir,
1434 2469 1489 2516 et
1532 2460 1768 2515 Hermon
1788 2500 1802 2523 ,
1835 2456 2054 2512 nomina

458 2561 715 2618 videlicet
739 2560 1020 2626 montium,
1053 2558 1156 2612 nisi
1186 2562 1435 2627 potentes
1458 2554 1617 2623 hujus
1646 2552 1826 2607 saeculi
1857 2549 2057 2604 intelli-

458 2655 691 2724 guntur?
715 2652 817 2720 Qui
858 2658 1064 2721 quanto
1095 2649 1338 2714 ditiores,
1363 2655 1514 2702 tanto
1536 2645 1861 2701 excelsiores
1883 2651 1933 2697 el
1963 2641 2056 2695 ﬁr-

457 2748 659 2801 miores
689 2744 829 2816 apud
857 2744 1099 2799 inﬁrmos
1121 2757 1237 2796 esse
1260 2739 1527 2795 videntur.
1558 2736 1666 2792 Sed
1695 2736 1762 2791 de
1793 2736 1874 2789 his
1900 2750 2059 2787 mon-

460 2840 604 2895 tibus
652 2845 836 2893 sancta
874 2836 1114 2892 Ecclesia
1154 2842 1469 2902 coronatur,
1503 2832 1629 2903 quia
1669 2830 1795 2885 dum
1835 2842 2060 2898 regnum

460 2932 719 3002 praedicat
760 2941 1043 2997 ceternnm,
1089 2929 1215 2982 dum
1258 2928 1509 2996 exemplo
1558 2940 1657 2981 suo
1708 2924 1890 2979 omnia
1942 2936 2061 2990 qua:

466 3022 650 3077 mundi
671 3030 797 3075 sunt
819 3022 942 3073 vilia
961 3036 1080 3076 esse
1102 3020 1435 3074 demonstrat
1459 3058 1475 3085 ,
1506 3019 1651 3087 ipsos
1677 3017 1840 3070 etiam
1872 3021 2064 3084 poten-

473 3118 557 3165 tes
608 3110 674 3163 ad
707 3108 1078 3180 paenitentiam
1111 3109 1331 3163 inclinat
1354 3149 1368 3175 ,
1417 3115 1472 3163 et
1493 3107 1593 3162 sibi
1616 3108 1715 3177 ipsi
1747 3122 1845 3176 pro
1876 3122 2063 3160 eorum

473 3209 497 3236 '-
520 3199 870 3271 inquisitione
890 3214 1145 3253 coronam
1171 3199 1222 3253 in
1237 3199 1543 3255 coelestibus
1564 3206 1737 3270 parat.
1754 3198 1844 3253 Sic
1865 3199 2066 3269 quippe
2094 3220 2141 3283 ρ

470 3292 530 3346 ﬁt
557 3300 615 3347 ut
643 3291 872 3346 humiles
901 3292 1164 3362 superbos
1191 3299 1577 3362 prosternant,
1608 3300 1663 3346 et
1691 3289 1718 3328 λ
1748 3288 1944 3345 inﬁrmi
1974 3306 2069 3345 cx-

466 3384 641 3441 celsos
695 3383 974 3439 inclinent.
1036 3381 1163 3439 ideo
1210 3383 1469 3454 scriptum
1516 3392 1600 3439 est
1632 3400 1644 3437 :
1680 3382 1863 3439 Omnis
1919 3384 2068 3438 vallis

465 3475 783 3547 implebitur,
814 3485 864 3531 et
886 3476 1051 3531 omnis
1106 3491 1253 3530 mons
1281 3484 1329 3529 et
1353 3476 1501 3531 collis
1536 3477 1893 3530 lntmiliabitur
1928 3474 2066 3547 (Isa.

470 3586 539 3624 χι.
563 3613 577 3637 ,
628 3572 706 3640 ιι).
756 3571 860 3626 Sed
890 3571 1019 3640 quid
1045 3578 1129 3625 est
1157 3569 1301 3640 quod
1341 3587 1447 3625 non
1479 3570 1651 3625 solum
1680 3570 1745 3624 de
1776 3570 2069 3634 montibus,

470 3663 566 3717 sed
604 3663 766 3716 etiam
815 3664 882 3717 de
931 3663 1202 3733 capitibus
1232 3664 1497 3718 montium
1546 3662 1861 3719 coronauda
1906 3662 2070 3733 431

473 3767 595 3808 esse
626 3752 839 3817 dicitur,
864 3755 987 3818 nisi,
1016 3753 1162 3823 quod
1193 3755 1469 3824 impletum
1496 3755 1741 3810 videmus
1763 3795 1776 3820 ,
1810 3754 1934 3824 quia
1960 3754 2075 3823 jam

474 3841 605 3911 ipsa:
651 3842 977 3898 excelsiores
1029 3858 1273 3913 personre
1322 3844 1376 3898 iu
1416 3842 1688 3900 Christum
1728 3843 1980 3911 credunt,
2021 3852 2077 3899 et

476 3934 596 4004 ejus
624 3934 907 4005 prmceptis
937 3950 1032 4004 per
1054 3933 1307 3989 Ecclesia:
1330 3935 1763 4003 praedicationem
1786 3936 2076 3990 obediunt?

478 4024 654 4094 Reges
682 4026 824 4080 enim
855 4034 909 4080 et
939 4026 1294 4096 imperatores
1309 4023 1526 4079 Christo
1556 4025 1819 4087 serviunt,
1846 4040 2078 4080 coronas

476 4117 776 4189 deponunt;
829 4129 881 4174 et
927 4134 1025 4189 per
1068 4118 1436 4189 pmnitentiam
1485 4118 1539 4172 in
1584 4117 1825 4174 Ecclesia
1864 4118 2076 4173 veniam

483 4217 696 4280 petunt.
746 4209 802 4264 Si
835 4210 1015 4279 itaque
1045 4225 1142 4280 per
1170 4209 1345 4278 capita
1373 4209 1638 4263 montium
1689 4224 1926 4263 summas
1955 4226 2080 4279 per-

478 4314 640 4357 sonas
674 4301 1043 4369 intelligimus,
1076 4304 1212 4357 bene
1244 4317 1339 4371 per
1365 4301 1562 4356 cubilia
1594 4301 1808 4355 leonum
1834 4310 1887 4354 et
1914 4316 2072 4354 mon-

481 4398 563 4444 tes
590 4389 879 4459 pardorum
910 4391 1180 4460 principes
1218 4391 1419 4459 quique
1447 4399 1503 4445 et
1532 4390 1760 4444 ministri
1788 4390 2077 4459 designan-

480 4489 569 4536 tur
590 4521 605 4545 ,
636 4482 726 4552 qui
757 4482 1059 4536 crudelitati
1089 4483 1423 4549 inserviunt,
1472 4492 1526 4538 et
1555 4483 1928 4538 dolositatibus
1969 4483 2079 4540 suis

2149 1930 2364 1986 sponsae
2406 1928 2639 1985 sponsus
2681 1911 3015 1974 vulneratur,
3046 1907 3174 1977 quia
3204 1904 3451 1977 profecto
3488 1917 3663 1973 usque
3693 1902 3767 1956 ad

2151 2015 2383 2063 mortem
2414 2005 2589 2061 crucis
2628 2002 2879 2067 afﬁcitur,
2912 2009 2972 2055 ut
3012 1999 3194 2055 unitas
3242 1996 3664 2068 praedicatorum
3707 2002 3767 2049 et

2152 2098 2325 2170 plebis
2366 2097 2420 2152 in
2452 2095 2695 2151 Ecclesia
2724 2093 3097 2151 conﬁrmetur.
3149 2091 3224 2144 De
3260 2087 3415 2158 cujus
3461 2086 3763 2142 dilectione

2157 2206 2285 2261 erga
2318 2206 2576 2262 sponsam
2608 2188 2803 2243 iterum
2833 2186 3014 2242 subdit
3040 2197 3289 2255 sponsus.

2229 2284 2406 2355 (Vers.
2439 2283 2550 2352 10).
2580 2281 2750 2348 Quam
2778 2278 3009 2351 pulchra
3034 2285 3155 2334 sunt
3183 2290 3425 2331 mamma:
3453 2281 3578 2339 tuas,
3613 2286 3769 2327 soror

2156 2397 2272 2435 mea
2300 2395 2494 2450 sponsa
2517 2378 2541 2431 ?

2230 2472 2319 2527 15.
2361 2470 2497 2537 Quid
2530 2483 2626 2539 per
2656 2480 2918 2522 mammas
2946 2460 3360 2520 convenientius
3398 2457 3457 2513 in
3492 2457 3601 2513 hoc
3645 2456 3770 2512 loco

2159 2579 2323 2634 quam
2372 2563 2490 2632 ipsa
2536 2561 2754 2616 dilectio
2797 2558 2893 2613 Dei
2917 2567 2973 2613 et
3002 2557 3255 2629 proximi,
3280 2554 3348 2610 de
3375 2568 3482 2625 qua
3520 2551 3775 2623 superius

2161 2654 2418 2718 diximus,
2463 2650 2817 2719 intelligitur?
2861 2648 2963 2704 Per
3001 2663 3134 2717 quas
3182 2661 3335 2701 mens
3364 2654 3554 2700 sancta
3581 2657 3775 2698 omnes

2163 2761 2355 2802 sensus
2382 2759 2511 2799 suos
2541 2744 2597 2797 in
2627 2742 2917 2797 dilectione
2948 2741 3137 2807 nutrit,
3168 2739 3296 2794 dum
3322 2738 3435 2793 Deo
3463 2752 3566 2792 suo
3585 2736 3768 2792 chari-

2165 2837 2293 2891 tatis
2335 2834 2629 2891 tenacitate
2670 2833 3093 2902 conglutinatnr,
3141 2841 3197 2888 et
3244 2830 3507 2901 proximis
3553 2828 3599 2883 si
3637 2827 3769 2897 quid

2164 2929 2415 2984 utilitatis
2461 2927 2660 2992 habet,
2700 2925 2916 2996 quando
2970 2925 3135 2991 licet,
3184 2924 3417 2978 libenter
3484 2919 3770 2992 impendit.

2167 3017 2277 3074 Has
2308 3032 2571 3073 mammas
2590 3032 2803 3087 sponsae
2827 3023 3087 3085 quantum
3109 3029 3342 3085 sponsus
3365 3010 3575 3081 diligat,
3607 3010 3660 3065 in
3684 3024 3772 3066 re-

2174 3112 2441 3183 petitione
2463 3111 2638 3165 laudis
2669 3118 2855 3179 aperte
2885 3108 3222 3175 manifestat,
3245 3108 3432 3163 dicens
3459 3123 3473 3160 :

2245 3202 2420 3273 (Vers.
2461 3202 2574 3271 10.)
2609 3200 2920 3255 Pulchriora
2940 3211 3059 3255 sunt
3084 3200 3243 3254 ubera
3272 3208 3361 3254 tua
3395 3201 3541 3265 vino,
3568 3208 3619 3252 et
3647 3199 3776 3255 odor

2174 3303 2556 3366 unguentorum
2586 3300 2788 3347 tuorum
2814 3309 2965 3362 super
2990 3293 3167 3347 omnia
3194 3299 3456 3346 aromata.

2247 3382 2337 3439 14.
2377 3382 2533 3451 Quod
2576 3383 2826 3453 superius
2873 3382 2939 3437 de
2975 3382 3160 3452 sponsi
3202 3381 3457 3436 uberibus
3501 3379 3774 3447 diximus,

2174 3476 2280 3533 hoc
2308 3483 2363 3531 et
2392 3476 2481 3532 hic
2501 3490 2624 3531 cum
2648 3475 2716 3530 de
2738 3489 2936 3545 sponsa
2964 3474 3201 3544 loquitur
3229 3473 3455 3543 intelligi
3484 3488 3647 3544 posse
3674 3489 3775 3529 tes-

2176 3568 2450 3625 timamus.
2503 3566 2573 3621 Et
2616 3566 2745 3623 odor
2776 3574 3160 3639 unguentorum
3190 3577 3392 3621 tuorum
3418 3583 3576 3637 super
3603 3568 3777 3621 omnia

2178 3669 2436 3717 aromata.
2470 3658 2576 3715 Per
2604 3667 2875 3729 unguenta
2914 3659 3117 3730 quippe
3144 3659 3273 3728 ipsa:
3298 3659 3525 3713 virtutes
3563 3674 3686 3729 quae
3712 3672 3777 3712 ex

2178 3753 2444 3810 cbaritate
2473 3752 2719 3808 oriuntur
2749 3751 3141 3823 intelliguntur.
3160 3751 3372 3806 Habent
3390 3755 3593 3821 quippe
3615 3752 3774 3806 etiam

2176 3846 2396 3917 reprobi
2419 3845 2706 3916 aliquando
2734 3854 2975 3902 aromata
3003 3845 3198 3915 quibus
3216 3844 3484 3911 redolent,
3515 3846 3647 3915 quia
3668 3848 3772 3901 vir-

2183 3944 2328 3992 tutes
2354 3938 2615 4005 quasdam
2647 3937 2963 4007 possident,
2990 3946 3047 3993 et
3068 3937 3212 3993 bona
3242 3952 3409 4008 opera
3437 3946 3769 4008 perpetrant;

2179 4026 2276 4085 sed
2297 4027 2422 4097 quia
2450 4028 2568 4083 sine
2595 4028 2855 4084 charitate
2874 4030 3097 4096 vivunt,
3130 4030 3183 4084 in
3200 4038 3496 4100 conspectu
3516 4029 3615 4085 Dei
3639 4031 3772 4085 nulla

2115 4188 2124 4199 ⁹
2180 4132 2301 4187 quae
2352 4118 2555 4173 faciunt
2603 4120 2834 4189 placent.
2867 4118 3022 4175 Unde
3062 4121 3117 4175 in
3142 4120 3346 4190 judicio
3386 4134 3508 4175 cum
3552 4120 3769 4176 dicent:

2184 4207 2427 4279 Domine,
2457 4226 2629 4265 nonne
2650 4211 2706 4265 in
2726 4213 2935 4266 nomine
2958 4219 3042 4265 tuo
3062 4212 3513 4281 prophetavimus,
3538 4221 3590 4266 et
3610 4214 3665 4266 in
3686 4229 3773 4266 uo-

2182 4304 2320 4356 mine
2340 4310 2426 4356 tuo
2455 4304 2666 4358 virtutes
2695 4304 2883 4358 multas
2908 4304 3121 4375 fecimus
3144 4303 3323 4375 (Matt.
3363 4319 3470 4370 vn,
3503 4304 3595 4377 22)
3622 4308 3645 4359 ?
3671 4321 3774 4361 res-

2181 4394 2509 4464 pondebitur
2536 4394 2614 4449 eis
2649 4393 2971 4467 :Nunquam
3018 4397 3137 4451 novi
3178 4414 3287 4463 vos,
3311 4398 3560 4452 discedite
3600 4416 3633 4453 a
3673 4414 3774 4467 me,

2184 4506 2360 4544 omnes
2389 4490 2618 4560 operarii
2643 4489 2953 4559 iniquitatis.
2986 4489 3132 4546 Bene
3148 4503 3279 4559 ergo
3298 4498 3568 4560 unguenta
3600 4490 3774 4548 Eccle—

481 4590 620 4644 quos
663 4574 717 4628 vi
745 4591 852 4628 non
892 4583 1120 4643 possunt
1146 4574 1339 4628 laedere
1368 4575 1659 4646 decipiunt.
1690 4573 1849 4628 Pardi
1877 4575 2076 4645 quippe
2108 4613 2153 4671 ο
2184 4582 2277 4637 site
2318 4597 2485 4651 super
2529 4582 2711 4637 omnia
2755 4590 2999 4637 aromata
3040 4583 3290 4639 redolere
3318 4583 3590 4649 dicuntur,
3623 4583 3771 4655 5,32

482 4668 722 4722 maculas
760 4668 813 4721 in
853 4673 975 4721 cute
1011 4681 1225 4736 semper
1252 4676 1502 4735 portant,
1553 4682 1648 4735 per
1686 4682 1821 4736 quos
1855 4666 1945 4736 qui
1986 4666 2077 4720 alii

486 4774 650 4829 quam
695 4759 987 4830 hypocritte
1016 4759 1101 4812 vel
1140 4758 1417 4813 discordes
1445 4759 1852 4828 signiﬁcantur?
1889 4758 1947 4813 lu
1979 4759 2082 4814 illis

484 4851 685 4920 quippe
700 4852 793 4919 qui
820 4850 1196 4905 credulitatem
1220 4860 1494 4907 sectantur
1524 4852 1798 4906 daemones
1826 4858 2081 4920 tanquam

483 4940 666 4996 leones
710 4943 927 4998 cubant.
954 4943 1010 4996 ln
1043 4943 1146 4998 illis
1176 4959 1303 4999 vero
1338 4943 1490 5013 quasi
1520 4944 1671 5015 pardi
1704 4953 1916 4998 montes
1953 4944 2083 4997 mdi-

488 5029 654 5085 ﬁcant
677 5074 693 5099 ,
724 5048 860 5101 quos
889 5034 1014 5088 dum
1041 5035 1184 5090 vitiis
1224 5035 1568 5113 suis'aliquas
1609 5036 1834 5090 virtutes
1879 5036 2081 5113 adnuis:

488 5138 614 5180 cere
669 5128 1047 5194 consentiunt,
1099 5145 1200 5199 pro
1254 5131 1503 5185 omnibus
1549 5131 1707 5185 bonis
1758 5133 1869 5186 suis
1917 5132 2089 5187 laudis

492 5216 715 5284 gloriam
747 5216 1001 5275 aﬁ‘ectare
1033 5220 1385 5291 compellunt.
1415 5220 1481 5275 Hi
1514 5221 1696 5292 itaque
1729 5237 1853 5278 vere
1889 5223 2088 5293 parde-

492 5321 608 5359 rum
638 5307 956 5363 varietatem
989 5308 1288 5378 imitantur,
1317 5312 1442 5381 quia
1484 5310 1611 5367 dum
1651 5328 1771 5367 cum
1802 5314 2089 5369 virtutibus

492 5395 655 5449 etiam
699 5398 828 5452 vitia
870 5408 1177 5471 sectantur,
1226 5406 1378 5473 quasi
1421 5406 1474 5460 in
1516 5407 1665 5462 vario
1704 5408 1853 5463 corio
1894 5409 2091 5465 coloris

493 5482 926 5544 diSsimilitudine
955 5489 1287 5549 dividuntur.
1321 5493 1427 5552 Sed
1457 5497 1526 5553 de
1557 5498 1822 5554 cubilibus
1847 5499 2085 5567 leonum,

568 5722 595 5751 ι
626 5709 900 5767 Mutarunt
944 5714 1194 5794 Editores
1243 5734 1430 5794 vocem
1476 5722 1705 5794 hancin
1734 5722 2090 5794 acquisitione,

503 5800 625 5855 quae
653 5798 783 5857 sane
812 5786 1101 5841 convenire
1132 5791 1302 5857 magis
1330 5791 1561 5848 videtur.
1623 5792 1780 5849 Prior
1800 5786 1980 5849 tamen
2008 5786 2093 5850 est

510 5853 567 5912 in
591 5853 842 5911 omnibus
865 5857 1061 5913 nostris
1087 5857 1213 5914 Mss.

2188 4676 2314 4747 quia
2337 4676 2438 4732 etsi
2459 4691 2626 4746 opera
2647 4677 3005 4747 reproborum
3027 4677 3318 4747 aliquando
3344 4676 3657 4733 hominibus
3676 4678 3775 4747 pla;

2188 4776 2334 4832 cent,
2350 4768 2463 4822 hmc
2475 4782 2595 4838 qua:
2619 4777 2803 4824 sancta
2825 4767 3063 4824 Ecclesia
3085 4782 3155 4822 ex
3182 4768 3445 4823 charitate
3469 4767 3707 4829 coniicit,
3725 4767 3773 4838 in

2189 4856 2385 4915 divinis
2413 4858 2634 4913 naribus
2664 4859 2780 4915 sine
2808 4858 3113 4914 cessatione
3143 4857 3409 4913 redolent.
3441 4855 3697 4926 Sequitur
3726 4874 3739 4909 :

2264 4948 2440 5021 (Vers.
2474 4949 2589 5021 11.)
2622 4948 2796 5005 Favus
2821 4949 3087 5004 distillans
3108 4947 3250 5003 labia
3280 4958 3400 5013 tua,
3427 4964 3656 5019 sponsa;
3686 4948 3775 5003 mel

2184 5049 2234 5096 et
2277 5040 2358 5095 lac
2386 5042 2478 5097 sub
2516 5041 2695 5112 lingua
2737 5049 2854 5109 tua,
2882 5050 2933 5096 et
2961 5041 3091 5096 odor
3128 5042 3547 5096 vestimentorum
3578 5052 3771 5096 tuorum

2185 5134 2318 5188 sicut
2347 5135 2476 5189 odor
2502 5135 2691 5189 thuris.

2259 5223 2347 5278 15.
2390 5223 2779 5281 Prtedicatores
2806 5221 3063 5280 Ecclesiae
3087 5224 3229 5280 bene
3257 5224 3400 5280 labia
3430 5236 3643 5294 sponsae
3670 5238 3776 5279 esse

2186 5316 2440 5371 dicuntur
2460 5356 2476 5383 ,
2509 5316 2637 5386 quia
2676 5330 2774 5387 per
2800 5331 2897 5372 eos
2923 5316 3138 5387 populis
3186 5316 3445 5386 loquitur,
3478 5324 3538 5370 et
3568 5331 3666 5384 per
3692 5328 3777 5369 eos

2186 5409 2254 5463 ad
2275 5408 2434 5465 ﬁdem
2456 5409 2667 5480 parvuli
2693 5410 2895 5479 quique
2924 5409 3263 5475 erudiuntur,
3294 5409 3423 5466 dum
3452 5425 3551 5481 per
3570 5425 3667 5465 eos
3695 5424 3777 5463 oc-

2187 5500 2333 5556 culta
2384 5501 2578 5557 divinae
2605 5501 2899 5572 Scriptum
2941 5502 3098 5572 quasi
3129 5501 3310 5558 cordis
3355 5501 3583 5557 latentia
3613 5500 3775 5555 mani-

2270 5719 2299 5760 1’
2326 5721 2466 5796 Mss._
2488 5730 2553 5796 et,
2586 5729 2696 5796 vet.
2750 5724 2850 5781 Ed.
2893 5725 3063 5784 Paris.
3117 5727 3194 5784 ita
3220 5725 3455 5796 habent;
3510 5734 3569 5782 at
3595 5728 3651 5783 in
3672 5724 3778 5782 aliis

2198 5790 2426 5851 Excusis
2454 5794 2650 5865 legitur
2678 5795 2867 5866 inﬁmi.
3438 5790 3451 5796 ⁷
3792 5809 3811 5883 i
