4052 6338
190 296 335 395 ‘sts

836 330 1065 392 SUPER
1102 326 1401 389 CANTICA
1435 316 1886 389 CANTICORUM
1924 321 2311 397 EXPOSITIO.
2348 353 2405 368 -
2464 326 2616 383 CAP.
2656 325 2743 383 tv.

3406 323 3515 388 5M

221 460 507 524 testantur.
556 452 615 509 in
644 448 768 509 favo
793 460 975 510 autem
1004 451 1111 508 mel
1140 451 1295 517 latet,
1336 458 1391 507 et
1416 466 1542 507 cera
1583 449 1818 505 videtur.
1846 453 1898 512 Α
1924 446 1979 503 in
2005 453 2251 502 ventrem
2278 443 2552 499 memoriae
2578 448 2909 513 congregat,
2940 440 3096 513 quasi
3121 457 3290 514 aquas
3337 444 3525 499 vivan-

225 551 397 607 Recte
434 561 566 618 ergo
603 546 741 601 labia
771 561 982 617 sponsae
1024 544 1179 602 favus
1219 553 1504 610 vocantur,
1539 542 1665 613 quia
1699 541 1824 597 dum

226 643 279 697 in
307 639 487 697 carnis
518 636 807 708 fragilitate
848 637 1108 707 sapientia
1148 649 1341 704 magna
1378 634 1625 697 habetur,
1674 631 1829 702 quasi

164 718 170 741 ’
225 732 330 788 mel
362 731 417 785 in
448 743 575 785 cera
614 728 983 784 absconditur.
1029 726 1256 794 Quando
1285 741 1415 781 vero
1445 726 1650 781 electus
1679 725 1829 793 quis-

229 840 336 894 que
380 822 657 894 praedicat,
701 820 915 891 quando
946 820 1188 877 coelestia
1230 818 1423 889 gaudia
1466 817 1831 875 nescientibus

226 917 452 979 revelat,
488 922 617 969 tunc
644 913 795 967 favus
826 910 1071 977 distillat,
1106 910 1229 979 quia
1259 919 1458 979 quanta
1488 908 1714 964 dulcedo
1739 923 1829 962 sae

225 1007 445 1078 pientia:
473 1005 528 1060 in
552 1004 713 1060 corde
752 1004 935 1067 lateat,
971 1019 1067 1074 per
1096 1003 1206 1058 oris
1232 1000 1577 1071 fragilitatem
1610 998 1833 1055 audien-

231 1100 372 1155 tibus
413 1095 743 1151 manifestat.
781 1093 933 1149 Unde
970 1095 1230 1163 scriptum
1254 1100 1377 1148 est:
1411 1092 1677 1147 Habemus
1717 1091 1831 1145 the-

229 1205 442 1243 saurum
466 1188 621 1243 istum
668 1188 723 1240 in
761 1187 897 1239 uasis
924 1184 1170 1256 ﬁctilibus
1202 1183 1255 1255 (1
1296 1183 1415 1238 Cor.
1466 1199 1539 1250 tv,
1588 1182 1667 1253 7).
1707 1180 1834 1236 ldeo

227 1281 475 1339 subditur
512 1297 526 1333 :
569 1276 676 1333 Mel
712 1286 760 1331 et
789 1278 870 1332 lac
901 1276 992 1331 sub
1022 1277 1199 1349 lingua
1248 1286 1353 1330 tua.
1407 1274 1667 1329 Nimirum
1714 1273 1835 1328 falsi

230 1372 615 1439 praedicatores
640 1368 749 1425 mel
776 1369 831 1423 in
860 1368 1041 1438 lingua
1070 1375 1314 1438 portant,
1345 1365 1492 1436 quod
1520 1365 1619 1420 sub
1650 1363 1831 1433 lingua

229 1478 341 1519 non
385 1462 620 1529 habent,
652 1461 779 1532 quia
817 1461 1059 1517 coelestia
1101 1460 1294 1530 gaudia
1325 1458 1615 1529 aliquando
1642 1457 1837 1528 przedi-

228 1562 363 1611 cant
408 1561 665 1623 tanquam
713 1553 829 1608 veri
879 1553 1023 1621 sint,
1075 1567 1199 1608 cum
1230 1552 1347 1621 ipsa
1379 1550 1657 1606 terrestria
1691 1548 1836 1604 bona

229 1647 364 1703 totis
411 1646 694 1703 desideriis
735 1654 1013 1716 appetant.
1080 1644 1279 1700 Sancta
1323 1658 1453 1699 vero
1509 1657 1664 1697 mens
1722 1641 1830 1696 mel

229 1741 290 1796 in
340 1740 521 1811 lingua
555 1739 844 1811 praetendit
864 1783 880 1810 ,
920 1740 1045 1810 quia
1075 1740 1352 1812 sapientiae
1380 1739 1721 1794 dulcedinem
1750 1737 1836 1793 lo-

1932 550 2013 596 tes
2032 549 2217 596 sancta
2244 554 2396 595 mens
2420 537 2475 593 in
2497 554 2555 595 se
2575 538 2796 608 gignere
2823 553 2931 594 non
2954 544 3150 603 cessat,
3180 553 3314 607 quas
3339 537 3526 593 sitien-

1932 631 2074 687 tibus
2103 631 2365 701 proximis
2394 630 2634 701 prtebere
2678 638 2735 683 ut
2788 627 3101 685 reficiantur
3130 629 3331 683 valeat.
3370 626 3523 683 Unde

1931 728 2191 798 scriptum
2241 734 2325 782 est
2372 725 2587 779 dicente
2625 724 2855 780 Domino
2890 742 2903 777 :
2952 722 3051 788 Qui
3081 722 3265 777 biberit
3294 738 3357 776 ea:
3388 738 3524 791 aqua

1932 838 2086 894 quam
2125 838 2217 891 ego
2257 819 2390 873 dabo
2424 819 2489 886 ci,
2539 834 2641 872 non
2670 818 2807 872 sitiet
2844 819 2899 872 in
2941 824 3228 882 wternum;
3259 816 3350 869 sed
3390 831 3526 886 aqua

1934 932 2090 986 quam
2131 931 2221 984 ego
2261 913 2392 967 dabo
2422 913 2468 966 ei
2495 951 2508 975 ,
2562 912 2652 982 ﬁet
2694 912 2749 965 in
2793 928 2851 965 eo
2883 913 3000 983 fons
3031 924 3181 981 aqua!
3209 908 3443 963 salientis
3472 908 3528 961 in

1933 1008 2092 1060 vitam
2122 1013 2371 1058 cateruam
2401 1001 2582 1073 (Joan.
2615 1018 2687 1067 tv,
2717 1001 2832 1069 1'5).
2858 1000 2924 1055 Et
2945 1001 3071 1057 alibi
3102 1018 3114 1053 :
3143 997 3244 1064 Qui
3287 998 3448 1052 credit
3476 1000 3531 1054 in

1936 1115 2017 1152 me
2041 1136 2054 1160 ,
2081 1098 2212 1150 sicut
2241 1096 2365 1149 dicit
2388 1094 2681 1164 Scriptura,
2707 1094 2925 1163 ﬂumina
2952 1108 3100 1164 aquw
3126 1091 3252 1146 vivae
3281 1090 3442 1160 ﬂuent
3467 1090 3532 1143 de

1936 1198 2112 1245 uentre
2140 1188 2250 1260 ejus
2283 1187 2462 1259 (Joan.
2496 1203 2589 1255 vn,
2620 1185 2733 1256 '58).
2767 1185 2877 1242 Sed
2920 1200 3017 1241 cur
3059 1185 3255 1241 dicitur
3293 1184 3413 1239 fons
3442 1183 3532 1238 ille

1938 1281 2199 1349 signatus,
2232 1278 2333 1333 nisi
2362 1278 2487 1348 quia
2511 1292 2702 1333 sensus
2726 1276 2983 1347 spiritalis
3011 1276 3280 1331 mentibus
3306 1273 3539 1342 indignis

1940 1372 2314 1427 absconditur?
2354 1370 2555 1426 lnlideli
2582 1370 2723 1425 enim
2752 1367 3013 1424 hominia
3036 1367 3264 1423 Domino
3291 1368 3487 1422 dicitur
3516 1380 3534 1421 :

1941 1466 2171 1537 Spiritus
2206 1463 2291 1518 ubi
2332 1465 2437 1519 vult
2467 1464 2654 1534 spirat,
2686 1470 2733 1516 et
2754 1477 2925 1517 vocem
2953 1460 3065 1530 ejus
3095 1458 3269 1526 audis,
3296 1467 3345 1514 et
3370 1458 3543 1515 neseis

1940 1560 2080 1613 unde
2106 1560 2300 1626 veniat,
2333 1567 2422 1612 aut
2449 1574 2547 1631 quo
2575 1556 2733 1611 vadat
2765 1554 2955 1628 (Joan.
2988 1571 3069 1624 ut,
3100 1553 3196 1627 8).
3227 1553 3297 1609 Et
3344 1554 3542 1609 iterum

1941 1652 2200 1723 scriptum
2244 1660 2328 1706 est
2360 1670 2371 1701 :
2418 1650 2698 1721 Signatum
2735 1656 2809 1702 est
2846 1664 3001 1717 super
3036 1662 3130 1701 nos
3168 1645 3342 1700 lumen
3377 1648 3544 1700 uultus

1946 1743 2040 1807 tui,
2069 1740 2292 1796 Domine
2327 1739 2500 1811 (Psal.
2543 1755 2614 1805 tv,
2649 1738 2725 1807 7).
2757 1736 2913 1804 Quod
2958 1736 3099 1791 enim
3142 1736 3217 1791 ibi
3254 1735 3437 1792 lumen
3473 1732 3547 1789 si-

228 1831 452 1902 quendo
499 1830 737 1888 ostendit
763 1870 779 1896 ,
835 1845 997 1900 quam
1048 1830 1312 1885 veraciter
1354 1829 1685 1900 praedicans,
1735 1844 1837 1882 au-
1870 1841 2167 1903 Bgnatum
2197 1832 2306 1887 hoc
2327 1831 2412 1886 hic
2441 1829 2630 1902 procul
2660 1828 2823 1883 dubio
2853 1827 2970 1882 fons
2998 1827 3239 1895 signatus
3271 1840 3392 1883 esse
3421 1840 3545 1896 per-

228 1923 446 1979 dientes
488 1930 748 1991 tanquam
792 1920 965 2001 mellis
997 1919 1280 1975 dulcedine
1304 1919 1499 2001 reiicit.
1544 1918 1652 1976 Lac
1678 1920 1837 1988 gerit,

231 2014 368 2083 quia
410 2014 729 2082 congruenti
769 1998 872 2067 sibi
912 2011 1155 2067 doctrina
1196 1998 1450 2081 parvulos
1496 2026 1740 2081 quosque
1786 2011 1841 2065 in

229 2104 481 2162 Ecclesia
508 2105 698 2160 nutrit.
728 2102 839 2159 Sub
865 2104 1046 2175 lingua
1074 2111 1251 2159 autem
1282 2104 1397 2159 hzee
1426 2103 1605 2158 omnia
1634 2101 1842 2173 sibiipsi

228 2204 512 2262 reservat,
537 2198 664 2267 quia
707 2196 975 2267 internam
1003 2194 1345 2251 dulcedinem
1394 2194 1609 2250 assidue
1653 2208 1843 2249 secum

230 2298 442 2360 portat.
488 2288 623 2343 Dum
672 2287 817 2344 enim
866 2296 1080 2343 terrena
1131 2285 1346 2355 abjicit,
1405 2285 1531 2339 dum
1584 2284 1843 2339 vitiorum

228 2379 659 2453 amaritudinem
712 2380 962 2451 respuit,
994 2379 1050 2434 in
1096 2376 1446 2434 interioribus
1474 2377 1720 2432 sensibus
1748 2390 1841 2430 sa-

227 2472 462 2544 pientia:
486 2470 771 2527 dulcedine
798 2486 857 2527 se
880 2469 1073 2540 pascit,
1106 2484 1211 2540 qua
1240 2468 1408 2524 robur
1432 2467 1657 2537 colligit,
1687 2473 1747 2521 ut
1770 2465 1844 2521 ad

226 2575 444 2623 interna
472 2565 741 2635 gradiens,
774 2565 830 2619 in
855 2562 1043 2619 labore
1071 2561 1172 2616 via:
1194 2561 1489 2617 lassescere
1514 2574 1621 2614 non
1646 2558 1842 2629 possit.

308 2658 403 2713 ‘16.
442 2657 545 2713 Cui
572 2659 711 2714 bene
740 2656 939 2713 dicitur
972 2672 985 2709 :
1016 2652 1087 2707 Et
1115 2652 1245 2709 odor
1280 2654 1697 2707 uestimentorum
1725 2656 1845 2703 tuo-

227 2766 353 2806 rum
387 2751 521 2805 sicut
552 2749 679 2805 odor
707 2748 897 2804 thuris.
936 2744 1074 2813 Quid
1097 2760 1194 2815 per
1216 2744 1539 2801 vestimenta
1564 2743 1678 2797 haec
1700 2781 1715 2807 ,
1742 2739 1847 2795 nisi

227 2848 433 2898 sancta
460 2856 623 2912 opera
645 2840 1018 2911 designantur,
1049 2837 1244 2907 quibus
1273 2834 1696 2907 praecedentium
1725 2847 1846 2885 ma-

225 2934 421 2990 lorum
459 2931 737 3003 turpitudo
777 2931 1039 3001 operitur,
1083 2944 1152 2984 ne
1188 2928 1474 2983 videatur?
1525 2925 1663 2981 llinc
1701 2924 1846 2979 enim

222 3025 500 3094 scriptum
530 3032 613 3079 est
647 3040 660 3078 ;
696 3022 886 3078 Beatus
916 3023 1003 3095 qui
1032 3022 1231 3093 vigilat,
1256 3030 1305 3074 et
1326 3020 1546 3075 custodit
1573 3020 1849 3073 vestimen-
1880 3038 1883 3039 ν

224 3124 297 3169 ια
333 3130 433 3169 sua
475 3130 538 3169 ne
570 3114 739 3168 nudus
782 3112 1041 3179 ambulet,
1073 3120 1123 3166 et
1160 3111 1394 3167 videatur
1438 3109 1699 3181 turpitudo
1736 3109 1849 3181 ejus

225 3207 432 3278 (Apoc.
466 3222 575 3274 xvr,
621 3204 732 3277 15).
767 3204 915 3261 Thus
954 3221 1085 3261 vero
1112 3220 1211 3275 per
1238 3202 1692 3295 signiﬁcationem
1746 3218 1847 3273 pro

220 3298 500 3356 oratione
531 3300 771 3371 ponitur,
797 3300 941 3355 sicut
961 3300 1223 3369 scriptum
1253 3306 1337 3353 est
1358 3298 1644 3351 :Ascendat
1674 3298 1844 3353 oratio

224 3405 382 3457 mea,
416 3390 546 3443 sicut
574 3390 841 3444 incensum
886 3394 943 3445 in
983 3397 1257 3459 conspectu
1288 3398 1372 3442 tuo
1398 3387 1568 3458 (Psal.
1620 3403 1745 3455 cxn,
1767 3386 1846 3458 2).

226 3481 446 3539 Sancta
493 3480 676 3549 itaque
722 3481 903 3535 anima
932 3480 988 3535 in
1015 3479 1123 3535 hoc
1165 3479 1389 3541 mundo,
1417 3487 1618 3545 quanta
1646 3484 1847 3547 potest,

226 3574 391 3628 bona
423 3584 592 3639 opera
622 3578 914 3638 operatur,
944 3579 999 3623 et
1039 3568 1177 3626 bene
1225 3581 1457 3637 operans
1484 3566 1754 3621 desiderio
1796 3574 1854 3621 et

228 3659 557 3717 intentione
598 3667 790 3717 sancta
830 3658 897 3713 ad
944 3666 1146 3712 aeterna
1193 3672 1253 3713 se
1294 3655 1569 3722 extendit;
1612 3656 1855 3728 nihilque

234 3752 386 3809 boni
417 3752 550 3820 agit,
576 3751 680 3806 nisi
709 3766 773 3807 ea
804 3751 1104 3807 intentione
1129 3788 1145 3817 ,
1176 3759 1235 3805 ut
1258 3749 1326 3804 ad
1355 3748 1594 3805 coelestia
1624 3764 1743 3819 qum
1771 3749 1855 3805 di-

234 3844 370 3914 ligit
400 3842 751 3913 ,quandoque
803 3842 1088 3913 pervenire
1116 3842 1309 3912 possit.
1340 3839 1489 3896 Bene
1527 3840 1687 3910 igitur
1715 3842 1857 3898 odor

226 3934 692 3991 vestimentorum
723 3933 838 4004 ejus
866 3935 1007 3989 sicut
1030 3933 1198 3989 thuris
1220 3947 1339 3988 esse
1363 3930 1697 4002 perhibetur,
1723 3933 1854 4003 quia

228 4031 291 4085 in
361 4030 610 4086 omnibus
661 4028 915 4099 operibus
970 4027 1082 4083 suis
1132 4034 1284 4091 orat,
1337 4024 1463 4080 dum
1503 4026 1855 4096 perveniendi

227 4120 593 4193 intentione,
641 4136 709 4178 ea
755 4136 877 4193 quas
917 4128 1100 4193 potest
1145 4120 1289 4177 bona
1321 4126 1598 4191 operatur.
1652 4117 1853 4190 Sequi-

232 4223 373 4270 tur:

313 4307 677 4387 (Vers.l%.)
733 4308 935 4365 Hortus
987 4309 1259 4365 conclusus
1306 4325 1456 4367 soror
1493 4325 1606 4366 mea
1636 4321 1852 4379 sponsa,

229 4402 430 4458 hortus
470 4401 771 4468 conclusus,
806 4404 923 4473 fons
956 4402 1210 4475 signatus.

314 4492 410 4546 17.
453 4491 656 4549 Hortus
680 4501 867 4548 saneta
907 4491 1147 4549 Ecclesia
1189 4493 1392 4560 existit,
1433 4493 1560 4564 quia
1598 4493 1725 4548 dum
1755 4504 1860 4563 p0-

1950 1927 2187 1983 hibetur.
2207 1923 2436 1979 Sanctus
2464 1925 2606 1977 enim
2636 1920 2869 1993 Spiritus
2894 1927 3129 1974 mentem
3161 1934 3321 1987 quam
3352 1917 3546 1988 replet,

1950 2025 2006 2073 et
2044 2017 2353 2072 illuminans
2385 2016 2602 2080 irrorat,
2634 2020 2689 2068 et
2715 2014 2955 2067 irrorans
2980 2009 3247 2064 illuminat
3279 2026 3294 2062 :
3322 2017 3378 2063 ut
3402 2016 3458 2063 et
3484 2008 3552 2063 de

1949 2110 2074 2165 luce
2102 2108 2218 2179 ejus
2246 2107 2431 2163 videat
2458 2105 2585 2177 quid
2614 2112 2829 2176 appetat
2857 2146 2873 2171 ,
2906 2110 2962 2158 et
2985 2101 3054 2157 de
3076 2114 3202 2156 rore
3230 2098 3348 2170 ejus
3375 2112 3435 2155 se
3460 2112 3553 2153 re-

1951 2198 2192 2267 frigeret,
2227 2214 2296 2253 ne
2322 2198 2602 2254 lassescat.
2631 2195 2888 2267 Sequitur
2920 2211 2932 2248 :

2026 2290 2204 2364 (Vers.
2222 2290 2334 2360 15.)
2358 2288 2679 2343 Emissiones
2703 2298 2803 2342 tua:
2824 2285 3101 2358 paradisus
3124 2284 3380 2339 malorum
3402 2282 3556 2353 puni-

1952 2398 2132 2437 corum
2159 2398 2272 2436 cum
2304 2397 2572 2452 pomorum
2604 2381 2874 2452 fructibus.

2027 2478 2117 2534 i8.
2159 2477 2297 2545 Quid
2326 2477 2523 2533 emittit
2551 2486 2740 2531 sancta
2768 2475 3014 2532 Ecclesia
3040 2515 3056 2541 ,
3084 2473 3187 2529 nisi
3209 2488 3332 2530 cum
3352 2470 3553 2528 sanctis

1953 2570 2209 2641 operibus
2237 2579 2424 2626 sancta
2454 2568 2617 2623 verba
2641 2608 2656 2634 ,
2681 2568 2873 2639 quibus
2904 2566 3044 2622 tilios
3071 2566 3242 2637 gignit
3268 2572 3324 2620 et
3356 2562 3559 2619 nutrit?

1955 2661 2195 2728 Quorum
2217 2661 2343 2715 dum
2358 2661 2494 2715 alios
2514 2675 2689 2730 usque
2713 2660 2780 2714 ad
2804 2659 3118 2731 martyrium
3138 2656 3405 2728 perducit,
3422 2656 3559 2711 alios

1955 2755 2010 2808 in
2041 2762 2226 2809 sancta
2275 2753 2690 2809 conversatione
2718 2752 2922 2818 erudit;
2965 2752 3068 2807 hos
3115 2750 3378 2818 sanguine
3418 2763 3563 2802 mar-

1955 2832 2081 2916 tyrii
2113 2845 2367 2899 rubentes
2398 2845 2464 2897 ad
2501 2852 2761 2898 aeternam
2791 2843 3020 2913 patriam
3050 2839 3365 2896 transmittit
3390 2881 3406 2908 ,
3436 2838 3562 2895 illos

1955 2952 2088 2993 vero
2118 2936 2171 2991 in
2202 2935 2404 2992 sanctis
2433 2935 2689 3007 operibus
2708 2934 2953 2991 viventes
2973 2975 2988 3001 ,
3013 2932 3276 3005 proximis
3303 2932 3357 2987 in
3379 2945 3566 2987 exem-

1959 3031 2104 3101 plum
2132 3030 2437 3086 sanctitatis
2462 3028 2655 3095 tradit,
2684 3027 2813 3099 quid
2840 3025 2985 3081 aliud
3006 3040 3167 3096 quam
3196 3024 3339 3079 mala
3370 3021 3564 3093 punica

1959 3132 2015 3178 et
2056 3136 2345 3193 pomorum
2373 3119 2579 3175 fructus
2610 3118 2853 3174 emittit?
2882 3115 3024 3172 Mala
3069 3116 3213 3172 enim
3242 3113 3435 3185 punica
3463 3111 3566 3166 sub

1875 3231 1924 3295 ο
1957 3216 2131 3271 rubeo
2178 3214 2381 3271 cortice
2426 3212 2831 3268 multitudinem
2887 3223 3180 3279 granorum
3236 3207 3563 3274 continent;

1960 3307 2171 3360 fructus
2201 3318 2331 3359 vero
2376 3316 2665 3373 pomorum
2698 3300 2752 3354 in
2791 3313 2852 3353 se
2879 3296 3193 3353 refectionis
3220 3293 3563 3349 dulcedinem

1961 3400 2183 3455 habent.
2214 3395 2306 3451 Sic
2325 3395 2403 3451 sic
2429 3404 2698 3462 martyres
2740 3390 2869 3447 dum
2913 3388 3013 3443 sub
3058 3388 3181 3457 igne
3207 3383 3568 3440 tribulationis

1961 3492 2243 3557 laborant,
2276 3489 2405 3544 dum
2436 3502 2537 3557 pro
2563 3483 2782 3540 Christo
2828 3480 3143 3550 sanguinem
3173 3478 3412 3535 exterius
3441 3476 3567 3530 fun—

1963 3583 2092 3638 dere
2119 3597 2229 3637 non
2277 3578 2527 3634 dubitant
2555 3619 2572 3646 ,
2602 3573 3002 3630 multitudinem
3032 3572 3293 3627 virtutum
3334 3568 3564 3624 interius

1960 3675 2067 3732 sibi
2114 3679 2449 3742 congregant
2485 3670 2540 3724 in
2569 3674 2774 3723 mente.
2824 3664 3012 3721 Sancti
3051 3664 3215 3719 etiam
3245 3662 3445 3731 quique
3474 3661 3567 3729 qui

1961 3768 2019 3822 in
2066 3780 2202 3837 pace
2230 3762 2486 3819 Ecclesiae
2513 3761 2702 3815 vivunt
2728 3776 2747 3828 ,
2776 3756 2985 3813 fructus
3014 3770 3299 3827 pomorum
3330 3761 3522 3825 gerunt
3548 3770 3564 3821 ;

1962 3858 2090 3930 quia
2140 3857 2269 3911 dum
2310 3862 2497 3910 sancta
2526 3868 2692 3923 opera
2716 3852 2934 3906 'faciunt
2959 3889 2975 3918 ,
3004 3849 3267 3921 proximis
3317 3845 3567 3917 exempla

1965 3948 2235 4014 tribuunt,
2256 3959 2486 4015 quorum
2515 3942 2848 3999 exhibitione
2877 3956 2938 3996 se
2963 3940 3055 4012 qui
3084 3939 3273 3995 volunt
3293 3938 3565 3993 reficiunt.

1964 4040 2243 4110 Quotquot
2298 4039 2441 4093 enim
2496 4043 2622 4092 sunt
2669 4033 2724 4089 in
2756 4032 2999 4088 Ecclesia
3053 4032 3269 4095 sancti,
3301 4030 3417 4084 sive
3441 4030 3569 4096 igne

1962 4137 2233 4210 passionis
2264 4135 2529 4198 ardeant,
2559 4131 2671 4210 sive
2696 4128 2750 4182 in
2781 4141 2915 4197 pace
2944 4122 3194 4179 Ecclesiae
3224 4122 3570 4191 quiescentes

1964 4233 2344 4291 succrescant,
2390 4218 3004 4279 sanctaram‘virtutum
3052 4214 3274 4269 odorem
3308 4221 3569 4285 tanquam

1964 4321 2273 4392 paradisum
2316 4312 2598 4371 suavitatis
2623 4317 2680 4367 et
2706 4308 3020 4365 deliciarum
3048 4314 3363 4363 construere
3392 4306 3445 4361 in
3472 4321 3568 4378 se,

1966 4412 2092 4467 dum
2120 4412 2307 4466 vivunt
2333 4448 2347 4474 ,
2383 4420 2490 4460 non
2519 4410 2753 4458 cessant.
2785 4399 2951 4471 Cujus
2990 4399 3225 4471 paradisi
3255 4399 3561 4455 ubertatem

1963 4501 2242 4571 Scriptura
2292 4496 2665 4559 demonstrat,
2703 4489 2831 4546 dum
2906 4489 3005 4546 sub
3057 4503 3192 4545 voce
3238 4487 3421 4560 sponsi
3471 4501 3577 4556 per

230 4584 410 4657 Ρῐιίοε
430 4585 634 4678 inlimis
654 4585 707 4678 ίξι
733 4584 838 4678 ίξάίθ
859 4585 1047 4655 gignit:
1066 4585 1221 4678 (ιυᾲεί
1246 4583 1408 4641 ﬂores
1435 4584 1691 4655 PUIChI‘OS
1708 4584 1857 4639 bona
1889 4616 1942 4678 D
1966 4595 2311 4649 arbustorum
2376 4586 2594 4644 nomina
2618 4625 2635 4655 ,
2692 4598 2936 4656 quasque
2988 4584 3218 4639 virtutes
3275 4580 3521 4651 designat
3548 4617 3569 4645 ,

232 4684 398 4733 terra
420 4675 639 4731 emittit.
664 4675 767 4743 Qui
797 4677 987 4731 hortus
1015 4676 1305 4731 conclusus
1325 4677 1465 4731 bene
1489 4690 1610 4731 esse
1631 4674 1852 4743 dicitur,

228 4766 374 4839 quia
402 4766 683 4823 charitatis
704 4767 847 4824 vallo
871 4768 1292 4838 circumquaque
1321 4768 1591 4829 munitur,
1621 4781 1691 4821 ne
1710 4767 1855 4822 intra

224 4874 534 4915 numerum
580 4862 881 4916 electorum
932 4861 1197 4930 reprobus
1244 4860 1440 4930 aliquis
1490 4860 1847 4929 ingrediatur.

231 4949 597 5021 Unaquaaque
643 4952 823 5008 anima
869 4959 1061 5010 sancta
1108 4953 1272 5007 etiam
1322 4953 1513 5007 hortus
1558 4953 1850 5011 conclusus

221 5055 369 5099 esse
397 5040 730 5113 intelligitur,
764 5053 792 5083 ι
813 5046 940 5116 quia
962 5045 1089 5100 dum
1112 5045 1255 5100 bona
1280 5060 1377 5101 sua
1400 5045 1700 5101 intentione
1720 5045 1848 5103 vitae

219 5138 462 5186 aeterna}
514 5134 829 5201 abscondit,
881 5134 1007 5191 dum
1066 5137 1329 5192 humanas
1381 5134 1570 5192 laudes
1619 5137 1849 5195 omnino

224 5226 577 5294 contemnit.
611 5228 730 5298 ipsa
757 5229 901 5284 bona
928 5228 1231 5286 intentione
1261 5244 1321 5286 se
1356 5229 1702 5301 circumsepit
1727 5273 1743 5302 ,
1774 5247 1849 5289 ne

222 5316 303 5373 ad
353 5316 613 5375 interiora
635 5321 893 5392 rapienda
916 5323 1090 5380 hostis
1114 5325 1369 5397 antiquus
1390 5325 1687 5396 irrumpere
1716 5344 1847 5399 pos-
1887 5397 1890 5400 Α

216 5413 326 5471 sit.
385 5413 532 5471 Fons
572 5418 738 5473 etiam
788 5419 1004 5488 dicitur,
1036 5422 1162 5492 quia
1196 5423 1323 5478 dum
1350 5422 1593 5480 coelestia
1623 5423 1847 5481 assidue

218 5504 481 5577 cogitat,
513 5508 643 5564 dum
691 5512 975 5568 scientiam
1002 5512 1406 5586 Scripturarum
1436 5515 1597 5588 [‘33
1627 5530 1849 5589 semper

288 5670 344 5745 ,ξι
378 5660 436 5745 lr_t
462 5674 667 5745 recent.
700 5666 795 5745 Ed.
828 5668 1133 5745 inseritur;
1180 5667 1316 5732 Quia
1343 5668 1708 5745 dumpirlutes
1741 5680 1848 5721 mra

217 5735 358 5813 ενὶξ,
384 5735 545 5813 ﬂores
587 5739 786 5811 gignit;
831 5749 881 5793 et
914 5740 1036 5792 dum
1076 5740 1322 5813 virtutum
1367 5739 1849 5813 exhilarationese

214 5806 442 5887 reﬁcit,
464 5806 662 5887 [ructus
695 5828 818 5874 quos
850 5820 1098 5887 genuerat
1122 5811 1301 5887 eadem
1316 5809 1565 5887 custodit.
1618 5809 1845 5887 conclu-

216 5879 495 5937 gusenitn
522 5880 699 5937 hortus
738 5879 1077 5953 esse'dicitur,
1126 5882 1247 5955 quia
1291 5882 1415 5937 dum
1468 5881 1623 5938 bona.
1673 5879 1851 5951 Hujus

1966 4685 2218 4848 dlcgllesrs.
2255 4772 2366 4845 14.)
2407 4770 2565 4843 Cypri
2592 4786 2707 4824 cum
2760 4766 2965 4836 nardo,
3022 4766 3220 4820 nardus
3260 4772 3310 4819 et
3339 4778 3522 4818 crocus
3547 4798 3572 4829 ,.

1961 4871 2138 4944 ﬁstula
2166 4878 2215 4924 et
2263 4868 2647 4922 cinnamomum
2687 4878 2803 4916 cum
2851 4858 3105 4913 universis
3144 4858 3300 4928 lignis
3324 4853 3563 4920 Libani,

1962 4965 2176 5037 myrrha
2205 4970 2255 5017 et
2281 4963 2396 5015 aloe
2422 4975 2537 5014 cum
2560 4953 2795 5013 omnibus
2825 4954 3006 5025 primis
3035 4949 3330 5021 unguentis.

2037 5056 2125 5111 19.
2167 5054 2305 5123 Quid
2335 5053 2478 5109 enim
2518 5067 2614 5122 per
2642 5051 2740 5106 bas
2765 5047 3004 5104 diversas
3028 5051 3331 5099 aromatum
3356 5040 3573 5113 species

1964 5151 2294 5222 designatur,
2326 5146 2429 5202 nisi
2478 5154 2792 5201 sanctarum
2830 5140 3089 5197 virtutum
3120 5135 3149 5175 δ
3178 5136 3314 5193 odor
3349 5144 3405 5191 et
3429 5150 3566 5205 pro-

1964 5245 2137 5301 fectus
2160 5283 2176 5309 ,
2207 5242 2297 5312 qui
2346 5240 2399 5294 in
2431 5238 2631 5295 sanctis
2670 5233 2942 5291 habetur?
2971 5230 3051 5285 Ex
3078 5230 3161 5285 his
3190 5229 3390 5299 quippe
3442 5240 3569 5298 spe-

1966 5340 2149 5396 ciebus
2172 5335 2369 5406 regalia
2394 5339 2666 5402 unguenta
2684 5326 3060 5393 coniiciuntur,
3080 5340 3146 5379 ex
3162 5322 3248 5377 bis
3277 5334 3566 5391 corporum

1959 5431 2223 5487 sanitates
2253 5425 2617 5482 inveniuntur.
2649 5420 2795 5475 Bene
2820 5418 2984 5489 igitur
3008 5417 3237 5473 virtutes
3265 5412 3564 5467 animarum

1960 5522 2275 5592 designant,
2298 5517 2493 5590 quibus
2514 5511 2853 5583 congregatis
2881 5520 2937 5568 et
2965 5506 3230 5567 confectis
3252 5545 3269 5574 ,
3300 5511 3357 5560 et
3381 5504 3563 5561 bonus

1970 5672 2323 5727 additamenti
2347 5669 2493 5726 nulla
2517 5672 2733 5723 exstant
2760 5663 2984 5736 vestigia
3006 5662 3062 5719 in
3091 5660 3220 5719 Mss.
3249 5666 3345 5717 aut
3376 5657 3432 5717 in
3451 5662 3563 5715 vet.

1968 5747 2068 5800 Ed.
2099 5743 2271 5799 Paris.

2040 5815 2067 5855 ιι
2108 5815 2228 5872 Val.
2266 5815 2349 5872 Cl.
2376 5820 2431 5871 et
2457 5810 2714 5871 Rothom.
2757 5808 2943 5867 honor.

2336 6017 2577 6040 «απτ-νώ
