  <div class='ocr_page' id='page_1' title='image "/cluster/home/n/w/nwhite01/storage/ocr_20150623/79/hvd.32044015469414/263.png"; bbox 0 0 4052 6338; ppageno 0'>
   <div class='ocr_carea' id='block_1_1' title="bbox 1700 296 2569 358">
    <p class='ocr_par' dir='ltr' id='par_1_1' title="bbox 1700 296 2569 358">
     <span class='ocr_line' id='line_1_1' title="bbox 1700 296 2569 358; baseline 0.003 -3"><span class='ocrx_word' id='word_1_1' title='bbox 1700 297 1949 356; x_wconf 78' lang='lat' dir='ltr'><strong>SANG‘I‘l</strong></span> <span class='ocrx_word' id='word_1_2' title='bbox 1983 296 2315 357; x_wconf 69' lang='grc' dir='ltr'>θιιειιοοιιιι</span> <span class='ocrx_word' id='word_1_3' title='bbox 2348 298 2569 358; x_wconf 57' lang='grc' dir='ltr'><strong>ἥκω</strong></span> 
     </span>
    </p>
   </div>
   <div class='ocr_carea' id='block_1_2' title="bbox 3673 299 3780 357">
    <p class='ocr_par' dir='ltr' id='par_1_2' title="bbox 3673 299 3780 357">
     <span class='ocr_line' id='line_1_2' title="bbox 3673 299 3780 357; baseline 0 -1"><span class='ocrx_word' id='word_1_4' title='bbox 3673 299 3780 357; x_wconf 74' lang='lat' dir='ltr'><strong>5N</strong></span> 
     </span>
    </p>
   </div>
   <div class='ocr_carea' id='block_1_3' title="bbox 482 406 3782 495">
    <p class='ocr_par' dir='ltr' id='par_1_3' title="bbox 482 406 3782 495">
     <span class='ocr_line' id='line_1_3' title="bbox 482 406 3782 495; baseline 0.001 -24"><span class='ocrx_word' id='word_1_5' title='bbox 482 415 618 472; x_wconf 88' lang='lat' dir='ltr'><strong>odor</strong></span> <span class='ocrx_word' id='word_1_6' title='bbox 642 410 912 485; x_wconf 85' lang='lat' dir='ltr'><strong>opinionis</strong></span> <span class='ocrx_word' id='word_1_7' title='bbox 937 408 1233 483; x_wconf 77' lang='lat' dir='ltr'><strong>egreditur,</strong></span> <span class='ocrx_word' id='word_1_8' title='bbox 1260 415 1317 465; x_wconf 82' lang='lat' dir='ltr'><strong>et</strong></span> <span class='ocrx_word' id='word_1_9' title='bbox 1350 409 1508 480; x_wconf 65' lang='lat' dir='ltr'><strong>aegris</strong></span> <span class='ocrx_word' id='word_1_10' title='bbox 1540 406 1822 466; x_wconf 77' lang='lat' dir='ltr'><strong>animabus</strong></span> <span class='ocrx_word' id='word_1_11' title='bbox 1847 425 2069 482; x_wconf 83' lang='lat' dir='ltr'><strong>compe-</strong></span> <span class='ocrx_word' id='word_1_12' title='bbox 2092 412 2148 475; x_wconf 73' lang='grc' dir='ltr'><strong>Δ</strong></span> <span class='ocrx_word' id='word_1_13' title='bbox 2172 409 2499 495; x_wconf 87' lang='lat' dir='ltr'><strong>designatur,</strong></span> <span class='ocrx_word' id='word_1_14' title='bbox 2539 410 2631 483; x_wconf 89' lang='lat' dir='ltr'><strong>qui</strong></span> <span class='ocrx_word' id='word_1_15' title='bbox 2680 410 2943 481; x_wconf 88' lang='lat' dir='ltr'><strong>reprobos</strong></span> <span class='ocrx_word' id='word_1_16' title='bbox 2996 425 3186 469; x_wconf 66' lang='lat' dir='ltr'><strong>omnes</strong></span> <span class='ocrx_word' id='word_1_17' title='bbox 3230 410 3360 469; x_wconf 89' lang='lat' dir='ltr'><strong>dum</strong></span> <span class='ocrx_word' id='word_1_18' title='bbox 3407 414 3652 486; x_wconf 86' lang='lat' dir='ltr'><strong>possidet</strong></span> <span class='ocrx_word' id='word_1_19' title='bbox 3681 460 3697 484; x_wconf 92' lang='lat'><strong>,</strong></span> <span class='ocrx_word' id='word_1_20' title='bbox 3747 433 3782 475; x_wconf 84' lang='lat' dir='ltr'><strong>a</strong></span> 
     </span>
    </p>
   </div>
   <div class='ocr_carea' id='block_1_4' title="bbox 482 501 2075 575">
    <p class='ocr_par' dir='ltr' id='par_1_4' title="bbox 482 501 2075 575">
     <span class='ocr_line' id='line_1_4' title="bbox 482 501 2075 575; baseline -0.003 -11"><span class='ocrx_word' id='word_1_21' title='bbox 482 513 606 564; x_wconf 86' lang='lat' dir='ltr'><strong>tens</strong></span> <span class='ocrx_word' id='word_1_22' title='bbox 638 508 839 561; x_wconf 90' lang='lat' dir='ltr'><strong>sanitas</strong></span> <span class='ocrx_word' id='word_1_23' title='bbox 877 514 1183 575; x_wconf 75' lang='lat' dir='ltr'><strong>reparatur.</strong></span> <span class='ocrx_word' id='word_1_24' title='bbox 1224 501 1333 557; x_wconf 90' lang='lat' dir='ltr'><strong>Sed</strong></span> <span class='ocrx_word' id='word_1_25' title='bbox 1374 503 1547 559; x_wconf 81' lang='lat' dir='ltr'><strong>adhuc</strong></span> <span class='ocrx_word' id='word_1_26' title='bbox 1590 502 1709 559; x_wconf 86' lang='lat' dir='ltr'><strong>laus</strong></span> <span class='ocrx_word' id='word_1_27' title='bbox 1745 501 2003 560; x_wconf 63' lang='lat' dir='ltr'><strong>Ecclesiae</strong></span> <span class='ocrx_word' id='word_1_28' title='bbox 2043 518 2075 559; x_wconf 89' lang='lat' dir='ltr'><strong>a</strong></span> 
     </span>
    </p>
   </div>
   <div class='ocr_carea' id='block_1_5' title="bbox 480 593 1463 670">
    <p class='ocr_par' dir='ltr' id='par_1_5' title="bbox 480 593 1463 670">
     <span class='ocr_line' id='line_1_5' title="bbox 480 593 1463 670; baseline -0.009 -14"><span class='ocrx_word' id='word_1_29' title='bbox 480 612 681 670; x_wconf 79' lang='lat' dir='ltr'><strong>Sponso</strong></span> <span class='ocrx_word' id='word_1_30' title='bbox 708 596 991 667; x_wconf 74' lang='lat' dir='ltr'><strong>repetitur,</strong></span> <span class='ocrx_word' id='word_1_31' title='bbox 1020 610 1146 650; x_wconf 92' lang='lat' dir='ltr'><strong>cum</strong></span> <span class='ocrx_word' id='word_1_32' title='bbox 1174 593 1424 649; x_wconf 85' lang='lat' dir='ltr'><strong>subditur</strong></span> <span class='ocrx_word' id='word_1_33' title='bbox 1450 610 1463 647; x_wconf 90' lang='lat'><strong>:</strong></span> 
     </span>
    </p>
   </div>
   <div class='ocr_carea' id='block_1_6' title="bbox 554 687 2075 762">
    <p class='ocr_par' dir='ltr' id='par_1_6' title="bbox 554 687 2075 762">
     <span class='ocr_line' id='line_1_6' title="bbox 554 687 2075 762; baseline 0.001 -19"><span class='ocrx_word' id='word_1_34' title='bbox 554 691 733 762; x_wconf 72' lang='lat' dir='ltr'><strong>(.Vers.</strong></span> <span class='ocrx_word' id='word_1_35' title='bbox 768 688 881 760; x_wconf 80' lang='grc'><strong>15.)</strong></span> <span class='ocrx_word' id='word_1_36' title='bbox 920 687 1068 744; x_wconf 75' lang='lat' dir='ltr'><strong>Fons</strong></span> <span class='ocrx_word' id='word_1_37' title='bbox 1099 688 1365 743; x_wconf 86' lang='lat' dir='ltr'><strong>hortorum</strong></span> <span class='ocrx_word' id='word_1_38' title='bbox 1384 728 1400 753; x_wconf 93' lang='lat'><strong>,</strong></span> <span class='ocrx_word' id='word_1_39' title='bbox 1423 695 1603 757; x_wconf 75' lang='lat' dir='ltr'><strong>puteus</strong></span> <span class='ocrx_word' id='word_1_40' title='bbox 1631 703 1883 762; x_wconf 73' lang='lat' dir='ltr'><strong>aquarum</strong></span> <span class='ocrx_word' id='word_1_41' title='bbox 1905 687 2075 744; x_wconf 76' lang='lat' dir='ltr'><strong>viven-</strong></span> 
     </span>
    </p>
   </div>
   <div class='ocr_carea' id='block_1_7' title="bbox 484 777 1540 856">
    <p class='ocr_par' dir='ltr' id='par_1_7' title="bbox 484 777 1540 856">
     <span class='ocr_line' id='line_1_7' title="bbox 484 777 1540 856; baseline -0.007 -17"><span class='ocrx_word' id='word_1_42' title='bbox 484 787 608 839; x_wconf 89' lang='lat' dir='ltr'><strong>tium</strong></span> <span class='ocrx_word' id='word_1_43' title='bbox 627 824 643 851; x_wconf 91' lang='lat'><strong>,</strong></span> <span class='ocrx_word' id='word_1_44' title='bbox 672 798 786 856; x_wconf 72' lang='lat' dir='ltr'><strong>quae</strong></span> <span class='ocrx_word' id='word_1_45' title='bbox 813 783 981 851; x_wconf 81' lang='lat' dir='ltr'><strong>ﬂuunt</strong></span> <span class='ocrx_word' id='word_1_46' title='bbox 1008 782 1197 847; x_wconf 83' lang='lat' dir='ltr'><strong>impetu</strong></span> <span class='ocrx_word' id='word_1_47' title='bbox 1227 778 1289 833; x_wconf 86' lang='lat' dir='ltr'><strong>de</strong></span> <span class='ocrx_word' id='word_1_48' title='bbox 1316 777 1540 833; x_wconf 86' lang='lat' dir='ltr'><strong>Libano.</strong></span> 
     </span>
    </p>
   </div>
   <div class='ocr_carea' id='block_1_8' title="bbox 550 871 2083 944">
    <p class='ocr_par' dir='ltr' id='par_1_8' title="bbox 550 871 2083 944">
     <span class='ocr_line' id='line_1_8' title="bbox 550 871 2083 944; baseline -0.001 -15"><span class='ocrx_word' id='word_1_49' title='bbox 550 875 639 929; x_wconf 67' lang='grc'><strong>20.</strong></span> <span class='ocrx_word' id='word_1_50' title='bbox 681 874 849 929; x_wconf 82' lang='lat' dir='ltr'><strong>Recte</strong></span> <span class='ocrx_word' id='word_1_51' title='bbox 877 875 931 929; x_wconf 93' lang='lat' dir='ltr'><strong>in</strong></span> <span class='ocrx_word' id='word_1_52' title='bbox 968 872 1347 928; x_wconf 91' lang='lat' dir='ltr'><strong>emissionibus</strong></span> <span class='ocrx_word' id='word_1_53' title='bbox 1378 912 1393 938; x_wconf 92' lang='lat'><strong>,</strong></span> <span class='ocrx_word' id='word_1_54' title='bbox 1435 872 1555 927; x_wconf 89' lang='lat' dir='ltr'><strong>fons</strong></span> <span class='ocrx_word' id='word_1_55' title='bbox 1585 871 1866 928; x_wconf 87' lang='lat' dir='ltr'><strong>hortorum</strong></span> <span class='ocrx_word' id='word_1_56' title='bbox 1893 879 1948 929; x_wconf 87' lang='lat' dir='ltr'><strong>et</strong></span> <span class='ocrx_word' id='word_1_57' title='bbox 1976 888 2083 944; x_wconf 60' lang='lat' dir='ltr'><strong>pu‘</strong></span> 
     </span>
    </p>
   </div>
   <div class='ocr_carea' id='block_1_9' title="bbox 480 964 2075 1037">
    <p class='ocr_par' dir='ltr' id='par_1_9' title="bbox 480 964 2075 1037">
     <span class='ocr_line' id='line_1_9' title="bbox 480 964 2075 1037; baseline -0.003 -13"><span class='ocrx_word' id='word_1_58' title='bbox 480 978 602 1024; x_wconf 85' lang='lat' dir='ltr'><strong>teus</strong></span> <span class='ocrx_word' id='word_1_59' title='bbox 633 982 897 1037; x_wconf 85' lang='lat' dir='ltr'><strong>aquarum</strong></span> <span class='ocrx_word' id='word_1_60' title='bbox 928 966 1227 1020; x_wconf 84' lang='lat' dir='ltr'><strong>viventium</strong></span> <span class='ocrx_word' id='word_1_61' title='bbox 1268 966 1606 1021; x_wconf 89' lang='lat' dir='ltr'><strong>describitur.</strong></span> <span class='ocrx_word' id='word_1_62' title='bbox 1636 964 1777 1033; x_wconf 85' lang='lat' dir='ltr'><strong>Quid</strong></span> <span class='ocrx_word' id='word_1_63' title='bbox 1806 966 1948 1020; x_wconf 89' lang='lat' dir='ltr'><strong>enim</strong></span> <span class='ocrx_word' id='word_1_64' title='bbox 1978 978 2075 1036; x_wconf 89' lang='lat' dir='ltr'><strong>per</strong></span> 
     </span>
    </p>
   </div>
   <div class='ocr_carea' id='block_1_10' title="bbox 478 1060 2073 1132">
    <p class='ocr_par' dir='ltr' id='par_1_10' title="bbox 478 1060 2073 1132">
     <span class='ocr_line' id='line_1_10' title="bbox 478 1060 2073 1132; baseline -0.001 -15"><span class='ocrx_word' id='word_1_65' title='bbox 478 1064 681 1118; x_wconf 85' lang='lat' dir='ltr'><strong>fontem</strong></span> <span class='ocrx_word' id='word_1_66' title='bbox 732 1064 789 1118; x_wconf 77' lang='lat' dir='ltr'><strong>et</strong></span> <span class='ocrx_word' id='word_1_67' title='bbox 838 1070 1057 1132; x_wconf 82' lang='lat' dir='ltr'><strong>puteum</strong></span> <span class='ocrx_word' id='word_1_68' title='bbox 1084 1101 1101 1126; x_wconf 93' lang='lat'><strong>,</strong></span> <span class='ocrx_word' id='word_1_69' title='bbox 1134 1060 1233 1116; x_wconf 84' lang='lat' dir='ltr'><strong>nisi</strong></span> <span class='ocrx_word' id='word_1_70' title='bbox 1280 1070 1467 1115; x_wconf 83' lang='lat' dir='ltr'><strong>sancta</strong></span> <span class='ocrx_word' id='word_1_71' title='bbox 1513 1061 1791 1131; x_wconf 82' lang='lat' dir='ltr'><strong>Scriptura</strong></span> <span class='ocrx_word' id='word_1_72' title='bbox 1820 1061 2073 1132; x_wconf 88' lang='lat' dir='ltr'><strong>designa-</strong></span> 
     </span>
    </p>
   </div>
   <div class='ocr_carea' id='block_1_11' title="bbox 480 1152 2075 1225">
    <p class='ocr_par' dir='ltr' id='par_1_11' title="bbox 480 1152 2075 1225">
     <span class='ocr_line' id='line_1_11' title="bbox 480 1152 2075 1225; baseline -0.001 -16"><span class='ocrx_word' id='word_1_73' title='bbox 480 1155 601 1209; x_wconf 83' lang='lat' dir='ltr'><strong>tur?</strong></span> <span class='ocrx_word' id='word_1_74' title='bbox 629 1153 798 1225; x_wconf 60' lang='grc'><strong>424.</strong></span> <span class='ocrx_word' id='word_1_75' title='bbox 836 1168 958 1222; x_wconf 81' lang='lat' dir='ltr'><strong>qum</strong></span> <span class='ocrx_word' id='word_1_76' title='bbox 985 1154 1063 1209; x_wconf 91' lang='lat' dir='ltr'><strong>sic</strong></span> <span class='ocrx_word' id='word_1_77' title='bbox 1089 1168 1283 1223; x_wconf 88' lang='lat' dir='ltr'><strong>aquam</strong></span> <span class='ocrx_word' id='word_1_78' title='bbox 1313 1152 1592 1222; x_wconf 71' lang='lat' dir='ltr'><strong>sapientiae</strong></span> <span class='ocrx_word' id='word_1_79' title='bbox 1621 1162 1887 1221; x_wconf 90' lang='lat' dir='ltr'><strong>generat,</strong></span> <span class='ocrx_word' id='word_1_80' title='bbox 1933 1161 1993 1208; x_wconf 92' lang='lat' dir='ltr'><strong>ut</strong></span> <span class='ocrx_word' id='word_1_81' title='bbox 2019 1160 2075 1209; x_wconf 89' lang='lat' dir='ltr'><strong>et</strong></span> 
     </span>
    </p>
   </div>
   <div class='ocr_carea' id='block_1_12' title="bbox 475 1242 2075 1315">
    <p class='ocr_par' dir='ltr' id='par_1_12' title="bbox 475 1242 2075 1315">
     <span class='ocr_line' id='line_1_12' title="bbox 475 1242 2075 1315; baseline 0.001 -17"><span class='ocrx_word' id='word_1_82' title='bbox 475 1252 729 1315; x_wconf 78' lang='lat' dir='ltr'><strong>potantes</strong></span> <span class='ocrx_word' id='word_1_83' title='bbox 766 1259 979 1313; x_wconf 85' lang='lat' dir='ltr'><strong>semper</strong></span> <span class='ocrx_word' id='word_1_84' title='bbox 1005 1242 1232 1311; x_wconf 90' lang='lat' dir='ltr'><strong>reﬁciat,</strong></span> <span class='ocrx_word' id='word_1_85' title='bbox 1262 1252 1318 1299; x_wconf 89' lang='lat' dir='ltr'><strong>et</strong></span> <span class='ocrx_word' id='word_1_86' title='bbox 1361 1252 1541 1299; x_wconf 89' lang='lat' dir='ltr'><strong>tamen</strong></span> <span class='ocrx_word' id='word_1_87' title='bbox 1570 1260 1792 1301; x_wconf 87' lang='lat' dir='ltr'><strong>manare</strong></span> <span class='ocrx_word' id='word_1_88' title='bbox 1838 1260 1948 1300; x_wconf 89' lang='lat' dir='ltr'><strong>non</strong></span> <span class='ocrx_word' id='word_1_89' title='bbox 1987 1244 2075 1300; x_wconf 90' lang='lat' dir='ltr'><strong>de-</strong></span> 
     </span>
    </p>
   </div>
   <div class='ocr_carea' id='block_1_13' title="bbox 472 1336 2075 1409">
    <p class='ocr_par' dir='ltr' id='par_1_13' title="bbox 472 1336 2075 1409">
     <span class='ocr_line' id='line_1_13' title="bbox 472 1336 2075 1409; baseline -0.001 -14"><span class='ocrx_word' id='word_1_90' title='bbox 472 1337 652 1395; x_wconf 85' lang='lat' dir='ltr'><strong>sistat.</strong></span> <span class='ocrx_word' id='word_1_91' title='bbox 677 1337 803 1403; x_wconf 79' lang='lat' dir='ltr'><strong>Qum</strong></span> <span class='ocrx_word' id='word_1_92' title='bbox 827 1338 962 1392; x_wconf 88' lang='lat' dir='ltr'><strong>bene</strong></span> <span class='ocrx_word' id='word_1_93' title='bbox 982 1336 1265 1392; x_wconf 88' lang='lat' dir='ltr'><strong>hortorum</strong></span> <span class='ocrx_word' id='word_1_94' title='bbox 1296 1352 1417 1393; x_wconf 88' lang='lat' dir='ltr'><strong>esse</strong></span> <span class='ocrx_word' id='word_1_95' title='bbox 1440 1338 1785 1408; x_wconf 86' lang='lat' dir='ltr'><strong>perhibetur;</strong></span> <span class='ocrx_word' id='word_1_96' title='bbox 1805 1339 1932 1409; x_wconf 88' lang='lat' dir='ltr'><strong>quia</strong></span> <span class='ocrx_word' id='word_1_97' title='bbox 1962 1339 2075 1395; x_wconf 89' lang='lat' dir='ltr'><strong>illo-</strong></span> 
     </span>
    </p>
   </div>
   <div class='ocr_carea' id='block_1_14' title="bbox 476 1430 2072 1501">
    <p class='ocr_par' dir='ltr' id='par_1_14' title="bbox 476 1430 2072 1501">
     <span class='ocr_line' id='line_1_14' title="bbox 476 1430 2072 1501; baseline 0.001 -15"><span class='ocrx_word' id='word_1_98' title='bbox 476 1445 600 1486; x_wconf 85' lang='lat' dir='ltr'><strong>rum</strong></span> <span class='ocrx_word' id='word_1_99' title='bbox 654 1430 962 1499; x_wconf 85' lang='lat' dir='ltr'><strong>specialiter</strong></span> <span class='ocrx_word' id='word_1_100' title='bbox 1016 1437 1099 1484; x_wconf 87' lang='lat' dir='ltr'><strong>est</strong></span> <span class='ocrx_word' id='word_1_101' title='bbox 1146 1438 1335 1485; x_wconf 81' lang='lat' dir='ltr'><strong>sancta</strong></span> <span class='ocrx_word' id='word_1_102' title='bbox 1385 1430 1660 1501; x_wconf 87' lang='lat' dir='ltr'><strong>Scriptura</strong></span> <span class='ocrx_word' id='word_1_103' title='bbox 1690 1471 1707 1498; x_wconf 93' lang='lat'><strong>,</strong></span> <span class='ocrx_word' id='word_1_104' title='bbox 1736 1432 1791 1486; x_wconf 93' lang='lat' dir='ltr'><strong>in</strong></span> <span class='ocrx_word' id='word_1_105' title='bbox 1840 1447 2072 1501; x_wconf 90' lang='lat' dir='ltr'><strong>quorum</strong></span> 
     </span>
    </p>
   </div>
   <div class='ocr_carea' id='block_1_15' title="bbox 476 1510 2071 1596">
    <p class='ocr_par' dir='ltr' id='par_1_15' title="bbox 476 1510 2071 1596">
     <span class='ocr_line' id='line_1_15' title="bbox 476 1510 2071 1596; baseline 0.001 -16"><span class='ocrx_word' id='word_1_106' title='bbox 476 1524 751 1580; x_wconf 87' lang='lat' dir='ltr'><strong>montibus</strong></span> <span class='ocrx_word' id='word_1_107' title='bbox 782 1510 1037 1579; x_wconf 79' lang='lat' dir='ltr'><strong>virtutum</strong></span> <span class='ocrx_word' id='word_1_108' title='bbox 1067 1525 1272 1579; x_wconf 84' lang='lat' dir='ltr'><strong>semina</strong></span> <span class='ocrx_word' id='word_1_109' title='bbox 1296 1525 1562 1580; x_wconf 90' lang='lat' dir='ltr'><strong>oriuntur.</strong></span> <span class='ocrx_word' id='word_1_110' title='bbox 1592 1525 1697 1581; x_wconf 88' lang='lat' dir='ltr'><strong>Sed</strong></span> <span class='ocrx_word' id='word_1_111' title='bbox 1725 1527 2071 1596; x_wconf 82' lang='lat' dir='ltr'><strong>quaerendum</strong></span> 
     </span>
    </p>
   </div>
   <div class='ocr_carea' id='block_1_16' title="bbox 477 1615 2070 1688">
    <p class='ocr_par' dir='ltr' id='par_1_16' title="bbox 477 1615 2070 1688">
     <span class='ocr_line' id='line_1_16' title="bbox 477 1615 2070 1688; baseline 0 -15"><span class='ocrx_word' id='word_1_112' title='bbox 477 1618 633 1673; x_wconf 88' lang='lat' dir='ltr'><strong>nobis</strong></span> <span class='ocrx_word' id='word_1_113' title='bbox 684 1624 813 1683; x_wconf 86' lang='lat' dir='ltr'><strong>est,</strong></span> <span class='ocrx_word' id='word_1_114' title='bbox 842 1632 1011 1685; x_wconf 85' lang='lat' dir='ltr'><strong>quare</strong></span> <span class='ocrx_word' id='word_1_115' title='bbox 1061 1615 1181 1672; x_wconf 92' lang='lat' dir='ltr'><strong>fons</strong></span> <span class='ocrx_word' id='word_1_116' title='bbox 1225 1626 1280 1672; x_wconf 90' lang='lat' dir='ltr'><strong>et</strong></span> <span class='ocrx_word' id='word_1_117' title='bbox 1324 1624 1520 1688; x_wconf 90' lang='lat' dir='ltr'><strong>puteus</strong></span> <span class='ocrx_word' id='word_1_118' title='bbox 1568 1625 1856 1687; x_wconf 90' lang='lat' dir='ltr'><strong>utrumque</strong></span> <span class='ocrx_word' id='word_1_119' title='bbox 1912 1618 2070 1673; x_wconf 89' lang='lat' dir='ltr'><strong>simul</strong></span> 
     </span>
    </p>
   </div>
   <div class='ocr_carea' id='block_1_17' title="bbox 471 1707 2068 1780">
    <p class='ocr_par' dir='ltr' id='par_1_17' title="bbox 471 1707 2068 1780">
     <span class='ocr_line' id='line_1_17' title="bbox 471 1707 2068 1780; baseline -0.001 -16"><span class='ocrx_word' id='word_1_120' title='bbox 471 1708 753 1779; x_wconf 83' lang='lat' dir='ltr'><strong>Scriptura</strong></span> <span class='ocrx_word' id='word_1_121' title='bbox 800 1707 1032 1777; x_wconf 82' lang='lat' dir='ltr'><strong>dicatur,</strong></span> <span class='ocrx_word' id='word_1_122' title='bbox 1062 1723 1184 1764; x_wconf 85' lang='lat' dir='ltr'><strong>cum</strong></span> <span class='ocrx_word' id='word_1_123' title='bbox 1226 1708 1346 1764; x_wconf 84' lang='lat' dir='ltr'><strong>fons</strong></span> <span class='ocrx_word' id='word_1_124' title='bbox 1374 1708 1428 1764; x_wconf 89' lang='lat' dir='ltr'><strong>in</strong></span> <span class='ocrx_word' id='word_1_125' title='bbox 1455 1708 1743 1780; x_wconf 87' lang='lat' dir='ltr'><strong>superﬁcie</strong></span> <span class='ocrx_word' id='word_1_126' title='bbox 1767 1715 2068 1779; x_wconf 88' lang='lat' dir='ltr'><strong>appareat,</strong></span> 
     </span>
    </p>
   </div>
   <div class='ocr_carea' id='block_1_18' title="bbox 2175 500 3784 575">
    <p class='ocr_par' dir='ltr' id='par_1_18' title="bbox 2175 500 3784 575">
     <span class='ocr_line' id='line_1_18' title="bbox 2175 500 3784 575; baseline 0.007 -18"><span class='ocrx_word' id='word_1_127' title='bbox 2175 500 2322 557; x_wconf 89' lang='lat' dir='ltr'><strong>bono</strong></span> <span class='ocrx_word' id='word_1_128' title='bbox 2352 518 2518 573; x_wconf 90' lang='lat' dir='ltr'><strong>opere</strong></span> <span class='ocrx_word' id='word_1_129' title='bbox 2551 510 2769 573; x_wconf 91' lang='lat' dir='ltr'><strong>torpere</strong></span> <span class='ocrx_word' id='word_1_130' title='bbox 2802 502 2931 559; x_wconf 81' lang='lat' dir='ltr'><strong>facit</strong></span> <span class='ocrx_word' id='word_1_131' title='bbox 2960 504 2983 559; x_wconf 85' lang='lat'><strong>?</strong></span> <span class='ocrx_word' id='word_1_132' title='bbox 3016 502 3121 560; x_wconf 89' lang='lat' dir='ltr'><strong>Per</strong></span> <span class='ocrx_word' id='word_1_133' title='bbox 3146 507 3402 562; x_wconf 82' lang='lat' dir='ltr'><strong>Austntm</strong></span> <span class='ocrx_word' id='word_1_134' title='bbox 3439 523 3574 565; x_wconf 86' lang='lat' dir='ltr'><strong>vero</strong></span> <span class='ocrx_word' id='word_1_135' title='bbox 3598 549 3616 575; x_wconf 87' lang='lat'><strong>,</strong></span> <span class='ocrx_word' id='word_1_136' title='bbox 3648 510 3784 567; x_wconf 84' lang='lat' dir='ltr'><strong>eali-</strong></span> 
     </span>
    </p>
   </div>
   <div class='ocr_carea' id='block_1_19' title="bbox 2174 594 3774 672">
    <p class='ocr_par' dir='ltr' id='par_1_19' title="bbox 2174 594 3774 672">
     <span class='ocr_line' id='line_1_19' title="bbox 2174 594 3774 672; baseline 0.004 -21"><span class='ocrx_word' id='word_1_137' title='bbox 2174 594 2302 651; x_wconf 87' lang='lat' dir='ltr'><strong>dum</strong></span> <span class='ocrx_word' id='word_1_138' title='bbox 2346 596 2552 651; x_wconf 88' lang='lat' dir='ltr'><strong>scilicet</strong></span> <span class='ocrx_word' id='word_1_139' title='bbox 2597 604 2856 663; x_wconf 87' lang='lat' dir='ltr'><strong>ventum,</strong></span> <span class='ocrx_word' id='word_1_140' title='bbox 2914 596 3147 668; x_wconf 78' lang='lat' dir='ltr'><strong>Spiritus</strong></span> <span class='ocrx_word' id='word_1_141' title='bbox 3196 608 3419 657; x_wconf 82' lang='lat' dir='ltr'><strong>sanctus</strong></span> <span class='ocrx_word' id='word_1_142' title='bbox 3471 600 3774 672; x_wconf 76' lang='lat' dir='ltr'><strong>ﬁguratur:</strong></span> 
     </span>
    </p>
   </div>
   <div class='ocr_carea' id='block_1_20' title="bbox 2174 687 3784 767">
    <p class='ocr_par' dir='ltr' id='par_1_20' title="bbox 2174 687 3784 767">
     <span class='ocr_line' id='line_1_20' title="bbox 2174 687 3784 767; baseline 0.007 -25"><span class='ocrx_word' id='word_1_143' title='bbox 2174 687 2266 757; x_wconf 91' lang='lat' dir='ltr'><strong>qui</strong></span> <span class='ocrx_word' id='word_1_144' title='bbox 2290 687 2415 743; x_wconf 92' lang='lat' dir='ltr'><strong>dum</strong></span> <span class='ocrx_word' id='word_1_145' title='bbox 2448 696 2656 744; x_wconf 88' lang='lat' dir='ltr'><strong>mentes</strong></span> <span class='ocrx_word' id='word_1_146' title='bbox 2688 690 2986 745; x_wconf 89' lang='lat' dir='ltr'><strong>electorum</strong></span> <span class='ocrx_word' id='word_1_147' title='bbox 3026 692 3239 761; x_wconf 80' lang='lat' dir='ltr'><strong>tangit,</strong></span> <span class='ocrx_word' id='word_1_148' title='bbox 3269 695 3340 749; x_wconf 85' lang='lat' dir='ltr'><strong>ab</strong></span> <span class='ocrx_word' id='word_1_149' title='bbox 3379 694 3527 749; x_wconf 91' lang='lat' dir='ltr'><strong>omni</strong></span> <span class='ocrx_word' id='word_1_150' title='bbox 3558 703 3784 767; x_wconf 84' lang='lat' dir='ltr'><strong>torpore</strong></span> 
     </span>
    </p>
   </div>
   <div class='ocr_carea' id='block_1_21' title="bbox 2174 777 3785 853">
    <p class='ocr_par' dir='ltr' id='par_1_21' title="bbox 2174 777 3785 853">
     <span class='ocr_line' id='line_1_21' title="bbox 2174 777 3785 853; baseline 0.005 -20"><span class='ocrx_word' id='word_1_151' title='bbox 2174 779 2415 844; x_wconf 84' lang='lat' dir='ltr'><strong>relaxat,</strong></span> <span class='ocrx_word' id='word_1_152' title='bbox 2440 786 2496 835; x_wconf 92' lang='lat' dir='ltr'><strong>et</strong></span> <span class='ocrx_word' id='word_1_153' title='bbox 2524 778 2793 835; x_wconf 80' lang='lat' dir='ltr'><strong>ferventes</strong></span> <span class='ocrx_word' id='word_1_154' title='bbox 2821 779 2983 848; x_wconf 88' lang='lat' dir='ltr'><strong>facit,</strong></span> <span class='ocrx_word' id='word_1_155' title='bbox 3006 777 3032 817; x_wconf 72' lang='grc' dir='ltr'><em>δ</em></span> <span class='ocrx_word' id='word_1_156' title='bbox 3057 790 3117 836; x_wconf 85' lang='grc' dir='ltr'><strong>ιιι</strong></span> <span class='ocrx_word' id='word_1_157' title='bbox 3144 782 3285 837; x_wconf 92' lang='lat' dir='ltr'><strong>bona</strong></span> <span class='ocrx_word' id='word_1_158' title='bbox 3311 797 3545 853; x_wconf 64' lang='lat' dir='ltr'><strong>quaeque</strong></span> <span class='ocrx_word' id='word_1_159' title='bbox 3568 784 3785 841; x_wconf 84' lang='lat' dir='ltr'><strong>deside-</strong></span> 
     </span>
    </p>
   </div>
   <div class='ocr_carea' id='block_1_22' title="bbox 2175 872 3783 943">
    <p class='ocr_par' dir='ltr' id='par_1_22' title="bbox 2175 872 3783 943">
     <span class='ocr_line' id='line_1_22' title="bbox 2175 872 3783 943; baseline 0.002 -15"><span class='ocrx_word' id='word_1_160' title='bbox 2175 880 2360 928; x_wconf 87' lang='lat' dir='ltr'><strong>ranter</strong></span> <span class='ocrx_word' id='word_1_161' title='bbox 2386 884 2700 943; x_wconf 89' lang='lat' dir='ltr'><strong>operentur.</strong></span> <span class='ocrx_word' id='word_1_162' title='bbox 2751 872 2888 928; x_wconf 86' lang='lat' dir='ltr'><strong>Hinc</strong></span> <span class='ocrx_word' id='word_1_163' title='bbox 2935 874 3077 929; x_wconf 91' lang='lat' dir='ltr'><strong>enim</strong></span> <span class='ocrx_word' id='word_1_164' title='bbox 3108 874 3344 930; x_wconf 91' lang='lat' dir='ltr'><strong>dicitur:</strong></span> <span class='ocrx_word' id='word_1_165' title='bbox 3377 873 3643 941; x_wconf 81' lang='lat' dir='ltr'><strong>Converte,</strong></span> <span class='ocrx_word' id='word_1_166' title='bbox 3670 874 3783 932; x_wconf 87' lang='lat' dir='ltr'><strong>Do-</strong></span> 
     </span>
    </p>
   </div>
   <div class='ocr_carea' id='block_1_23' title="bbox 2174 952 3781 1036">
    <p class='ocr_par' dir='ltr' id='par_1_23' title="bbox 2174 952 3781 1036">
     <span class='ocr_line' id='line_1_23' title="bbox 2174 952 3781 1036; baseline 0.004 -16"><span class='ocrx_word' id='word_1_167' title='bbox 2174 967 2335 1034; x_wconf 84' lang='lat' dir='ltr'><strong>mine,</strong></span> <span class='ocrx_word' id='word_1_168' title='bbox 2357 966 2706 1036; x_wconf 76' lang='lat' dir='ltr'><strong>captivitatem</strong></span> <span class='ocrx_word' id='word_1_169' title='bbox 2753 952 3025 1035; x_wconf 71' lang='lat' dir='ltr'><strong>nostram,</strong></span> <span class='ocrx_word' id='word_1_170' title='bbox 3051 968 3184 1022; x_wconf 86' lang='lat' dir='ltr'><strong>sicut</strong></span> <span class='ocrx_word' id='word_1_171' title='bbox 3237 978 3440 1023; x_wconf 85' lang='lat' dir='ltr'><strong>torrens</strong></span> <span class='ocrx_word' id='word_1_172' title='bbox 3485 971 3543 1025; x_wconf 88' lang='lat' dir='ltr'><strong>in</strong></span> <span class='ocrx_word' id='word_1_173' title='bbox 3586 970 3781 1026; x_wconf 81' lang='lat' dir='ltr'><strong>Austro</strong></span> 
     </span>
    </p>
   </div>
   <div class='ocr_carea' id='block_1_24' title="bbox 2176 1049 3779 1131">
    <p class='ocr_par' dir='ltr' id='par_1_24' title="bbox 2176 1049 3779 1131">
     <span class='ocr_line' id='line_1_24' title="bbox 2176 1049 3779 1131; baseline 0.002 -19"><span class='ocrx_word' id='word_1_174' title='bbox 2176 1057 2350 1131; x_wconf 87' lang='lat' dir='ltr'><strong>(Psal.</strong></span> <span class='ocrx_word' id='word_1_175' title='bbox 2377 1074 2538 1126; x_wconf 83' lang='lat' dir='ltr'><strong>cxxv,</strong></span> <span class='ocrx_word' id='word_1_176' title='bbox 2564 1057 2854 1129; x_wconf 66' lang='lat' dir='ltr'><strong>4).Surgat</strong></span> <span class='ocrx_word' id='word_1_177' title='bbox 2876 1071 3006 1127; x_wconf 89' lang='lat' dir='ltr'><strong>ergo</strong></span> <span class='ocrx_word' id='word_1_178' title='bbox 3034 1058 3251 1128; x_wconf 87' lang='lat' dir='ltr'><strong>Aquilo,</strong></span> <span class='ocrx_word' id='word_1_179' title='bbox 3271 1071 3323 1115; x_wconf 91' lang='lat' dir='ltr'><strong>et</strong></span> <span class='ocrx_word' id='word_1_180' title='bbox 3351 1059 3533 1115; x_wconf 83' lang='lat' dir='ltr'><strong>veniat</strong></span> <span class='ocrx_word' id='word_1_181' title='bbox 3560 1049 3779 1125; x_wconf 62' lang='lat' dir='ltr'><strong>Austei&quot;,</strong></span> 
     </span>
    </p>
   </div>
   <div class='ocr_carea' id='block_1_25' title="bbox 2174 1148 3778 1221">
    <p class='ocr_par' dir='ltr' id='par_1_25' title="bbox 2174 1148 3778 1221">
     <span class='ocr_line' id='line_1_25' title="bbox 2174 1148 3778 1221; baseline 0.001 -16"><span class='ocrx_word' id='word_1_182' title='bbox 2174 1158 2232 1205; x_wconf 91' lang='lat' dir='ltr'><strong>et</strong></span> <span class='ocrx_word' id='word_1_183' title='bbox 2273 1148 2469 1221; x_wconf 79' lang='lat' dir='ltr'><strong>perﬂet</strong></span> <span class='ocrx_word' id='word_1_184' title='bbox 2513 1150 2728 1205; x_wconf 85' lang='lat' dir='ltr'><strong>hortum</strong></span> <span class='ocrx_word' id='word_1_185' title='bbox 2759 1148 2991 1220; x_wconf 69' lang='lat' dir='ltr'><strong>Sponsi,</strong></span> <span class='ocrx_word' id='word_1_186' title='bbox 3019 1158 3075 1206; x_wconf 91' lang='lat' dir='ltr'><strong>et</strong></span> <span class='ocrx_word' id='word_1_187' title='bbox 3111 1148 3280 1205; x_wconf 88' lang='lat' dir='ltr'><strong>ﬂuant</strong></span> <span class='ocrx_word' id='word_1_188' title='bbox 3308 1160 3555 1207; x_wconf 85' lang='lat' dir='ltr'><strong>aromata</strong></span> <span class='ocrx_word' id='word_1_189' title='bbox 3593 1152 3778 1219; x_wconf 83' lang='lat' dir='ltr'><strong>illius;</strong></span> 
     </span>
    </p>
   </div>
   <div class='ocr_carea' id='block_1_26' title="bbox 2173 1240 3783 1312">
    <p class='ocr_par' dir='ltr' id='par_1_26' title="bbox 2173 1240 3783 1312">
     <span class='ocr_line' id='line_1_26' title="bbox 2173 1240 3783 1312; baseline 0.002 -16"><span class='ocrx_word' id='word_1_190' title='bbox 2173 1248 2234 1296; x_wconf 93' lang='lat' dir='ltr'><strong>ut</strong></span> <span class='ocrx_word' id='word_1_191' title='bbox 2262 1240 2511 1297; x_wconf 85' lang='lat' dir='ltr'><strong>videlicet</strong></span> <span class='ocrx_word' id='word_1_192' title='bbox 2540 1241 2762 1311; x_wconf 89' lang='lat' dir='ltr'><strong>spiritus</strong></span> <span class='ocrx_word' id='word_1_193' title='bbox 2781 1241 3048 1312; x_wconf 88' lang='lat' dir='ltr'><strong>malignus</strong></span> <span class='ocrx_word' id='word_1_194' title='bbox 3076 1241 3143 1296; x_wconf 91' lang='lat' dir='ltr'><strong>ab</strong></span> <span class='ocrx_word' id='word_1_195' title='bbox 3171 1242 3412 1299; x_wconf 84' lang='lat' dir='ltr'><strong>Ecclesia</strong></span> <span class='ocrx_word' id='word_1_196' title='bbox 3435 1243 3522 1299; x_wconf 84' lang='lat' dir='ltr'><strong>vel</strong></span> <span class='ocrx_word' id='word_1_197' title='bbox 3551 1244 3620 1298; x_wconf 87' lang='lat' dir='ltr'><strong>ab</strong></span> <span class='ocrx_word' id='word_1_198' title='bbox 3648 1259 3783 1299; x_wconf 78' lang='lat' dir='ltr'><strong>una-</strong></span> 
     </span>
    </p>
   </div>
   <div class='ocr_carea' id='block_1_27' title="bbox 2173 1334 3777 1407">
    <p class='ocr_par' dir='ltr' id='par_1_27' title="bbox 2173 1334 3777 1407">
     <span class='ocr_line' id='line_1_27' title="bbox 2173 1334 3777 1407; baseline 0.001 -16"><span class='ocrx_word' id='word_1_199' title='bbox 2173 1351 2390 1407; x_wconf 90' lang='lat' dir='ltr'><strong>quaque</strong></span> <span class='ocrx_word' id='word_1_200' title='bbox 2414 1336 2595 1391; x_wconf 88' lang='lat' dir='ltr'><strong>anima</strong></span> <span class='ocrx_word' id='word_1_201' title='bbox 2626 1336 2900 1405; x_wconf 79' lang='lat' dir='ltr'><strong>discedat,</strong></span> <span class='ocrx_word' id='word_1_202' title='bbox 2922 1344 2977 1391; x_wconf 88' lang='lat' dir='ltr'><strong>et</strong></span> <span class='ocrx_word' id='word_1_203' title='bbox 3004 1334 3236 1406; x_wconf 88' lang='lat' dir='ltr'><strong>Spiritus</strong></span> <span class='ocrx_word' id='word_1_204' title='bbox 3258 1344 3479 1392; x_wconf 87' lang='lat' dir='ltr'><strong>sanctus</strong></span> <span class='ocrx_word' id='word_1_205' title='bbox 3506 1336 3777 1392; x_wconf 81' lang='lat' dir='ltr'><strong>adveniat.</strong></span> 
     </span>
    </p>
   </div>
   <div class='ocr_carea' id='block_1_28' title="bbox 2174 1426 3779 1498">
    <p class='ocr_par' dir='ltr' id='par_1_28' title="bbox 2174 1426 3779 1498">
     <span class='ocr_line' id='line_1_28' title="bbox 2174 1426 3779 1498; baseline 0.001 -16"><span class='ocrx_word' id='word_1_206' title='bbox 2174 1426 2276 1495; x_wconf 85' lang='lat' dir='ltr'><strong>Qui</strong></span> <span class='ocrx_word' id='word_1_207' title='bbox 2306 1428 2526 1483; x_wconf 86' lang='lat' dir='ltr'><strong>veniens</strong></span> <span class='ocrx_word' id='word_1_208' title='bbox 2550 1427 2828 1483; x_wconf 90' lang='lat' dir='ltr'><strong>charitatis</strong></span> <span class='ocrx_word' id='word_1_209' title='bbox 2857 1427 3038 1497; x_wconf 90' lang='lat' dir='ltr'><strong>ignem</strong></span> <span class='ocrx_word' id='word_1_210' title='bbox 3059 1428 3475 1498; x_wconf 87' lang='lat' dir='ltr'><strong>cogitationibus</strong></span> <span class='ocrx_word' id='word_1_211' title='bbox 3503 1428 3779 1496; x_wconf 81' lang='lat' dir='ltr'><strong>infundat,</strong></span> 
     </span>
    </p>
   </div>
   <div class='ocr_carea' id='block_1_29' title="bbox 2174 1518 3773 1593">
    <p class='ocr_par' dir='ltr' id='par_1_29' title="bbox 2174 1518 3773 1593">
     <span class='ocr_line' id='line_1_29' title="bbox 2174 1518 3773 1593; baseline 0.001 -17"><span class='ocrx_word' id='word_1_212' title='bbox 2174 1529 2228 1576; x_wconf 91' lang='lat' dir='ltr'><strong>ct</strong></span> <span class='ocrx_word' id='word_1_213' title='bbox 2267 1536 2298 1575; x_wconf 90' lang='lat' dir='ltr'><strong>a</strong></span> <span class='ocrx_word' id='word_1_214' title='bbox 2338 1529 2557 1592; x_wconf 85' lang='lat' dir='ltr'><strong>torpore</strong></span> <span class='ocrx_word' id='word_1_215' title='bbox 2602 1521 2942 1593; x_wconf 61' lang='lat' dir='ltr'><strong>negligentia!</strong></span> <span class='ocrx_word' id='word_1_216' title='bbox 2993 1521 3121 1576; x_wconf 87' lang='lat' dir='ltr'><strong>dum</strong></span> <span class='ocrx_word' id='word_1_217' title='bbox 3162 1536 3222 1576; x_wconf 90' lang='lat' dir='ltr'><strong>se</strong></span> <span class='ocrx_word' id='word_1_218' title='bbox 3261 1518 3773 1585; x_wconf 82' lang='lat' dir='ltr'><strong>infuderit,solvat.</strong></span> 
     </span>
    </p>
   </div>
   <div class='ocr_carea' id='block_1_30' title="bbox 2174 1613 3779 1685">
    <p class='ocr_par' dir='ltr' id='par_1_30' title="bbox 2174 1613 3779 1685">
     <span class='ocr_line' id='line_1_30' title="bbox 2174 1613 3779 1685; baseline 0.002 -17"><span class='ocrx_word' id='word_1_219' title='bbox 2174 1613 2328 1682; x_wconf 88' lang='lat' dir='ltr'><strong>Quod</strong></span> <span class='ocrx_word' id='word_1_220' title='bbox 2376 1614 2502 1670; x_wconf 88' lang='lat' dir='ltr'><strong>dum</strong></span> <span class='ocrx_word' id='word_1_221' title='bbox 2545 1615 2697 1685; x_wconf 85' lang='lat' dir='ltr'><strong>agit,</strong></span> <span class='ocrx_word' id='word_1_222' title='bbox 2724 1623 2965 1670; x_wconf 89' lang='lat' dir='ltr'><strong>aromata</strong></span> <span class='ocrx_word' id='word_1_223' title='bbox 3011 1614 3226 1683; x_wconf 90' lang='lat' dir='ltr'><strong>ﬂuunt;</strong></span> <span class='ocrx_word' id='word_1_224' title='bbox 3254 1616 3380 1685; x_wconf 90' lang='lat' dir='ltr'><strong>quia</strong></span> <span class='ocrx_word' id='word_1_225' title='bbox 3430 1616 3565 1671; x_wconf 80' lang='lat' dir='ltr'><strong>dum</strong></span> <span class='ocrx_word' id='word_1_226' title='bbox 3611 1615 3779 1671; x_wconf 85' lang='lat' dir='ltr'><strong>adve-</strong></span> 
     </span>
    </p>
   </div>
   <div class='ocr_carea' id='block_1_31' title="bbox 2174 1708 3777 1779">
    <p class='ocr_par' dir='ltr' id='par_1_31' title="bbox 2174 1708 3777 1779">
     <span class='ocr_line' id='line_1_31' title="bbox 2174 1708 3777 1779; baseline -0.001 -15"><span class='ocrx_word' id='word_1_227' title='bbox 2174 1709 2356 1765; x_wconf 88' lang='lat' dir='ltr'><strong>niente</strong></span> <span class='ocrx_word' id='word_1_228' title='bbox 2402 1718 2591 1765; x_wconf 80' lang='lat' dir='ltr'><strong>sancto</strong></span> <span class='ocrx_word' id='word_1_229' title='bbox 2621 1708 2856 1779; x_wconf 89' lang='lat' dir='ltr'><strong>Spiritu,</strong></span> <span class='ocrx_word' id='word_1_230' title='bbox 2889 1724 2985 1765; x_wconf 90' lang='lat' dir='ltr'><strong>cor</strong></span> <span class='ocrx_word' id='word_1_231' title='bbox 3010 1709 3155 1778; x_wconf 85' lang='lat' dir='ltr'><strong>quod</strong></span> <span class='ocrx_word' id='word_1_232' title='bbox 3187 1708 3335 1778; x_wconf 85' lang='lat' dir='ltr'><strong>prius</strong></span> <span class='ocrx_word' id='word_1_233' title='bbox 3362 1717 3680 1778; x_wconf 88' lang='lat' dir='ltr'><strong>torpuerat,</strong></span> <span class='ocrx_word' id='word_1_234' title='bbox 3711 1709 3777 1763; x_wconf 87' lang='lat' dir='ltr'><strong>ad</strong></span> 
     </span>
    </p>
   </div>
   <div class='ocr_carea' id='block_1_32' title="bbox 470 1800 3781 1873">
    <p class='ocr_par' dir='ltr' id='par_1_32' title="bbox 470 1800 3781 1873">
     <span class='ocr_line' id='line_1_32' title="bbox 470 1800 3781 1873; baseline 0.001 -18"><span class='ocrx_word' id='word_1_235' title='bbox 470 1811 667 1873; x_wconf 86' lang='lat' dir='ltr'><strong>puteus</strong></span> <span class='ocrx_word' id='word_1_236' title='bbox 712 1815 846 1856; x_wconf 90' lang='lat' dir='ltr'><strong>vero</strong></span> <span class='ocrx_word' id='word_1_237' title='bbox 903 1800 956 1856; x_wconf 89' lang='lat' dir='ltr'><strong>in</strong></span> <span class='ocrx_word' id='word_1_238' title='bbox 1011 1801 1135 1856; x_wconf 88' lang='lat' dir='ltr'><strong>imis</strong></span> <span class='ocrx_word' id='word_1_239' title='bbox 1177 1800 1352 1856; x_wconf 88' lang='lat' dir='ltr'><strong>latens</strong></span> <span class='ocrx_word' id='word_1_240' title='bbox 1379 1832 1395 1867; x_wconf 80' lang='lat'><strong>,</strong></span> <span class='ocrx_word' id='word_1_241' title='bbox 1422 1816 1613 1857; x_wconf 89' lang='lat' dir='ltr'><strong>omnes</strong></span> <span class='ocrx_word' id='word_1_242' title='bbox 1664 1815 1722 1856; x_wconf 87' lang='lat' dir='ltr'><strong>se</strong></span> <span class='ocrx_word' id='word_1_243' title='bbox 1764 1808 2069 1870; x_wconf 69' lang='lat' dir='ltr'><strong>qurerentes</strong></span> <span class='ocrx_word' id='word_1_244' title='bbox 2100 1800 2146 1862; x_wconf 85' lang='grc' dir='ltr'><strong>Β</strong></span> <span class='ocrx_word' id='word_1_245' title='bbox 2174 1817 2341 1871; x_wconf 88' lang='lat' dir='ltr'><strong>opera</strong></span> <span class='ocrx_word' id='word_1_246' title='bbox 2372 1816 2432 1857; x_wconf 91' lang='lat' dir='ltr'><strong>se</strong></span> <span class='ocrx_word' id='word_1_247' title='bbox 2462 1801 2692 1869; x_wconf 67' lang='lat' dir='ltr'><strong>excitat,</strong></span> <span class='ocrx_word' id='word_1_248' title='bbox 2726 1816 2854 1856; x_wconf 89' lang='lat' dir='ltr'><strong>mox</strong></span> <span class='ocrx_word' id='word_1_249' title='bbox 2901 1808 3101 1857; x_wconf 59' lang='lat' dir='ltr'><strong>sancta;</strong></span> <span class='ocrx_word' id='word_1_250' title='bbox 3130 1801 3465 1872; x_wconf 60' lang='lat' dir='ltr'><strong>operationis</strong></span> <span class='ocrx_word' id='word_1_251' title='bbox 3491 1801 3781 1871; x_wconf 81' lang='lat' dir='ltr'><strong>opiniones</strong></span> 
     </span>
    </p>
   </div>
   <div class='ocr_carea' id='block_1_33' title="bbox 470 1891 2063 1963">
    <p class='ocr_par' dir='ltr' id='par_1_33' title="bbox 470 1891 2063 1963">
     <span class='ocr_line' id='line_1_33' title="bbox 470 1891 2063 1963; baseline -0.001 -14"><span class='ocrx_word' id='word_1_252' title='bbox 470 1893 661 1961; x_wconf 77' lang='lat' dir='ltr'><strong>maiori</strong></span> <span class='ocrx_word' id='word_1_253' title='bbox 713 1893 899 1948; x_wconf 84' lang='lat' dir='ltr'><strong>labore</strong></span> <span class='ocrx_word' id='word_1_254' title='bbox 951 1901 1223 1949; x_wconf 76' lang='lat' dir='ltr'><strong>exerceat.</strong></span> <span class='ocrx_word' id='word_1_255' title='bbox 1274 1892 1382 1949; x_wconf 89' lang='lat' dir='ltr'><strong>Sed</strong></span> <span class='ocrx_word' id='word_1_256' title='bbox 1423 1892 1701 1949; x_wconf 86' lang='lat' dir='ltr'><strong>sciendum</strong></span> <span class='ocrx_word' id='word_1_257' title='bbox 1757 1902 1876 1959; x_wconf 86' lang='lat' dir='ltr'><strong>est,</strong></span> <span class='ocrx_word' id='word_1_258' title='bbox 1917 1891 2063 1963; x_wconf 91' lang='lat' dir='ltr'><strong>quod</strong></span> 
     </span>
    </p>
   </div>
   <div class='ocr_carea' id='block_1_34' title="bbox 470 1981 2060 2055">
    <p class='ocr_par' dir='ltr' id='par_1_34' title="bbox 470 1981 2060 2055">
     <span class='ocr_line' id='line_1_34' title="bbox 470 1981 2060 2055; baseline 0.001 -18"><span class='ocrx_word' id='word_1_259' title='bbox 470 1982 650 2038; x_wconf 87' lang='lat' dir='ltr'><strong>divina</strong></span> <span class='ocrx_word' id='word_1_260' title='bbox 680 1981 959 2053; x_wconf 88' lang='lat' dir='ltr'><strong>Scriptura</strong></span> <span class='ocrx_word' id='word_1_261' title='bbox 1000 1984 1051 2037; x_wconf 90' lang='lat' dir='ltr'><strong>in</strong></span> <span class='ocrx_word' id='word_1_262' title='bbox 1095 1984 1415 2055; x_wconf 88' lang='lat' dir='ltr'><strong>quibusdam</strong></span> <span class='ocrx_word' id='word_1_263' title='bbox 1464 1985 1750 2040; x_wconf 87' lang='lat' dir='ltr'><strong>manilesta</strong></span> <span class='ocrx_word' id='word_1_264' title='bbox 1781 1985 2021 2041; x_wconf 78' lang='lat' dir='ltr'><strong>existens</strong></span> <span class='ocrx_word' id='word_1_265' title='bbox 2044 2025 2060 2051; x_wconf 91' lang='lat'><strong>,</strong></span> 
     </span>
    </p>
   </div>
   <div class='ocr_carea' id='block_1_35' title="bbox 469 2074 2065 2146">
    <p class='ocr_par' dir='ltr' id='par_1_35' title="bbox 469 2074 2065 2146">
     <span class='ocr_line' id='line_1_35' title="bbox 469 2074 2065 2146; baseline -0.001 -15"><span class='ocrx_word' id='word_1_266' title='bbox 469 2074 526 2131; x_wconf 88' lang='lat' dir='ltr'><strong>in</strong></span> <span class='ocrx_word' id='word_1_267' title='bbox 582 2074 900 2142; x_wconf 89' lang='lat' dir='ltr'><strong>quibusdam</strong></span> <span class='ocrx_word' id='word_1_268' title='bbox 940 2089 1070 2129; x_wconf 88' lang='lat' dir='ltr'><strong>vero</strong></span> <span class='ocrx_word' id='word_1_269' title='bbox 1102 2074 1235 2130; x_wconf 85' lang='lat' dir='ltr'><strong>locis</strong></span> <span class='ocrx_word' id='word_1_270' title='bbox 1285 2075 1571 2131; x_wconf 87' lang='lat' dir='ltr'><strong>obscuram</strong></span> <span class='ocrx_word' id='word_1_271' title='bbox 1613 2091 1671 2132; x_wconf 90' lang='lat' dir='ltr'><strong>se</strong></span> <span class='ocrx_word' id='word_1_272' title='bbox 1701 2075 1978 2146; x_wconf 62' lang='lat' dir='ltr'><strong>prrbens,</strong></span> <span class='ocrx_word' id='word_1_273' title='bbox 2008 2082 2065 2130; x_wconf 89' lang='lat' dir='ltr'><strong>et</strong></span> 
     </span>
    </p>
   </div>
   <div class='ocr_carea' id='block_1_36' title="bbox 469 2167 2063 2242">
    <p class='ocr_par' dir='ltr' id='par_1_36' title="bbox 469 2167 2063 2242">
     <span class='ocr_line' id='line_1_36' title="bbox 469 2167 2063 2242; baseline 0.002 -20"><span class='ocrx_word' id='word_1_274' title='bbox 469 2168 759 2238; x_wconf 88' lang='lat' dir='ltr'><strong>aliquando</strong></span> <span class='ocrx_word' id='word_1_275' title='bbox 810 2167 1003 2223; x_wconf 87' lang='lat' dir='ltr'><strong>leviter</strong></span> <span class='ocrx_word' id='word_1_276' title='bbox 1058 2169 1198 2223; x_wconf 91' lang='lat' dir='ltr'><strong>sicut</strong></span> <span class='ocrx_word' id='word_1_277' title='bbox 1256 2169 1571 2237; x_wconf 81' lang='lat' dir='ltr'><strong>invenitur,</strong></span> <span class='ocrx_word' id='word_1_278' title='bbox 1629 2180 1885 2242; x_wconf 86' lang='lat' dir='ltr'><strong>tanquam</strong></span> <span class='ocrx_word' id='word_1_279' title='bbox 1943 2169 2063 2226; x_wconf 89' lang='lat' dir='ltr'><strong>fons</strong></span> 
     </span>
    </p>
   </div>
   <div class='ocr_carea' id='block_1_37' title="bbox 467 2260 2065 2333">
    <p class='ocr_par' dir='ltr' id='par_1_37' title="bbox 467 2260 2065 2333">
     <span class='ocr_line' id='line_1_37' title="bbox 467 2260 2065 2333; baseline 0 -18"><span class='ocrx_word' id='word_1_280' title='bbox 467 2268 711 2333; x_wconf 75' lang='lat' dir='ltr'><strong>potatur,</strong></span> <span class='ocrx_word' id='word_1_281' title='bbox 738 2268 794 2314; x_wconf 85' lang='lat' dir='ltr'><strong>et</strong></span> <span class='ocrx_word' id='word_1_282' title='bbox 818 2260 1107 2329; x_wconf 83' lang='lat' dir='ltr'><strong>aliquando</strong></span> <span class='ocrx_word' id='word_1_283' title='bbox 1139 2275 1334 2331; x_wconf 85' lang='lat' dir='ltr'><strong>magna</strong></span> <span class='ocrx_word' id='word_1_284' title='bbox 1377 2262 1727 2332; x_wconf 87' lang='lat' dir='ltr'><strong>inquisitione</strong></span> <span class='ocrx_word' id='word_1_285' title='bbox 1757 2272 1782 2299; x_wconf 76' lang='grc' dir='ltr'>ιι</span> <span class='ocrx_word' id='word_1_286' title='bbox 1814 2270 1937 2331; x_wconf 87' lang='lat' dir='ltr'><strong>eget</strong></span> <span class='ocrx_word' id='word_1_287' title='bbox 1960 2302 1975 2329; x_wconf 90' lang='lat'><strong>,</strong></span> <span class='ocrx_word' id='word_1_288' title='bbox 2006 2270 2065 2316; x_wconf 92' lang='lat' dir='ltr'><strong>ut</strong></span> 
     </span>
    </p>
   </div>
   <div class='ocr_carea' id='block_1_38' title="bbox 466 2350 2064 2423">
    <p class='ocr_par' dir='ltr' id='par_1_38' title="bbox 466 2350 2064 2423">
     <span class='ocr_line' id='line_1_38' title="bbox 466 2350 2064 2423; baseline 0.001 -17"><span class='ocrx_word' id='word_1_289' title='bbox 466 2350 684 2406; x_wconf 85' lang='lat' dir='ltr'><strong>inventa</strong></span> <span class='ocrx_word' id='word_1_290' title='bbox 713 2360 977 2407; x_wconf 88' lang='lat' dir='ltr'><strong>sumatur.</strong></span> <span class='ocrx_word' id='word_1_291' title='bbox 1012 2352 1166 2418; x_wconf 90' lang='lat' dir='ltr'><strong>Quod</strong></span> <span class='ocrx_word' id='word_1_292' title='bbox 1197 2368 1329 2409; x_wconf 87' lang='lat' dir='ltr'><strong>vero</strong></span> <span class='ocrx_word' id='word_1_293' title='bbox 1352 2363 1555 2408; x_wconf 73' lang='lat' dir='ltr'><strong>sancta:</strong></span> <span class='ocrx_word' id='word_1_294' title='bbox 1584 2353 1877 2423; x_wconf 70' lang='lat' dir='ltr'><strong>Scriptura)</strong></span> <span class='ocrx_word' id='word_1_295' title='bbox 1906 2353 2064 2408; x_wconf 89' lang='lat' dir='ltr'><strong>intel-</strong></span> 
     </span>
    </p>
   </div>
   <div class='ocr_carea' id='block_1_39' title="bbox 464 2443 2062 2516">
    <p class='ocr_par' dir='ltr' id='par_1_39' title="bbox 464 2443 2062 2516">
     <span class='ocr_line' id='line_1_39' title="bbox 464 2443 2062 2516; baseline 0.001 -17"><span class='ocrx_word' id='word_1_296' title='bbox 464 2443 639 2500; x_wconf 89' lang='lat' dir='ltr'><strong>lectus</strong></span> <span class='ocrx_word' id='word_1_297' title='bbox 665 2460 763 2515; x_wconf 88' lang='lat' dir='ltr'><strong>per</strong></span> <span class='ocrx_word' id='word_1_298' title='bbox 810 2458 1009 2516; x_wconf 88' lang='lat' dir='ltr'><strong>aquam</strong></span> <span class='ocrx_word' id='word_1_299' title='bbox 1057 2444 1386 2516; x_wconf 83' lang='lat' dir='ltr'><strong>designetur,</strong></span> <span class='ocrx_word' id='word_1_300' title='bbox 1436 2445 1739 2500; x_wconf 86' lang='lat' dir='ltr'><strong>ostenditur</strong></span> <span class='ocrx_word' id='word_1_301' title='bbox 1779 2445 1905 2500; x_wconf 91' lang='lat' dir='ltr'><strong>alibi</strong></span> <span class='ocrx_word' id='word_1_302' title='bbox 1939 2460 2062 2501; x_wconf 89' lang='lat' dir='ltr'><strong>cum</strong></span> 
     </span>
    </p>
   </div>
   <div class='ocr_carea' id='block_1_40' title="bbox 462 2535 2064 2607">
    <p class='ocr_par' dir='ltr' id='par_1_40' title="bbox 462 2535 2064 2607">
     <span class='ocr_line' id='line_1_40' title="bbox 462 2535 2064 2607; baseline 0.002 -16"><span class='ocrx_word' id='word_1_303' title='bbox 462 2535 642 2592; x_wconf 88' lang='lat' dir='ltr'><strong>divina</strong></span> <span class='ocrx_word' id='word_1_304' title='bbox 694 2552 831 2593; x_wconf 89' lang='lat' dir='ltr'><strong>voce</strong></span> <span class='ocrx_word' id='word_1_305' title='bbox 869 2538 937 2592; x_wconf 89' lang='lat' dir='ltr'><strong>de</strong></span> <span class='ocrx_word' id='word_1_306' title='bbox 976 2537 1221 2607; x_wconf 84' lang='lat' dir='ltr'><strong>reprohis</strong></span> <span class='ocrx_word' id='word_1_307' title='bbox 1272 2537 1494 2593; x_wconf 90' lang='lat' dir='ltr'><strong>dicitur:</strong></span> <span class='ocrx_word' id='word_1_308' title='bbox 1548 2536 1760 2592; x_wconf 81' lang='lat' dir='ltr'><strong>Mittam</strong></span> <span class='ocrx_word' id='word_1_309' title='bbox 1801 2540 1878 2592; x_wconf 86' lang='lat' dir='ltr'><strong>eis</strong></span> <span class='ocrx_word' id='word_1_310' title='bbox 1922 2540 2064 2595; x_wconf 80' lang='lat' dir='ltr'><strong>sitim</strong></span> 
     </span>
    </p>
   </div>
   <div class='ocr_carea' id='block_1_41' title="bbox 464 2628 2065 2701">
    <p class='ocr_par' dir='ltr' id='par_1_41' title="bbox 464 2628 2065 2701">
     <span class='ocr_line' id='line_1_41' title="bbox 464 2628 2065 2701; baseline 0.002 -17"><span class='ocrx_word' id='word_1_311' title='bbox 464 2645 660 2700; x_wconf 67' lang='lat' dir='ltr'><strong>aqua,</strong></span> <span class='ocrx_word' id='word_1_312' title='bbox 716 2637 763 2684; x_wconf 86' lang='lat' dir='ltr'><strong>et</strong></span> <span class='ocrx_word' id='word_1_313' title='bbox 822 2630 1009 2701; x_wconf 77' lang='lat' dir='ltr'><strong>{amem</strong></span> <span class='ocrx_word' id='word_1_314' title='bbox 1062 2630 1217 2699; x_wconf 82' lang='lat' dir='ltr'><strong>panis</strong></span> <span class='ocrx_word' id='word_1_315' title='bbox 1263 2629 1457 2701; x_wconf 81' lang='lat' dir='ltr'><strong>(Amos</strong></span> <span class='ocrx_word' id='word_1_316' title='bbox 1508 2646 1637 2699; x_wconf 80' lang='lat' dir='ltr'><strong>Vill,</strong></span> <span class='ocrx_word' id='word_1_317' title='bbox 1693 2629 1805 2701; x_wconf 84' lang='grc' dir='ltr'><strong>Η).</strong></span> <span class='ocrx_word' id='word_1_318' title='bbox 1861 2628 1926 2684; x_wconf 88' lang='lat' dir='ltr'><strong>Et</strong></span> <span class='ocrx_word' id='word_1_319' title='bbox 1967 2644 2065 2701; x_wconf 88' lang='lat' dir='ltr'><strong>per</strong></span> 
     </span>
    </p>
   </div>
   <div class='ocr_carea' id='block_1_42' title="bbox 462 2722 2065 2796">
    <p class='ocr_par' dir='ltr' id='par_1_42' title="bbox 462 2722 2065 2796">
     <span class='ocr_line' id='line_1_42' title="bbox 462 2722 2065 2796; baseline 0.002 -18"><span class='ocrx_word' id='word_1_320' title='bbox 462 2722 657 2779; x_wconf 84' lang='lat' dir='ltr'><strong>Isaiam</strong></span> <span class='ocrx_word' id='word_1_321' title='bbox 712 2724 938 2780; x_wconf 87' lang='lat' dir='ltr'><strong>dicitur:</strong></span> <span class='ocrx_word' id='word_1_322' title='bbox 984 2724 1196 2796; x_wconf 80' lang='lat' dir='ltr'><strong>Auferet</strong></span> <span class='ocrx_word' id='word_1_323' title='bbox 1242 2723 1495 2780; x_wconf 78' lang='lat' dir='ltr'><strong>Dominus</strong></span> <span class='ocrx_word' id='word_1_324' title='bbox 1550 2725 1614 2781; x_wconf 83' lang='lat' dir='ltr'><strong>ab</strong></span> <span class='ocrx_word' id='word_1_325' title='bbox 1665 2725 1958 2782; x_wconf 77' lang='lat' dir='ltr'><strong>Jerusalem</strong></span> <span class='ocrx_word' id='word_1_326' title='bbox 2013 2735 2065 2782; x_wconf 86' lang='lat' dir='ltr'><strong>et</strong></span> 
     </span>
    </p>
   </div>
   <div class='ocr_carea' id='block_1_43' title="bbox 464 2815 2059 2893">
    <p class='ocr_par' dir='ltr' id='par_1_43' title="bbox 464 2815 2059 2893">
     <span class='ocr_line' id='line_1_43' title="bbox 464 2815 2059 2893; baseline 0.004 -23"><span class='ocrx_word' id='word_1_327' title='bbox 464 2815 608 2871; x_wconf 84' lang='lat' dir='ltr'><strong>Juda</strong></span> <span class='ocrx_word' id='word_1_328' title='bbox 661 2833 813 2873; x_wconf 84' lang='lat' dir='ltr'><strong>omne</strong></span> <span class='ocrx_word' id='word_1_329' title='bbox 855 2816 1011 2873; x_wconf 83' lang='lat' dir='ltr'><strong>robur</strong></span> <span class='ocrx_word' id='word_1_330' title='bbox 1048 2818 1197 2889; x_wconf 79' lang='lat' dir='ltr'><strong>panis</strong></span> <span class='ocrx_word' id='word_1_331' title='bbox 1226 2827 1275 2872; x_wconf 81' lang='lat' dir='ltr'><strong>et</strong></span> <span class='ocrx_word' id='word_1_332' title='bbox 1327 2835 1478 2875; x_wconf 83' lang='lat' dir='ltr'><strong>omne</strong></span> <span class='ocrx_word' id='word_1_333' title='bbox 1518 2818 1676 2875; x_wconf 85' lang='lat' dir='ltr'><strong>robur</strong></span> <span class='ocrx_word' id='word_1_334' title='bbox 1704 2837 1853 2893; x_wconf 72' lang='lat' dir='ltr'><strong>aqua</strong></span> <span class='ocrx_word' id='word_1_335' title='bbox 1885 2819 2059 2892; x_wconf 83' lang='lat' dir='ltr'><strong>(Isai.</strong></span> 
     </span>
    </p>
   </div>
   <div class='ocr_carea' id='block_1_44' title="bbox 464 2908 2067 2986">
    <p class='ocr_par' dir='ltr' id='par_1_44' title="bbox 464 2908 2067 2986">
     <span class='ocr_line' id='line_1_44' title="bbox 464 2908 2067 2986; baseline 0.003 -21"><span class='ocrx_word' id='word_1_336' title='bbox 464 2924 544 2974; x_wconf 88' lang='grc' dir='ltr'>ιιι,</span> <span class='ocrx_word' id='word_1_337' title='bbox 574 2909 666 2979; x_wconf 93' lang='grc'><strong>1).</strong></span> <span class='ocrx_word' id='word_1_338' title='bbox 702 2908 805 2964; x_wconf 86' lang='lat' dir='ltr'><strong>Ubi</strong></span> <span class='ocrx_word' id='word_1_339' title='bbox 853 2911 1147 2966; x_wconf 86' lang='lat' dir='ltr'><strong>notandum</strong></span> <span class='ocrx_word' id='word_1_340' title='bbox 1167 2950 1182 2975; x_wconf 87' lang='lat'><strong>,</strong></span> <span class='ocrx_word' id='word_1_341' title='bbox 1214 2912 1363 2980; x_wconf 86' lang='lat' dir='ltr'><strong>quod</strong></span> <span class='ocrx_word' id='word_1_342' title='bbox 1397 2916 1561 2968; x_wconf 77' lang='lat' dir='ltr'><strong>robur</strong></span> <span class='ocrx_word' id='word_1_343' title='bbox 1593 2915 1745 2984; x_wconf 89' lang='lat' dir='ltr'><strong>panis</strong></span> <span class='ocrx_word' id='word_1_344' title='bbox 1790 2916 1939 2986; x_wconf 91' lang='lat' dir='ltr'><strong>prius</strong></span> <span class='ocrx_word' id='word_1_345' title='bbox 1959 2957 1976 2983; x_wconf 91' lang='lat'><strong>,</strong></span> <span class='ocrx_word' id='word_1_346' title='bbox 2009 2922 2067 2970; x_wconf 90' lang='lat' dir='ltr'><strong>et</strong></span> 
     </span>
    </p>
   </div>
   <div class='ocr_carea' id='block_1_45' title="bbox 466 2999 2062 3075">
    <p class='ocr_par' dir='ltr' id='par_1_45' title="bbox 466 2999 2062 3075">
     <span class='ocr_line' id='line_1_45' title="bbox 466 2999 2062 3075; baseline 0.006 -23"><span class='ocrx_word' id='word_1_347' title='bbox 466 3006 659 3067; x_wconf 87' lang='lat' dir='ltr'><strong>postea</strong></span> <span class='ocrx_word' id='word_1_348' title='bbox 687 2999 850 3052; x_wconf 88' lang='lat' dir='ltr'><strong>rohur</strong></span> <span class='ocrx_word' id='word_1_349' title='bbox 880 3016 1033 3068; x_wconf 70' lang='lat' dir='ltr'><strong>aqua:</strong></span> <span class='ocrx_word' id='word_1_350' title='bbox 1061 3000 1322 3056; x_wconf 82' lang='lat' dir='ltr'><strong>aufertur.</strong></span> <span class='ocrx_word' id='word_1_351' title='bbox 1364 3002 1500 3057; x_wconf 91' lang='lat' dir='ltr'><strong>Dum</strong></span> <span class='ocrx_word' id='word_1_352' title='bbox 1531 3006 1674 3059; x_wconf 82' lang='lat' dir='ltr'><strong>enim</strong></span> <span class='ocrx_word' id='word_1_353' title='bbox 1704 3007 1889 3075; x_wconf 84' lang='lat' dir='ltr'><strong>gravia</strong></span> <span class='ocrx_word' id='word_1_354' title='bbox 1918 3007 2062 3063; x_wconf 89' lang='lat' dir='ltr'><strong>dicta</strong></span> 
     </span>
    </p>
   </div>
   <div class='ocr_carea' id='block_1_46' title="bbox 468 3087 2061 3169">
    <p class='ocr_par' dir='ltr' id='par_1_46' title="bbox 468 3087 2061 3169">
     <span class='ocr_line' id='line_1_46' title="bbox 468 3087 2061 3169; baseline 0.006 -25"><span class='ocrx_word' id='word_1_355' title='bbox 468 3087 760 3158; x_wconf 72' lang='lat' dir='ltr'><strong>Scriptum</strong></span> <span class='ocrx_word' id='word_1_356' title='bbox 790 3104 898 3144; x_wconf 87' lang='lat' dir='ltr'><strong>non</strong></span> <span class='ocrx_word' id='word_1_357' title='bbox 932 3092 1315 3161; x_wconf 81' lang='lat' dir='ltr'><strong>perquirumur</strong></span> <span class='ocrx_word' id='word_1_358' title='bbox 1343 3102 1401 3149; x_wconf 89' lang='lat' dir='ltr'><strong>ut</strong></span> <span class='ocrx_word' id='word_1_359' title='bbox 1428 3096 1771 3165; x_wconf 76' lang='lat' dir='ltr'><strong>mandantur,</strong></span> <span class='ocrx_word' id='word_1_360' title='bbox 1807 3100 2061 3169; x_wconf 83' lang='lat' dir='ltr'><strong>paulatim</strong></span> 
     </span>
    </p>
   </div>
   <div class='ocr_carea' id='block_1_47' title="bbox 2168 1890 3778 1963">
    <p class='ocr_par' dir='ltr' id='par_1_47' title="bbox 2168 1890 3778 1963">
     <span class='ocr_line' id='line_1_47' title="bbox 2168 1890 3778 1963; baseline 0.001 -18"><span class='ocrx_word' id='word_1_361' title='bbox 2168 1906 2269 1963; x_wconf 91' lang='lat' dir='ltr'><strong>per</strong></span> <span class='ocrx_word' id='word_1_362' title='bbox 2285 1891 2561 1961; x_wconf 90' lang='lat' dir='ltr'><strong>proximos</strong></span> <span class='ocrx_word' id='word_1_363' title='bbox 2589 1905 2836 1961; x_wconf 89' lang='lat' dir='ltr'><strong>quosque</strong></span> <span class='ocrx_word' id='word_1_364' title='bbox 2860 1890 3099 1947; x_wconf 87' lang='lat' dir='ltr'><strong>suaviter</strong></span> <span class='ocrx_word' id='word_1_365' title='bbox 3122 1890 3436 1946; x_wconf 90' lang='lat' dir='ltr'><strong>discurrunt</strong></span> <span class='ocrx_word' id='word_1_366' title='bbox 3453 1929 3470 1955; x_wconf 93' lang='lat'><strong>,</strong></span> <span class='ocrx_word' id='word_1_367' title='bbox 3491 1900 3554 1946; x_wconf 90' lang='lat' dir='ltr'><strong>ut</strong></span> <span class='ocrx_word' id='word_1_368' title='bbox 3580 1892 3778 1963; x_wconf 79' lang='lat' dir='ltr'><strong>quique</strong></span> 
     </span>
    </p>
   </div>
   <div class='ocr_carea' id='block_1_48' title="bbox 2167 1980 3776 2049">
    <p class='ocr_par' dir='ltr' id='par_1_48' title="bbox 2167 1980 3776 2049">
     <span class='ocr_line' id='line_1_48' title="bbox 2167 1980 3776 2049; baseline 0 -14"><span class='ocrx_word' id='word_1_369' title='bbox 2167 1982 2449 2036; x_wconf 88' lang='lat' dir='ltr'><strong>audientes</strong></span> <span class='ocrx_word' id='word_1_370' title='bbox 2478 1981 2547 2035; x_wconf 93' lang='lat' dir='ltr'><strong>ad</strong></span> <span class='ocrx_word' id='word_1_371' title='bbox 2576 1981 2764 2036; x_wconf 88' lang='lat' dir='ltr'><strong>eadem</strong></span> <span class='ocrx_word' id='word_1_372' title='bbox 2795 1996 2856 2036; x_wconf 89' lang='lat' dir='ltr'><strong>se</strong></span> <span class='ocrx_word' id='word_1_373' title='bbox 2899 1981 3222 2049; x_wconf 84' lang='lat' dir='ltr'><strong>accendant,</strong></span> <span class='ocrx_word' id='word_1_374' title='bbox 3252 1986 3306 2035; x_wconf 88' lang='lat' dir='ltr'><strong>et</strong></span> <span class='ocrx_word' id='word_1_375' title='bbox 3338 1980 3540 2036; x_wconf 77' lang='lat' dir='ltr'><strong>Austro</strong></span> <span class='ocrx_word' id='word_1_376' title='bbox 3570 1980 3737 2036; x_wconf 88' lang='lat' dir='ltr'><strong>ﬂante</strong></span> <span class='ocrx_word' id='word_1_377' title='bbox 3759 2020 3776 2047; x_wconf 89' lang='lat'><strong>,</strong></span> 
     </span>
    </p>
   </div>
   <div class='ocr_carea' id='block_1_49' title="bbox 2171 2071 3777 2143">
    <p class='ocr_par' dir='ltr' id='par_1_49' title="bbox 2171 2071 3777 2143">
     <span class='ocr_line' id='line_1_49' title="bbox 2171 2071 3777 2143; baseline 0.001 -16"><span class='ocrx_word' id='word_1_378' title='bbox 2171 2072 2226 2127; x_wconf 91' lang='lat' dir='ltr'><strong>id</strong></span> <span class='ocrx_word' id='word_1_379' title='bbox 2254 2081 2338 2127; x_wconf 89' lang='lat' dir='ltr'><strong>est</strong></span> <span class='ocrx_word' id='word_1_380' title='bbox 2384 2071 2591 2143; x_wconf 87' lang='lat' dir='ltr'><strong>Spiritu</strong></span> <span class='ocrx_word' id='word_1_381' title='bbox 2637 2080 2828 2129; x_wconf 89' lang='lat' dir='ltr'><strong>sancto</strong></span> <span class='ocrx_word' id='word_1_382' title='bbox 2869 2087 2929 2129; x_wconf 85' lang='lat' dir='ltr'><strong>se</strong></span> <span class='ocrx_word' id='word_1_383' title='bbox 2955 2072 3309 2142; x_wconf 88' lang='lat' dir='ltr'><strong>infundente,</strong></span> <span class='ocrx_word' id='word_1_384' title='bbox 3335 2073 3601 2128; x_wconf 87' lang='lat' dir='ltr'><strong>virtutum</strong></span> <span class='ocrx_word' id='word_1_385' title='bbox 3644 2074 3777 2129; x_wconf 72' lang='grc' dir='ltr'><strong>οὐο-</strong></span> 
     </span>
    </p>
   </div>
   <div class='ocr_carea' id='block_1_50' title="bbox 2165 2163 3774 2236">
    <p class='ocr_par' dir='ltr' id='par_1_50' title="bbox 2165 2163 3774 2236">
     <span class='ocr_line' id='line_1_50' title="bbox 2165 2163 3774 2236; baseline 0.001 -18"><span class='ocrx_word' id='word_1_386' title='bbox 2165 2178 2253 2219; x_wconf 88' lang='lat' dir='ltr'><strong>res</strong></span> <span class='ocrx_word' id='word_1_387' title='bbox 2285 2163 2447 2235; x_wconf 61' lang='lat'><strong>435</strong></span> <span class='ocrx_word' id='word_1_388' title='bbox 2479 2164 2772 2229; x_wconf 87' lang='lat' dir='ltr'><strong>emittant,</strong></span> <span class='ocrx_word' id='word_1_389' title='bbox 2829 2172 2889 2219; x_wconf 90' lang='lat' dir='ltr'><strong>ut</strong></span> <span class='ocrx_word' id='word_1_390' title='bbox 2927 2164 3128 2236; x_wconf 89' lang='lat' dir='ltr'><strong>ubique</strong></span> <span class='ocrx_word' id='word_1_391' title='bbox 3168 2173 3387 2221; x_wconf 88' lang='lat' dir='ltr'><strong>sanctus</strong></span> <span class='ocrx_word' id='word_1_392' title='bbox 3436 2166 3630 2221; x_wconf 81' lang='lat' dir='ltr'><strong>hortus</strong></span> <span class='ocrx_word' id='word_1_393' title='bbox 3679 2164 3774 2221; x_wconf 89' lang='lat' dir='ltr'><strong>ﬂo-</strong></span> 
     </span>
    </p>
   </div>
   <div class='ocr_carea' id='block_1_51' title="bbox 2168 2254 3775 2328">
    <p class='ocr_par' dir='ltr' id='par_1_51' title="bbox 2168 2254 3775 2328">
     <span class='ocr_line' id='line_1_51' title="bbox 2168 2254 3775 2328; baseline 0.001 -18"><span class='ocrx_word' id='word_1_394' title='bbox 2168 2262 2286 2310; x_wconf 91' lang='lat' dir='ltr'><strong>reat</strong></span> <span class='ocrx_word' id='word_1_395' title='bbox 2308 2294 2325 2322; x_wconf 88' lang='lat'><strong>,</strong></span> <span class='ocrx_word' id='word_1_396' title='bbox 2360 2266 2415 2310; x_wconf 90' lang='lat' dir='ltr'><strong>et</strong></span> <span class='ocrx_word' id='word_1_397' title='bbox 2444 2262 2570 2328; x_wconf 86' lang='lat' dir='ltr'><strong>post</strong></span> <span class='ocrx_word' id='word_1_398' title='bbox 2597 2254 2787 2311; x_wconf 88' lang='lat' dir='ltr'><strong>ﬂorem</strong></span> <span class='ocrx_word' id='word_1_399' title='bbox 2814 2255 3023 2312; x_wconf 87' lang='lat' dir='ltr'><strong>fructus</strong></span> <span class='ocrx_word' id='word_1_400' title='bbox 3049 2256 3362 2312; x_wconf 90' lang='lat' dir='ltr'><strong>redolentes</strong></span> <span class='ocrx_word' id='word_1_401' title='bbox 3388 2264 3443 2311; x_wconf 91' lang='lat' dir='ltr'><strong>et</strong></span> <span class='ocrx_word' id='word_1_402' title='bbox 3471 2256 3775 2312; x_wconf 86' lang='lat' dir='ltr'><strong>relicientes</strong></span> 
     </span>
    </p>
   </div>
   <div class='ocr_carea' id='block_1_52' title="bbox 2164 2344 3769 2420">
    <p class='ocr_par' dir='ltr' id='par_1_52' title="bbox 2164 2344 3769 2420">
     <span class='ocr_line' id='line_1_52' title="bbox 2164 2344 3769 2420; baseline 0.001 -19"><span class='ocrx_word' id='word_1_403' title='bbox 2164 2346 2447 2418; x_wconf 85' lang='lat' dir='ltr'><strong>producat.</strong></span> <span class='ocrx_word' id='word_1_404' title='bbox 2478 2344 2538 2401; x_wconf 90' lang='lat' dir='ltr'><strong>ln</strong></span> <span class='ocrx_word' id='word_1_405' title='bbox 2567 2360 2730 2418; x_wconf 89' lang='lat' dir='ltr'><strong>quem</strong></span> <span class='ocrx_word' id='word_1_406' title='bbox 2772 2346 2992 2403; x_wconf 82' lang='lat' dir='ltr'><strong>hortum</strong></span> <span class='ocrx_word' id='word_1_407' title='bbox 3032 2362 3231 2420; x_wconf 86' lang='lat' dir='ltr'><strong>sponsa</strong></span> <span class='ocrx_word' id='word_1_408' title='bbox 3256 2347 3514 2405; x_wconf 85' lang='lat' dir='ltr'><strong>dilectum</strong></span> <span class='ocrx_word' id='word_1_409' title='bbox 3543 2347 3769 2415; x_wconf 75' lang='lat' dir='ltr'><strong>invitat,</strong></span> 
     </span>
    </p>
   </div>
   <div class='ocr_carea' id='block_1_53' title="bbox 2166 2439 2528 2496">
    <p class='ocr_par' dir='ltr' id='par_1_53' title="bbox 2166 2439 2528 2496">
     <span class='ocr_line' id='line_1_53' title="bbox 2166 2439 2528 2496; baseline -0.006 -1"><span class='ocrx_word' id='word_1_410' title='bbox 2166 2453 2289 2495; x_wconf 89' lang='lat' dir='ltr'><strong>cum</strong></span> <span class='ocrx_word' id='word_1_411' title='bbox 2310 2439 2528 2496; x_wconf 83' lang='lat' dir='ltr'><strong>subdit:</strong></span> 
     </span>
    </p>
   </div>
   <div class='ocr_carea' id='block_1_54' title="bbox 2803 2524 3140 2589">
    <p class='ocr_par' dir='ltr' id='par_1_54' title="bbox 2803 2524 3140 2589">
     <span class='ocr_line' id='line_1_54' title="bbox 2803 2524 3140 2589; baseline -0.003 0"><span class='ocrx_word' id='word_1_412' title='bbox 2803 2524 3031 2589; x_wconf 80' lang='lat' dir='ltr'><strong>CAPUT</strong></span> <span class='ocrx_word' id='word_1_413' title='bbox 3071 2531 3140 2588; x_wconf 86' lang='lat' dir='ltr'><strong>V.</strong></span> 
     </span>
    </p>
   </div>
   <div class='ocr_carea' id='block_1_55' title="bbox 2239 2622 3770 2696">
    <p class='ocr_par' dir='ltr' id='par_1_55' title="bbox 2239 2622 3770 2696">
     <span class='ocr_line' id='line_1_55' title="bbox 2239 2622 3770 2696; baseline 0.001 -17"><span class='ocrx_word' id='word_1_414' title='bbox 2239 2622 2412 2696; x_wconf 80' lang='lat' dir='ltr'><strong>(Cap.</strong></span> <span class='ocrx_word' id='word_1_415' title='bbox 2471 2624 2536 2681; x_wconf 82' lang='lat' dir='ltr'><strong>V.</strong></span> <span class='ocrx_word' id='word_1_416' title='bbox 2566 2624 2823 2682; x_wconf 76' lang='lat' dir='ltr'><strong>—Vers.</strong></span> <span class='ocrx_word' id='word_1_417' title='bbox 2875 2625 2954 2696; x_wconf 81' lang='lat' dir='ltr'><strong>i.)</strong></span> <span class='ocrx_word' id='word_1_418' title='bbox 3002 2624 3191 2681; x_wconf 80' lang='lat' dir='ltr'><strong>Veniat</strong></span> <span class='ocrx_word' id='word_1_419' title='bbox 3245 2624 3462 2680; x_wconf 85' lang='lat' dir='ltr'><strong>dilectus</strong></span> <span class='ocrx_word' id='word_1_420' title='bbox 3518 2641 3666 2680; x_wconf 79' lang='lat' dir='ltr'><strong>meus</strong></span> <span class='ocrx_word' id='word_1_421' title='bbox 3716 2627 3770 2681; x_wconf 74' lang='lat' dir='ltr'><strong>in</strong></span> 
     </span>
    </p>
   </div>
   <div class='ocr_carea' id='block_1_56' title="bbox 2166 2715 3765 2791">
    <p class='ocr_par' dir='ltr' id='par_1_56' title="bbox 2166 2715 3765 2791">
     <span class='ocr_line' id='line_1_56' title="bbox 2166 2715 3765 2791; baseline 0.003 -22"><span class='ocrx_word' id='word_1_422' title='bbox 2166 2715 2367 2772; x_wconf 82' lang='lat' dir='ltr'><strong>hortum</strong></span> <span class='ocrx_word' id='word_1_423' title='bbox 2389 2733 2558 2785; x_wconf 85' lang='lat' dir='ltr'><strong>suum,</strong></span> <span class='ocrx_word' id='word_1_424' title='bbox 2586 2726 2609 2755; x_wconf 72' lang='grc' dir='ltr'><strong>ο</strong></span> <span class='ocrx_word' id='word_1_425' title='bbox 2635 2727 2692 2772; x_wconf 87' lang='lat' dir='ltr'><strong>ut</strong></span> <span class='ocrx_word' id='word_1_426' title='bbox 2718 2718 2955 2773; x_wconf 77' lang='lat' dir='ltr'><strong>comedat</strong></span> <span class='ocrx_word' id='word_1_427' title='bbox 2985 2719 3209 2791; x_wconf 75' lang='lat' dir='ltr'><strong>fructum</strong></span> <span class='ocrx_word' id='word_1_428' title='bbox 3233 2735 3506 2789; x_wconf 77' lang='lat' dir='ltr'><strong>pomorum</strong></span> <span class='ocrx_word' id='word_1_429' title='bbox 3536 2736 3765 2775; x_wconf 76' lang='lat' dir='ltr'><strong>suorum.</strong></span> 
     </span>
    </p>
   </div>
   <div class='ocr_carea' id='block_1_57' title="bbox 2238 2808 3763 2877">
    <p class='ocr_par' dir='ltr' id='par_1_57' title="bbox 2238 2808 3763 2877">
     <span class='ocr_line' id='line_1_57' title="bbox 2238 2808 3763 2877; baseline 0.003 -15"><span class='ocrx_word' id='word_1_430' title='bbox 2238 2808 2290 2863; x_wconf 91' lang='grc'><strong>1.</strong></span> <span class='ocrx_word' id='word_1_431' title='bbox 2332 2810 2389 2864; x_wconf 92' lang='lat' dir='ltr'><strong>ln</strong></span> <span class='ocrx_word' id='word_1_432' title='bbox 2420 2811 2636 2865; x_wconf 88' lang='lat' dir='ltr'><strong>hortum</strong></span> <span class='ocrx_word' id='word_1_433' title='bbox 2674 2809 2899 2866; x_wconf 86' lang='lat' dir='ltr'><strong>dilectus</strong></span> <span class='ocrx_word' id='word_1_434' title='bbox 2926 2811 3077 2867; x_wconf 85' lang='lat' dir='ltr'><strong>venit</strong></span> <span class='ocrx_word' id='word_1_435' title='bbox 3103 2819 3158 2866; x_wconf 92' lang='lat' dir='ltr'><strong>et</strong></span> <span class='ocrx_word' id='word_1_436' title='bbox 3204 2809 3436 2865; x_wconf 88' lang='lat' dir='ltr'><strong>fructum</strong></span> <span class='ocrx_word' id='word_1_437' title='bbox 3482 2812 3763 2877; x_wconf 86' lang='lat' dir='ltr'><strong>comedit,</strong></span> 
     </span>
    </p>
   </div>
   <div class='ocr_carea' id='block_1_58' title="bbox 2164 2900 3766 2975">
    <p class='ocr_par' dir='ltr' id='par_1_58' title="bbox 2164 2900 3766 2975">
     <span class='ocr_line' id='line_1_58' title="bbox 2164 2900 3766 2975; baseline 0.003 -21"><span class='ocrx_word' id='word_1_438' title='bbox 2164 2900 2379 2971; x_wconf 90' lang='lat' dir='ltr'><strong>quando</strong></span> <span class='ocrx_word' id='word_1_439' title='bbox 2426 2900 2667 2957; x_wconf 74' lang='lat' dir='ltr'><strong>Christus</strong></span> <span class='ocrx_word' id='word_1_440' title='bbox 2719 2912 2926 2959; x_wconf 80' lang='lat' dir='ltr'><strong>mentes</strong></span> <span class='ocrx_word' id='word_1_441' title='bbox 2961 2901 3172 2967; x_wconf 88' lang='lat' dir='ltr'><strong>visitat,</strong></span> <span class='ocrx_word' id='word_1_442' title='bbox 3205 2910 3260 2957; x_wconf 90' lang='lat' dir='ltr'><strong>et</strong></span> <span class='ocrx_word' id='word_1_443' title='bbox 3304 2903 3577 2959; x_wconf 87' lang='lat' dir='ltr'><strong>bonomm</strong></span> <span class='ocrx_word' id='word_1_444' title='bbox 3634 2919 3766 2975; x_wconf 89' lang='lat' dir='ltr'><strong>ope-</strong></span> 
     </span>
    </p>
   </div>
   <div class='ocr_carea' id='block_1_59' title="bbox 2164 2994 3762 3079">
    <p class='ocr_par' dir='ltr' id='par_1_59' title="bbox 2164 2994 3762 3079">
     <span class='ocr_line' id='line_1_59' title="bbox 2164 2994 3762 3079; baseline 0.004 -31"><span class='ocrx_word' id='word_1_445' title='bbox 2164 3008 2287 3079; x_wconf 77' lang='lat' dir='ltr'><strong>rum</strong></span> <span class='ocrx_word' id='word_1_446' title='bbox 2313 2994 2672 3051; x_wconf 84' lang='lat' dir='ltr'><strong>delectatione</strong></span> <span class='ocrx_word' id='word_1_447' title='bbox 2715 3011 2776 3052; x_wconf 92' lang='lat' dir='ltr'><strong>se</strong></span> <span class='ocrx_word' id='word_1_448' title='bbox 2804 2996 2987 3054; x_wconf 85' lang='lat' dir='ltr'><strong>satiat.</strong></span> <span class='ocrx_word' id='word_1_449' title='bbox 3019 2994 3167 3052; x_wconf 87' lang='lat' dir='ltr'><strong>Unde</strong></span> <span class='ocrx_word' id='word_1_450' title='bbox 3192 3003 3248 3052; x_wconf 87' lang='lat' dir='ltr'><strong>et</strong></span> <span class='ocrx_word' id='word_1_451' title='bbox 3294 2995 3437 3052; x_wconf 82' lang='lat' dir='ltr'><strong>idem</strong></span> <span class='ocrx_word' id='word_1_452' title='bbox 3468 2996 3762 3067; x_wconf 85' lang='lat' dir='ltr'><strong>subjiciens</strong></span> 
     </span>
    </p>
   </div>
   <div class='ocr_carea' id='block_1_60' title="bbox 2168 3086 3229 3142">
    <p class='ocr_par' dir='ltr' id='par_1_60' title="bbox 2168 3086 3229 3142">
     <span class='ocr_line' id='line_1_60' title="bbox 2168 3086 3229 3142; baseline 0 0"><span class='ocrx_word' id='word_1_453' title='bbox 2168 3086 2343 3142; x_wconf 89' lang='lat' dir='ltr'><strong>dicit:</strong></span> <span class='ocrx_word' id='word_1_454' title='bbox 3218 3099 3229 3107; x_wconf 81' lang='lat'><strong>’</strong></span> 
     </span>
    </p>
   </div>
   <div class='ocr_carea' id='block_1_61' title="bbox 469 3178 2065 3257">
    <p class='ocr_par' dir='ltr' id='par_1_61' title="bbox 469 3181 2064 3256">
     <span class='ocr_line' id='line_1_61' title="bbox 469 3181 2064 3256; baseline 0.006 -18"><span class='ocrx_word' id='word_1_455' title='bbox 469 3198 501 3238; x_wconf 90' lang='lat' dir='ltr'><strong>a</strong></span> <span class='ocrx_word' id='word_1_456' title='bbox 553 3182 776 3237; x_wconf 89' lang='lat' dir='ltr'><strong>scientia</strong></span> <span class='ocrx_word' id='word_1_457' title='bbox 820 3181 1018 3239; x_wconf 84' lang='lat' dir='ltr'><strong>decidit</strong></span> <span class='ocrx_word' id='word_1_458' title='bbox 1063 3198 1216 3239; x_wconf 87' lang='lat' dir='ltr'><strong>mons</strong></span> <span class='ocrx_word' id='word_1_459' title='bbox 1242 3224 1259 3251; x_wconf 84' lang='lat'><strong>,</strong></span> <span class='ocrx_word' id='word_1_460' title='bbox 1290 3194 1349 3241; x_wconf 87' lang='lat' dir='ltr'><strong>ut</strong></span> <span class='ocrx_word' id='word_1_461' title='bbox 1394 3187 1683 3256; x_wconf 77' lang='lat' dir='ltr'><strong>aliquando</strong></span> <span class='ocrx_word' id='word_1_462' title='bbox 1719 3190 1856 3246; x_wconf 86' lang='lat' dir='ltr'><strong>levia</strong></span> <span class='ocrx_word' id='word_1_463' title='bbox 1899 3192 2064 3248; x_wconf 67' lang='lat' dir='ltr'><strong>etiam</strong></span> 
     </span>
    </p>
   </div>
   <div class='ocr_carea' id='block_1_62' title="bbox 2176 3178 3766 3257">
    <p class='ocr_par' dir='ltr' id='par_1_62' title="bbox 2242 3178 3766 3250">
     <span class='ocr_line' id='line_1_62' title="bbox 2242 3178 3766 3250; baseline 0.003 -16"><span class='ocrx_word' id='word_1_464' title='bbox 2242 3179 2434 3250; x_wconf 82' lang='lat' dir='ltr'><strong>(Vers.</strong></span> <span class='ocrx_word' id='word_1_465' title='bbox 2487 3180 2584 3249; x_wconf 88' lang='grc'><strong>1.)</strong></span> <span class='ocrx_word' id='word_1_466' title='bbox 2634 3178 2765 3235; x_wconf 81' lang='lat' dir='ltr'><strong>Veni</strong></span> <span class='ocrx_word' id='word_1_467' title='bbox 2815 3181 2869 3233; x_wconf 88' lang='lat' dir='ltr'><strong>in</strong></span> <span class='ocrx_word' id='word_1_468' title='bbox 2926 3180 3131 3234; x_wconf 81' lang='lat' dir='ltr'><strong>hortum</strong></span> <span class='ocrx_word' id='word_1_469' title='bbox 3184 3196 3391 3245; x_wconf 71' lang='lat' dir='ltr'><strong>meum,</strong></span> <span class='ocrx_word' id='word_1_470' title='bbox 3448 3198 3601 3237; x_wconf 87' lang='lat' dir='ltr'><strong>soror</strong></span> <span class='ocrx_word' id='word_1_471' title='bbox 3651 3200 3766 3238; x_wconf 79' lang='lat' dir='ltr'><strong>mea</strong></span> 
     </span>
    </p>
   </div>
   <div class='ocr_carea' id='block_1_63' title="bbox 466 3272 2065 3348">
    <p class='ocr_par' dir='ltr' id='par_1_63' title="bbox 466 3272 2065 3348">
     <span class='ocr_line' id='line_1_63' title="bbox 466 3272 2065 3348; baseline 0.008 -20"><span class='ocrx_word' id='word_1_472' title='bbox 466 3272 745 3329; x_wconf 81' lang='lat' dir='ltr'><strong>intellectu</strong></span> <span class='ocrx_word' id='word_1_473' title='bbox 797 3290 904 3329; x_wconf 85' lang='lat' dir='ltr'><strong>non</strong></span> <span class='ocrx_word' id='word_1_474' title='bbox 942 3276 1247 3345; x_wconf 72' lang='lat' dir='ltr'><strong>capiantur.</strong></span> <span class='ocrx_word' id='word_1_475' title='bbox 1294 3275 1401 3333; x_wconf 91' lang='lat' dir='ltr'><strong>Sed</strong></span> <span class='ocrx_word' id='word_1_476' title='bbox 1454 3294 1607 3348; x_wconf 63' lang='lat' dir='ltr'><strong>aqua:</strong></span> <span class='ocrx_word' id='word_1_477' title='bbox 1656 3284 1772 3336; x_wconf 82' lang='lat' dir='ltr'><strong>istm</strong></span> <span class='ocrx_word' id='word_1_478' title='bbox 1814 3282 1959 3339; x_wconf 83' lang='lat' dir='ltr'><strong>bene</strong></span> <span class='ocrx_word' id='word_1_479' title='bbox 1996 3285 2065 3340; x_wconf 86' lang='lat' dir='ltr'><strong>de</strong></span> 
     </span>
    </p>
   </div>
   <div class='ocr_carea' id='block_1_64' title="bbox 466 3365 2060 3445">
    <p class='ocr_par' dir='ltr' id='par_1_64' title="bbox 466 3365 2060 3445">
     <span class='ocr_line' id='line_1_64' title="bbox 466 3365 2060 3445; baseline 0.007 -23"><span class='ocrx_word' id='word_1_480' title='bbox 466 3365 675 3423; x_wconf 87' lang='lat' dir='ltr'><strong>Libano</strong></span> <span class='ocrx_word' id='word_1_481' title='bbox 700 3365 867 3424; x_wconf 83' lang='lat' dir='ltr'><strong>ﬂuere</strong></span> <span class='ocrx_word' id='word_1_482' title='bbox 896 3383 1019 3424; x_wconf 88' lang='lat' dir='ltr'><strong>cum</strong></span> <span class='ocrx_word' id='word_1_483' title='bbox 1060 3368 1262 3440; x_wconf 84' lang='lat' dir='ltr'><strong>impetu</strong></span> <span class='ocrx_word' id='word_1_484' title='bbox 1288 3370 1539 3427; x_wconf 82' lang='lat' dir='ltr'><strong>dicuntur</strong></span> <span class='ocrx_word' id='word_1_485' title='bbox 1564 3391 1576 3427; x_wconf 93' lang='lat'><strong>:</strong></span> <span class='ocrx_word' id='word_1_486' title='bbox 1612 3373 1848 3432; x_wconf 81' lang='lat' dir='ltr'><strong>Libanus</strong></span> <span class='ocrx_word' id='word_1_487' title='bbox 1878 3377 2019 3432; x_wconf 90' lang='lat' dir='ltr'><strong>enim</strong></span> <span class='ocrx_word' id='word_1_488' title='bbox 2045 3418 2060 3445; x_wconf 92' lang='lat'><strong>,</strong></span> 
     </span>
    </p>
   </div>
   <div class='ocr_carea' id='block_1_65' title="bbox 464 3461 2062 3539">
    <p class='ocr_par' dir='ltr' id='par_1_65' title="bbox 464 3461 2062 3539">
     <span class='ocr_line' id='line_1_65' title="bbox 464 3461 2062 3539; baseline 0.005 -22"><span class='ocrx_word' id='word_1_489' title='bbox 464 3469 525 3517; x_wconf 90' lang='lat' dir='ltr'><strong>ut</strong></span> <span class='ocrx_word' id='word_1_490' title='bbox 554 3461 757 3517; x_wconf 80' lang='lat' dir='ltr'><strong>dictum</strong></span> <span class='ocrx_word' id='word_1_491' title='bbox 806 3471 923 3531; x_wconf 87' lang='lat' dir='ltr'><strong>est,</strong></span> <span class='ocrx_word' id='word_1_492' title='bbox 955 3462 1227 3518; x_wconf 86' lang='lat' dir='ltr'><strong>dealbatio</strong></span> <span class='ocrx_word' id='word_1_493' title='bbox 1258 3464 1661 3535; x_wconf 82' lang='lat' dir='ltr'><strong>interpretatur.</strong></span> <span class='ocrx_word' id='word_1_494' title='bbox 1693 3467 1749 3522; x_wconf 91' lang='lat' dir='ltr'><strong>ln</strong></span> <span class='ocrx_word' id='word_1_495' title='bbox 1792 3469 2062 3539; x_wconf 87' lang='lat' dir='ltr'><strong>baptismo</strong></span> 
     </span>
    </p>
   </div>
   <div class='ocr_carea' id='block_1_66' title="bbox 466 3552 2063 3631">
    <p class='ocr_par' dir='ltr' id='par_1_66' title="bbox 466 3552 2063 3631">
     <span class='ocr_line' id='line_1_66' title="bbox 466 3552 2063 3631; baseline 0.008 -26"><span class='ocrx_word' id='word_1_496' title='bbox 466 3552 668 3622; x_wconf 88' lang='lat' dir='ltr'><strong>quippe</strong></span> <span class='ocrx_word' id='word_1_497' title='bbox 707 3552 1041 3619; x_wconf 80' lang='lat' dir='ltr'><strong>dealbamur,</strong></span> <span class='ocrx_word' id='word_1_498' title='bbox 1065 3555 1191 3608; x_wconf 87' lang='lat' dir='ltr'><strong>dum</strong></span> <span class='ocrx_word' id='word_1_499' title='bbox 1238 3556 1439 3611; x_wconf 80' lang='lat' dir='ltr'><strong>amissa</strong></span> <span class='ocrx_word' id='word_1_500' title='bbox 1480 3559 1759 3627; x_wconf 85' lang='lat' dir='ltr'><strong>nigredine</strong></span> <span class='ocrx_word' id='word_1_501' title='bbox 1807 3571 2063 3631; x_wconf 79' lang='lat' dir='ltr'><strong>peccate-</strong></span> 
     </span>
    </p>
   </div>
   <div class='ocr_carea' id='block_1_67' title="bbox 469 3644 2065 3710">
    <p class='ocr_par' dir='ltr' id='par_1_67' title="bbox 469 3644 2065 3710">
     <span class='ocr_line' id='line_1_67' title="bbox 469 3644 2065 3710; baseline 0.006 -12"><span class='ocrx_word' id='word_1_502' title='bbox 469 3659 638 3710; x_wconf 71' lang='lat' dir='ltr'><strong>rum,</strong></span> <span class='ocrx_word' id='word_1_503' title='bbox 686 3644 753 3698; x_wconf 83' lang='lat' dir='ltr'><strong>ad</strong></span> <span class='ocrx_word' id='word_1_504' title='bbox 806 3646 1122 3700; x_wconf 87' lang='lat' dir='ltr'><strong>munditiam</strong></span> <span class='ocrx_word' id='word_1_505' title='bbox 1173 3661 1325 3703; x_wconf 68' lang='lat' dir='ltr'><strong>novas</strong></span> <span class='ocrx_word' id='word_1_506' title='bbox 1377 3650 1501 3705; x_wconf 61' lang='lat' dir='ltr'><strong>vitae</strong></span> <span class='ocrx_word' id='word_1_507' title='bbox 1555 3652 1932 3708; x_wconf 78' lang='lat' dir='ltr'><strong>reforinamur.</strong></span> <span class='ocrx_word' id='word_1_508' title='bbox 1990 3653 2065 3708; x_wconf 88' lang='lat' dir='ltr'><strong>De</strong></span> 
     </span>
    </p>
   </div>
   <div class='ocr_carea' id='block_1_68' title="bbox 472 3735 2062 3814">
    <p class='ocr_par' dir='ltr' id='par_1_68' title="bbox 472 3735 2062 3814">
     <span class='ocr_line' id='line_1_68' title="bbox 472 3735 2062 3814; baseline 0.004 -23"><span class='ocrx_word' id='word_1_509' title='bbox 472 3735 680 3791; x_wconf 87' lang='lat' dir='ltr'><strong>Libano</strong></span> <span class='ocrx_word' id='word_1_510' title='bbox 727 3748 859 3804; x_wconf 84' lang='lat' dir='ltr'><strong>ergo</strong></span> <span class='ocrx_word' id='word_1_511' title='bbox 905 3750 1059 3803; x_wconf 73' lang='lat' dir='ltr'><strong>aqum</strong></span> <span class='ocrx_word' id='word_1_512' title='bbox 1084 3735 1113 3774; x_wconf 66' lang='grc' dir='ltr'><strong>ι»</strong></span> <span class='ocrx_word' id='word_1_513' title='bbox 1141 3739 1291 3806; x_wconf 85' lang='lat' dir='ltr'><strong>putei</strong></span> <span class='ocrx_word' id='word_1_514' title='bbox 1315 3755 1435 3794; x_wconf 90' lang='lat' dir='ltr'><strong>cum</strong></span> <span class='ocrx_word' id='word_1_515' title='bbox 1471 3741 1673 3812; x_wconf 85' lang='lat' dir='ltr'><strong>impetu</strong></span> <span class='ocrx_word' id='word_1_516' title='bbox 1697 3744 1904 3798; x_wconf 87' lang='lat' dir='ltr'><strong>ﬂuunt:</strong></span> <span class='ocrx_word' id='word_1_517' title='bbox 1938 3744 2062 3814; x_wconf 88' lang='lat' dir='ltr'><strong>quia</strong></span> 
     </span>
    </p>
   </div>
   <div class='ocr_carea' id='block_1_69' title="bbox 468 3827 2066 3902">
    <p class='ocr_par' dir='ltr' id='par_1_69' title="bbox 468 3827 2066 3902">
     <span class='ocr_line' id='line_1_69' title="bbox 468 3827 2066 3902; baseline 0.006 -19"><span class='ocrx_word' id='word_1_518' title='bbox 468 3828 525 3883; x_wconf 89' lang='lat' dir='ltr'><strong>in</strong></span> <span class='ocrx_word' id='word_1_519' title='bbox 551 3827 823 3898; x_wconf 87' lang='lat' dir='ltr'><strong>baptismo</strong></span> <span class='ocrx_word' id='word_1_520' title='bbox 843 3828 1003 3884; x_wconf 86' lang='lat' dir='ltr'><strong>electi</strong></span> <span class='ocrx_word' id='word_1_521' title='bbox 1032 3829 1231 3899; x_wconf 86' lang='lat' dir='ltr'><strong>quique</strong></span> <span class='ocrx_word' id='word_1_522' title='bbox 1252 3831 1453 3886; x_wconf 80' lang='lat' dir='ltr'><strong>donum</strong></span> <span class='ocrx_word' id='word_1_523' title='bbox 1474 3833 1702 3902; x_wconf 79' lang='lat' dir='ltr'><strong>Spiritus</strong></span> <span class='ocrx_word' id='word_1_524' title='bbox 1726 3837 1899 3892; x_wconf 87' lang='lat' dir='ltr'><strong>sancti</strong></span> <span class='ocrx_word' id='word_1_525' title='bbox 1922 3838 2066 3892; x_wconf 88' lang='lat' dir='ltr'><strong>acci-</strong></span> 
     </span>
    </p>
   </div>
   <div class='ocr_carea' id='block_1_70' title="bbox 467 3919 2065 3993">
    <p class='ocr_par' dir='ltr' id='par_1_70' title="bbox 467 3919 2065 3993">
     <span class='ocr_line' id='line_1_70' title="bbox 467 3919 2065 3993; baseline 0.004 -19"><span class='ocrx_word' id='word_1_526' title='bbox 467 3921 625 3993; x_wconf 82' lang='lat' dir='ltr'><strong>piunt</strong></span> <span class='ocrx_word' id='word_1_527' title='bbox 648 3934 756 3990; x_wconf 89' lang='lat' dir='ltr'><strong>quo</strong></span> <span class='ocrx_word' id='word_1_528' title='bbox 782 3919 1069 3975; x_wconf 79' lang='lat' dir='ltr'><strong>illuminati</strong></span> <span class='ocrx_word' id='word_1_529' title='bbox 1106 3919 1400 3991; x_wconf 71' lang='lat' dir='ltr'><strong>Scriptum</strong></span> <span class='ocrx_word' id='word_1_530' title='bbox 1427 3937 1593 3979; x_wconf 70' lang='lat' dir='ltr'><strong>saetae</strong></span> <span class='ocrx_word' id='word_1_531' title='bbox 1622 3941 1838 3981; x_wconf 87' lang='lat' dir='ltr'><strong>sensum</strong></span> <span class='ocrx_word' id='word_1_532' title='bbox 1860 3926 2065 3982; x_wconf 91' lang='lat' dir='ltr'><strong>intelli-</strong></span> 
     </span>
    </p>
   </div>
   <div class='ocr_carea' id='block_1_71' title="bbox 466 4010 2064 4082">
    <p class='ocr_par' dir='ltr' id='par_1_71' title="bbox 466 4010 2064 4082">
     <span class='ocr_line' id='line_1_71' title="bbox 466 4010 2064 4082; baseline 0.004 -15"><span class='ocrx_word' id='word_1_533' title='bbox 466 4020 619 4081; x_wconf 89' lang='lat' dir='ltr'><strong>gunt.</strong></span> <span class='ocrx_word' id='word_1_534' title='bbox 651 4010 781 4079; x_wconf 64' lang='lat' dir='ltr'><strong>Quae</strong></span> <span class='ocrx_word' id='word_1_535' title='bbox 805 4011 1099 4082; x_wconf 81' lang='lat' dir='ltr'><strong>Scripturae</strong></span> <span class='ocrx_word' id='word_1_536' title='bbox 1139 4022 1337 4069; x_wconf 54' lang='lat' dir='ltr'><strong>sancta</strong></span> <span class='ocrx_word' id='word_1_537' title='bbox 1384 4015 1606 4071; x_wconf 88' lang='lat' dir='ltr'><strong>scientia</strong></span> <span class='ocrx_word' id='word_1_538' title='bbox 1639 4025 1789 4072; x_wconf 90' lang='lat' dir='ltr'><strong>tanto</strong></span> <span class='ocrx_word' id='word_1_539' title='bbox 1821 4018 1933 4073; x_wconf 91' lang='lat' dir='ltr'><strong>ﬂuit</strong></span> <span class='ocrx_word' id='word_1_540' title='bbox 1963 4020 2064 4074; x_wconf 85' lang='lat' dir='ltr'><strong>im-</strong></span> 
     </span>
    </p>
   </div>
   <div class='ocr_carea' id='block_1_72' title="bbox 464 4103 2065 4177">
    <p class='ocr_par' dir='ltr' id='par_1_72' title="bbox 464 4103 2065 4177">
     <span class='ocr_line' id='line_1_72' title="bbox 464 4103 2065 4177; baseline 0.004 -18"><span class='ocrx_word' id='word_1_541' title='bbox 464 4113 593 4175; x_wconf 88' lang='lat' dir='ltr'><strong>petu</strong></span> <span class='ocrx_word' id='word_1_542' title='bbox 619 4145 633 4170; x_wconf 91' lang='lat'><strong>,</strong></span> <span class='ocrx_word' id='word_1_543' title='bbox 668 4113 727 4158; x_wconf 89' lang='lat' dir='ltr'><strong>ut</strong></span> <span class='ocrx_word' id='word_1_544' title='bbox 770 4104 972 4160; x_wconf 89' lang='lat' dir='ltr'><strong>electos</strong></span> <span class='ocrx_word' id='word_1_545' title='bbox 1019 4103 1145 4159; x_wconf 85' lang='lat' dir='ltr'><strong>dum</strong></span> <span class='ocrx_word' id='word_1_546' title='bbox 1195 4105 1409 4175; x_wconf 85' lang='lat' dir='ltr'><strong>tangit,</strong></span> <span class='ocrx_word' id='word_1_547' title='bbox 1440 4107 1507 4161; x_wconf 91' lang='lat' dir='ltr'><strong>ab</strong></span> <span class='ocrx_word' id='word_1_548' title='bbox 1537 4107 1699 4177; x_wconf 83' lang='lat' dir='ltr'><strong>hujus</strong></span> <span class='ocrx_word' id='word_1_549' title='bbox 1729 4109 1851 4164; x_wconf 82' lang='lat' dir='ltr'><strong>vitae</strong></span> <span class='ocrx_word' id='word_1_550' title='bbox 1880 4126 2065 4166; x_wconf 85' lang='lat' dir='ltr'><strong>amore</strong></span> 
     </span>
    </p>
   </div>
   <div class='ocr_carea' id='block_1_73' title="bbox 465 4195 2067 4269">
    <p class='ocr_par' dir='ltr' id='par_1_73' title="bbox 465 4195 2067 4269">
     <span class='ocr_line' id='line_1_73' title="bbox 465 4195 2067 4269; baseline 0.002 -16"><span class='ocrx_word' id='word_1_551' title='bbox 465 4196 823 4261; x_wconf 75' lang='lat' dir='ltr'><strong>Submoveat,</strong></span> <span class='ocrx_word' id='word_1_552' title='bbox 877 4202 933 4249; x_wconf 90' lang='lat' dir='ltr'><strong>et</strong></span> <span class='ocrx_word' id='word_1_553' title='bbox 980 4195 1047 4250; x_wconf 90' lang='lat' dir='ltr'><strong>ad</strong></span> <span class='ocrx_word' id='word_1_554' title='bbox 1098 4204 1301 4251; x_wconf 81' lang='lat' dir='ltr'><strong>aeterna</strong></span> <span class='ocrx_word' id='word_1_555' title='bbox 1339 4198 1545 4267; x_wconf 80' lang='lat' dir='ltr'><strong>gaudia</strong></span> <span class='ocrx_word' id='word_1_556' title='bbox 1590 4199 1642 4253; x_wconf 91' lang='lat' dir='ltr'><strong>vi</strong></span> <span class='ocrx_word' id='word_1_557' title='bbox 1698 4199 1929 4269; x_wconf 87' lang='lat' dir='ltr'><strong>impetus</strong></span> <span class='ocrx_word' id='word_1_558' title='bbox 1982 4201 2067 4257; x_wconf 91' lang='lat' dir='ltr'><strong>sui</strong></span> 
     </span>
    </p>
   </div>
   <div class='ocr_carea' id='block_1_74' title="bbox 466 4286 2064 4363">
    <p class='ocr_par' dir='ltr' id='par_1_74' title="bbox 466 4286 2064 4363">
     <span class='ocr_line' id='line_1_74' title="bbox 466 4286 2064 4363; baseline 0.006 -23"><span class='ocrx_word' id='word_1_559' title='bbox 466 4301 706 4357; x_wconf 88' lang='lat' dir='ltr'><strong>quosque</strong></span> <span class='ocrx_word' id='word_1_560' title='bbox 751 4286 1086 4342; x_wconf 76' lang='lat' dir='ltr'><strong>adhaerentes</strong></span> <span class='ocrx_word' id='word_1_561' title='bbox 1125 4287 1376 4357; x_wconf 83' lang='lat' dir='ltr'><strong>trajiciat.</strong></span> <span class='ocrx_word' id='word_1_562' title='bbox 1436 4288 1573 4346; x_wconf 86' lang='lat' dir='ltr'><strong>llinc</strong></span> <span class='ocrx_word' id='word_1_563' title='bbox 1598 4300 1680 4347; x_wconf 87' lang='lat' dir='ltr'><strong>est</strong></span> <span class='ocrx_word' id='word_1_564' title='bbox 1726 4293 1867 4347; x_wconf 91' lang='lat' dir='ltr'><strong>enim</strong></span> <span class='ocrx_word' id='word_1_565' title='bbox 1920 4293 2064 4363; x_wconf 90' lang='lat' dir='ltr'><strong>quod</strong></span> 
     </span>
    </p>
   </div>
   <div class='ocr_carea' id='block_1_75' title="bbox 467 4377 2069 4457">
    <p class='ocr_par' dir='ltr' id='par_1_75' title="bbox 467 4377 2069 4457">
     <span class='ocr_line' id='line_1_75' title="bbox 467 4377 2069 4457; baseline 0.007 -25"><span class='ocrx_word' id='word_1_566' title='bbox 467 4378 523 4432; x_wconf 87' lang='lat' dir='ltr'><strong>in</strong></span> <span class='ocrx_word' id='word_1_567' title='bbox 578 4377 784 4446; x_wconf 86' lang='lat' dir='ltr'><strong>psalmo</strong></span> <span class='ocrx_word' id='word_1_568' title='bbox 834 4379 1091 4446; x_wconf 88' lang='lat' dir='ltr'><strong>scriptum</strong></span> <span class='ocrx_word' id='word_1_569' title='bbox 1120 4388 1239 4434; x_wconf 89' lang='lat' dir='ltr'><strong>est:</strong></span> <span class='ocrx_word' id='word_1_570' title='bbox 1272 4380 1534 4437; x_wconf 86' lang='lat' dir='ltr'><strong>Fluminis</strong></span> <span class='ocrx_word' id='word_1_571' title='bbox 1575 4386 1793 4455; x_wconf 81' lang='lat' dir='ltr'><strong>impetus</strong></span> <span class='ocrx_word' id='word_1_572' title='bbox 1833 4387 2069 4457; x_wconf 72' lang='lat' dir='ltr'><strong>lwtiﬁcat</strong></span> 
     </span>
    </p>
   </div>
   <div class='ocr_carea' id='block_1_76' title="bbox 469 4466 2066 4545">
    <p class='ocr_par' dir='ltr' id='par_1_76' title="bbox 469 4466 2066 4545">
     <span class='ocr_line' id='line_1_76' title="bbox 469 4466 2066 4545; baseline 0.009 -24"><span class='ocrx_word' id='word_1_573' title='bbox 469 4468 722 4522; x_wconf 75' lang='lat' dir='ltr'><strong>civitatem</strong></span> <span class='ocrx_word' id='word_1_574' title='bbox 750 4466 849 4522; x_wconf 85' lang='lat' dir='ltr'><strong>Dei</strong></span> <span class='ocrx_word' id='word_1_575' title='bbox 872 4470 899 4545; x_wconf 89' lang='grc'><strong>⁶(</strong></span> <span class='ocrx_word' id='word_1_576' title='bbox 926 4468 1072 4523; x_wconf 83' lang='lat' dir='ltr'><strong>Psal.</strong></span> <span class='ocrx_word' id='word_1_577' title='bbox 1105 4487 1228 4537; x_wconf 68' lang='lat' dir='ltr'><strong>xcv,</strong></span> <span class='ocrx_word' id='word_1_578' title='bbox 1261 4470 1294 4525; x_wconf 81' lang='lat'><strong>5</strong></span> <span class='ocrx_word' id='word_1_579' title='bbox 1316 4473 1358 4542; x_wconf 92' lang='lat'><strong>).</strong></span> <span class='ocrx_word' id='word_1_580' title='bbox 1389 4473 1627 4545; x_wconf 82' lang='lat' dir='ltr'><strong>Impetus</strong></span> <span class='ocrx_word' id='word_1_581' title='bbox 1656 4480 1800 4534; x_wconf 89' lang='lat' dir='ltr'><strong>enim</strong></span> <span class='ocrx_word' id='word_1_582' title='bbox 1834 4478 2066 4535; x_wconf 91' lang='lat' dir='ltr'><strong>ﬂuminis</strong></span> 
     </span>
    </p>
   </div>
   <div class='ocr_carea' id='block_1_77' title="bbox 2168 3272 3766 3343">
    <p class='ocr_par' dir='ltr' id='par_1_77' title="bbox 2168 3272 3766 3343">
     <span class='ocr_line' id='line_1_77' title="bbox 2168 3272 3766 3343; baseline 0.002 -17"><span class='ocrx_word' id='word_1_583' title='bbox 2168 3288 2358 3343; x_wconf 86' lang='lat' dir='ltr'><strong>sponsa</strong></span> <span class='ocrx_word' id='word_1_584' title='bbox 2382 3313 2396 3338; x_wconf 92' lang='lat'><strong>,</strong></span> <span class='ocrx_word' id='word_1_585' title='bbox 2426 3273 2615 3328; x_wconf 87' lang='lat' dir='ltr'><strong>messui</strong></span> <span class='ocrx_word' id='word_1_586' title='bbox 2636 3272 2901 3343; x_wconf 81' lang='lat' dir='ltr'><strong>myrrham</strong></span> <span class='ocrx_word' id='word_1_587' title='bbox 2930 3288 3095 3326; x_wconf 82' lang='lat' dir='ltr'><strong>meum</strong></span> <span class='ocrx_word' id='word_1_588' title='bbox 3124 3288 3238 3326; x_wconf 79' lang='lat' dir='ltr'><strong>cum</strong></span> <span class='ocrx_word' id='word_1_589' title='bbox 3259 3272 3576 3328; x_wconf 81' lang='lat' dir='ltr'><strong>aromatibus</strong></span> <span class='ocrx_word' id='word_1_590' title='bbox 3602 3276 3766 3329; x_wconf 84' lang='lat' dir='ltr'><strong>meis:</strong></span> 
     </span>
    </p>
   </div>
   <div class='ocr_carea' id='block_1_78' title="bbox 2166 3362 3769 3433">
    <p class='ocr_par' dir='ltr' id='par_1_78' title="bbox 2166 3362 3769 3433">
     <span class='ocr_line' id='line_1_78' title="bbox 2166 3362 3769 3433; baseline 0.001 -16"><span class='ocrx_word' id='word_1_591' title='bbox 2166 3365 2365 3419; x_wconf 83' lang='lat' dir='ltr'><strong>comedi</strong></span> <span class='ocrx_word' id='word_1_592' title='bbox 2397 3365 2571 3433; x_wconf 74' lang='lat' dir='ltr'><strong>[nomn</strong></span> <span class='ocrx_word' id='word_1_593' title='bbox 2600 3379 2713 3418; x_wconf 87' lang='lat' dir='ltr'><strong>cum</strong></span> <span class='ocrx_word' id='word_1_594' title='bbox 2756 3363 2903 3419; x_wconf 72' lang='lat' dir='ltr'><strong>melle</strong></span> <span class='ocrx_word' id='word_1_595' title='bbox 2932 3380 3048 3419; x_wconf 87' lang='lat' dir='ltr'><strong>meo</strong></span> <span class='ocrx_word' id='word_1_596' title='bbox 3072 3400 3090 3430; x_wconf 84' lang='lat'><strong>,</strong></span> <span class='ocrx_word' id='word_1_597' title='bbox 3123 3362 3223 3419; x_wconf 82' lang='lat' dir='ltr'><strong>bibi</strong></span> <span class='ocrx_word' id='word_1_598' title='bbox 3252 3364 3426 3419; x_wconf 77' lang='lat' dir='ltr'><strong>uinum</strong></span> <span class='ocrx_word' id='word_1_599' title='bbox 3454 3380 3627 3419; x_wconf 80' lang='lat' dir='ltr'><strong>meum</strong></span> <span class='ocrx_word' id='word_1_600' title='bbox 3650 3380 3769 3419; x_wconf 86' lang='lat' dir='ltr'><strong>cum</strong></span> 
     </span>
    </p>
   </div>
   <div class='ocr_carea' id='block_1_79' title="bbox 2166 3458 2458 3511">
    <p class='ocr_par' dir='ltr' id='par_1_79' title="bbox 2166 3458 2458 3511">
     <span class='ocr_line' id='line_1_79' title="bbox 2166 3458 2458 3511; baseline 0.003 0"><span class='ocrx_word' id='word_1_601' title='bbox 2166 3458 2301 3511; x_wconf 83' lang='lat' dir='ltr'><strong>lacte</strong></span> <span class='ocrx_word' id='word_1_602' title='bbox 2327 3474 2458 3511; x_wconf 86' lang='lat' dir='ltr'><strong>meo.</strong></span> 
     </span>
    </p>
   </div>
   <div class='ocr_carea' id='block_1_80' title="bbox 2236 3547 3768 3624">
    <p class='ocr_par' dir='ltr' id='par_1_80' title="bbox 2236 3547 3768 3624">
     <span class='ocr_line' id='line_1_80' title="bbox 2236 3547 3768 3624; baseline 0.003 -22"><span class='ocrx_word' id='word_1_603' title='bbox 2236 3549 2289 3602; x_wconf 73' lang='grc'><strong>2.</strong></span> <span class='ocrx_word' id='word_1_604' title='bbox 2334 3548 2603 3620; x_wconf 80' lang='lat' dir='ltr'><strong>Myrrham</strong></span> <span class='ocrx_word' id='word_1_605' title='bbox 2624 3547 2850 3603; x_wconf 90' lang='lat' dir='ltr'><strong>dilectus</strong></span> <span class='ocrx_word' id='word_1_606' title='bbox 2869 3563 2990 3604; x_wconf 88' lang='lat' dir='ltr'><strong>cum</strong></span> <span class='ocrx_word' id='word_1_607' title='bbox 3013 3549 3346 3605; x_wconf 91' lang='lat' dir='ltr'><strong>aromatibus</strong></span> <span class='ocrx_word' id='word_1_608' title='bbox 3372 3552 3532 3606; x_wconf 82' lang='lat' dir='ltr'><strong>metit</strong></span> <span class='ocrx_word' id='word_1_609' title='bbox 3555 3591 3573 3618; x_wconf 95' lang='lat'><strong>,</strong></span> <span class='ocrx_word' id='word_1_610' title='bbox 3595 3567 3768 3624; x_wconf 84' lang='lat' dir='ltr'><strong>quan-</strong></span> 
     </span>
    </p>
   </div>
   <div class='ocr_carea' id='block_1_81' title="bbox 2168 3640 3769 3717">
    <p class='ocr_par' dir='ltr' id='par_1_81' title="bbox 2168 3640 3769 3717">
     <span class='ocr_line' id='line_1_81' title="bbox 2168 3640 3769 3717; baseline 0.002 -21"><span class='ocrx_word' id='word_1_611' title='bbox 2168 3640 2238 3696; x_wconf 93' lang='lat' dir='ltr'><strong>do</strong></span> <span class='ocrx_word' id='word_1_612' title='bbox 2267 3640 2512 3697; x_wconf 86' lang='lat' dir='ltr'><strong>Christus</strong></span> <span class='ocrx_word' id='word_1_613' title='bbox 2536 3640 2950 3697; x_wconf 89' lang='lat' dir='ltr'><strong>mortilicatione</strong></span> <span class='ocrx_word' id='word_1_614' title='bbox 2974 3641 3101 3717; x_wconf 21' lang='lat' dir='ltr'><strong>.vitae</strong></span> <span class='ocrx_word' id='word_1_615' title='bbox 3130 3641 3198 3696; x_wconf 89' lang='lat' dir='ltr'><strong>ad</strong></span> <span class='ocrx_word' id='word_1_616' title='bbox 3222 3641 3613 3712; x_wconf 82' lang='lat' dir='ltr'><strong>perfectionem</strong></span> <span class='ocrx_word' id='word_1_617' title='bbox 3645 3658 3769 3715; x_wconf 88' lang='lat' dir='ltr'><strong>per-</strong></span> 
     </span>
    </p>
   </div>
   <div class='ocr_carea' id='block_1_82' title="bbox 2165 3733 3769 3804">
    <p class='ocr_par' dir='ltr' id='par_1_82' title="bbox 2165 3733 3769 3804">
     <span class='ocr_line' id='line_1_82' title="bbox 2165 3733 3769 3804; baseline 0.002 -15"><span class='ocrx_word' id='word_1_618' title='bbox 2165 3733 2359 3801; x_wconf 88' lang='lat' dir='ltr'><strong>ducta,</strong></span> <span class='ocrx_word' id='word_1_619' title='bbox 2416 3736 2650 3790; x_wconf 88' lang='lat' dir='ltr'><strong>electum</strong></span> <span class='ocrx_word' id='word_1_620' title='bbox 2708 3750 2863 3793; x_wconf 88' lang='lat' dir='ltr'><strong>suum</strong></span> <span class='ocrx_word' id='word_1_621' title='bbox 2915 3735 2984 3790; x_wconf 89' lang='lat' dir='ltr'><strong>ab</strong></span> <span class='ocrx_word' id='word_1_622' title='bbox 3029 3734 3132 3791; x_wconf 89' lang='lat' dir='ltr'><strong>hac</strong></span> <span class='ocrx_word' id='word_1_623' title='bbox 3179 3735 3289 3790; x_wconf 85' lang='lat' dir='ltr'><strong>vita</strong></span> <span class='ocrx_word' id='word_1_624' title='bbox 3332 3736 3663 3804; x_wconf 81' lang='lat' dir='ltr'><strong>succidens,</strong></span> <span class='ocrx_word' id='word_1_625' title='bbox 3701 3738 3769 3792; x_wconf 88' lang='lat' dir='ltr'><strong>ad</strong></span> 
     </span>
    </p>
   </div>
   <div class='ocr_carea' id='block_1_83' title="bbox 2168 3828 3770 3899">
    <p class='ocr_par' dir='ltr' id='par_1_83' title="bbox 2168 3828 3770 3899">
     <span class='ocr_line' id='line_1_83' title="bbox 2168 3828 3770 3899; baseline 0.002 -17"><span class='ocrx_word' id='word_1_626' title='bbox 2168 3828 2389 3883; x_wconf 67' lang='lat' dir='ltr'><strong>(mleste</strong></span> <span class='ocrx_word' id='word_1_627' title='bbox 2424 3828 2679 3885; x_wconf 89' lang='lat' dir='ltr'><strong>horreum</strong></span> <span class='ocrx_word' id='word_1_628' title='bbox 2727 3843 2851 3884; x_wconf 88' lang='lat' dir='ltr'><strong>cum</strong></span> <span class='ocrx_word' id='word_1_629' title='bbox 2896 3836 3084 3884; x_wconf 86' lang='lat' dir='ltr'><strong>sancta</strong></span> <span class='ocrx_word' id='word_1_630' title='bbox 3113 3829 3371 3899; x_wconf 89' lang='lat' dir='ltr'><strong>opinione</strong></span> <span class='ocrx_word' id='word_1_631' title='bbox 3408 3829 3639 3886; x_wconf 85' lang='lat' dir='ltr'><strong>inducit.</strong></span> <span class='ocrx_word' id='word_1_632' title='bbox 3671 3830 3770 3885; x_wconf 80' lang='lat' dir='ltr'><strong>Fa-</strong></span> 
     </span>
    </p>
   </div>
   <div class='ocr_carea' id='block_1_84' title="bbox 2166 3920 3769 3991">
    <p class='ocr_par' dir='ltr' id='par_1_84' title="bbox 2166 3920 3769 3991">
     <span class='ocr_line' id='line_1_84' title="bbox 2166 3920 3769 3991; baseline 0.004 -18"><span class='ocrx_word' id='word_1_633' title='bbox 2166 3935 2294 3975; x_wconf 90' lang='lat' dir='ltr'><strong>vum</strong></span> <span class='ocrx_word' id='word_1_634' title='bbox 2334 3935 2456 3975; x_wconf 92' lang='lat' dir='ltr'><strong>cum</strong></span> <span class='ocrx_word' id='word_1_635' title='bbox 2484 3920 2645 3977; x_wconf 90' lang='lat' dir='ltr'><strong>melle</strong></span> <span class='ocrx_word' id='word_1_636' title='bbox 2682 3921 2960 3990; x_wconf 88' lang='lat' dir='ltr'><strong>comedit,</strong></span> <span class='ocrx_word' id='word_1_637' title='bbox 2989 3922 3209 3991; x_wconf 88' lang='lat' dir='ltr'><strong>quando</strong></span> <span class='ocrx_word' id='word_1_638' title='bbox 3246 3922 3576 3978; x_wconf 81' lang='lat' dir='ltr'><strong>desiderium</strong></span> <span class='ocrx_word' id='word_1_639' title='bbox 3607 3939 3769 3980; x_wconf 80' lang='lat' dir='ltr'><strong>sauc-</strong></span> 
     </span>
    </p>
   </div>
   <div class='ocr_carea' id='block_1_85' title="bbox 2168 4012 3768 4085">
    <p class='ocr_par' dir='ltr' id='par_1_85' title="bbox 2168 4012 3768 4085">
     <span class='ocr_line' id='line_1_85' title="bbox 2168 4012 3768 4085; baseline 0.003 -19"><span class='ocrx_word' id='word_1_640' title='bbox 2168 4020 2282 4067; x_wconf 88' lang='lat' dir='ltr'><strong>tum</strong></span> <span class='ocrx_word' id='word_1_641' title='bbox 2307 4012 2360 4067; x_wconf 90' lang='lat' dir='ltr'><strong>in</strong></span> <span class='ocrx_word' id='word_1_642' title='bbox 2384 4013 2583 4069; x_wconf 77' lang='lat' dir='ltr'><strong>sanctis</strong></span> <span class='ocrx_word' id='word_1_643' title='bbox 2610 4014 2864 4085; x_wconf 84' lang='lat' dir='ltr'><strong>operibus</strong></span> <span class='ocrx_word' id='word_1_644' title='bbox 2893 4015 3067 4069; x_wconf 86' lang='lat' dir='ltr'><strong>latens</strong></span> <span class='ocrx_word' id='word_1_645' title='bbox 3094 4012 3307 4085; x_wconf 79' lang='lat' dir='ltr'><strong>perﬁcit</strong></span> <span class='ocrx_word' id='word_1_646' title='bbox 3327 4054 3353 4083; x_wconf 59' lang='grc' dir='ltr'><strong>,η</strong></span> <span class='ocrx_word' id='word_1_647' title='bbox 3372 4023 3427 4070; x_wconf 90' lang='lat' dir='ltr'><strong>et</strong></span> <span class='ocrx_word' id='word_1_648' title='bbox 3451 4014 3525 4070; x_wconf 73' lang='lat' dir='ltr'><strong>ad</strong></span> <span class='ocrx_word' id='word_1_649' title='bbox 3549 4024 3768 4071; x_wconf 82' lang='lat' dir='ltr'><strong>sancto-</strong></span> 
     </span>
    </p>
   </div>
   <div class='ocr_carea' id='block_1_86' title="bbox 2167 4107 3769 4165">
    <p class='ocr_par' dir='ltr' id='par_1_86' title="bbox 2167 4107 3769 4165">
     <span class='ocr_line' id='line_1_86' title="bbox 2167 4107 3769 4165; baseline 0.002 -3"><span class='ocrx_word' id='word_1_650' title='bbox 2167 4120 2286 4162; x_wconf 88' lang='lat' dir='ltr'><strong>rum</strong></span> <span class='ocrx_word' id='word_1_651' title='bbox 2336 4107 2649 4163; x_wconf 23' lang='lat' dir='ltr'><strong>convivium.</strong></span> <span class='ocrx_word' id='word_1_652' title='bbox 2692 4118 2935 4164; x_wconf 81' lang='lat' dir='ltr'><strong>sanctam</strong></span> <span class='ocrx_word' id='word_1_653' title='bbox 2984 4109 3227 4165; x_wconf 81' lang='lat' dir='ltr'><strong>animam</strong></span> <span class='ocrx_word' id='word_1_654' title='bbox 3267 4124 3362 4164; x_wconf 86' lang='lat' dir='ltr'><strong>sua</strong></span> <span class='ocrx_word' id='word_1_655' title='bbox 3408 4108 3769 4165; x_wconf 80' lang='lat' dir='ltr'><strong>delectatione</strong></span> 
     </span>
    </p>
   </div>
   <div class='ocr_carea' id='block_1_87' title="bbox 2169 4198 3769 4268">
    <p class='ocr_par' dir='ltr' id='par_1_87' title="bbox 2169 4198 3769 4268">
     <span class='ocr_line' id='line_1_87' title="bbox 2169 4198 3769 4268; baseline 0.002 -16"><span class='ocrx_word' id='word_1_656' title='bbox 2169 4198 2607 4268; x_wconf 88' lang='lat' dir='ltr'><strong>impinguandam</strong></span> <span class='ocrx_word' id='word_1_657' title='bbox 2636 4199 2898 4267; x_wconf 88' lang='lat' dir='ltr'><strong>transigit.</strong></span> <span class='ocrx_word' id='word_1_658' title='bbox 2922 4198 3120 4254; x_wconf 80' lang='lat' dir='ltr'><strong>Vinum</strong></span> <span class='ocrx_word' id='word_1_659' title='bbox 3142 4215 3273 4256; x_wconf 85' lang='lat' dir='ltr'><strong>vero</strong></span> <span class='ocrx_word' id='word_1_660' title='bbox 3296 4216 3451 4255; x_wconf 90' lang='lat' dir='ltr'><strong>suum</strong></span> <span class='ocrx_word' id='word_1_661' title='bbox 3473 4215 3601 4255; x_wconf 89' lang='lat' dir='ltr'><strong>cum</strong></span> <span class='ocrx_word' id='word_1_662' title='bbox 3628 4200 3769 4255; x_wconf 75' lang='lat' dir='ltr'><strong>lacte</strong></span> 
     </span>
    </p>
   </div>
   <div class='ocr_carea' id='block_1_88' title="bbox 2168 4286 3765 4359">
    <p class='ocr_par' dir='ltr' id='par_1_88' title="bbox 2168 4286 3765 4359">
     <span class='ocr_line' id='line_1_88' title="bbox 2168 4286 3765 4359; baseline 0.001 -17"><span class='ocrx_word' id='word_1_663' title='bbox 2168 4286 2335 4352; x_wconf 87' lang='lat' dir='ltr'><strong>bibit,</strong></span> <span class='ocrx_word' id='word_1_664' title='bbox 2364 4287 2577 4358; x_wconf 84' lang='lat' dir='ltr'><strong>quando</strong></span> <span class='ocrx_word' id='word_1_665' title='bbox 2608 4296 2663 4343; x_wconf 88' lang='lat' dir='ltr'><strong>et</strong></span> <span class='ocrx_word' id='word_1_666' title='bbox 2702 4287 3033 4358; x_wconf 86' lang='lat' dir='ltr'><strong>perfectione</strong></span> <span class='ocrx_word' id='word_1_667' title='bbox 3081 4288 3437 4359; x_wconf 88' lang='lat' dir='ltr'><strong>quorumdam</strong></span> <span class='ocrx_word' id='word_1_668' title='bbox 3464 4304 3528 4344; x_wconf 84' lang='lat' dir='ltr'><strong>se</strong></span> <span class='ocrx_word' id='word_1_669' title='bbox 3556 4289 3765 4353; x_wconf 70' lang='lat' dir='ltr'><strong>reiicit.</strong></span> 
     </span>
    </p>
   </div>
   <div class='ocr_carea' id='block_1_89' title="bbox 2169 4380 3768 4452">
    <p class='ocr_par' dir='ltr' id='par_1_89' title="bbox 2169 4380 3768 4452">
     <span class='ocr_line' id='line_1_89' title="bbox 2169 4380 3768 4452; baseline 0.001 -16"><span class='ocrx_word' id='word_1_670' title='bbox 2169 4389 2225 4436; x_wconf 87' lang='lat' dir='ltr'><strong>et</strong></span> <span class='ocrx_word' id='word_1_671' title='bbox 2253 4381 2609 4436; x_wconf 77' lang='lat' dir='ltr'><strong>innocentiam</strong></span> <span class='ocrx_word' id='word_1_672' title='bbox 2643 4381 2871 4437; x_wconf 88' lang='lat' dir='ltr'><strong>aliorum</strong></span> <span class='ocrx_word' id='word_1_673' title='bbox 2908 4398 3030 4437; x_wconf 93' lang='lat' dir='ltr'><strong>cum</strong></span> <span class='ocrx_word' id='word_1_674' title='bbox 3063 4382 3266 4452; x_wconf 88' lang='lat' dir='ltr'><strong>pietate</strong></span> <span class='ocrx_word' id='word_1_675' title='bbox 3296 4380 3565 4451; x_wconf 81' lang='lat' dir='ltr'><strong>diligens,</strong></span> <span class='ocrx_word' id='word_1_676' title='bbox 3589 4388 3768 4437; x_wconf 82' lang='lat' dir='ltr'><strong>utros-</strong></span> 
     </span>
    </p>
   </div>
   <div class='ocr_carea' id='block_1_90' title="bbox 2171 4473 3763 4547">
    <p class='ocr_par' dir='ltr' id='par_1_90' title="bbox 2171 4473 3763 4547">
     <span class='ocr_line' id='line_1_90' title="bbox 2171 4473 3763 4547; baseline 0.002 -19"><span class='ocrx_word' id='word_1_677' title='bbox 2171 4489 2277 4544; x_wconf 86' lang='lat' dir='ltr'><strong>que</strong></span> <span class='ocrx_word' id='word_1_678' title='bbox 2330 4473 2396 4528; x_wconf 88' lang='lat' dir='ltr'><strong>ad</strong></span> <span class='ocrx_word' id='word_1_679' title='bbox 2449 4482 2715 4529; x_wconf 72' lang='lat' dir='ltr'><strong>aeternum</strong></span> <span class='ocrx_word' id='word_1_680' title='bbox 2765 4474 3072 4530; x_wconf 87' lang='lat' dir='ltr'><strong>convivium</strong></span> <span class='ocrx_word' id='word_1_681' title='bbox 3126 4476 3341 4547; x_wconf 84' lang='lat' dir='ltr'><strong>ingerit.</strong></span> <span class='ocrx_word' id='word_1_682' title='bbox 3395 4476 3477 4530; x_wconf 80' lang='lat' dir='ltr'><strong>Ad</strong></span> <span class='ocrx_word' id='word_1_683' title='bbox 3531 4490 3763 4547; x_wconf 70' lang='lat' dir='ltr'><strong>quorum</strong></span> 
     </span>
    </p>
   </div>
   <div class='ocr_carea' id='block_1_91' title="bbox 468 4558 3766 4646">
    <p class='ocr_par' dir='ltr' id='par_1_91' title="bbox 468 4558 3766 4646">
     <span class='ocr_line' id='line_1_91' title="bbox 468 4558 3766 4646; baseline 0.004 -33"><span class='ocrx_word' id='word_1_684' title='bbox 468 4559 739 4614; x_wconf 86' lang='lat' dir='ltr'><strong>civitatem</strong></span> <span class='ocrx_word' id='word_1_685' title='bbox 770 4558 865 4613; x_wconf 91' lang='lat' dir='ltr'><strong>Dei</strong></span> <span class='ocrx_word' id='word_1_686' title='bbox 892 4559 1126 4616; x_wconf 77' lang='lat' dir='ltr'><strong>lmtiticat</strong></span> <span class='ocrx_word' id='word_1_687' title='bbox 1149 4601 1164 4625; x_wconf 91' lang='lat'><strong>,</strong></span> <span class='ocrx_word' id='word_1_688' title='bbox 1187 4576 1306 4616; x_wconf 84' lang='lat' dir='ltr'><strong>cum</strong></span> <span class='ocrx_word' id='word_1_689' title='bbox 1335 4580 1431 4633; x_wconf 79' lang='lat' dir='ltr'><strong>per</strong></span> <span class='ocrx_word' id='word_1_690' title='bbox 1462 4567 1658 4623; x_wconf 89' lang='lat' dir='ltr'><strong>donum</strong></span> <span class='ocrx_word' id='word_1_691' title='bbox 1691 4570 1861 4624; x_wconf 88' lang='lat' dir='ltr'><strong>sancti</strong></span> <span class='ocrx_word' id='word_1_692' title='bbox 1891 4568 2063 4641; x_wconf 88' lang='lat' dir='ltr'><strong>Spiri-</strong></span> <span class='ocrx_word' id='word_1_693' title='bbox 2094 4585 2149 4646; x_wconf 75' lang='grc' dir='ltr'><strong>Ι)</strong></span> <span class='ocrx_word' id='word_1_694' title='bbox 2172 4568 2477 4638; x_wconf 81' lang='lat' dir='ltr'><strong>exemplum</strong></span> <span class='ocrx_word' id='word_1_695' title='bbox 2514 4584 2761 4639; x_wconf 89' lang='lat' dir='ltr'><strong>quosque</strong></span> <span class='ocrx_word' id='word_1_696' title='bbox 2809 4577 3153 4626; x_wconf 79' lang='lat' dir='ltr'><strong>remanentes</strong></span> <span class='ocrx_word' id='word_1_697' title='bbox 3199 4570 3432 4635; x_wconf 76' lang='lat' dir='ltr'><strong>invitat,</strong></span> <span class='ocrx_word' id='word_1_698' title='bbox 3463 4585 3593 4626; x_wconf 87' lang='lat' dir='ltr'><strong>eum</strong></span> <span class='ocrx_word' id='word_1_699' title='bbox 3640 4572 3766 4626; x_wconf 81' lang='lat' dir='ltr'><strong>sub-</strong></span> 
     </span>
    </p>
   </div>
   <div class='ocr_carea' id='block_1_92' title="bbox 467 4649 2061 4729">
    <p class='ocr_par' dir='ltr' id='par_1_92' title="bbox 467 4649 2061 4729">
     <span class='ocr_line' id='line_1_92' title="bbox 467 4649 2061 4729; baseline 0.008 -26"><span class='ocrx_word' id='word_1_700' title='bbox 467 4657 555 4703; x_wconf 85' lang='lat' dir='ltr'><strong>tus</strong></span> <span class='ocrx_word' id='word_1_701' title='bbox 604 4649 816 4703; x_wconf 86' lang='lat' dir='ltr'><strong>fortiter</strong></span> <span class='ocrx_word' id='word_1_702' title='bbox 860 4651 1126 4707; x_wconf 89' lang='lat' dir='ltr'><strong>inundans</strong></span> <span class='ocrx_word' id='word_1_703' title='bbox 1172 4654 1462 4724; x_wconf 68' lang='lat' dir='ltr'><strong>Scriptura:</strong></span> <span class='ocrx_word' id='word_1_704' title='bbox 1508 4660 1773 4729; x_wconf 87' lang='lat' dir='ltr'><strong>sapientia</strong></span> <span class='ocrx_word' id='word_1_705' title='bbox 1815 4671 2061 4717; x_wconf 25' lang='lat' dir='ltr'><strong>sanctam.</strong></span> 
     </span>
    </p>
   </div>
   <div class='ocr_carea' id='block_1_93' title="bbox 466 4740 2057 4821">
    <p class='ocr_par' dir='ltr' id='par_1_93' title="bbox 466 4740 2057 4821">
     <span class='ocr_line' id='line_1_93' title="bbox 466 4740 2057 4821; baseline 0.009 -26"><span class='ocrx_word' id='word_1_706' title='bbox 466 4740 781 4810; x_wconf 84' lang='lat' dir='ltr'><strong>Ecclesiam,</strong></span> <span class='ocrx_word' id='word_1_707' title='bbox 798 4743 885 4799; x_wconf 88' lang='lat' dir='ltr'><strong>vel</strong></span> <span class='ocrx_word' id='word_1_708' title='bbox 912 4743 1199 4813; x_wconf 70' lang='lat' dir='ltr'><strong>cuiuslibet</strong></span> <span class='ocrx_word' id='word_1_709' title='bbox 1225 4748 1487 4818; x_wconf 87' lang='lat' dir='ltr'><strong>capientis</strong></span> <span class='ocrx_word' id='word_1_710' title='bbox 1508 4760 1769 4821; x_wconf 57' lang='lat' dir='ltr'><strong>mentem,</strong></span> <span class='ocrx_word' id='word_1_711' title='bbox 1790 4754 2057 4811; x_wconf 89' lang='lat' dir='ltr'><strong>inlusione</strong></span> 
     </span>
    </p>
   </div>
   <div class='ocr_carea' id='block_1_94' title="bbox 466 4836 2060 4918">
    <p class='ocr_par' dir='ltr' id='par_1_94' title="bbox 466 4836 2060 4918">
     <span class='ocr_line' id='line_1_94' title="bbox 466 4836 2060 4918; baseline 0.009 -27"><span class='ocrx_word' id='word_1_712' title='bbox 466 4852 561 4891; x_wconf 82' lang='lat' dir='ltr'><strong>sua</strong></span> <span class='ocrx_word' id='word_1_713' title='bbox 590 4837 872 4892; x_wconf 78' lang='lat' dir='ltr'><strong>exhilarat.</strong></span> <span class='ocrx_word' id='word_1_714' title='bbox 903 4836 985 4893; x_wconf 82' lang='lat' dir='ltr'><strong>Ad</strong></span> <span class='ocrx_word' id='word_1_715' title='bbox 1025 4841 1180 4909; x_wconf 79' lang='lat' dir='ltr'><strong>cujus</strong></span> <span class='ocrx_word' id='word_1_716' title='bbox 1208 4841 1441 4912; x_wconf 89' lang='lat' dir='ltr'><strong>Spiritus</strong></span> <span class='ocrx_word' id='word_1_717' title='bbox 1478 4843 1768 4900; x_wconf 88' lang='lat' dir='ltr'><strong>adventum</strong></span> <span class='ocrx_word' id='word_1_718' title='bbox 1795 4848 2060 4918; x_wconf 86' lang='lat' dir='ltr'><strong>malignus</strong></span> 
     </span>
    </p>
   </div>
   <div class='ocr_carea' id='block_1_95' title="bbox 465 4928 2057 5007">
    <p class='ocr_par' dir='ltr' id='par_1_95' title="bbox 465 4928 2057 5007">
     <span class='ocr_line' id='line_1_95' title="bbox 465 4928 2057 5007; baseline 0.009 -25"><span class='ocrx_word' id='word_1_719' title='bbox 465 4928 686 4997; x_wconf 75' lang='lat' dir='ltr'><strong>Spiritus</strong></span> <span class='ocrx_word' id='word_1_720' title='bbox 734 4929 1063 5000; x_wconf 86' lang='lat' dir='ltr'><strong>increpatur,</strong></span> <span class='ocrx_word' id='word_1_721' title='bbox 1091 4947 1211 4987; x_wconf 86' lang='lat' dir='ltr'><strong>cum</strong></span> <span class='ocrx_word' id='word_1_722' title='bbox 1254 4932 1346 4989; x_wconf 86' lang='lat' dir='ltr'><strong>hic</strong></span> <span class='ocrx_word' id='word_1_723' title='bbox 1393 4934 1451 4991; x_wconf 84' lang='lat' dir='ltr'><strong>in</strong></span> <span class='ocrx_word' id='word_1_724' title='bbox 1494 4936 1947 5007; x_wconf 83' lang='lat' dir='ltr'><strong>subsequentibus</strong></span> <span class='ocrx_word' id='word_1_725' title='bbox 1971 4941 2057 4997; x_wconf 86' lang='lat' dir='ltr'><strong>di-</strong></span> 
     </span>
    </p>
   </div>
   <div class='ocr_carea' id='block_1_96' title="bbox 468 5018 643 5073">
    <p class='ocr_par' dir='ltr' id='par_1_96' title="bbox 468 5018 643 5073">
     <span class='ocr_line' id='line_1_96' title="bbox 468 5018 643 5073; baseline 0.006 -1"><span class='ocrx_word' id='word_1_726' title='bbox 468 5018 643 5073; x_wconf 69' lang='lat' dir='ltr'><strong>chur:</strong></span> 
     </span>
    </p>
   </div>
   <div class='ocr_carea' id='block_1_97' title="bbox 537 5111 2055 5202">
    <p class='ocr_par' dir='ltr' id='par_1_97' title="bbox 537 5111 2055 5202">
     <span class='ocr_line' id='line_1_97' title="bbox 537 5111 2055 5202; baseline 0.013 -36"><span class='ocrx_word' id='word_1_727' title='bbox 537 5111 716 5180; x_wconf 82' lang='lat' dir='ltr'><strong>(Vers.</strong></span> <span class='ocrx_word' id='word_1_728' title='bbox 748 5113 835 5171; x_wconf 84' lang='grc'><strong>16.</strong></span> <span class='ocrx_word' id='word_1_729' title='bbox 862 5117 885 5187; x_wconf 93' lang='grc'><strong>)</strong></span> <span class='ocrx_word' id='word_1_730' title='bbox 920 5117 1089 5192; x_wconf 74' lang='lat' dir='ltr'><strong>Surge</strong></span> <span class='ocrx_word' id='word_1_731' title='bbox 1115 5119 1303 5193; x_wconf 72' lang='lat' dir='ltr'><strong>Aquilo</strong></span> <span class='ocrx_word' id='word_1_732' title='bbox 1324 5154 1349 5189; x_wconf 61' lang='grc' dir='ltr'><strong><em>γ</em></strong></span> <span class='ocrx_word' id='word_1_733' title='bbox 1372 5130 1423 5177; x_wconf 75' lang='lat' dir='ltr'><strong>et</strong></span> <span class='ocrx_word' id='word_1_734' title='bbox 1475 5126 1589 5179; x_wconf 76' lang='lat' dir='ltr'><strong>veni</strong></span> <span class='ocrx_word' id='word_1_735' title='bbox 1632 5127 1853 5186; x_wconf 78' lang='lat' dir='ltr'><strong>Auster:</strong></span> <span class='ocrx_word' id='word_1_736' title='bbox 1888 5130 2055 5202; x_wconf 73' lang='lat' dir='ltr'><strong>perﬂa</strong></span> 
     </span>
    </p>
   </div>
   <div class='ocr_carea' id='block_1_98' title="bbox 467 5203 1671 5289">
    <p class='ocr_par' dir='ltr' id='par_1_98' title="bbox 467 5203 1671 5289">
     <span class='ocr_line' id='line_1_98' title="bbox 467 5203 1671 5289; baseline 0.014 -33"><span class='ocrx_word' id='word_1_737' title='bbox 467 5203 669 5289; x_wconf 82' lang='lat' dir='ltr'><strong>hortum</strong></span> <span class='ocrx_word' id='word_1_738' title='bbox 694 5222 858 5262; x_wconf 81' lang='lat' dir='ltr'><strong>meum</strong></span> <span class='ocrx_word' id='word_1_739' title='bbox 882 5246 897 5273; x_wconf 89' lang='lat'><strong>,</strong></span> <span class='ocrx_word' id='word_1_740' title='bbox 931 5219 951 5249; x_wconf 72' lang='grc' dir='ltr'><strong>ε</strong></span> <span class='ocrx_word' id='word_1_741' title='bbox 982 5220 1033 5265; x_wconf 86' lang='lat' dir='ltr'><strong>et</strong></span> <span class='ocrx_word' id='word_1_742' title='bbox 1061 5212 1222 5282; x_wconf 73' lang='lat' dir='ltr'><strong>ﬂuent</strong></span> <span class='ocrx_word' id='word_1_743' title='bbox 1250 5222 1493 5269; x_wconf 85' lang='lat' dir='ltr'><strong>aromata</strong></span> <span class='ocrx_word' id='word_1_744' title='bbox 1512 5216 1671 5275; x_wconf 82' lang='lat' dir='ltr'><strong>illius.</strong></span> 
     </span>
    </p>
   </div>
   <div class='ocr_carea' id='block_1_99' title="bbox 534 5295 2058 5383">
    <p class='ocr_par' dir='ltr' id='par_1_99' title="bbox 534 5295 2058 5383">
     <span class='ocr_line' id='line_1_99' title="bbox 534 5295 2058 5383; baseline 0.014 -33"><span class='ocrx_word' id='word_1_745' title='bbox 534 5295 623 5352; x_wconf 62' lang='lat' dir='ltr'><strong>ﬁt.</strong></span> <span class='ocrx_word' id='word_1_746' title='bbox 666 5298 803 5366; x_wconf 87' lang='lat' dir='ltr'><strong>Quid</strong></span> <span class='ocrx_word' id='word_1_747' title='bbox 831 5301 976 5357; x_wconf 81' lang='lat' dir='ltr'><strong>enim</strong></span> <span class='ocrx_word' id='word_1_748' title='bbox 1020 5318 1119 5374; x_wconf 76' lang='lat' dir='ltr'><strong>per</strong></span> <span class='ocrx_word' id='word_1_749' title='bbox 1147 5304 1466 5376; x_wconf 83' lang='lat' dir='ltr'><strong>Aquilonem</strong></span> <span class='ocrx_word' id='word_1_750' title='bbox 1491 5310 1585 5381; x_wconf 89' lang='lat' dir='ltr'><strong>qui</strong></span> <span class='ocrx_word' id='word_1_751' title='bbox 1620 5311 1673 5368; x_wconf 90' lang='lat' dir='ltr'><strong>in</strong></span> <span class='ocrx_word' id='word_1_752' title='bbox 1704 5311 1901 5383; x_wconf 89' lang='lat' dir='ltr'><strong>frigore</strong></span> <span class='ocrx_word' id='word_1_753' title='bbox 1927 5328 2058 5370; x_wconf 88' lang='lat' dir='ltr'><strong>con-</strong></span> 
     </span>
    </p>
   </div>
   <div class='ocr_carea' id='block_1_100' title="bbox 467 5388 2059 5476">
    <p class='ocr_par' dir='ltr' id='par_1_100' title="bbox 467 5388 2059 5476">
     <span class='ocr_line' id='line_1_100' title="bbox 467 5388 2059 5476; baseline 0.014 -36"><span class='ocrx_word' id='word_1_754' title='bbox 467 5388 727 5460; x_wconf 82' lang='lat' dir='ltr'><strong>stringit,</strong></span> <span class='ocrx_word' id='word_1_755' title='bbox 759 5401 817 5448; x_wconf 89' lang='lat' dir='ltr'><strong>et</strong></span> <span class='ocrx_word' id='word_1_756' title='bbox 870 5400 1094 5466; x_wconf 81' lang='lat' dir='ltr'><strong>torpens</strong></span> <span class='ocrx_word' id='word_1_757' title='bbox 1135 5395 1299 5465; x_wconf 86' lang='lat' dir='ltr'><strong>facit,</strong></span> <span class='ocrx_word' id='word_1_758' title='bbox 1354 5400 1457 5456; x_wconf 79' lang='lat' dir='ltr'><strong>nisi</strong></span> <span class='ocrx_word' id='word_1_759' title='bbox 1505 5401 1806 5460; x_wconf 86' lang='lat' dir='ltr'><strong>immundus</strong></span> <span class='ocrx_word' id='word_1_760' title='bbox 1842 5404 2059 5476; x_wconf 85' lang='lat' dir='ltr'><strong>Spiritus</strong></span> 
     </span>
    </p>
   </div>
   <div class='ocr_carea' id='block_1_101' title="bbox 541 5532 2057 5631">
    <p class='ocr_par' dir='ltr' id='par_1_101' title="bbox 541 5532 2057 5631">
     <span class='ocr_line' id='line_1_101' title="bbox 541 5532 2057 5631; baseline 0.013 -33"><span class='ocrx_word' id='word_1_761' title='bbox 541 5538 567 5581; x_wconf 66' lang='grc' dir='ltr'><strong><em>έ</em></strong></span> <span class='ocrx_word' id='word_1_762' title='bbox 604 5532 664 5599; x_wconf 67' lang='lat' dir='ltr'><strong>in</strong></span> <span class='ocrx_word' id='word_1_763' title='bbox 708 5551 917 5607; x_wconf 81' lang='lat' dir='ltr'><strong>excusis</strong></span> <span class='ocrx_word' id='word_1_764' title='bbox 944 5594 959 5620; x_wconf 96' lang='lat'><strong>,</strong></span> <span class='ocrx_word' id='word_1_765' title='bbox 989 5553 1034 5609; x_wconf 89' lang='lat' dir='ltr'><strong>si</strong></span> <span class='ocrx_word' id='word_1_766' title='bbox 1086 5556 1323 5625; x_wconf 83' lang='lat' dir='ltr'><strong>excipias</strong></span> <span class='ocrx_word' id='word_1_767' title='bbox 1348 5554 1460 5631; x_wconf 68' lang='lat' dir='ltr'><strong>vet.</strong></span> <span class='ocrx_word' id='word_1_768' title='bbox 1496 5558 1587 5613; x_wconf 90' lang='lat' dir='ltr'><strong>Ed.</strong></span> <span class='ocrx_word' id='word_1_769' title='bbox 1622 5544 1788 5615; x_wconf 72' lang='lat' dir='ltr'><strong>Paris.</strong></span> <span class='ocrx_word' id='word_1_770' title='bbox 1824 5560 2057 5631; x_wconf 89' lang='lat' dir='ltr'><strong>additur,</strong></span> 
     </span>
    </p>
   </div>
   <div class='ocr_carea' id='block_1_102' title="bbox 466 5623 2054 5745">
    <p class='ocr_par' dir='ltr' id='par_1_102' title="bbox 466 5623 2054 5745">
     <span class='ocr_line' id='line_1_102' title="bbox 466 5623 2054 5745; baseline 0.014 -77"><span class='ocrx_word' id='word_1_771' title='bbox 466 5623 735 5745; x_wconf 43' lang='lat' dir='ltr'><strong>inquugfﬂsts</strong></span> <span class='ocrx_word' id='word_1_772' title='bbox 757 5632 1119 5695; x_wconf 72' lang='lat' dir='ltr'><strong>puteus,post</strong></span> <span class='ocrx_word' id='word_1_773' title='bbox 1169 5623 1302 5699; x_wconf 75' lang='lat' dir='ltr'><strong>eget.</strong></span> <span class='ocrx_word' id='word_1_774' title='bbox 1345 5629 1623 5686; x_wconf 88' lang='lat' dir='ltr'><strong>Glossema</strong></span> <span class='ocrx_word' id='word_1_775' title='bbox 1669 5640 1752 5687; x_wconf 88' lang='lat' dir='ltr'><strong>est</strong></span> <span class='ocrx_word' id='word_1_776' title='bbox 1799 5647 1906 5703; x_wconf 89' lang='lat' dir='ltr'><strong>quo</strong></span> <span class='ocrx_word' id='word_1_777' title='bbox 1960 5623 2054 5691; x_wconf 51' lang='lat' dir='ltr'><strong>ca;</strong></span> 
     </span>
    </p>
   </div>
   <div class='ocr_carea' id='block_1_103' title="bbox 542 5759 1623 5840">
    <p class='ocr_par' dir='ltr' id='par_1_103' title="bbox 542 5759 1623 5840">
     <span class='ocr_line' id='line_1_103' title="bbox 542 5759 1623 5840; baseline 0.015 -30"><span class='ocrx_word' id='word_1_778' title='bbox 542 5759 567 5798; x_wconf 70' lang='grc' dir='ltr'>ιι</span> <span class='ocrx_word' id='word_1_779' title='bbox 605 5759 665 5840; x_wconf 55' lang='lat' dir='ltr'><strong>in</strong></span> <span class='ocrx_word' id='word_1_780' title='bbox 693 5760 925 5840; x_wconf 55' lang='lat' dir='ltr'><strong>vulgatis</strong></span> <span class='ocrx_word' id='word_1_781' title='bbox 953 5765 1383 5840; x_wconf 52' lang='lat' dir='ltr'><strong>omissumLcum</strong></span> <span class='ocrx_word' id='word_1_782' title='bbox 1411 5771 1623 5840; x_wconf 76' lang='lat' dir='ltr'><strong>impetu.</strong></span> 
     </span>
    </p>
   </div>
   <div class='ocr_carea' id='block_1_104' title="bbox 543 5810 2051 5917">
    <p class='ocr_par' dir='ltr' id='par_1_104' title="bbox 543 5810 2051 5917">
     <span class='ocr_line' id='line_1_104' title="bbox 543 5810 2051 5917; baseline 0.013 -31"><span class='ocrx_word' id='word_1_783' title='bbox 543 5841 565 5871; x_wconf 73' lang='grc' dir='ltr'>ε</span> <span class='ocrx_word' id='word_1_784' title='bbox 605 5810 666 5887; x_wconf 69' lang='lat' dir='ltr'><strong>in</strong></span> <span class='ocrx_word' id='word_1_785' title='bbox 693 5810 1383 5909; x_wconf 59' lang='lat' dir='ltr'><strong>uanas.&#39;éz&#39;v“;r:&quot;ci,“zi</strong></span> <span class='ocrx_word' id='word_1_786' title='bbox 1402 5810 1839 5909; x_wconf 47' lang='lat' dir='ltr'><strong>ﬁnitima</strong></span> <span class='ocrx_word' id='word_1_787' title='bbox 1857 5881 1875 5914; x_wconf 91' lang='lat'><strong>,</strong></span> <span class='ocrx_word' id='word_1_788' title='bbox 1906 5846 2051 5917; x_wconf 76' lang='lat' dir='ltr'><strong>quod</strong></span> 
     </span>
    </p>
   </div>
   <div class='ocr_carea' id='block_1_105' title="bbox 2160 4659 2368 4731">
    <p class='ocr_par' dir='ltr' id='par_1_105' title="bbox 2160 4659 2368 4731">
     <span class='ocr_line' id='line_1_105' title="bbox 2160 4659 2368 4731; baseline -0.005 -16"><span class='ocrx_word' id='word_1_789' title='bbox 2160 4659 2368 4731; x_wconf 79' lang='lat' dir='ltr'><strong>jungit:</strong></span> 
     </span>
    </p>
   </div>
   <div class='ocr_carea' id='block_1_106' title="bbox 2237 4752 3761 4827">
    <p class='ocr_par' dir='ltr' id='par_1_106' title="bbox 2237 4752 3761 4827">
     <span class='ocr_line' id='line_1_106' title="bbox 2237 4752 3761 4827; baseline 0.005 -20"><span class='ocrx_word' id='word_1_790' title='bbox 2237 4753 2415 4823; x_wconf 76' lang='lat' dir='ltr'><strong>(Vors.</strong></span> <span class='ocrx_word' id='word_1_791' title='bbox 2446 4752 2524 4825; x_wconf 88' lang='grc'><strong>1.)</strong></span> <span class='ocrx_word' id='word_1_792' title='bbox 2537 4752 2825 4824; x_wconf 67' lang='lat' dir='ltr'><strong>Comedite,</strong></span> <span class='ocrx_word' id='word_1_793' title='bbox 2840 4755 2995 4811; x_wconf 75' lang='lat' dir='ltr'><strong>amici</strong></span> <span class='ocrx_word' id='word_1_794' title='bbox 3013 4756 3114 4812; x_wconf 79' lang='lat' dir='ltr'><strong>mei</strong></span> <span class='ocrx_word' id='word_1_795' title='bbox 3128 4784 3149 4827; x_wconf 65' lang='grc' dir='ltr'><em>ι</em></span> <span class='ocrx_word' id='word_1_796' title='bbox 3166 4753 3325 4813; x_wconf 73' lang='lat' dir='ltr'><strong>bibite</strong></span> <span class='ocrx_word' id='word_1_797' title='bbox 3340 4764 3389 4813; x_wconf 78' lang='lat' dir='ltr'><strong>st</strong></span> <span class='ocrx_word' id='word_1_798' title='bbox 3407 4756 3761 4815; x_wconf 53' lang='lat' dir='ltr'><strong>iacti-ianuas-</strong></span> 
     </span>
    </p>
   </div>
   <div class='ocr_carea' id='block_1_107' title="bbox 2164 4846 2483 4901">
    <p class='ocr_par' dir='ltr' id='par_1_107' title="bbox 2164 4846 2483 4901">
     <span class='ocr_line' id='line_1_107' title="bbox 2164 4846 2483 4901; baseline 0 0"><span class='ocrx_word' id='word_1_799' title='bbox 2164 4846 2483 4901; x_wconf 57' lang='lat' dir='ltr'><strong>charissimi».</strong></span> 
     </span>
    </p>
   </div>
   <div class='ocr_carea' id='block_1_108' title="bbox 2236 4937 3757 5012">
    <p class='ocr_par' dir='ltr' id='par_1_108' title="bbox 2236 4937 3757 5012">
     <span class='ocr_line' id='line_1_108' title="bbox 2236 4937 3757 5012; baseline 0.001 -17"><span class='ocrx_word' id='word_1_800' title='bbox 2236 4940 2288 4995; x_wconf 75' lang='grc'><strong>5.</strong></span> <span class='ocrx_word' id='word_1_801' title='bbox 2330 4937 2641 4995; x_wconf 83' lang='lat' dir='ltr'><strong>Notandum</strong></span> <span class='ocrx_word' id='word_1_802' title='bbox 2686 4940 2744 4995; x_wconf 80' lang='lat' dir='ltr'><strong>in</strong></span> <span class='ocrx_word' id='word_1_803' title='bbox 2769 4939 2961 5011; x_wconf 83' lang='lat' dir='ltr'><strong>primis</strong></span> <span class='ocrx_word' id='word_1_804' title='bbox 2983 4949 3067 4998; x_wconf 83' lang='lat' dir='ltr'><strong>est</strong></span> <span class='ocrx_word' id='word_1_805' title='bbox 3095 4972 3117 5011; x_wconf 61' lang='grc' dir='ltr'><em>φ</em></span> <span class='ocrx_word' id='word_1_806' title='bbox 3133 4941 3262 5012; x_wconf 86' lang='lat' dir='ltr'><strong>quia</strong></span> <span class='ocrx_word' id='word_1_807' title='bbox 3288 4941 3381 5012; x_wconf 82' lang='lat' dir='ltr'><strong>qui</strong></span> <span class='ocrx_word' id='word_1_808' title='bbox 3421 4942 3721 4999; x_wconf 76' lang='lat' dir='ltr'><strong>comedunt</strong></span> <span class='ocrx_word' id='word_1_809' title='bbox 3743 4984 3757 5008; x_wconf 94' lang='lat'><strong>,</strong></span> 
     </span>
    </p>
   </div>
   <div class='ocr_carea' id='block_1_109' title="bbox 2160 5034 3759 5105">
    <p class='ocr_par' dir='ltr' id='par_1_109' title="bbox 2160 5034 3759 5105">
     <span class='ocr_line' id='line_1_109' title="bbox 2160 5034 3759 5105; baseline 0.001 -15"><span class='ocrx_word' id='word_1_810' title='bbox 2160 5034 2359 5102; x_wconf 83' lang='lat' dir='ltr'><strong>amici;</strong></span> <span class='ocrx_word' id='word_1_811' title='bbox 2388 5035 2481 5105; x_wconf 90' lang='lat' dir='ltr'><strong>qui</strong></span> <span class='ocrx_word' id='word_1_812' title='bbox 2530 5048 2665 5092; x_wconf 84' lang='lat' dir='ltr'><strong>vero</strong></span> <span class='ocrx_word' id='word_1_813' title='bbox 2718 5036 2908 5093; x_wconf 83' lang='lat' dir='ltr'><strong>bibunt</strong></span> <span class='ocrx_word' id='word_1_814' title='bbox 2937 5045 3009 5095; x_wconf 70' lang='grc' dir='ltr'><strong>σει</strong></span> <span class='ocrx_word' id='word_1_815' title='bbox 3054 5036 3424 5101; x_wconf 59' lang='grc' dir='ltr'><strong>ἰηθδιὶοιηιιινρ</strong></span> <span class='ocrx_word' id='word_1_816' title='bbox 3454 5036 3759 5093; x_wconf 68' lang='lat' dir='ltr'><strong>charissim</strong></span> 
     </span>
    </p>
   </div>
   <div class='ocr_carea' id='block_1_110' title="bbox 2161 5131 3761 5203">
    <p class='ocr_par' dir='ltr' id='par_1_110' title="bbox 2161 5131 3761 5203">
     <span class='ocr_line' id='line_1_110' title="bbox 2161 5131 3761 5203; baseline 0.002 -18"><span class='ocrx_word' id='word_1_817' title='bbox 2161 5144 2282 5186; x_wconf 85' lang='lat' dir='ltr'><strong>esse</strong></span> <span class='ocrx_word' id='word_1_818' title='bbox 2330 5131 2701 5201; x_wconf 82' lang='lat' dir='ltr'><strong>perhibentur.</strong></span> <span class='ocrx_word' id='word_1_819' title='bbox 2753 5131 2819 5188; x_wconf 78' lang='lat' dir='ltr'><strong>In</strong></span> <span class='ocrx_word' id='word_1_820' title='bbox 2855 5133 3053 5203; x_wconf 90' lang='lat' dir='ltr'><strong>quibus</strong></span> <span class='ocrx_word' id='word_1_821' title='bbox 3083 5133 3262 5190; x_wconf 81' lang='lat' dir='ltr'><strong>verbis</strong></span> <span class='ocrx_word' id='word_1_822' title='bbox 3310 5132 3547 5202; x_wconf 52' lang='grc' dir='ltr'>Μ</span> <span class='ocrx_word' id='word_1_823' title='bbox 3583 5134 3761 5200; x_wconf 80' lang='lat' dir='ltr'><strong>datm,-</strong></span> 
     </span>
    </p>
   </div>
   <div class='ocr_carea' id='block_1_111' title="bbox 2160 5208 3763 5292">
    <p class='ocr_par' dir='ltr' id='par_1_111' title="bbox 2160 5208 3763 5292">
     <span class='ocr_line' id='line_1_111' title="bbox 2160 5208 3763 5292; baseline 0 -15"><span class='ocrx_word' id='word_1_824' title='bbox 2160 5223 2291 5292; x_wconf 89' lang='lat' dir='ltr'><strong>quia-</strong></span> <span class='ocrx_word' id='word_1_825' title='bbox 2314 5223 2367 5278; x_wconf 94' lang='lat' dir='ltr'><strong>in</strong></span> <span class='ocrx_word' id='word_1_826' title='bbox 2396 5223 2500 5279; x_wconf 90' lang='lat' dir='ltr'><strong>hoc</strong></span> <span class='ocrx_word' id='word_1_827' title='bbox 2528 5221 2659 5279; x_wconf 81' lang='lat' dir='ltr'><strong>loco</strong></span> <span class='ocrx_word' id='word_1_828' title='bbox 2680 5222 2971 5280; x_wconf 86' lang='lat' dir='ltr'><strong>comedere</strong></span> <span class='ocrx_word' id='word_1_829' title='bbox 2996 5224 3199 5281; x_wconf 83' lang='lat' dir='ltr'><strong>bonum</strong></span> <span class='ocrx_word' id='word_1_830' title='bbox 3229 5208 3681 5292; x_wconf 55' lang='lat' dir='ltr'><strong>estfpsed&#39;bibere</strong></span> <span class='ocrx_word' id='word_1_831' title='bbox 3706 5231 3763 5278; x_wconf 84' lang='lat' dir='ltr'><strong>et</strong></span> 
     </span>
    </p>
   </div>
   <div class='ocr_carea' id='block_1_112' title="bbox 2162 5301 3756 5388">
    <p class='ocr_par' dir='ltr' id='par_1_112' title="bbox 2162 5301 3756 5388">
     <span class='ocr_line' id='line_1_112' title="bbox 2162 5301 3756 5388; baseline -0.001 -19"><span class='ocrx_word' id='word_1_832' title='bbox 2162 5314 2423 5370; x_wconf 83' lang='lat' dir='ltr'><strong>inebriari</strong></span> <span class='ocrx_word' id='word_1_833' title='bbox 2446 5315 2677 5385; x_wconf 85' lang='lat' dir='ltr'><strong>amplius</strong></span> <span class='ocrx_word' id='word_1_834' title='bbox 2713 5316 3049 5388; x_wconf 57' lang='lat' dir='ltr'><strong>bonum.estc</strong></span> <span class='ocrx_word' id='word_1_835' title='bbox 3077 5315 3219 5372; x_wconf 84' lang='lat' dir='ltr'><strong>Sunt</strong></span> <span class='ocrx_word' id='word_1_836' title='bbox 3255 5301 3520 5371; x_wconf 68' lang='lat' dir='ltr'><strong>nimirum</strong></span> <span class='ocrx_word' id='word_1_837' title='bbox 3544 5316 3756 5386; x_wconf 79' lang='lat' dir='ltr'><strong>quidam</strong></span> 
     </span>
    </p>
   </div>
   <div class='ocr_carea' id='block_1_113' title="bbox 2165 5405 3762 5479">
    <p class='ocr_par' dir='ltr' id='par_1_113' title="bbox 2165 5405 3762 5479">
     <span class='ocr_line' id='line_1_113' title="bbox 2165 5405 3762 5479; baseline -0.001 -17"><span class='ocrx_word' id='word_1_838' title='bbox 2165 5405 2220 5463; x_wconf 89' lang='lat' dir='ltr'><strong>in</strong></span> <span class='ocrx_word' id='word_1_839' title='bbox 2245 5416 2431 5465; x_wconf 85' lang='lat' dir='ltr'><strong>sancta</strong></span> <span class='ocrx_word' id='word_1_840' title='bbox 2454 5406 2695 5466; x_wconf 79' lang='lat' dir='ltr'><strong>Ecclesia</strong></span> <span class='ocrx_word' id='word_1_841' title='bbox 2721 5450 2735 5476; x_wconf 89' lang='lat'><strong>,</strong></span> <span class='ocrx_word' id='word_1_842' title='bbox 2760 5408 2853 5478; x_wconf 81' lang='lat' dir='ltr'><strong>qui</strong></span> <span class='ocrx_word' id='word_1_843' title='bbox 2879 5407 2960 5464; x_wconf 89' lang='lat' dir='ltr'><strong>sio</strong></span> <span class='ocrx_word' id='word_1_844' title='bbox 2984 5415 3255 5479; x_wconf 77' lang='lat' dir='ltr'><strong>prmeeptu</strong></span> <span class='ocrx_word' id='word_1_845' title='bbox 3281 5406 3466 5464; x_wconf 76' lang='lat' dir='ltr'><strong>divina</strong></span> <span class='ocrx_word' id='word_1_846' title='bbox 3493 5407 3719 5463; x_wconf 78' lang='lat' dir='ltr'><strong>audiunt</strong></span> <span class='ocrx_word' id='word_1_847' title='bbox 3746 5447 3762 5473; x_wconf 90' lang='lat'><strong>,</strong></span> 
     </span>
    </p>
   </div>
   <div class='ocr_carea' id='block_1_114' title="bbox 2162 5558 3755 5639">
    <p class='ocr_par' dir='ltr' id='par_1_114' title="bbox 2162 5558 3755 5639">
     <span class='ocr_line' id='line_1_114' title="bbox 2162 5558 3755 5639; baseline 0 -19"><span class='ocrx_word' id='word_1_848' title='bbox 2162 5565 2324 5620; x_wconf 88' lang='lat' dir='ltr'><strong>etiam</strong></span> <span class='ocrx_word' id='word_1_849' title='bbox 2356 5568 2408 5622; x_wconf 88' lang='lat' dir='ltr'><strong>in</strong></span> <span class='ocrx_word' id='word_1_850' title='bbox 2439 5566 2668 5635; x_wconf 77' lang='lat' dir='ltr'><strong>Vulgata</strong></span> <span class='ocrx_word' id='word_1_851' title='bbox 2718 5558 2933 5637; x_wconf 84' lang='lat' dir='ltr'><strong>legitur,</strong></span> <span class='ocrx_word' id='word_1_852' title='bbox 2964 5567 3304 5638; x_wconf 86' lang='lat' dir='ltr'><strong>habeturque</strong></span> <span class='ocrx_word' id='word_1_853' title='bbox 3360 5568 3526 5639; x_wconf 90' lang='lat' dir='ltr'><strong>paulo</strong></span> <span class='ocrx_word' id='word_1_854' title='bbox 3580 5566 3755 5624; x_wconf 89' lang='lat' dir='ltr'><strong>infra:</strong></span> 
     </span>
    </p>
   </div>
   <div class='ocr_carea' id='block_1_115' title="bbox 2160 5640 3417 5745">
    <p class='ocr_par' dir='ltr' id='par_1_115' title="bbox 2160 5640 3417 5745">
     <span class='ocr_line' id='line_1_115' title="bbox 2160 5640 3417 5745; baseline 0.003 -53"><span class='ocrx_word' id='word_1_855' title='bbox 2160 5646 2341 5745; x_wconf 49' lang='lat' dir='ltr'><strong>aurigat</strong></span> <span class='ocrx_word' id='word_1_856' title='bbox 2360 5656 2484 5712; x_wconf 74' lang='lat' dir='ltr'><strong>ergo</strong></span> <span class='ocrx_word' id='word_1_857' title='bbox 2506 5640 2809 5715; x_wconf 80' lang='lat' dir='ltr'><strong>Aqui/0.....</strong></span> <span class='ocrx_word' id='word_1_858' title='bbox 2842 5649 2891 5694; x_wconf 88' lang='lat' dir='ltr'><strong>et</strong></span> <span class='ocrx_word' id='word_1_859' title='bbox 2919 5640 3086 5710; x_wconf 82' lang='lat' dir='ltr'><strong>ﬂuant</strong></span> <span class='ocrx_word' id='word_1_860' title='bbox 3108 5681 3123 5707; x_wconf 90' lang='lat'><strong>,</strong></span> <span class='ocrx_word' id='word_1_861' title='bbox 3149 5648 3253 5703; x_wconf 83' lang='lat' dir='ltr'><strong>etc.</strong></span> <span class='ocrx_word' id='word_1_862' title='bbox 3316 5712 3329 5715; x_wconf 92' lang='lat'>_</span> <span class='ocrx_word' id='word_1_863' title='bbox 3366 5712 3373 5715; x_wconf 92' lang='lat'>_</span> <span class='ocrx_word' id='word_1_864' title='bbox 3412 5708 3417 5713; x_wconf 21' lang='grc' dir='ltr'><strong>Δ</strong></span> 
     </span>
     <span class='ocr_line' id='line_1_116' title="bbox 2298 5696 3417 5745; baseline 0 0"><span class='ocrx_word' id='word_1_865' title='bbox 2298 5707 2385 5745; x_wconf 69' lang='grc' dir='ltr'><strong>ςίη</strong></span> <span class='ocrx_word' id='word_1_866' title='bbox 2414 5711 2739 5745; x_wconf 64' lang='grc' dir='ltr'><strong>νοείῖιιιίηηιιο</strong></span> <span class='ocrx_word' id='word_1_867' title='bbox 2772 5727 2836 5745; x_wconf 69' lang='grc' dir='ltr'>ιη</span> <span class='ocrx_word' id='word_1_868' title='bbox 2871 5709 2973 5745; x_wconf 67' lang='grc' dir='ltr'>ιιαα</span> <span class='ocrx_word' id='word_1_869' title='bbox 3028 5698 3084 5745; x_wconf 74' lang='grc' dir='ltr'><strong>ἰ..</strong></span> <span class='ocrx_word' id='word_1_870' title='bbox 3108 5709 3267 5745; x_wconf 71' lang='lat' dir='ltr'><strong>nrlilic</strong></span> <span class='ocrx_word' id='word_1_871' title='bbox 3292 5696 3417 5745; x_wconf 59' lang='lat' dir='ltr'><strong>iure</strong></span> 
     </span>
    </p>
   </div>
   <div class='ocr_carea' id='block_1_116' title="bbox 2298 5696 3761 5785">
    <p class='ocr_par' dir='ltr' id='par_1_116' title="bbox 2298 5696 3761 5785">
     <span class='ocr_line' id='line_1_117' title="bbox 2298 5696 3761 5785; baseline 0.003 -23"><span class='ocrx_word' id='word_1_872' title='bbox 2298 5696 2743 5785; x_wconf 38' lang='lat' dir='ltr'><strong>S‘icr&#39;estit&#39;uimus</strong></span> <span class='ocrx_word' id='word_1_873' title='bbox 2772 5727 2840 5766; x_wconf 83' lang='lat' dir='ltr'><strong>ex</strong></span> <span class='ocrx_word' id='word_1_874' title='bbox 2869 5696 2998 5767; x_wconf 64' lang='lat' dir='ltr'><strong>Mss.</strong></span> <span class='ocrx_word' id='word_1_875' title='bbox 3027 5698 3087 5766; x_wconf 81' lang='grc' dir='ltr'>Ῐιι</span> <span class='ocrx_word' id='word_1_876' title='bbox 3108 5696 3270 5769; x_wconf 68' lang='lat' dir='ltr'><strong>editis</strong></span> <span class='ocrx_word' id='word_1_877' title='bbox 3291 5696 3511 5785; x_wconf 66' lang='lat' dir='ltr'><strong>legitur,</strong></span> <span class='ocrx_word' id='word_1_878' title='bbox 3534 5720 3594 5768; x_wconf 78' lang='grc' dir='ltr'><strong>ιιι</strong></span> <span class='ocrx_word' id='word_1_879' title='bbox 3622 5709 3761 5768; x_wconf 65' lang='lat' dir='ltr'><strong>bona</strong></span> 
     </span>
    </p>
   </div>
   <div class='ocr_carea' id='block_1_117' title="bbox 2162 5776 2927 5852">
    <p class='ocr_par' dir='ltr' id='par_1_117' title="bbox 2162 5776 2927 5852">
     <span class='ocr_line' id='line_1_118' title="bbox 2162 5776 2927 5852; baseline 0.005 -19"><span class='ocrx_word' id='word_1_880' title='bbox 2162 5795 2277 5850; x_wconf 79' lang='lat' dir='ltr'><strong>qua:</strong></span> <span class='ocrx_word' id='word_1_881' title='bbox 2297 5776 2603 5852; x_wconf 55' lang='lat' dir='ltr'><strong>desiderant</strong></span> <span class='ocrx_word' id='word_1_882' title='bbox 2632 5790 2927 5852; x_wconf 79' lang='lat' dir='ltr'><strong>operentur.</strong></span> 
     </span>
    </p>
   </div>
   <div class='ocr_carea' id='block_1_118' title="bbox 2234 5848 2978 5921">
    <p class='ocr_par' dir='ltr' id='par_1_118' title="bbox 2234 5848 2978 5921">
     <span class='ocr_line' id='line_1_119' title="bbox 2234 5848 2978 5921; baseline 0.005 -17"><span class='ocrx_word' id='word_1_883' title='bbox 2234 5860 2258 5889; x_wconf 83' lang='grc' dir='ltr'><strong><em>ο</em></strong></span> <span class='ocrx_word' id='word_1_884' title='bbox 2296 5848 2354 5905; x_wconf 83' lang='grc' dir='ltr'>Ιιι</span> <span class='ocrx_word' id='word_1_885' title='bbox 2383 5853 2594 5909; x_wconf 81' lang='lat' dir='ltr'><strong>excusis</strong></span> <span class='ocrx_word' id='word_1_886' title='bbox 2616 5893 2632 5921; x_wconf 91' lang='lat'><strong>,</strong></span> <span class='ocrx_word' id='word_1_887' title='bbox 2651 5848 2702 5908; x_wconf 80' lang='lat' dir='ltr'><strong>et</strong></span> <span class='ocrx_word' id='word_1_888' title='bbox 2722 5852 2978 5910; x_wconf 81' lang='lat' dir='ltr'><strong>comedat.</strong></span> 
     </span>
    </p>
   </div>
   <div class='ocr_carea' id='block_1_119' title="bbox 3742 5952 3785 5969">
    <p class='ocr_par' dir='ltr' id='par_1_119' title="bbox 3742 5952 3785 5969">
     <span class='ocr_line' id='line_1_120' title="bbox 3742 5952 3785 5969; baseline 0 -4"><span class='ocrx_word' id='word_1_889' title='bbox 3742 5952 3785 5969; x_wconf 58' lang='grc' dir='ltr'><strong>αα</strong></span> 
     </span>
    </p>
   </div>
  </div>
