4052 6338
492 391 595 454 519

485 617 683 673 sponso
707 607 1021 676 respondet,
1052 611 1266 669 dicens:

556 693 733 766 (Vers.
750 696 828 766 5.)
851 697 1151 770 Exspatiari
1174 721 1251 758 me
1275 706 1444 761 tunica
1460 725 1592 775 mea,
1615 715 1864 781 quomodo
1887 715 2070 770 iterum

484 784 674 839 induar
695 787 823 843 illa?
850 789 980 846 Lavi
1005 795 1158 863 pedes
1189 814 1360 870 meos,
1393 804 1643 868 quomodo
1672 805 1854 860 iterum
1895 810 2067 878 inqui-

485 873 620 929 nabo
649 877 766 931 illos
783 879 809 931 ἱ)

555 964 606 1018 6.
653 966 852 1023 Tunica
883 986 979 1026 sua
1007 987 1201 1042 sponsa
1229 992 1286 1031 se
1316 981 1634 1050 exspoliavit
1655 1025 1670 1051 ,
1721 987 1843 1053 quia
1887 987 2064 1042 omnia

483 1056 774 1123 exteriora,
807 1068 831 1096 α
864 1062 1058 1128 quibus
1085 1067 1427 1135 onerabatur,
1461 1072 1676 1138 abjecit.
1711 1073 1784 1129 De
1831 1093 1934 1145 qua
1983 1086 2065 1132 tu-

481 1145 601 1200 nica
632 1148 865 1205 dicitur:
899 1151 1054 1208 Nunc
1093 1168 1258 1211 autem
1288 1162 1371 1230 qui
1401 1162 1548 1216 habet
1591 1167 1835 1230 tunicam,
1883 1171 2064 1223 t'endat

479 1256 614 1307 eam,
645 1251 693 1296 et
723 1254 857 1298 emat
882 1247 1113 1317 gladium
1137 1249 1284 1321 (Luc.
1308 1269 1434 1321 xxn,
1461 1254 1575 1327 56).
1600 1256 1846 1312 Gladium
1868 1263 2063 1333 quippe

479 1333 694 1387 vendita
719 1337 894 1390 tunica
935 1339 1095 1408 emit,
1137 1343 1225 1411 qui
1251 1358 1349 1411 pro
1375 1347 1590 1400 :L-ternis
1617 1351 1928 1418 temporalia
1969 1354 2062 1406 ab-

475 1422 655 1479 diCat:
689 1435 741 1481 et
786 1429 836 1482 in
877 1440 1060 1485 sancta
1115 1437 1525 1493 conversatione
1571 1440 1784 1507 vivens,
1840 1444 2058 1497 verbum

472 1513 865 1582 prcedicationis
917 1522 1162 1588 acquirit.
1199 1524 1274 1580 De
1319 1541 1426 1594 quo
1465 1529 1658 1584 dicitur
1689 1549 1700 1584 :
1736 1531 1803 1584 Et
1830 1534 2060 1603 gladium

471 1607 706 1676 spiritus,
737 1610 872 1678 quod
899 1621 974 1665 est
1012 1615 1214 1669 verbum
1259 1616 1358 1672 Dei
1383 1620 1596 1690 (Ep/tes.
1629 1639 1710 1689 γι,
1748 1627 1856 1695 17).
1891 1626 2059 1682 Pedes

469 1703 646 1750 autem
677 1713 804 1754 suos
854 1717 1052 1768 sponsa
1100 1705 1262 1773 lavit;
1307 1709 1430 1778 quia
1460 1711 1584 1765 dum
1617 1714 1669 1766 in
1717 1723 1907 1770 sancto
1946 1718 2056 1773 orio

465 1795 651 1841 sancta
680 1792 856 1846 anima
882 1793 1042 1860 vivit,
1074 1811 1236 1866 opera
1266 1813 1362 1854 sua
1391 1801 1628 1858 studiose
1651 1805 1714 1857 ad
1743 1809 2054 1863 memoriam

1697 416 1940 476 SANCTI
1981 421 2307 480 GREGORII
2346 422 2556 482 MAGNI
3649 435 3750 490 520

489 526 595 578 que
645 514 890 571 sordibus
945 525 1292 587 peccatorum
1343 523 1582 594 inliciat,
1637 529 1759 586 ideo
1812 533 2139 599 clamautiA

2242 539 2420 609 (Vers.
2462 538 2539 603 5.)
2580 537 2773 592 Manus
2823 555 2950 594 mea:
3001 541 3321 594 stillaverunt
3368 545 3662 612 myrrham,
3704 554 3750 598 et

2174 627 2320 699 digiti
2349 631 2445 682 mei
2470 630 2607 699 pleni
2636 630 2844 700 myrrha
2870 631 3253 700 probatissima.

2243 725 2296 775 9.
2336 720 2471 786 Quid
2505 736 2601 790 per
2646 737 2869 790 manus,
2914 723 3016 779 nisi
3053 725 3395 794 operationes
3435 743 3449 778 :
3489 724 3618 795 quid
3657 740 3752 795 per

2168 811 2438 882 myrrham
2459 853 2474 880 ,
2505 812 2608 866 nisi
2631 813 2971 868 mortificatio
2995 815 3171 868 carnis
3194 815 3486 885 accipitur?
3505 813 3534 853 δ
3565 816 3748 870 Manus

2168 918 2296 972 ergo
2325 919 2531 974 sponsa:
2559 907 2896 976 prrcdicantis
2920 909 3190 979 myrrham
3219 910 3448 976 stillant;
3480 911 3604 980 quia
3632 913 3749 980 qui-

2165 1011 2377 1064 cunque
2416 998 2533 1052 aliis
2574 998 2896 1067 praedicant,
2925 1015 3142 1056 necesse
3180 1009 3263 1056 est
3302 1003 3346 1055 si
3395 1003 3576 1056 multis
3622 1017 3748 1071 pro-

2165 1084 2326 1141 ficere
2350 1087 2549 1154 velint,
2588 1099 2643 1143 ut
2682 1091 2732 1143 in
2763 1091 2908 1145 omni
2948 1107 3112 1161 opere
3140 1108 3238 1147 suo
3273 1093 3542 1147 carnalem
3582 1094 3744 1147 vitam

2164 1174 2492 1231 mortiﬁcare
2507 1178 2852 1232 contendant.
2877 1179 2982 1234 Sed
3000 1190 3054 1233 ut
3078 1181 3180 1235 hoc
3198 1197 3318 1236 cum
3337 1195 3526 1248 magna
3544 1182 3744 1236 discre-

2163 1267 2312 1322 tione
2341 1268 2454 1337 liat,
2485 1267 2792 1325 manifestat
2830 1287 2952 1326 cum
2982 1272 3274 1340 subjungit,
3305 1274 3488 1328 dicens
3527 1292 3540 1326 :
3583 1273 3742 1344 Digiti

2162 1359 2263 1411 mei
2293 1358 2431 1426 pleni
2476 1371 2595 1414 sunt
2629 1361 2838 1431 myrrha
2881 1360 3263 1432 probatissima.
3311 1362 3460 1417 Sicut
3505 1363 3644 1416 enim
3675 1363 3740 1417 ab

2161 1465 2266 1503 una
2301 1466 2461 1504 manu
2487 1451 2669 1520 plures
2694 1450 2840 1522 digiti
2869 1453 3194 1517 dividuntur,
3231 1454 3310 1508 sic
3339 1454 3392 1507 in
3421 1469 3526 1507 una
3555 1460 3739 1507 sancta

2161 1542 2570 1597 conversatione
2600 1558 2696 1613 per
2731 1544 3110 1599 discretionem
3137 1544 3358 1598 diversa:
3393 1544 3618 1598 virtutes
3655 1544 3738 1599 in—

2162 1631 2463 1686 veniuntur.
2496 1633 2612 1687 Alia
2645 1633 2786 1688 enim
2815 1641 2898 1688 est
2933 1635 3102 1687 virtus
3127 1633 3413 1701 largitatis,
3438 1634 3540 1687 alia
3573 1633 3739 1689 virtus

2160 1723 2454 1791 parcitatis.
2478 1723 2632 1778 Aliud
2671 1740 2803 1794 opus
2830 1725 3162 1791 humilitatis,
3190 1724 3332 1779 aliud
3356 1724 3535 1778 libera:
3562 1725 3736 1780 incre-

2157 1814 2409 1883 pationis.
2442 1815 2599 1870 Aliud
2622 1831 2750 1871 vero
2780 1817 2986 1884 agimus
3015 1815 3229 1884 quando
3267 1829 3366 1870 nos
3400 1815 3499 1869 sub
3523 1816 3736 1870 silentio

465 1876 675 1932 reducit
703 1897 715 1932 :
750 1889 803 1935 et
829 1883 1085 1952 quidquid
1112 1887 1166 1954 in
1190 1888 1266 1941 eis
1289 1890 1561 1945 sordidum
1585 1895 1940 1951 examinando
1964 1897 2056 1952 de—
2086 1922 2132 1982 Β
2160 1876 2495 1958 continemus
2535 1913 2755 1974 propter
2791 1903 3198 1959 :edificationem
3243 1903 3544 1973 pr0priam;
3598 1902 3736 1957 aliud

465 1970 772 2039 prehendit,
800 1973 1049 2046 lacrymis
1087 1979 1412 2046 quotidianis
1439 1992 1492 2038 et
1519 1987 1803 2055 gemitibus
1827 1991 2048 2060 plangit.

467 2057 641 2117 Pedes
668 2062 850 2132 itaque
878 2065 1024 2132 lavit,
1055 2071 1177 2139 quia
1208 2075 1478 2140 prmterita
1509 2093 1692 2146 opera,
1725 2057 1917 2150 quibus
1955 2057 2053 2153 per

464 2149 612 2206 hunc
642 2155 897 2210 nmndum
927 2157 1183 2216 dissolute
1210 2165 1600 2238 ambulaverat,
1629 2149 1853 2240 planxit.
1885 2149 2052 2230 Pedes

464 2239 618 2310 lavit,
647 2244 772 2313 quia
802 2259 1023 2317 peccata
1050 2252 1272 2311 abluens
1319 2256 1588 2330 lacrymis,
1613 2264 1809 2319 munda
1838 2265 1891 2320 in
1921 2282 2049 2321 con-

461 2343 650 2404 spectu
690 2337 871 2395 dilecti
915 2343 998 2399 sui
1045 2360 1306 2416 apparere
1351 2355 1676 2424 concupivit.
1728 2357 1838 2413 Hos
1885 2361 2049 2428 pedes

460 2425 656 2484 iterum
688 2430 971 2503 inquinare
996 2440 1218 2507 metuit;
1250 2443 1374 2512 quia
1404 2447 1559 2503 valde
1592 2449 1819 2504 sollicita
1849 2461 1952 2520 est,
1987 2469 2051 2508 ne

461 2519 508 2574 si
549 2519 601 2574 in
633 2523 948 2590 prmlatioue
977 2539 1226 2598 ponatur,
1254 2549 1351 2603 per
1374 2544 1587 2593 terrena
1616 2541 1916 2611 ambulans,
1948 2545 2051 2599 ite-

466 2628 586 2668 rum
615 2618 877 2688 suscipiat
919 2623 1063 2691 quod
1107 2625 1328 2684 dimisit.
1359 2627 1566 2688 Idcirco
1615 2634 1683 2689 ab
1731 2636 1843 2692 otio
1888 2638 2053 2694 invita

461 2705 699 2773 recedit;
727 2710 851 2778 quia
875 2711 1000 2766 dum
1032 2729 1062 2768 a
1086 2718 1250 2772 maris
1277 2716 1523 2776 fluctibus
1555 2723 1727 2779 aliena
1754 2734 1854 2793 est,
1898 2731 2051 2797 quasi

461 2791 516 2847 in
556 2793 740 2853 littore
767 2801 942 2868 posita
987 2807 1228 2863 securius
1253 2809 1403 2866 vivit.
1443 2811 1548 2869 Sed
1579 2815 1803 2873 dilectus
1827 2791 1932 2875 non
1964 2822 2042 2876 le-

460 2883 602 2940 viter
629 2899 859 2945 mortem
903 2896 1273 2963 proximorum
1303 2902 1518 2959 tolerat.
1551 2903 1785 2978 Ideoque
1830 2913 2048 2981 propius

462 2975 760 3043 accedens,
806 2997 903 3050 per
943 2986 1177 3055 seipsum
1225 3004 1344 3050 eam
1393 2995 1631 3051 excitare
1662 2975 1770 3052 non
1800 2999 2046 3069 dubitat,

464 3063 590 3119 dum
612 3066 807 3123 dicitur
833 3087 848 3124 :

541 3153 718 3228 (Vers.
749 3158 829 3227 4.)
864 3160 1098 3220 Dilectus
1127 3184 1269 3223 meus
1320 3172 1459 3226 misit
1507 3191 1716 3230 manum
1762 3195 1909 3233 suam
1959 3198 2050 3251 per

2157 1995 2373 2062 quando
2401 1996 2658 2065 proximis
2687 1997 2956 2066 loquimur
2991 2003 3208 2065 propter
3237 1996 3517 2050 utilitatem
3564 2011 3734 2049 suam.

2156 2083 2261 2138 Sed
2283 2085 2432 2153 digiti
2466 2087 2682 2157 myrrha
2712 2087 3083 2156 probatissima
3112 2085 3259 2156 pleni
3295 2100 3412 2141 esse
3453 2086 3740 2155 perhiben-

2156 2183 2269 2241 tur;
2301 2177 2425 2245 quia
2451 2177 2504 2230 in
2529 2177 2674 2232 omni
2703 2178 2846 2247 quod
2876 2179 3069 2247 agitur,
3095 2191 3309 2245 semper
3326 2191 3548 2232 necesse
3576 2186 3660 2230 est
3680 2183 3740 2229 ut

2155 2267 2497 2324 mortificatio
2527 2269 2855 2324 carnalitatis
2879 2277 3144 2324 teneatur.
3168 2268 3298 2335 Quae
3323 2277 3448 2323 tunc
3472 2266 3739 2338 probatis-

2154 2361 2289 2414 sima
2318 2375 2436 2415 esse
2469 2360 2590 2429 jure
2619 2361 2830 2426 dicitur,
2863 2359 3078 2430 quando
3120 2360 3175 2415 in
3219 2359 3365 2416 omni
3395 2360 3739 2429 suggestione

2153 2465 2271 2519 qua:
2296 2451 2361 2504 ab
2384 2451 2539 2506 hoste
2565 2451 2842 2520 ingeritur,
2872 2451 2987 2507 sine
3013 2451 3313 2506 cessatione
3341 2449 3588 2521 voluptas
3617 2464 3735 2503 car-

2153 2543 2290 2597 nalis
2319 2551 2542 2598 cavetur
2569 2557 2638 2598 ne
2675 2541 3011 2612 suscipiatur.
3038 2540 3195 2608 Quod
3213 2540 3426 2612 quando
3458 2538 3535 2604 fit,
3565 2538 3737 2595 omnis

2154 2637 2348 2691 duritia
2373 2638 2565 2692 mentis
2585 2636 2910 2706 dissolvitur,
2930 2648 2980 2692 et
3003 2644 3061 2692 ut
3082 2637 3322 2709 Sponsus
3343 2638 3504 2691 intret
3524 2635 3596 2690 ad
3620 2650 3732 2703 cor,

2156 2728 2332 2784 aditus
2360 2738 2706 2798 praeparatur.
2737 2727 2872 2785 Hinc
2895 2738 2976 2784 est
3000 2730 3145 2799 quod
3169 2730 3446 2798 sequitur:

2225 2819 2400 2892 (Vers.
2443 2818 2522 2888 6.)
2564 2818 2835 2874 Petsulum
2873 2823 2988 2876 ostii
3019 2822 3117 2875 mei
3147 2822 3323 2894 aperui
3352 2820 3536 2876 dilecto
3580 2833 3730 2877 meo:

2152 2919 2207 2964 at
2227 2911 2311 2964 ille
2340 2911 2683 2964 declinaverat
2711 2919 2859 2982 atque
2883 2914 3180 2966 transierat.

2227 3004 2313 3058 t0.
2357 3003 2634 3058 Pcssulum
2656 3005 2793 3059 ostio
2821 3004 3099 3072 faciamus,
3130 3004 3343 3074 quando
3372 3019 3470 3075 per
3485 3002 3733 3073 volupta-

2155 3103 2237 3150 tes
2265 3096 2458 3159 carnis,
2484 3095 2682 3149 aditum
2703 3095 2881 3150 cordis
2901 3104 3086 3151 contra
3113 3110 3365 3166 sponsum
3396 3097 3728 3150 obseramus.

2152 3183 2429 3239 Pessulum
2459 3201 2590 3241 vero
2619 3185 2889 3256 aperimus
2907 3225 2922 3251 ,
2951 3185 3162 3255 quando
3199 3186 3419 3240 remotis
3443 3184 3729 3255 voluptati-

465 3248 733 3318 foramen,
765 3259 815 3305 et
839 3263 1011 3308 venter
1054 3273 1193 3311 meus
1238 3259 1497 3315 intremuit
1543 3265 1613 3318 ad
1652 3275 1842 3321 tactunt
1883 3271 2044 3325 illius.
2075 3245 2119 3306 C
2151 3276 2250 3332 bus
2268 3276 2444 3346 ﬂuxis,
2470 3294 2564 3332 cor
2589 3285 2830 3332 nostrum
2855 3277 2906 3331 in
2931 3293 3166 3332 amorem
3187 3277 3402 3342 Christi,
3422 3277 3564 3346 quod
3586 3277 3726 3346 prius

538 3338 589 3394 7.
633 3341 845 3398 Manum
869 3344 1094 3404 dilectus
1121 3350 1189 3405 ad
1229 3367 1480 3421 sponsam
1510 3358 1790 3430 mittitper
1812 3361 2048 3420 foramen

461 3442 523 3487 ut
549 3444 763 3505 surgat,
794 3439 1010 3507 quando
1039 3457 1137 3512 per
1174 3445 1422 3502 subtilem
1471 3448 1801 3508 intellectum
1849 3465 2046 3525 quanta

459 3524 532 3579 sit
559 3529 887 3595 operationis
919 3530 1111 3587 divina:
1132 3535 1322 3605 virtus,
1356 3539 1403 3593 ei
1434 3539 1747 3611 inspirando
1789 3549 2046 3606 manifes-

461 3622 576 3668 tat:
609 3617 753 3684 quod
787 3621 1033 3677 videlicet
1062 3633 1116 3679 et
1145 3625 1285 3683 inter
1311 3630 1550 3699 pericula
1595 3635 1806 3692 salvare
1836 3641 2005 3709 possit
2030 3660 2045 3710 ;

459 3707 605 3774 quod
635 3709 797 3762 etiam
825 3713 879 3764 in
909 3727 1041 3780 pace
1085 3717 1184 3771 nisi
1230 3735 1326 3788 per
1347 3736 1469 3776 eum
1513 3726 1692 3782 salvus
1733 3729 1803 3784 sit
1845 3747 2046 3802 neruo;

461 3796 605 3863 quod
653 3797 706 3853 in
750 3801 978 3855 tumultu
1007 3809 1318 3863 certaminis
1344 3824 1622 3881 sperantes
1650 3818 1704 3873 in
1732 3835 1790 3875 se
1819 3838 1926 3877 non
1955 3824 2048 3880 de-

457 3887 734 3958 relinquit.
781 3891 862 3945 Ad
903 3894 1054 3964 cujus
1086 3905 1284 3954 tactum
1312 3913 1502 3960 venter
1537 3923 1747 3977 sponsa:
1775 3913 2045 3971 intremis-

457 3980 569 4036 cit:
603 3982 727 4050 quia
764 3995 950 4040 sancta
977 3988 1155 4045 anima
1186 4006 1293 4061 quo
1332 3997 1558 4066 amplius
1586 3999 1816 4058 divinam
1853 4016 2044 4076 poten-

455 4072 587 4128 tiam
625 4090 722 4144 pcr
762 4076 1073 4136 interiorem
1099 4082 1461 4142 visitationem
1491 4072 1896 4158 prazsentialiter
1922 4114 2045 4154 sen-

455 4163 545 4234 tit,
571 4179 636 4220 eo
665 4164 957 4232 districtius
982 4170 1190 4241 judicat
1218 4176 1476 4248 quidquid
1504 4181 1557 4234 in
1587 4197 1646 4237 se
1688 4185 1906 4241 carnale
1948 4188 2044 4244 de-

456 4253 761 4324 prehendit.
789 4258 907 4326 Quo
932 4263 1076 4318 enim
1099 4263 1294 4335 majori
1317 4269 1578 4328 charitate
1616 4274 1669 4328 in
1713 4290 1833 4330 eum
1859 4277 2040 4346 ardet,

460 4361 619 4415 quem
661 4359 842 4406 mente
870 4356 1223 4427 concupiscit,
1253 4374 1318 4414 eo
1348 4361 1583 4419 timidius
1623 4382 1681 4421 se
1712 4368 1760 4422 ei
1807 4370 2042 4440 subjicit,

457 4443 516 4490 et
545 4439 772 4508 amplius
793 4453 1010 4500 veretur
1030 4463 1096 4501 ne
1116 4465 1343 4519 sponsus
1366 4454 1417 4508 in
1446 4471 1507 4511 ea
1536 4458 1734 4528 aliquid
1765 4462 2000 4520 inveniat
2024 4508 2041 4535 ,

455 4539 680 4599 prOpter
707 4534 851 4602 quod
873 4551 991 4592 eam
1014 4553 1045 4592 a
1065 4554 1125 4594 se
1152 4541 1422 4601 dimittere
1443 4548 1592 4604 velit.
1614 4550 1817 4608 idcirco
1839 4534 2038 4625 Sponso

458 4621 722 4678 obediens
752 4625 817 4679 ad
848 4626 1088 4684 laborem
1117 4645 1176 4688 se
1205 4647 1498 4705 praeparat;
1532 4643 1750 4699 utsicut
1780 4646 1834 4701 in
1857 4621 2040 4718 quiete

452 4712 733 4771 familiaris
758 4733 978 4787 sponso,
1008 4721 1086 4777 sic
1109 4733 1162 4777 et
1189 4726 1242 4778 in
1263 4725 1449 4785 labore
1477 4729 1669 4790 devote
1690 4712 1929 4796 serviens
1950 4755 2040 4811 ap-

453 4816 661 4876 pareat.
686 4807 811 4865 ldeo
833 4811 1032 4881 subdit,
1065 4813 1247 4870 dicens
1280 4833 1293 4870 :

525 4921 700 4991 (Vers.
733 4921 809 4994 5.)
849 4924 1070 4982 Surrexi
1096 4937 1152 4981 ut
1173 4931 1432 5000 aperirem
1459 4933 1642 4993 dilecto
1683 4957 1815 4997 meo.

523 5031 576 5086 8.
619 5033 782 5091 Tacta
829 5040 998 5110 surgit
1043 5050 1102 5096 ut
1143 5045 1354 5115 aperiat
1399 5049 1571 5119 :quia
1616 5051 1743 5108 dum
1790 5056 2037 5125 spiritum

449 5121 754 5183 dilectionis
781 5131 1009 5199 amplius
1033 5135 1194 5190 solito
1223 5138 1434 5207 accipit,
1477 5155 1603 5196 mox
1632 5144 1700 5200 de
1725 5121 2039 5204 aedificatio-

453 5229 523 5269 ne
565 5217 794 5285 proximi
834 5220 998 5293 438
1039 5226 1263 5295 cogitat;
1311 5237 1366 5283 et
1410 5233 1750 5300 prtedicando
1791 5242 1931 5308 agit,
1979 5251 2038 5297 ut

450 5311 653 5376 apertis
682 5312 933 5369 cordibus
976 5315 1217 5387 Sponsus
1254 5320 1318 5376 ad
1349 5321 1724 5383 inhabitandos
1763 5333 2037 5398 proximos

448 5401 673 5457 veniens
716 5405 917 5461 aditum
966 5408 1197 5467 intrandi
1250 5416 1504 5471 inveniat.
1552 5417 1679 5485 Qua:
1709 5422 1869 5477 etiam
1909 5441 2032 5482 cum

447 5493 831 5560 praedicatione
873 5504 1117 5576 exempla
1163 5523 1388 5579 operum
1434 5511 1767 5572 auditoribus
1805 5517 2034 5576 demon-

447 5592 609 5658 strat,
642 5588 823 5648 dicens
853 5611 868 5649 :

519 5826 545 5895 ξι
575 5815 786 5895 Yulgali
817 5830 1022 5895 omnes,
1044 5823 1224 5895 quibus
1251 5826 1604 5888 honorabatur
1623 5843 1671 5889 et
1691 5836 2025 5895 onerabatur.

522 5887 546 5926 δ
576 5887 654 5942 Ita
676 5903 796 5942 cum
823 5887 1067 5950 omnibus
1086 5893 1213 5952 Mss.
1238 5909 1348 5956 vet.
1372 5899 1466 5957 Ed.
1491 5887 1662 5963 Paris.

2151 3373 2337 3427 durum
2367 3371 2576 3439 fuerat,
2603 3371 2890 3438 solvimus,
2938 3378 2991 3425 et
3018 3370 3227 3440 Sponso
3267 3370 3500 3440 pulsanti
3528 3369 3596 3422 ad
3640 3384 3726 3424 os-

2148 3464 2307 3529 tium,
2337 3462 2613 3517 introitum
2640 3461 2864 3518 liberum
2894 3461 3139 3518 facimus.
3171 3461 3324 3528 Quod
3365 3462 3491 3516 dum
3537 3461 3591 3515 in
3630 3461 3728 3515 hac

2149 3570 2314 3610 carne
2342 3554 2595 3620 vivimus,
2628 3554 2754 3622 quia
2795 3563 3019 3624 repente
3045 3553 3161 3609 ﬁeri
3195 3569 3302 3608 non
3340 3562 3536 3623 potest,
3569 3559 3730 3607 restat

2154 3655 2212 3702 ut
2241 3647 2409 3716 magis
2449 3662 2513 3701 ac
2555 3646 2726 3714 magis
2762 3647 3002 3715 quotidie
3040 3644 3316 3701 faciamus.
3345 3644 3512 3700 Nemo
3550 3644 3727 3708 enim,

2155 3739 2292 3795 sicut
2339 3739 2597 3808 scriptum
2642 3745 2752 3802 est,
2785 3745 3006 3808 repente
3049 3737 3109 3791 fit
3145 3752 3400 3792 summus.
3432 3734 3729 3804 Aliquando

2155 3832 2298 3888 enim
2314 3831 2437 3886 dum
2457 3833 2509 3887 in
2527 3833 2628 3887 hac
2649 3833 2993 3902 corruptione
3007 3831 3168 3902 positi
3189 3829 3470 3885 Dominum
3495 3836 3731 3883 nostrum

2153 3924 2469 3996 quaerimus,
2504 3926 2672 3996 magis
2719 3926 2874 3981 nobis
2919 3925 3159 3994 elongari
3189 3939 3351 3995 quam
3411 3922 3731 3994 appropiare

2152 4016 2384 4070 videtur.
2414 4016 2648 4086 Ideoque
2692 4019 2934 4087 sequitur
2959 4035 2971 4070 :
2995 4018 3060 4071 At
3088 4017 3175 4072 ille
3199 4016 3546 4071 declinaverat
3588 4025 3735 4086 atque

2156 4110 2455 4163 transierat.
2478 4107 2638 4164 Modo
2667 4108 2907 4179 Sponsus
2937 4109 3181 4164 dilectam
3210 4109 3413 4179 tangit,
3448 4107 3612 4163 modo
3651 4107 3735 4162 de-

2151 4197 2315 4254 clinat
2344 4218 2354 4252 :
2383 4200 2507 4268 quia
2535 4199 2751 4270 quando
2781 4217 2879 4256 nos
2900 4209 3174 4272 torpentes
3193 4201 3476 4272 conspicit,
3506 4201 3572 4255 ad
3594 4215 3735 4255 amo-

2148 4304 2265 4345 rem
2292 4290 2480 4346 incitat
2509 4308 2520 4343 :
2553 4291 2764 4361 quando
2793 4306 2922 4347 vero
2961 4289 3330 4346 laborantibus
3376 4289 3530 4346 nobis
3577 4302 3735 4359 posse

2149 4381 2478 4450 apprehendi
2507 4381 2734 4448 videtur,
2764 4391 2892 4438 tunc
2919 4397 2990 4438 ne
3018 4382 3450 4454 apprehendatur
3472 4383 3664 4436 transit
3681 4386 3735 4434 et

2147 4473 2399 4529 declinat.
2431 4475 2584 4541 Quod
2607 4475 2838 4530 maxima
2869 4477 2923 4531 in
2944 4477 3098 4532 nobis
3121 4475 3238 4546 ejus
3257 4475 3424 4546 gratia
3454 4475 3646 4544 agitur,
3676 4480 3735 4527 ut

2146 4564 2397 4620 videlicet
2425 4582 2523 4622 nec
2546 4567 2598 4621 in
2628 4576 2846 4639 torpore
2868 4577 3051 4624 nostro
3077 4570 3338 4638 jacentes,
3361 4569 3583 4624 omnino
3608 4579 3729 4621 eum

2149 4659 2489 4727 amittamus,
2518 4675 2617 4715 nec
2647 4659 2713 4715 de
2743 4661 2900 4729 plena
2936 4661 3071 4731 ejus,
3103 4669 3162 4715 ut
3189 4661 3344 4717 nobis
3373 4661 3603 4724 videtur,
3634 4672 3730 4727 ap-

2145 4750 2502 4819 prehensione
2522 4751 2909 4822 superbiamus.
2929 4751 3031 4819 Qui
3056 4769 3180 4809 mox
3209 4761 3387 4807 tamen
3412 4759 3472 4806 ut
3496 4763 3733 4806 recesse-

2142 4843 2236 4908 rit,
2262 4842 2405 4897 redit
2437 4861 2449 4896 :
2484 4853 2539 4898 et
2567 4860 2634 4899 ne
2663 4845 2862 4902 diutius
2888 4847 3064 4900 anima
3106 4854 3290 4900 sancta
3329 4860 3359 4898 a
3391 4844 3586 4899 dilecto
3633 4856 3729 4895 suo

2146 4934 2432 5003 alicnetur,
2464 4937 2629 4991 verbo
2662 4937 3026 5007 inspirationis
3054 4952 3161 4992 sua:
3187 4936 3513 4992 desideranti
3541 4933 3732 4988 anima:

2146 5042 2205 5082 se
2236 5027 2497 5098 infundit,
2532 5037 2586 5086 et
2613 5045 2731 5086 eam
2762 5030 3050 5100 liquefacit.
3078 5029 3229 5086 Unde
3255 5031 3488 5087 exsultat
3511 5041 3730 5099 sponsa,

2147 5117 2332 5174 dicens
2366 5137 2380 5174 :

2214 5231 2390 5302 (Vers.
2439 5233 2517 5304 6.)
2556 5235 2742 5291 Anima
2794 5253 2910 5292 mea
2949 5238 3228 5312 liquefacta
3272 5244 3375 5303 est,
3420 5242 3477 5290 ut
3516 5234 3732 5289 dilectus

2140 5321 2342 5379 loculus
2371 5336 2466 5381 est.

2213 5437 2298 5490 il.
2342 5439 2421 5495 Ad
2455 5440 2675 5496 verbum
2705 5442 2898 5514 Sponsi
2925 5443 3267 5514 liquefactam
3313 5456 3374 5498 se
3402 5442 3548 5508 dicit,
3599 5442 3726 5513 quia

2139 5529 2265 5585 dum
2295 5531 2540 5591 Christus
2570 5551 2628 5592 se
2659 5552 2756 5606 per
2798 5537 3044 5605 spiritum
3092 5552 3245 5591 suum
3275 5535 3466 5590 animae
3507 5533 3727 5591 deside-

2141 5623 2284 5678 ranti
2309 5623 2557 5696 infundit,
2588 5642 2804 5685 omnem
2834 5629 3084 5685 duritiam
3106 5628 3284 5686 cordis
3302 5643 3433 5686 mox
3459 5627 3728 5686 dissolvit:

2135 5841 2235 5904 Ed.
2265 5853 2540 5905 mutarunt
2565 5849 2903 5921 pradicant“
2928 5850 2985 5911 in
3007 5851 3414 5924 pradicationic.
