  <div class='ocr_page' id='page_1' title='image "/cluster/home/n/w/nwhite01/storage/ocr_20150623/79/hvd.32044015469414/266.png"; bbox 0 0 4052 6338; ppageno 0'>
   <div class='ocr_carea' id='block_1_1' title="bbox 248 358 3537 441">
    <p class='ocr_par' dir='ltr' id='par_1_1' title="bbox 248 358 3537 441">
     <span class='ocr_line' id='line_1_1' title="bbox 248 358 3537 441; baseline 0 -11"><span class='ocrx_word' id='word_1_1' title='bbox 248 371 346 432; x_wconf 75' lang='lat' dir='ltr'><strong>sat</strong></span> <span class='ocrx_word' id='word_1_2' title='bbox 943 369 1170 432; x_wconf 79' lang='lat' dir='ltr'><strong>SUPER</strong></span> <span class='ocrx_word' id='word_1_3' title='bbox 1209 372 1505 433; x_wconf 76' lang='lat' dir='ltr'><strong>CANTICA</strong></span> <span class='ocrx_word' id='word_1_4' title='bbox 1543 358 1990 432; x_wconf 69' lang='lat' dir='ltr'><strong>CANTICORUM</strong></span> <span class='ocrx_word' id='word_1_5' title='bbox 2026 368 2408 432; x_wconf 70' lang='lat' dir='ltr'><strong>exposmo.</strong></span> <span class='ocrx_word' id='word_1_6' title='bbox 2448 402 2518 417; x_wconf 91' lang='grc'><strong><em>-</em></strong></span> <span class='ocrx_word' id='word_1_7' title='bbox 2556 374 2712 432; x_wconf 83' lang='lat' dir='ltr'><strong>CAP.</strong></span> <span class='ocrx_word' id='word_1_8' title='bbox 2772 374 2859 431; x_wconf 67' lang='lat' dir='ltr'><strong>vr.</strong></span> <span class='ocrx_word' id='word_1_9' title='bbox 3430 378 3537 441; x_wconf 58' lang='grc' dir='ltr'><strong>δερ,</strong></span> 
     </span>
    </p>
   </div>
   <div class='ocr_carea' id='block_1_2' title="bbox 248 485 3536 568">
    <p class='ocr_par' dir='ltr' id='par_1_2' title="bbox 248 485 3536 568">
     <span class='ocr_line' id='line_1_2' title="bbox 248 485 3536 568; baseline 0.001 -25"><span class='ocrx_word' id='word_1_10' title='bbox 248 498 300 543; x_wconf 76' lang='lat' dir='ltr'><strong>et</strong></span> <span class='ocrx_word' id='word_1_11' title='bbox 328 485 617 559; x_wconf 77' lang='lat' dir='ltr'><strong>aliquando</strong></span> <span class='ocrx_word' id='word_1_12' title='bbox 636 496 874 546; x_wconf 79' lang='lat' dir='ltr'><strong>mentem</strong></span> <span class='ocrx_word' id='word_1_13' title='bbox 899 488 955 545; x_wconf 88' lang='lat' dir='ltr'><strong>in</strong></span> <span class='ocrx_word' id='word_1_14' title='bbox 984 498 1160 547; x_wconf 90' lang='lat' dir='ltr'><strong>tantas</strong></span> <span class='ocrx_word' id='word_1_15' title='bbox 1181 492 1445 565; x_wconf 86' lang='lat' dir='ltr'><strong>lacrymas</strong></span> <span class='ocrx_word' id='word_1_16' title='bbox 1464 489 1754 563; x_wconf 86' lang='lat' dir='ltr'><strong>liquefacit,</strong></span> <span class='ocrx_word' id='word_1_17' title='bbox 1781 498 1842 547; x_wconf 90' lang='lat' dir='ltr'><strong>ut</strong></span> <span class='ocrx_word' id='word_1_18' title='bbox 1867 494 1919 556; x_wconf 83' lang='grc' dir='ltr'><strong>Α</strong></span> <span class='ocrx_word' id='word_1_19' title='bbox 2016 490 2196 565; x_wconf 88' lang='lat' dir='ltr'><strong>(Vers.</strong></span> <span class='ocrx_word' id='word_1_20' title='bbox 2224 492 2305 564; x_wconf 88' lang='grc'><strong>9.)</strong></span> <span class='ocrx_word' id='word_1_21' title='bbox 2346 490 2528 558; x_wconf 80' lang='lat' dir='ltr'><strong>Qualis</strong></span> <span class='ocrx_word' id='word_1_22' title='bbox 2554 504 2631 549; x_wconf 88' lang='lat' dir='ltr'><strong>est</strong></span> <span class='ocrx_word' id='word_1_23' title='bbox 2659 494 2873 550; x_wconf 86' lang='lat' dir='ltr'><strong>dilectus</strong></span> <span class='ocrx_word' id='word_1_24' title='bbox 2905 501 3020 551; x_wconf 88' lang='lat' dir='ltr'><strong>tuus</strong></span> <span class='ocrx_word' id='word_1_25' title='bbox 3048 511 3113 550; x_wconf 78' lang='lat' dir='ltr'><strong>ea:</strong></span> <span class='ocrx_word' id='word_1_26' title='bbox 3143 494 3349 565; x_wconf 87' lang='lat' dir='ltr'><strong>dilecto,</strong></span> <span class='ocrx_word' id='word_1_27' title='bbox 3370 515 3400 553; x_wconf 90' lang='grc' dir='ltr'><strong><em>ο</em></strong></span> <span class='ocrx_word' id='word_1_28' title='bbox 3418 500 3536 568; x_wconf 78' lang='lat' dir='ltr'><strong>put.</strong></span> 
     </span>
    </p>
   </div>
   <div class='ocr_carea' id='block_1_3' title="bbox 247 581 1841 656">
    <p class='ocr_par' dir='ltr' id='par_1_3' title="bbox 247 581 1841 656">
     <span class='ocr_line' id='line_1_3' title="bbox 247 581 1841 656; baseline 0.003 -20"><span class='ocrx_word' id='word_1_29' title='bbox 247 581 337 637; x_wconf 86' lang='lat' dir='ltr'><strong>vix</strong></span> <span class='ocrx_word' id='word_1_30' title='bbox 368 596 564 651; x_wconf 82' lang='lat' dir='ltr'><strong>capere</strong></span> <span class='ocrx_word' id='word_1_31' title='bbox 590 582 759 652; x_wconf 79' lang='lat' dir='ltr'><strong>possit</strong></span> <span class='ocrx_word' id='word_1_32' title='bbox 790 582 893 637; x_wconf 87' lang='lat' dir='ltr'><strong>hoc</strong></span> <span class='ocrx_word' id='word_1_33' title='bbox 924 582 1071 652; x_wconf 91' lang='lat' dir='ltr'><strong>quod</strong></span> <span class='ocrx_word' id='word_1_34' title='bbox 1100 598 1159 638; x_wconf 88' lang='lat' dir='ltr'><strong>se</strong></span> <span class='ocrx_word' id='word_1_35' title='bbox 1181 599 1374 656; x_wconf 82' lang='lat' dir='ltr'><strong>capere</strong></span> <span class='ocrx_word' id='word_1_36' title='bbox 1406 584 1544 639; x_wconf 90' lang='lat' dir='ltr'><strong>intra</strong></span> <span class='ocrx_word' id='word_1_37' title='bbox 1568 600 1627 640; x_wconf 92' lang='lat' dir='ltr'><strong>se</strong></span> <span class='ocrx_word' id='word_1_38' title='bbox 1661 584 1841 640; x_wconf 85' lang='lat' dir='ltr'><strong>exsul-</strong></span> 
     </span>
    </p>
   </div>
   <div class='ocr_carea' id='block_1_4' title="bbox 250 675 1843 752">
    <p class='ocr_par' dir='ltr' id='par_1_4' title="bbox 250 675 1843 752">
     <span class='ocr_line' id='line_1_4' title="bbox 250 675 1843 752; baseline 0.004 -23"><span class='ocrx_word' id='word_1_39' title='bbox 250 682 330 729; x_wconf 86' lang='lat' dir='ltr'><strong>tat</strong></span> <span class='ocrx_word' id='word_1_40' title='bbox 366 693 378 728; x_wconf 93' lang='lat'><strong>:</strong></span> <span class='ocrx_word' id='word_1_41' title='bbox 410 682 466 729; x_wconf 91' lang='lat' dir='ltr'><strong>et</strong></span> <span class='ocrx_word' id='word_1_42' title='bbox 492 675 633 730; x_wconf 93' lang='lat' dir='ltr'><strong>intus</strong></span> <span class='ocrx_word' id='word_1_43' title='bbox 653 676 879 731; x_wconf 89' lang='lat' dir='ltr'><strong>miretur</strong></span> <span class='ocrx_word' id='word_1_44' title='bbox 893 676 1019 746; x_wconf 87' lang='lat' dir='ltr'><strong>quid</strong></span> <span class='ocrx_word' id='word_1_45' title='bbox 1043 678 1222 741; x_wconf 87' lang='lat' dir='ltr'><strong>fuerit,</strong></span> <span class='ocrx_word' id='word_1_46' title='bbox 1245 687 1298 734; x_wconf 88' lang='lat' dir='ltr'><strong>et</strong></span> <span class='ocrx_word' id='word_1_47' title='bbox 1315 677 1445 749; x_wconf 88' lang='lat' dir='ltr'><strong>quid</strong></span> <span class='ocrx_word' id='word_1_48' title='bbox 1464 678 1626 752; x_wconf 65' lang='grc'><strong>439</strong></span> <span class='ocrx_word' id='word_1_49' title='bbox 1646 679 1843 735; x_wconf 89' lang='lat' dir='ltr'><strong>factam</strong></span> 
     </span>
    </p>
   </div>
   <div class='ocr_carea' id='block_1_5' title="bbox 249 767 1841 841">
    <p class='ocr_par' dir='ltr' id='par_1_5' title="bbox 249 767 1841 841">
     <span class='ocr_line' id='line_1_5' title="bbox 249 767 1841 841; baseline 0.001 -15"><span class='ocrx_word' id='word_1_50' title='bbox 249 767 428 826; x_wconf 76' lang='lat' dir='ltr'><strong>Subito</strong></span> <span class='ocrx_word' id='word_1_51' title='bbox 455 768 687 839; x_wconf 89' lang='lat' dir='ltr'><strong>seipsam</strong></span> <span class='ocrx_word' id='word_1_52' title='bbox 716 769 910 825; x_wconf 81' lang='lat' dir='ltr'><strong>videat.</strong></span> <span class='ocrx_word' id='word_1_53' title='bbox 944 772 1115 837; x_wconf 86' lang='lat' dir='ltr'><strong>Quem</strong></span> <span class='ocrx_word' id='word_1_54' title='bbox 1152 771 1418 841; x_wconf 83' lang='lat' dir='ltr'><strong>liquorem</strong></span> <span class='ocrx_word' id='word_1_55' title='bbox 1464 773 1591 829; x_wconf 91' lang='lat' dir='ltr'><strong>dum</strong></span> <span class='ocrx_word' id='word_1_56' title='bbox 1637 774 1841 841; x_wconf 94' lang='lat' dir='ltr'><strong>sentit,</strong></span> 
     </span>
    </p>
   </div>
   <div class='ocr_carea' id='block_1_6' title="bbox 248 860 1845 935">
    <p class='ocr_par' dir='ltr' id='par_1_6' title="bbox 248 860 1845 935">
     <span class='ocr_line' id='line_1_6' title="bbox 248 860 1845 935; baseline 0.004 -19"><span class='ocrx_word' id='word_1_57' title='bbox 248 860 538 931; x_wconf 76' lang='lat' dir='ltr'><strong>perfectius</strong></span> <span class='ocrx_word' id='word_1_58' title='bbox 594 862 998 933; x_wconf 90' lang='lat' dir='ltr'><strong>apprehendere</strong></span> <span class='ocrx_word' id='word_1_59' title='bbox 1037 864 1395 935; x_wconf 88' lang='lat' dir='ltr'><strong>concuspicit;</strong></span> <span class='ocrx_word' id='word_1_60' title='bbox 1443 874 1500 922; x_wconf 88' lang='lat' dir='ltr'><strong>et</strong></span> <span class='ocrx_word' id='word_1_61' title='bbox 1555 865 1845 935; x_wconf 86' lang='lat' dir='ltr'><strong>aliquando</strong></span> 
     </span>
    </p>
   </div>
   <div class='ocr_carea' id='block_1_7' title="bbox 249 953 1843 1032">
    <p class='ocr_par' dir='ltr' id='par_1_7' title="bbox 249 953 1843 1032">
     <span class='ocr_line' id='line_1_7' title="bbox 249 953 1843 1032; baseline 0.004 -24"><span class='ocrx_word' id='word_1_62' title='bbox 249 953 375 1009; x_wconf 88' lang='lat' dir='ltr'><strong>dum</strong></span> <span class='ocrx_word' id='word_1_63' title='bbox 405 956 511 1011; x_wconf 91' lang='lat' dir='ltr'><strong>hoc</strong></span> <span class='ocrx_word' id='word_1_64' title='bbox 541 956 715 1026; x_wconf 90' lang='lat' dir='ltr'><strong>ipsum</strong></span> <span class='ocrx_word' id='word_1_65' title='bbox 747 957 987 1026; x_wconf 88' lang='lat' dir='ltr'><strong>cogitat,</strong></span> <span class='ocrx_word' id='word_1_66' title='bbox 1020 956 1125 1015; x_wconf 90' lang='lat' dir='ltr'><strong>hoc</strong></span> <span class='ocrx_word' id='word_1_67' title='bbox 1161 959 1305 1031; x_wconf 88' lang='lat' dir='ltr'><strong>quod</strong></span> <span class='ocrx_word' id='word_1_68' title='bbox 1346 959 1507 1016; x_wconf 88' lang='lat' dir='ltr'><strong>modo</strong></span> <span class='ocrx_word' id='word_1_69' title='bbox 1534 961 1843 1032; x_wconf 87' lang='lat' dir='ltr'><strong>sentiebat,</strong></span> 
     </span>
    </p>
   </div>
   <div class='ocr_carea' id='block_1_8' title="bbox 246 1042 1845 1121">
    <p class='ocr_par' dir='ltr' id='par_1_8' title="bbox 246 1042 1845 1121">
     <span class='ocr_line' id='line_1_8' title="bbox 246 1042 1845 1121; baseline 0.008 -23"><span class='ocrx_word' id='word_1_70' title='bbox 246 1042 357 1115; x_wconf 86' lang='lat' dir='ltr'><strong>jam</strong></span> <span class='ocrx_word' id='word_1_71' title='bbox 384 1062 492 1101; x_wconf 91' lang='lat' dir='ltr'><strong>non</strong></span> <span class='ocrx_word' id='word_1_72' title='bbox 523 1048 708 1101; x_wconf 88' lang='lat' dir='ltr'><strong>sentit.</strong></span> <span class='ocrx_word' id='word_1_73' title='bbox 743 1043 897 1103; x_wconf 87' lang='lat' dir='ltr'><strong>Unde</strong></span> <span class='ocrx_word' id='word_1_74' title='bbox 924 1049 1248 1106; x_wconf 78' lang='lat' dir='ltr'><strong>sollicitatur</strong></span> <span class='ocrx_word' id='word_1_75' title='bbox 1273 1050 1340 1106; x_wconf 91' lang='lat' dir='ltr'><strong>ad</strong></span> <span class='ocrx_word' id='word_1_76' title='bbox 1366 1053 1732 1121; x_wconf 75' lang='lat' dir='ltr'><strong>quaerendum,</strong></span> <span class='ocrx_word' id='word_1_77' title='bbox 1783 1061 1845 1110; x_wconf 90' lang='lat' dir='ltr'><strong>ut</strong></span> 
     </span>
    </p>
   </div>
   <div class='ocr_carea' id='block_1_9' title="bbox 245 1135 1846 1210">
    <p class='ocr_par' dir='ltr' id='par_1_9' title="bbox 245 1135 1846 1210">
     <span class='ocr_line' id='line_1_9' title="bbox 245 1135 1846 1210; baseline 0.007 -20"><span class='ocrx_word' id='word_1_78' title='bbox 245 1135 354 1191; x_wconf 90' lang='lat' dir='ltr'><strong>hoc</strong></span> <span class='ocrx_word' id='word_1_79' title='bbox 380 1137 521 1192; x_wconf 90' lang='lat' dir='ltr'><strong>idem</strong></span> <span class='ocrx_word' id='word_1_80' title='bbox 552 1137 819 1206; x_wconf 87' lang='lat' dir='ltr'><strong>inveniat;</strong></span> <span class='ocrx_word' id='word_1_81' title='bbox 850 1140 945 1195; x_wconf 90' lang='lat' dir='ltr'><strong>sed</strong></span> <span class='ocrx_word' id='word_1_82' title='bbox 987 1140 1274 1210; x_wconf 84' lang='lat' dir='ltr'><strong>aliquando</strong></span> <span class='ocrx_word' id='word_1_83' title='bbox 1304 1158 1425 1198; x_wconf 91' lang='lat' dir='ltr'><strong>cum</strong></span> <span class='ocrx_word' id='word_1_84' title='bbox 1462 1145 1625 1200; x_wconf 88' lang='lat' dir='ltr'><strong>etiam</strong></span> <span class='ocrx_word' id='word_1_85' title='bbox 1648 1145 1738 1201; x_wconf 92' lang='lat' dir='ltr'><strong>diu</strong></span> <span class='ocrx_word' id='word_1_86' title='bbox 1766 1145 1846 1202; x_wconf 87' lang='lat' dir='ltr'><strong>fa-</strong></span> 
     </span>
    </p>
   </div>
   <div class='ocr_carea' id='block_1_10' title="bbox 247 1227 1842 1308">
    <p class='ocr_par' dir='ltr' id='par_1_10' title="bbox 247 1227 1842 1308">
     <span class='ocr_line' id='line_1_10' title="bbox 247 1227 1842 1308; baseline 0.008 -27"><span class='ocrx_word' id='word_1_87' title='bbox 247 1227 467 1296; x_wconf 87' lang='lat' dir='ltr'><strong>tigetur,</strong></span> <span class='ocrx_word' id='word_1_88' title='bbox 498 1245 606 1285; x_wconf 91' lang='lat' dir='ltr'><strong>non</strong></span> <span class='ocrx_word' id='word_1_89' title='bbox 628 1231 851 1299; x_wconf 87' lang='lat' dir='ltr'><strong>invenit,</strong></span> <span class='ocrx_word' id='word_1_90' title='bbox 874 1232 1018 1303; x_wconf 89' lang='lat' dir='ltr'><strong>quod</strong></span> <span class='ocrx_word' id='word_1_91' title='bbox 1031 1234 1192 1291; x_wconf 89' lang='lat' dir='ltr'><strong>modo</strong></span> <span class='ocrx_word' id='word_1_92' title='bbox 1215 1243 1322 1290; x_wconf 89' lang='lat' dir='ltr'><strong>tam</strong></span> <span class='ocrx_word' id='word_1_93' title='bbox 1343 1251 1582 1308; x_wconf 54' lang='lat' dir='ltr'><strong>praesens</strong></span> <span class='ocrx_word' id='word_1_94' title='bbox 1603 1240 1842 1296; x_wconf 88' lang='lat' dir='ltr'><strong>tenebat.</strong></span> 
     </span>
    </p>
   </div>
   <div class='ocr_carea' id='block_1_11' title="bbox 244 1318 685 1391">
    <p class='ocr_par' dir='ltr' id='par_1_11' title="bbox 244 1318 685 1391">
     <span class='ocr_line' id='line_1_11' title="bbox 244 1318 685 1391; baseline 0.002 -16"><span class='ocrx_word' id='word_1_95' title='bbox 244 1318 377 1376; x_wconf 88' lang='lat' dir='ltr'><strong>Ideo</strong></span> <span class='ocrx_word' id='word_1_96' title='bbox 401 1321 646 1391; x_wconf 85' lang='lat' dir='ltr'><strong>sequitur</strong></span> <span class='ocrx_word' id='word_1_97' title='bbox 672 1339 685 1376; x_wconf 89' lang='lat'><strong>:</strong></span> 
     </span>
    </p>
   </div>
   <div class='ocr_carea' id='block_1_12' title="bbox 323 1410 1844 1489">
    <p class='ocr_par' dir='ltr' id='par_1_12' title="bbox 323 1410 1844 1489">
     <span class='ocr_line' id='line_1_12' title="bbox 323 1410 1844 1489; baseline 0.007 -22"><span class='ocrx_word' id='word_1_98' title='bbox 323 1410 502 1481; x_wconf 73' lang='lat' dir='ltr'><strong>(Vers.</strong></span> <span class='ocrx_word' id='word_1_99' title='bbox 535 1412 618 1481; x_wconf 79' lang='grc' dir='ltr'><strong>(ἱ.)</strong></span> <span class='ocrx_word' id='word_1_100' title='bbox 659 1411 906 1483; x_wconf 83' lang='lat' dir='ltr'><strong>Qumsivt,</strong></span> <span class='ocrx_word' id='word_1_101' title='bbox 929 1423 980 1471; x_wconf 88' lang='lat' dir='ltr'><strong>et</strong></span> <span class='ocrx_word' id='word_1_102' title='bbox 1008 1433 1113 1473; x_wconf 86' lang='lat' dir='ltr'><strong>non</strong></span> <span class='ocrx_word' id='word_1_103' title='bbox 1140 1420 1311 1474; x_wconf 73' lang='lat' dir='ltr'><strong>inveni</strong></span> <span class='ocrx_word' id='word_1_104' title='bbox 1336 1420 1484 1476; x_wconf 84' lang='lat' dir='ltr'><strong>illum</strong></span> <span class='ocrx_word' id='word_1_105' title='bbox 1512 1438 1530 1477; x_wconf 92' lang='lat'><strong><em>:</em></strong></span> <span class='ocrx_word' id='word_1_106' title='bbox 1558 1422 1762 1489; x_wconf 81' lang='lat' dir='ltr'><strong>vocavi,</strong></span> <span class='ocrx_word' id='word_1_107' title='bbox 1794 1429 1844 1477; x_wconf 88' lang='lat' dir='ltr'><strong>et</strong></span> 
     </span>
    </p>
   </div>
   <div class='ocr_carea' id='block_1_13' title="bbox 246 1506 810 1577">
    <p class='ocr_par' dir='ltr' id='par_1_13' title="bbox 246 1506 810 1577">
     <span class='ocr_line' id='line_1_13' title="bbox 246 1506 810 1577; baseline -0.002 -14"><span class='ocrx_word' id='word_1_108' title='bbox 246 1523 353 1563; x_wconf 85' lang='lat' dir='ltr'><strong>non</strong></span> <span class='ocrx_word' id='word_1_109' title='bbox 376 1506 643 1577; x_wconf 80' lang='lat' dir='ltr'><strong>respondit</strong></span> <span class='ocrx_word' id='word_1_110' title='bbox 664 1508 810 1562; x_wconf 84' lang='lat' dir='ltr'><strong>mihi.</strong></span> 
     </span>
    </p>
   </div>
   <div class='ocr_carea' id='block_1_14' title="bbox 320 1598 1843 1678">
    <p class='ocr_par' dir='ltr' id='par_1_14' title="bbox 320 1598 1843 1678">
     <span class='ocr_line' id='line_1_14' title="bbox 320 1598 1843 1678; baseline 0.007 -25"><span class='ocrx_word' id='word_1_111' title='bbox 320 1598 408 1653; x_wconf 71' lang='grc'><strong>12.</strong></span> <span class='ocrx_word' id='word_1_112' title='bbox 452 1600 651 1667; x_wconf 80' lang='lat' dir='ltr'><strong>Quaerit</strong></span> <span class='ocrx_word' id='word_1_113' title='bbox 677 1616 877 1671; x_wconf 85' lang='lat' dir='ltr'><strong>sponsa</strong></span> <span class='ocrx_word' id='word_1_114' title='bbox 902 1601 1179 1671; x_wconf 89' lang='lat' dir='ltr'><strong>dilectum,</strong></span> <span class='ocrx_word' id='word_1_115' title='bbox 1206 1606 1300 1661; x_wconf 90' lang='lat' dir='ltr'><strong>sed</strong></span> <span class='ocrx_word' id='word_1_116' title='bbox 1324 1620 1431 1661; x_wconf 91' lang='lat' dir='ltr'><strong>non</strong></span> <span class='ocrx_word' id='word_1_117' title='bbox 1461 1607 1695 1674; x_wconf 86' lang='lat' dir='ltr'><strong>invenit;</strong></span> <span class='ocrx_word' id='word_1_118' title='bbox 1717 1608 1843 1678; x_wconf 84' lang='lat' dir='ltr'><strong>quia</strong></span> 
     </span>
    </p>
   </div>
   <div class='ocr_carea' id='block_1_15' title="bbox 249 1691 1845 1764">
    <p class='ocr_par' dir='ltr' id='par_1_15' title="bbox 249 1691 1845 1764">
     <span class='ocr_line' id='line_1_15' title="bbox 249 1691 1845 1764; baseline 0.005 -15"><span class='ocrx_word' id='word_1_119' title='bbox 249 1709 283 1749; x_wconf 92' lang='lat' dir='ltr'><strong>a</strong></span> <span class='ocrx_word' id='word_1_120' title='bbox 311 1691 426 1750; x_wconf 91' lang='lat' dir='ltr'><strong>Deo</strong></span> <span class='ocrx_word' id='word_1_121' title='bbox 454 1694 713 1764; x_wconf 85' lang='lat' dir='ltr'><strong>inspirata</strong></span> <span class='ocrx_word' id='word_1_122' title='bbox 752 1710 906 1752; x_wconf 90' lang='lat' dir='ltr'><strong>mens</strong></span> <span class='ocrx_word' id='word_1_123' title='bbox 952 1697 1168 1754; x_wconf 89' lang='lat' dir='ltr'><strong>assidue</strong></span> <span class='ocrx_word' id='word_1_124' title='bbox 1215 1700 1480 1755; x_wconf 86' lang='lat' dir='ltr'><strong>suavitate</strong></span> <span class='ocrx_word' id='word_1_125' title='bbox 1526 1701 1617 1756; x_wconf 90' lang='lat' dir='ltr'><strong>illa</strong></span> <span class='ocrx_word' id='word_1_126' title='bbox 1655 1701 1845 1757; x_wconf 84' lang='lat' dir='ltr'><strong>intima</strong></span> 
     </span>
    </p>
   </div>
   <div class='ocr_carea' id='block_1_16' title="bbox 248 1787 1844 1863">
    <p class='ocr_par' dir='ltr' id='par_1_16' title="bbox 248 1787 1844 1863">
     <span class='ocr_line' id='line_1_16' title="bbox 248 1787 1844 1863; baseline 0.003 -18"><span class='ocrx_word' id='word_1_127' title='bbox 248 1787 454 1859; x_wconf 77' lang='lat' dir='ltr'><strong>perfrui</strong></span> <span class='ocrx_word' id='word_1_128' title='bbox 479 1788 838 1860; x_wconf 70' lang='lat' dir='ltr'><strong>Concupiscit,</strong></span> <span class='ocrx_word' id='word_1_129' title='bbox 868 1789 964 1845; x_wconf 91' lang='lat' dir='ltr'><strong>sed</strong></span> <span class='ocrx_word' id='word_1_130' title='bbox 989 1792 1265 1863; x_wconf 81' lang='lat' dir='ltr'><strong>corruptio</strong></span> <span class='ocrx_word' id='word_1_131' title='bbox 1294 1793 1566 1863; x_wconf 83' lang='lat' dir='ltr'><strong>prohibet,</strong></span> <span class='ocrx_word' id='word_1_132' title='bbox 1596 1808 1759 1863; x_wconf 88' lang='lat' dir='ltr'><strong>quam</strong></span> <span class='ocrx_word' id='word_1_133' title='bbox 1788 1794 1844 1849; x_wconf 89' lang='lat' dir='ltr'><strong>in</strong></span> 
     </span>
    </p>
   </div>
   <div class='ocr_carea' id='block_1_17' title="bbox 1947 581 2537 640">
    <p class='ocr_par' dir='ltr' id='par_1_17' title="bbox 1947 581 2537 640">
     <span class='ocr_line' id='line_1_17' title="bbox 1947 581 2537 640; baseline 0.007 -5"><span class='ocrx_word' id='word_1_134' title='bbox 1947 581 2203 637; x_wconf 77' lang='lat' dir='ltr'><strong>cherrima</strong></span> <span class='ocrx_word' id='word_1_135' title='bbox 2231 584 2537 640; x_wconf 81' lang='lat' dir='ltr'><strong>mulierum?</strong></span> 
     </span>
    </p>
   </div>
   <div class='ocr_carea' id='block_1_18' title="bbox 2020 676 3540 751">
    <p class='ocr_par' dir='ltr' id='par_1_18' title="bbox 2020 676 3540 751">
     <span class='ocr_line' id='line_1_18' title="bbox 2020 676 3540 751; baseline 0.008 -20"><span class='ocrx_word' id='word_1_136' title='bbox 2020 676 2124 732; x_wconf 87' lang='lat' dir='ltr'><strong>Sed</strong></span> <span class='ocrx_word' id='word_1_137' title='bbox 2156 678 2280 747; x_wconf 88' lang='lat' dir='ltr'><strong>quia</strong></span> <span class='ocrx_word' id='word_1_138' title='bbox 2308 693 2417 749; x_wconf 89' lang='lat' dir='ltr'><strong>quo</strong></span> <span class='ocrx_word' id='word_1_139' title='bbox 2459 679 2731 736; x_wconf 88' lang='lat' dir='ltr'><strong>ardentius</strong></span> <span class='ocrx_word' id='word_1_140' title='bbox 2771 681 3018 751; x_wconf 87' lang='lat' dir='ltr'><strong>diligunt,</strong></span> <span class='ocrx_word' id='word_1_141' title='bbox 3043 698 3109 738; x_wconf 91' lang='lat' dir='ltr'><strong>eo</strong></span> <span class='ocrx_word' id='word_1_142' title='bbox 3136 683 3347 741; x_wconf 83' lang='lat' dir='ltr'><strong>dulcius</strong></span> <span class='ocrx_word' id='word_1_143' title='bbox 3373 686 3540 743; x_wconf 87' lang='lat' dir='ltr'><strong>verba</strong></span> 
     </span>
    </p>
   </div>
   <div class='ocr_carea' id='block_1_19' title="bbox 1946 767 3252 842">
    <p class='ocr_par' dir='ltr' id='par_1_19' title="bbox 1946 767 3252 842">
     <span class='ocr_line' id='line_1_19' title="bbox 1946 767 3252 842; baseline 0.005 -18"><span class='ocrx_word' id='word_1_144' title='bbox 1946 767 2015 824; x_wconf 91' lang='lat' dir='ltr'><strong>de</strong></span> <span class='ocrx_word' id='word_1_145' title='bbox 2038 784 2104 824; x_wconf 91' lang='lat' dir='ltr'><strong>eo</strong></span> <span class='ocrx_word' id='word_1_146' title='bbox 2130 779 2403 841; x_wconf 89' lang='lat' dir='ltr'><strong>repetunt,</strong></span> <span class='ocrx_word' id='word_1_147' title='bbox 2436 770 2579 826; x_wconf 88' lang='lat' dir='ltr'><strong>idem</strong></span> <span class='ocrx_word' id='word_1_148' title='bbox 2610 773 2781 842; x_wconf 85' lang='lat' dir='ltr'><strong>ipsum</strong></span> <span class='ocrx_word' id='word_1_149' title='bbox 2811 775 3006 830; x_wconf 90' lang='lat' dir='ltr'><strong>iterum</strong></span> <span class='ocrx_word' id='word_1_150' title='bbox 3032 774 3252 832; x_wconf 91' lang='lat' dir='ltr'><strong>dicunt:</strong></span> 
     </span>
    </p>
   </div>
   <div class='ocr_carea' id='block_1_20' title="bbox 2021 862 3545 948">
    <p class='ocr_par' dir='ltr' id='par_1_20' title="bbox 2021 862 3545 948">
     <span class='ocr_line' id='line_1_20' title="bbox 2021 862 3545 948; baseline 0.009 -30"><span class='ocrx_word' id='word_1_151' title='bbox 2021 862 2198 934; x_wconf 87' lang='lat' dir='ltr'><strong>(Vers.</strong></span> <span class='ocrx_word' id='word_1_152' title='bbox 2232 862 2311 934; x_wconf 87' lang='lat'><strong>9.)</strong></span> <span class='ocrx_word' id='word_1_153' title='bbox 2357 866 2539 933; x_wconf 81' lang='lat' dir='ltr'><strong>Qualis</strong></span> <span class='ocrx_word' id='word_1_154' title='bbox 2568 876 2645 922; x_wconf 88' lang='lat' dir='ltr'><strong>est</strong></span> <span class='ocrx_word' id='word_1_155' title='bbox 2674 867 2886 924; x_wconf 87' lang='lat' dir='ltr'><strong>dilectus</strong></span> <span class='ocrx_word' id='word_1_156' title='bbox 2916 877 3034 925; x_wconf 86' lang='lat' dir='ltr'><strong>tuus</strong></span> <span class='ocrx_word' id='word_1_157' title='bbox 3066 887 3132 926; x_wconf 74' lang='lat' dir='ltr'><strong>ea:</strong></span> <span class='ocrx_word' id='word_1_158' title='bbox 3172 871 3358 930; x_wconf 85' lang='lat' dir='ltr'><strong>dilecto</strong></span> <span class='ocrx_word' id='word_1_159' title='bbox 3379 888 3399 929; x_wconf 84' lang='lat'><strong>.°</strong></span> <span class='ocrx_word' id='word_1_160' title='bbox 3421 875 3545 948; x_wconf 78' lang='lat' dir='ltr'><strong>quia</strong></span> 
     </span>
    </p>
   </div>
   <div class='ocr_carea' id='block_1_21' title="bbox 1944 957 2462 1028">
    <p class='ocr_par' dir='ltr' id='par_1_21' title="bbox 1944 957 2462 1028">
     <span class='ocr_line' id='line_1_21' title="bbox 1944 957 2462 1028; baseline 0.002 -16"><span class='ocrx_word' id='word_1_161' title='bbox 1944 957 2019 1012; x_wconf 86' lang='lat' dir='ltr'><strong>sic</strong></span> <span class='ocrx_word' id='word_1_162' title='bbox 2048 957 2304 1028; x_wconf 84' lang='lat' dir='ltr'><strong>adjurasti</strong></span> <span class='ocrx_word' id='word_1_163' title='bbox 2333 959 2462 1013; x_wconf 84' lang='lat' dir='ltr'><strong>nos?</strong></span> 
     </span>
    </p>
   </div>
   <div class='ocr_carea' id='block_1_22' title="bbox 2019 1048 3547 1124">
    <p class='ocr_par' dir='ltr' id='par_1_22' title="bbox 2019 1048 3547 1124">
     <span class='ocr_line' id='line_1_22' title="bbox 2019 1048 3547 1124; baseline 0.01 -21"><span class='ocrx_word' id='word_1_164' title='bbox 2019 1048 2255 1107; x_wconf 87' lang='lat' dir='ltr'><strong>Dilectus</strong></span> <span class='ocrx_word' id='word_1_165' title='bbox 2285 1066 2353 1106; x_wconf 90' lang='lat' dir='ltr'><strong>ex</strong></span> <span class='ocrx_word' id='word_1_166' title='bbox 2380 1051 2578 1108; x_wconf 92' lang='lat' dir='ltr'><strong>dilecto</strong></span> <span class='ocrx_word' id='word_1_167' title='bbox 2627 1050 2870 1124; x_wconf 89' lang='lat' dir='ltr'><strong>Sponsus</strong></span> <span class='ocrx_word' id='word_1_168' title='bbox 2896 1054 3093 1113; x_wconf 86' lang='lat' dir='ltr'><strong>dicitur</strong></span> <span class='ocrx_word' id='word_1_169' title='bbox 3139 1074 3154 1111; x_wconf 89' lang='lat'><strong>:</strong></span> <span class='ocrx_word' id='word_1_170' title='bbox 3201 1065 3264 1113; x_wconf 87' lang='lat' dir='ltr'><strong>ut</strong></span> <span class='ocrx_word' id='word_1_171' title='bbox 3296 1056 3547 1119; x_wconf 74' lang='lat' dir='ltr'><strong>videlicet</strong></span> 
     </span>
    </p>
   </div>
   <div class='ocr_carea' id='block_1_23' title="bbox 1946 1142 3547 1223">
    <p class='ocr_par' dir='ltr' id='par_1_23' title="bbox 1946 1142 3547 1223">
     <span class='ocr_line' id='line_1_23' title="bbox 1946 1142 3547 1223; baseline 0.008 -27"><span class='ocrx_word' id='word_1_172' title='bbox 1946 1156 2044 1213; x_wconf 91' lang='lat' dir='ltr'><strong>per</strong></span> <span class='ocrx_word' id='word_1_173' title='bbox 2070 1142 2449 1212; x_wconf 85' lang='lat' dir='ltr'><strong>repetitionem</strong></span> <span class='ocrx_word' id='word_1_174' title='bbox 2490 1144 2813 1213; x_wconf 88' lang='lat' dir='ltr'><strong>dilectionis,</strong></span> <span class='ocrx_word' id='word_1_175' title='bbox 2843 1149 3107 1205; x_wconf 82' lang='lat' dir='ltr'><strong>maximus</strong></span> <span class='ocrx_word' id='word_1_176' title='bbox 3136 1165 3291 1206; x_wconf 89' lang='lat' dir='ltr'><strong>amor</strong></span> <span class='ocrx_word' id='word_1_177' title='bbox 3317 1151 3547 1223; x_wconf 91' lang='lat' dir='ltr'><strong>loquen-</strong></span> 
     </span>
    </p>
   </div>
   <div class='ocr_carea' id='block_1_24' title="bbox 1948 1232 3549 1301">
    <p class='ocr_par' dir='ltr' id='par_1_24' title="bbox 1948 1232 3549 1301">
     <span class='ocr_line' id='line_1_24' title="bbox 1948 1232 3549 1301; baseline 0.009 -15"><span class='ocrx_word' id='word_1_178' title='bbox 1948 1232 2019 1288; x_wconf 90' lang='lat' dir='ltr'><strong>tis</strong></span> <span class='ocrx_word' id='word_1_179' title='bbox 2047 1232 2385 1289; x_wconf 87' lang='lat' dir='ltr'><strong>ostendatur.</strong></span> <span class='ocrx_word' id='word_1_180' title='bbox 2417 1234 2514 1289; x_wconf 84' lang='lat' dir='ltr'><strong>Vel</strong></span> <span class='ocrx_word' id='word_1_181' title='bbox 2556 1234 2787 1291; x_wconf 90' lang='lat' dir='ltr'><strong>dilectus</strong></span> <span class='ocrx_word' id='word_1_182' title='bbox 2814 1251 2884 1292; x_wconf 86' lang='lat' dir='ltr'><strong>ex</strong></span> <span class='ocrx_word' id='word_1_183' title='bbox 2907 1238 3106 1295; x_wconf 88' lang='lat' dir='ltr'><strong>dilecto</strong></span> <span class='ocrx_word' id='word_1_184' title='bbox 3134 1241 3271 1296; x_wconf 91' lang='lat' dir='ltr'><strong>bene</strong></span> <span class='ocrx_word' id='word_1_185' title='bbox 3297 1242 3549 1301; x_wconf 87' lang='lat' dir='ltr'><strong>Christus</strong></span> 
     </span>
    </p>
   </div>
   <div class='ocr_carea' id='block_1_25' title="bbox 1945 1327 3550 1408">
    <p class='ocr_par' dir='ltr' id='par_1_25' title="bbox 1945 1327 3550 1408">
     <span class='ocr_line' id='line_1_25' title="bbox 1945 1327 3550 1408; baseline 0.007 -27"><span class='ocrx_word' id='word_1_186' title='bbox 1945 1334 2213 1395; x_wconf 83' lang='lat' dir='ltr'><strong>vocatur;</strong></span> <span class='ocrx_word' id='word_1_187' title='bbox 2244 1327 2370 1398; x_wconf 88' lang='lat' dir='ltr'><strong>quia</strong></span> <span class='ocrx_word' id='word_1_188' title='bbox 2398 1328 2442 1383; x_wconf 89' lang='lat' dir='ltr'><strong>si</strong></span> <span class='ocrx_word' id='word_1_189' title='bbox 2468 1327 2662 1384; x_wconf 91' lang='lat' dir='ltr'><strong>Filium</strong></span> <span class='ocrx_word' id='word_1_190' title='bbox 2690 1329 2983 1400; x_wconf 82' lang='lat' dir='ltr'><strong>diligimus,</strong></span> <span class='ocrx_word' id='word_1_191' title='bbox 3012 1339 3068 1387; x_wconf 92' lang='lat' dir='ltr'><strong>et</strong></span> <span class='ocrx_word' id='word_1_192' title='bbox 3089 1331 3304 1389; x_wconf 86' lang='lat' dir='ltr'><strong>Patrem</strong></span> <span class='ocrx_word' id='word_1_193' title='bbox 3345 1351 3414 1391; x_wconf 89' lang='lat' dir='ltr'><strong>ex</strong></span> <span class='ocrx_word' id='word_1_194' title='bbox 3440 1351 3550 1408; x_wconf 92' lang='lat' dir='ltr'><strong>quo</strong></span> 
     </span>
    </p>
   </div>
   <div class='ocr_carea' id='block_1_26' title="bbox 1947 1421 3550 1496">
    <p class='ocr_par' dir='ltr' id='par_1_26' title="bbox 1947 1421 3550 1496">
     <span class='ocr_line' id='line_1_26' title="bbox 1947 1421 3550 1496; baseline 0.007 -21"><span class='ocrx_word' id='word_1_195' title='bbox 1947 1425 2050 1488; x_wconf 86' lang='lat' dir='ltr'><strong>est,</strong></span> <span class='ocrx_word' id='word_1_196' title='bbox 2082 1428 2484 1492; x_wconf 87' lang='lat' dir='ltr'><strong>consequenter</strong></span> <span class='ocrx_word' id='word_1_197' title='bbox 2506 1436 2769 1478; x_wconf 89' lang='lat' dir='ltr'><strong>amamus.</strong></span> <span class='ocrx_word' id='word_1_198' title='bbox 2802 1421 3118 1494; x_wconf 83' lang='lat' dir='ltr'><strong>Respondet</strong></span> <span class='ocrx_word' id='word_1_199' title='bbox 3142 1441 3342 1496; x_wconf 89' lang='lat' dir='ltr'><strong>sponsa</strong></span> <span class='ocrx_word' id='word_1_200' title='bbox 3366 1427 3550 1487; x_wconf 85' lang='lat' dir='ltr'><strong>subse-</strong></span> 
     </span>
    </p>
   </div>
   <div class='ocr_carea' id='block_1_27' title="bbox 1948 1513 2431 1584">
    <p class='ocr_par' dir='ltr' id='par_1_27' title="bbox 1948 1513 2431 1584">
     <span class='ocr_line' id='line_1_27' title="bbox 1948 1513 2431 1584; baseline 0.012 -18"><span class='ocrx_word' id='word_1_201' title='bbox 1948 1513 2185 1584; x_wconf 90' lang='lat' dir='ltr'><strong>quendo,</strong></span> <span class='ocrx_word' id='word_1_202' title='bbox 2208 1513 2391 1570; x_wconf 86' lang='lat' dir='ltr'><strong>dicens</strong></span> <span class='ocrx_word' id='word_1_203' title='bbox 2414 1531 2431 1572; x_wconf 89' lang='lat'><strong>:</strong></span> 
     </span>
    </p>
   </div>
   <div class='ocr_carea' id='block_1_28' title="bbox 2021 1594 3551 1678">
    <p class='ocr_par' dir='ltr' id='par_1_28' title="bbox 2021 1594 3551 1678">
     <span class='ocr_line' id='line_1_28' title="bbox 2021 1594 3551 1678; baseline 0.001 -14"><span class='ocrx_word' id='word_1_204' title='bbox 2021 1604 2185 1678; x_wconf 72' lang='grc' dir='ltr'><strong>ωιο</strong></span> <span class='ocrx_word' id='word_1_205' title='bbox 2224 1604 2548 1677; x_wconf 70' lang='lat' dir='ltr'><strong>(Vers.10.)</strong></span> <span class='ocrx_word' id='word_1_206' title='bbox 2586 1604 2821 1662; x_wconf 87' lang='lat' dir='ltr'><strong>Dilectus</strong></span> <span class='ocrx_word' id='word_1_207' title='bbox 2876 1624 3019 1665; x_wconf 87' lang='lat' dir='ltr'><strong>meus</strong></span> <span class='ocrx_word' id='word_1_208' title='bbox 3078 1608 3329 1665; x_wconf 86' lang='lat' dir='ltr'><strong>candidus</strong></span> <span class='ocrx_word' id='word_1_209' title='bbox 3375 1594 3454 1665; x_wconf 84' lang='lat' dir='ltr'><strong>est</strong></span> <span class='ocrx_word' id='word_1_210' title='bbox 3501 1618 3551 1667; x_wconf 88' lang='lat' dir='ltr'><strong>et</strong></span> 
     </span>
    </p>
   </div>
   <div class='ocr_carea' id='block_1_29' title="bbox 1945 1696 2870 1765">
    <p class='ocr_par' dir='ltr' id='par_1_29' title="bbox 1945 1696 2870 1765">
     <span class='ocr_line' id='line_1_29' title="bbox 1945 1696 2870 1765; baseline 0.002 -13"><span class='ocrx_word' id='word_1_211' title='bbox 1945 1696 2284 1765; x_wconf 78' lang='lat' dir='ltr'><strong>rubicundus,</strong></span> <span class='ocrx_word' id='word_1_212' title='bbox 2318 1698 2507 1753; x_wconf 89' lang='lat' dir='ltr'><strong>electus</strong></span> <span class='ocrx_word' id='word_1_213' title='bbox 2535 1714 2598 1753; x_wconf 76' lang='lat' dir='ltr'><strong>ex</strong></span> <span class='ocrx_word' id='word_1_214' title='bbox 2621 1700 2870 1755; x_wconf 82' lang='lat' dir='ltr'><strong>millibus.</strong></span> 
     </span>
    </p>
   </div>
   <div class='ocr_carea' id='block_1_30' title="bbox 2022 1787 3548 1863">
    <p class='ocr_par' dir='ltr' id='par_1_30' title="bbox 2022 1787 3548 1863">
     <span class='ocr_line' id='line_1_30' title="bbox 2022 1787 3548 1863; baseline 0.005 -22"><span class='ocrx_word' id='word_1_215' title='bbox 2022 1787 2109 1843; x_wconf 83' lang='grc'><strong>15.</strong></span> <span class='ocrx_word' id='word_1_216' title='bbox 2150 1787 2421 1845; x_wconf 90' lang='lat' dir='ltr'><strong>Candidus</strong></span> <span class='ocrx_word' id='word_1_217' title='bbox 2450 1795 2504 1844; x_wconf 90' lang='lat' dir='ltr'><strong>et</strong></span> <span class='ocrx_word' id='word_1_218' title='bbox 2530 1789 2861 1846; x_wconf 86' lang='lat' dir='ltr'><strong>rubicundus</strong></span> <span class='ocrx_word' id='word_1_219' title='bbox 2882 1789 3127 1847; x_wconf 87' lang='lat' dir='ltr'><strong>Christus</strong></span> <span class='ocrx_word' id='word_1_220' title='bbox 3150 1806 3269 1849; x_wconf 87' lang='lat' dir='ltr'><strong>esse</strong></span> <span class='ocrx_word' id='word_1_221' title='bbox 3295 1792 3548 1863; x_wconf 83' lang='lat' dir='ltr'><strong>perhibe-</strong></span> 
     </span>
    </p>
   </div>
   <div class='ocr_carea' id='block_1_31' title="bbox 245 1880 3552 1957">
    <p class='ocr_par' dir='ltr' id='par_1_31' title="bbox 245 1880 3552 1957">
     <span class='ocr_line' id='line_1_31' title="bbox 245 1880 3552 1957; baseline 0.001 -20"><span class='ocrx_word' id='word_1_222' title='bbox 245 1880 350 1937; x_wconf 88' lang='lat' dir='ltr'><strong>hac</strong></span> <span class='ocrx_word' id='word_1_223' title='bbox 372 1880 480 1935; x_wconf 89' lang='lat' dir='ltr'><strong>vita</strong></span> <span class='ocrx_word' id='word_1_224' title='bbox 507 1881 662 1950; x_wconf 85' lang='lat' dir='ltr'><strong>gerit.</strong></span> <span class='ocrx_word' id='word_1_225' title='bbox 688 1880 861 1938; x_wconf 83' lang='lat' dir='ltr'><strong>Vocat</strong></span> <span class='ocrx_word' id='word_1_226' title='bbox 878 1897 1008 1952; x_wconf 88' lang='lat' dir='ltr'><strong>ergo</strong></span> <span class='ocrx_word' id='word_1_227' title='bbox 1028 1891 1084 1938; x_wconf 92' lang='lat' dir='ltr'><strong>et</strong></span> <span class='ocrx_word' id='word_1_228' title='bbox 1107 1899 1218 1941; x_wconf 92' lang='lat' dir='ltr'><strong>non</strong></span> <span class='ocrx_word' id='word_1_229' title='bbox 1245 1885 1601 1957; x_wconf 88' lang='lat' dir='ltr'><strong>respondetur</strong></span> <span class='ocrx_word' id='word_1_230' title='bbox 1622 1888 1671 1942; x_wconf 92' lang='lat' dir='ltr'><strong>ei</strong></span> <span class='ocrx_word' id='word_1_231' title='bbox 1692 1887 1844 1957; x_wconf 90' lang='lat' dir='ltr'><strong>:quia</strong></span> <span class='ocrx_word' id='word_1_232' title='bbox 1872 1895 1921 1955; x_wconf 80' lang='grc' dir='ltr'>Β</span> <span class='ocrx_word' id='word_1_233' title='bbox 1949 1889 2064 1949; x_wconf 89' lang='lat' dir='ltr'><strong>tur;</strong></span> <span class='ocrx_word' id='word_1_234' title='bbox 2111 1883 2236 1952; x_wconf 87' lang='lat' dir='ltr'><strong>quia</strong></span> <span class='ocrx_word' id='word_1_235' title='bbox 2284 1882 2488 1938; x_wconf 75' lang='lat' dir='ltr'><strong>nullum</strong></span> <span class='ocrx_word' id='word_1_236' title='bbox 2517 1882 2740 1938; x_wconf 91' lang='lat' dir='ltr'><strong>omnino</strong></span> <span class='ocrx_word' id='word_1_237' title='bbox 2771 1892 3053 1953; x_wconf 86' lang='lat' dir='ltr'><strong>peccatum</strong></span> <span class='ocrx_word' id='word_1_238' title='bbox 3081 1883 3303 1953; x_wconf 83' lang='lat' dir='ltr'><strong>faciens,</strong></span> <span class='ocrx_word' id='word_1_239' title='bbox 3328 1885 3552 1955; x_wconf 72' lang='lat' dir='ltr'><strong>justitite</strong></span> 
     </span>
    </p>
   </div>
   <div class='ocr_carea' id='block_1_32' title="bbox 245 1975 1847 2047">
    <p class='ocr_par' dir='ltr' id='par_1_32' title="bbox 245 1975 1847 2047">
     <span class='ocr_line' id='line_1_32' title="bbox 245 1975 1847 2047; baseline 0.005 -18"><span class='ocrx_word' id='word_1_240' title='bbox 245 1983 304 2030; x_wconf 86' lang='lat' dir='ltr'><strong>et</strong></span> <span class='ocrx_word' id='word_1_241' title='bbox 324 1975 660 2032; x_wconf 87' lang='lat' dir='ltr'><strong>orationibus</strong></span> <span class='ocrx_word' id='word_1_242' title='bbox 684 1984 742 2032; x_wconf 91' lang='lat' dir='ltr'><strong>et</strong></span> <span class='ocrx_word' id='word_1_243' title='bbox 769 1978 1175 2047; x_wconf 87' lang='lat' dir='ltr'><strong>operationibus</strong></span> <span class='ocrx_word' id='word_1_244' title='bbox 1220 1980 1333 2035; x_wconf 90' lang='lat' dir='ltr'><strong>suis</strong></span> <span class='ocrx_word' id='word_1_245' title='bbox 1374 1979 1659 2037; x_wconf 89' lang='lat' dir='ltr'><strong>dulcedine</strong></span> <span class='ocrx_word' id='word_1_246' title='bbox 1704 1981 1847 2037; x_wconf 88' lang='lat' dir='ltr'><strong>illius</strong></span> 
     </span>
    </p>
   </div>
   <div class='ocr_carea' id='block_1_33' title="bbox 245 2069 1849 2142">
    <p class='ocr_par' dir='ltr' id='par_1_33' title="bbox 245 2069 1849 2142">
     <span class='ocr_line' id='line_1_33' title="bbox 245 2069 1849 2142; baseline 0.004 -18"><span class='ocrx_word' id='word_1_247' title='bbox 245 2069 552 2142; x_wconf 59' lang='lat' dir='ltr'><strong>praesentiae</strong></span> <span class='ocrx_word' id='word_1_248' title='bbox 589 2070 777 2125; x_wconf 89' lang='lat' dir='ltr'><strong>satiari</strong></span> <span class='ocrx_word' id='word_1_249' title='bbox 820 2072 1056 2141; x_wconf 89' lang='lat' dir='ltr'><strong>appetit,</strong></span> <span class='ocrx_word' id='word_1_250' title='bbox 1086 2072 1184 2128; x_wconf 89' lang='lat' dir='ltr'><strong>sed</strong></span> <span class='ocrx_word' id='word_1_251' title='bbox 1213 2073 1282 2127; x_wconf 89' lang='lat' dir='ltr'><strong>ad</strong></span> <span class='ocrx_word' id='word_1_252' title='bbox 1309 2081 1495 2128; x_wconf 91' lang='lat' dir='ltr'><strong>votum</strong></span> <span class='ocrx_word' id='word_1_253' title='bbox 1544 2088 1701 2130; x_wconf 88' lang='lat' dir='ltr'><strong>suum</strong></span> <span class='ocrx_word' id='word_1_254' title='bbox 1741 2073 1849 2130; x_wconf 91' lang='lat' dir='ltr'><strong>hoc</strong></span> 
     </span>
    </p>
   </div>
   <div class='ocr_carea' id='block_1_34' title="bbox 244 2164 1849 2237">
    <p class='ocr_par' dir='ltr' id='par_1_34' title="bbox 244 2164 1849 2237">
     <span class='ocr_line' id='line_1_34' title="bbox 244 2164 1849 2237; baseline 0.004 -20"><span class='ocrx_word' id='word_1_255' title='bbox 244 2164 396 2234; x_wconf 88' lang='lat' dir='ltr'><strong>quod</strong></span> <span class='ocrx_word' id='word_1_256' title='bbox 424 2164 659 2230; x_wconf 79' lang='lat' dir='ltr'><strong>invocat,</strong></span> <span class='ocrx_word' id='word_1_257' title='bbox 691 2179 801 2220; x_wconf 92' lang='lat' dir='ltr'><strong>non</strong></span> <span class='ocrx_word' id='word_1_258' title='bbox 832 2165 1089 2221; x_wconf 90' lang='lat' dir='ltr'><strong>occurrit.</strong></span> <span class='ocrx_word' id='word_1_259' title='bbox 1124 2165 1316 2222; x_wconf 86' lang='lat' dir='ltr'><strong>Restat</strong></span> <span class='ocrx_word' id='word_1_260' title='bbox 1340 2181 1469 2237; x_wconf 91' lang='lat' dir='ltr'><strong>ergo</strong></span> <span class='ocrx_word' id='word_1_261' title='bbox 1493 2175 1554 2222; x_wconf 91' lang='lat' dir='ltr'><strong>ut</strong></span> <span class='ocrx_word' id='word_1_262' title='bbox 1582 2168 1635 2222; x_wconf 95' lang='lat' dir='ltr'><strong>in</strong></span> <span class='ocrx_word' id='word_1_263' title='bbox 1674 2183 1733 2223; x_wconf 89' lang='lat' dir='ltr'><strong>se</strong></span> <span class='ocrx_word' id='word_1_264' title='bbox 1761 2182 1849 2223; x_wconf 91' lang='lat' dir='ltr'><strong>re-</strong></span> 
     </span>
    </p>
   </div>
   <div class='ocr_carea' id='block_1_35' title="bbox 244 2257 1852 2330">
    <p class='ocr_par' dir='ltr' id='par_1_35' title="bbox 244 2257 1852 2330">
     <span class='ocr_line' id='line_1_35' title="bbox 244 2257 1852 2330; baseline 0.001 -19"><span class='ocrx_word' id='word_1_265' title='bbox 244 2262 469 2311; x_wconf 86' lang='lat' dir='ltr'><strong>vertens</strong></span> <span class='ocrx_word' id='word_1_266' title='bbox 500 2269 562 2311; x_wconf 84' lang='lat' dir='ltr'><strong>se</strong></span> <span class='ocrx_word' id='word_1_267' title='bbox 608 2264 937 2325; x_wconf 85' lang='lat' dir='ltr'><strong>cognoscat,</strong></span> <span class='ocrx_word' id='word_1_268' title='bbox 965 2264 1023 2312; x_wconf 90' lang='lat' dir='ltr'><strong>et</strong></span> <span class='ocrx_word' id='word_1_269' title='bbox 1049 2272 1149 2327; x_wconf 91' lang='lat' dir='ltr'><strong>per</strong></span> <span class='ocrx_word' id='word_1_270' title='bbox 1193 2257 1495 2330; x_wconf 82' lang='lat' dir='ltr'><strong>Scripturas</strong></span> <span class='ocrx_word' id='word_1_271' title='bbox 1535 2268 1748 2315; x_wconf 89' lang='lat' dir='ltr'><strong>sanctas</strong></span> <span class='ocrx_word' id='word_1_272' title='bbox 1777 2257 1852 2313; x_wconf 91' lang='lat' dir='ltr'><strong>di-</strong></span> 
     </span>
    </p>
   </div>
   <div class='ocr_carea' id='block_1_36' title="bbox 247 2347 1852 2424">
    <p class='ocr_par' dir='ltr' id='par_1_36' title="bbox 247 2347 1852 2424">
     <span class='ocr_line' id='line_1_36' title="bbox 247 2347 1852 2424; baseline 0.001 -20"><span class='ocrx_word' id='word_1_273' title='bbox 247 2347 453 2405; x_wconf 90' lang='lat' dir='ltr'><strong>lectum</strong></span> <span class='ocrx_word' id='word_1_274' title='bbox 481 2364 639 2405; x_wconf 84' lang='lat' dir='ltr'><strong>suum</strong></span> <span class='ocrx_word' id='word_1_275' title='bbox 678 2350 849 2419; x_wconf 87' lang='lat' dir='ltr'><strong>magis</strong></span> <span class='ocrx_word' id='word_1_276' title='bbox 895 2350 990 2406; x_wconf 89' lang='lat' dir='ltr'><strong>illo</strong></span> <span class='ocrx_word' id='word_1_277' title='bbox 1033 2359 1191 2423; x_wconf 86' lang='lat' dir='ltr'><strong>gustu</strong></span> <span class='ocrx_word' id='word_1_278' title='bbox 1220 2351 1402 2423; x_wconf 90' lang='lat' dir='ltr'><strong>adjuta</strong></span> <span class='ocrx_word' id='word_1_279' title='bbox 1442 2352 1736 2424; x_wconf 88' lang='lat' dir='ltr'><strong>perquirat.</strong></span> <span class='ocrx_word' id='word_1_280' title='bbox 1781 2350 1852 2405; x_wconf 89' lang='lat' dir='ltr'><strong>Et</strong></span> 
     </span>
    </p>
   </div>
   <div class='ocr_carea' id='block_1_37' title="bbox 248 2440 944 2515">
    <p class='ocr_par' dir='ltr' id='par_1_37' title="bbox 248 2440 944 2515">
     <span class='ocr_line' id='line_1_37' title="bbox 248 2440 944 2515; baseline 0.001 -18"><span class='ocrx_word' id='word_1_281' title='bbox 248 2440 357 2499; x_wconf 89' lang='lat' dir='ltr'><strong>hoc</strong></span> <span class='ocrx_word' id='word_1_282' title='bbox 375 2450 459 2498; x_wconf 90' lang='lat' dir='ltr'><strong>est</strong></span> <span class='ocrx_word' id='word_1_283' title='bbox 487 2442 632 2514; x_wconf 89' lang='lat' dir='ltr'><strong>quod</strong></span> <span class='ocrx_word' id='word_1_284' title='bbox 660 2444 904 2515; x_wconf 89' lang='lat' dir='ltr'><strong>sequitur</strong></span> <span class='ocrx_word' id='word_1_285' title='bbox 928 2461 944 2498; x_wconf 87' lang='lat'><strong>:</strong></span> 
     </span>
    </p>
   </div>
   <div class='ocr_carea' id='block_1_38' title="bbox 326 2532 1852 2609">
    <p class='ocr_par' dir='ltr' id='par_1_38' title="bbox 326 2532 1852 2609">
     <span class='ocr_line' id='line_1_38' title="bbox 326 2532 1852 2609; baseline 0.005 -22"><span class='ocrx_word' id='word_1_286' title='bbox 326 2532 508 2604; x_wconf 80' lang='lat' dir='ltr'><strong>(Vcrs.</strong></span> <span class='ocrx_word' id='word_1_287' title='bbox 543 2532 623 2603; x_wconf 91' lang='lat'><strong>7.)</strong></span> <span class='ocrx_word' id='word_1_288' title='bbox 664 2534 981 2589; x_wconf 82' lang='lat' dir='ltr'><strong>Invenerunt</strong></span> <span class='ocrx_word' id='word_1_289' title='bbox 1008 2552 1089 2590; x_wconf 90' lang='lat' dir='ltr'><strong>me</strong></span> <span class='ocrx_word' id='word_1_290' title='bbox 1135 2537 1400 2603; x_wconf 82' lang='lat' dir='ltr'><strong>custodes,</strong></span> <span class='ocrx_word' id='word_1_291' title='bbox 1431 2545 1518 2609; x_wconf 87' lang='lat' dir='ltr'><strong>qut</strong></span> <span class='ocrx_word' id='word_1_292' title='bbox 1557 2539 1852 2595; x_wconf 86' lang='lat' dir='ltr'><strong>custodiunt</strong></span> 
     </span>
    </p>
   </div>
   <div class='ocr_carea' id='block_1_39' title="bbox 246 2628 1853 2698">
    <p class='ocr_par' dir='ltr' id='par_1_39' title="bbox 246 2628 1853 2698">
     <span class='ocr_line' id='line_1_39' title="bbox 246 2628 1853 2698; baseline 0.004 -16"><span class='ocrx_word' id='word_1_293' title='bbox 246 2628 543 2698; x_wconf 82' lang='lat' dir='ltr'><strong>civitatem,</strong></span> <span class='ocrx_word' id='word_1_294' title='bbox 572 2636 935 2698; x_wconf 82' lang='lat' dir='ltr'><strong>percusserunt</strong></span> <span class='ocrx_word' id='word_1_295' title='bbox 972 2646 1073 2696; x_wconf 88' lang='lat' dir='ltr'><strong>me,</strong></span> <span class='ocrx_word' id='word_1_296' title='bbox 1110 2640 1159 2685; x_wconf 87' lang='lat' dir='ltr'><strong>et</strong></span> <span class='ocrx_word' id='word_1_297' title='bbox 1184 2632 1582 2688; x_wconf 83' lang='lat' dir='ltr'><strong>uulnerauerunt</strong></span> <span class='ocrx_word' id='word_1_298' title='bbox 1607 2651 1688 2689; x_wconf 82' lang='lat' dir='ltr'><strong>nte</strong></span> <span class='ocrx_word' id='word_1_299' title='bbox 1717 2651 1735 2691; x_wconf 90' lang='lat'><strong><em>:</em></strong></span> <span class='ocrx_word' id='word_1_300' title='bbox 1769 2643 1853 2689; x_wconf 82' lang='lat' dir='ltr'><strong>tu-</strong></span> 
     </span>
    </p>
   </div>
   <div class='ocr_carea' id='block_1_40' title="bbox 250 2721 1444 2795">
    <p class='ocr_par' dir='ltr' id='par_1_40' title="bbox 250 2721 1444 2795">
     <span class='ocr_line' id='line_1_40' title="bbox 250 2721 1444 2795; baseline 0.003 -18"><span class='ocrx_word' id='word_1_301' title='bbox 250 2721 425 2778; x_wconf 84' lang='lat' dir='ltr'><strong>lerunt</strong></span> <span class='ocrx_word' id='word_1_302' title='bbox 453 2724 671 2795; x_wconf 87' lang='lat' dir='ltr'><strong>pallium</strong></span> <span class='ocrx_word' id='word_1_303' title='bbox 698 2739 868 2777; x_wconf 87' lang='lat' dir='ltr'><strong>meum</strong></span> <span class='ocrx_word' id='word_1_304' title='bbox 896 2724 1131 2779; x_wconf 85' lang='lat' dir='ltr'><strong>custodes</strong></span> <span class='ocrx_word' id='word_1_305' title='bbox 1160 2742 1444 2782; x_wconf 88' lang='lat' dir='ltr'><strong>murorum.</strong></span> 
     </span>
    </p>
   </div>
   <div class='ocr_carea' id='block_1_41' title="bbox 325 2820 1858 2894">
    <p class='ocr_par' dir='ltr' id='par_1_41' title="bbox 325 2820 1858 2894">
     <span class='ocr_line' id='line_1_41' title="bbox 325 2820 1858 2894; baseline 0.002 -17"><span class='ocrx_word' id='word_1_306' title='bbox 325 2820 418 2878; x_wconf 72' lang='lat'><strong>13.</strong></span> <span class='ocrx_word' id='word_1_307' title='bbox 457 2820 595 2877; x_wconf 88' lang='lat' dir='ltr'><strong>Dum</strong></span> <span class='ocrx_word' id='word_1_308' title='bbox 622 2820 974 2892; x_wconf 87' lang='lat' dir='ltr'><strong>inquisitione</strong></span> <span class='ocrx_word' id='word_1_309' title='bbox 1002 2821 1182 2878; x_wconf 91' lang='lat' dir='ltr'><strong>dilecti</strong></span> <span class='ocrx_word' id='word_1_310' title='bbox 1203 2838 1404 2894; x_wconf 89' lang='lat' dir='ltr'><strong>sponsa</strong></span> <span class='ocrx_word' id='word_1_311' title='bbox 1433 2825 1775 2892; x_wconf 88' lang='lat' dir='ltr'><strong>sollicitatur,</strong></span> <span class='ocrx_word' id='word_1_312' title='bbox 1798 2825 1858 2880; x_wconf 88' lang='lat' dir='ltr'><strong>in</strong></span> 
     </span>
    </p>
   </div>
   <div class='ocr_carea' id='block_1_42' title="bbox 248 2914 1859 2992">
    <p class='ocr_par' dir='ltr' id='par_1_42' title="bbox 248 2914 1859 2992">
     <span class='ocr_line' id='line_1_42' title="bbox 248 2914 1859 2992; baseline 0 -21"><span class='ocrx_word' id='word_1_313' title='bbox 248 2914 510 2972; x_wconf 83' lang='lat' dir='ltr'><strong>custodes</strong></span> <span class='ocrx_word' id='word_1_314' title='bbox 538 2916 770 2971; x_wconf 90' lang='lat' dir='ltr'><strong>civitatis</strong></span> <span class='ocrx_word' id='word_1_315' title='bbox 790 2915 977 2973; x_wconf 89' lang='lat' dir='ltr'><strong>incidit</strong></span> <span class='ocrx_word' id='word_1_316' title='bbox 1003 2934 1018 2972; x_wconf 89' lang='lat'><strong>:</strong></span> <span class='ocrx_word' id='word_1_317' title='bbox 1050 2921 1142 2992; x_wconf 92' lang='lat' dir='ltr'><strong>qui</strong></span> <span class='ocrx_word' id='word_1_318' title='bbox 1163 2919 1288 2975; x_wconf 92' lang='lat' dir='ltr'><strong>dum</strong></span> <span class='ocrx_word' id='word_1_319' title='bbox 1316 2925 1504 2974; x_wconf 89' lang='lat' dir='ltr'><strong>sancta</strong></span> <span class='ocrx_word' id='word_1_320' title='bbox 1533 2932 1687 2977; x_wconf 90' lang='lat' dir='ltr'><strong>mens</strong></span> <span class='ocrx_word' id='word_1_321' title='bbox 1714 2917 1859 2972; x_wconf 81' lang='lat' dir='ltr'><strong>desi-</strong></span> 
     </span>
    </p>
   </div>
   <div class='ocr_carea' id='block_1_43' title="bbox 247 3005 1858 3080">
    <p class='ocr_par' dir='ltr' id='par_1_43' title="bbox 247 3005 1858 3080">
     <span class='ocr_line' id='line_1_43' title="bbox 247 3005 1858 3080; baseline 0.001 -18"><span class='ocrx_word' id='word_1_322' title='bbox 247 3005 410 3062; x_wconf 82' lang='lat' dir='ltr'><strong>derio</strong></span> <span class='ocrx_word' id='word_1_323' title='bbox 461 3006 659 3077; x_wconf 87' lang='lat' dir='ltr'><strong>Sponsi</strong></span> <span class='ocrx_word' id='word_1_324' title='bbox 701 3010 785 3064; x_wconf 88' lang='lat' dir='ltr'><strong>sui</strong></span> <span class='ocrx_word' id='word_1_325' title='bbox 832 3010 1029 3068; x_wconf 88' lang='lat' dir='ltr'><strong>Christi</strong></span> <span class='ocrx_word' id='word_1_326' title='bbox 1077 3027 1138 3069; x_wconf 92' lang='lat' dir='ltr'><strong>se</strong></span> <span class='ocrx_word' id='word_1_327' title='bbox 1181 3010 1396 3080; x_wconf 76' lang='lat' dir='ltr'><strong>afﬂigit,</strong></span> <span class='ocrx_word' id='word_1_328' title='bbox 1441 3009 1858 3080; x_wconf 64' lang='lat' dir='ltr'><strong>praedicatorum</strong></span> 
     </span>
    </p>
   </div>
   <div class='ocr_carea' id='block_1_44' title="bbox 247 3096 1857 3174">
    <p class='ocr_par' dir='ltr' id='par_1_44' title="bbox 247 3096 1857 3174">
     <span class='ocr_line' id='line_1_44' title="bbox 247 3096 1857 3174; baseline 0.002 -21"><span class='ocrx_word' id='word_1_329' title='bbox 247 3096 427 3153; x_wconf 84' lang='lat' dir='ltr'><strong>verba</strong></span> <span class='ocrx_word' id='word_1_330' title='bbox 456 3096 511 3152; x_wconf 90' lang='lat' dir='ltr'><strong>in</strong></span> <span class='ocrx_word' id='word_1_331' title='bbox 549 3097 845 3170; x_wconf 90' lang='lat' dir='ltr'><strong>Scripturis</strong></span> <span class='ocrx_word' id='word_1_332' title='bbox 873 3103 1070 3160; x_wconf 89' lang='lat' dir='ltr'><strong>divinis</strong></span> <span class='ocrx_word' id='word_1_333' title='bbox 1099 3105 1343 3174; x_wconf 88' lang='lat' dir='ltr'><strong>suscipit,</strong></span> <span class='ocrx_word' id='word_1_334' title='bbox 1375 3110 1430 3158; x_wconf 92' lang='lat' dir='ltr'><strong>et</strong></span> <span class='ocrx_word' id='word_1_335' title='bbox 1453 3103 1532 3158; x_wconf 88' lang='lat' dir='ltr'><strong>eis</strong></span> <span class='ocrx_word' id='word_1_336' title='bbox 1559 3101 1796 3171; x_wconf 90' lang='lat' dir='ltr'><strong>quandiu</strong></span> <span class='ocrx_word' id='word_1_337' title='bbox 1823 3116 1857 3157; x_wconf 88' lang='lat' dir='ltr'><strong>a</strong></span> 
     </span>
    </p>
   </div>
   <div class='ocr_carea' id='block_1_45' title="bbox 250 3188 1856 3268">
    <p class='ocr_par' dir='ltr' id='par_1_45' title="bbox 250 3188 1856 3268">
     <span class='ocr_line' id='line_1_45' title="bbox 250 3188 1856 3268; baseline 0.002 -23"><span class='ocrx_word' id='word_1_338' title='bbox 250 3188 477 3246; x_wconf 81' lang='lat' dir='ltr'><strong>Chrism</strong></span> <span class='ocrx_word' id='word_1_339' title='bbox 504 3200 528 3229; x_wconf 75' lang='grc' dir='ltr'>ι</span> <span class='ocrx_word' id='word_1_340' title='bbox 558 3193 800 3262; x_wconf 81' lang='lat' dir='ltr'><strong>exsulat,</strong></span> <span class='ocrx_word' id='word_1_341' title='bbox 851 3195 1094 3265; x_wconf 87' lang='lat' dir='ltr'><strong>ejusdem</strong></span> <span class='ocrx_word' id='word_1_342' title='bbox 1120 3212 1280 3268; x_wconf 90' lang='lat' dir='ltr'><strong>quem</strong></span> <span class='ocrx_word' id='word_1_343' title='bbox 1310 3194 1586 3265; x_wconf 83' lang='lat' dir='ltr'><strong>quaerebat</strong></span> <span class='ocrx_word' id='word_1_344' title='bbox 1625 3192 1654 3232; x_wconf 67' lang='grc' dir='ltr'>δ</span> <span class='ocrx_word' id='word_1_345' title='bbox 1684 3193 1856 3249; x_wconf 90' lang='lat' dir='ltr'><strong>amori</strong></span> 
     </span>
    </p>
   </div>
   <div class='ocr_carea' id='block_1_46' title="bbox 1954 1976 3552 2047">
    <p class='ocr_par' dir='ltr' id='par_1_46' title="bbox 1954 1976 3552 2047">
     <span class='ocr_line' id='line_1_46' title="bbox 1954 1976 3552 2047; baseline 0.003 -16"><span class='ocrx_word' id='word_1_346' title='bbox 1954 1976 2410 2047; x_wconf 90' lang='lat' dir='ltr'><strong>pulchritudinem</strong></span> <span class='ocrx_word' id='word_1_347' title='bbox 2440 1992 2507 2032; x_wconf 87' lang='lat' dir='ltr'><strong>ex</strong></span> <span class='ocrx_word' id='word_1_348' title='bbox 2534 1976 2745 2046; x_wconf 88' lang='lat' dir='ltr'><strong>integro</strong></span> <span class='ocrx_word' id='word_1_349' title='bbox 2773 1976 2968 2044; x_wconf 90' lang='lat' dir='ltr'><strong>tenuit,</strong></span> <span class='ocrx_word' id='word_1_350' title='bbox 2995 1984 3052 2033; x_wconf 89' lang='lat' dir='ltr'><strong>et</strong></span> <span class='ocrx_word' id='word_1_351' title='bbox 3075 1984 3254 2033; x_wconf 89' lang='lat' dir='ltr'><strong>tamen</strong></span> <span class='ocrx_word' id='word_1_352' title='bbox 3297 1986 3552 2047; x_wconf 86' lang='lat' dir='ltr'><strong>tanquam</strong></span> 
     </span>
    </p>
   </div>
   <div class='ocr_carea' id='block_1_47' title="bbox 1951 2070 3554 2142">
    <p class='ocr_par' dir='ltr' id='par_1_47' title="bbox 1951 2070 3554 2142">
     <span class='ocr_line' id='line_1_47' title="bbox 1951 2070 3554 2142; baseline 0.001 -17"><span class='ocrx_word' id='word_1_353' title='bbox 1951 2079 2212 2142; x_wconf 89' lang='lat' dir='ltr'><strong>peccator</strong></span> <span class='ocrx_word' id='word_1_354' title='bbox 2231 2079 2393 2138; x_wconf 88' lang='lat' dir='ltr'><strong>esset,</strong></span> <span class='ocrx_word' id='word_1_355' title='bbox 2426 2070 2493 2125; x_wconf 89' lang='lat' dir='ltr'><strong>ad</strong></span> <span class='ocrx_word' id='word_1_356' title='bbox 2513 2071 2703 2125; x_wconf 90' lang='lat' dir='ltr'><strong>mortis</strong></span> <span class='ocrx_word' id='word_1_357' title='bbox 2726 2071 3031 2142; x_wconf 89' lang='lat' dir='ltr'><strong>passionem</strong></span> <span class='ocrx_word' id='word_1_358' title='bbox 3058 2072 3306 2127; x_wconf 90' lang='lat' dir='ltr'><strong>accessit.</strong></span> <span class='ocrx_word' id='word_1_359' title='bbox 3337 2070 3436 2126; x_wconf 92' lang='lat' dir='ltr'><strong>Cui</strong></span> <span class='ocrx_word' id='word_1_360' title='bbox 3459 2087 3554 2141; x_wconf 92' lang='lat' dir='ltr'><strong>per</strong></span> 
     </span>
    </p>
   </div>
   <div class='ocr_carea' id='block_1_48' title="bbox 1954 2161 3555 2235">
    <p class='ocr_par' dir='ltr' id='par_1_48' title="bbox 1954 2161 3555 2235">
     <span class='ocr_line' id='line_1_48' title="bbox 1954 2161 3555 2235; baseline -0.001 -19"><span class='ocrx_word' id='word_1_361' title='bbox 1954 2164 2277 2233; x_wconf 85' lang='lat' dir='ltr'><strong>prophetam</strong></span> <span class='ocrx_word' id='word_1_362' title='bbox 2303 2161 2502 2218; x_wconf 87' lang='lat' dir='ltr'><strong>dicitur</strong></span> <span class='ocrx_word' id='word_1_363' title='bbox 2531 2178 2545 2217; x_wconf 75' lang='grc' dir='ltr'>ε</span> <span class='ocrx_word' id='word_1_364' title='bbox 2582 2163 2755 2229; x_wconf 86' lang='lat' dir='ltr'><strong>Quare</strong></span> <span class='ocrx_word' id='word_1_365' title='bbox 2775 2179 2900 2235; x_wconf 89' lang='lat' dir='ltr'><strong>ergo</strong></span> <span class='ocrx_word' id='word_1_366' title='bbox 2936 2162 3147 2217; x_wconf 87' lang='lat' dir='ltr'><strong>rubrum</strong></span> <span class='ocrx_word' id='word_1_367' title='bbox 3173 2171 3251 2218; x_wconf 88' lang='lat' dir='ltr'><strong>est</strong></span> <span class='ocrx_word' id='word_1_368' title='bbox 3277 2162 3555 2216; x_wconf 78' lang='lat' dir='ltr'><strong>indumen-</strong></span> 
     </span>
    </p>
   </div>
   <div class='ocr_carea' id='block_1_49' title="bbox 1955 2254 3556 2327">
    <p class='ocr_par' dir='ltr' id='par_1_49' title="bbox 1955 2254 3556 2327">
     <span class='ocr_line' id='line_1_49' title="bbox 1955 2254 3556 2327; baseline 0 -18"><span class='ocrx_word' id='word_1_369' title='bbox 1955 2264 2061 2310; x_wconf 85' lang='lat' dir='ltr'><strong>tum</strong></span> <span class='ocrx_word' id='word_1_370' title='bbox 2089 2257 2268 2310; x_wconf 88' lang='lat' dir='ltr'><strong>tuum?</strong></span> <span class='ocrx_word' id='word_1_371' title='bbox 2301 2254 2457 2326; x_wconf 86' lang='lat' dir='ltr'><strong>(Isai.</strong></span> <span class='ocrx_word' id='word_1_372' title='bbox 2485 2271 2633 2323; x_wconf 82' lang='lat' dir='ltr'><strong>anr,</strong></span> <span class='ocrx_word' id='word_1_373' title='bbox 2662 2254 2744 2327; x_wconf 75' lang='grc'><strong>2.)</strong></span> <span class='ocrx_word' id='word_1_374' title='bbox 2774 2255 2987 2312; x_wconf 88' lang='lat' dir='ltr'><strong>Electus</strong></span> <span class='ocrx_word' id='word_1_375' title='bbox 3012 2272 3142 2313; x_wconf 87' lang='lat' dir='ltr'><strong>vero</strong></span> <span class='ocrx_word' id='word_1_376' title='bbox 3184 2263 3267 2313; x_wconf 88' lang='lat' dir='ltr'><strong>est</strong></span> <span class='ocrx_word' id='word_1_377' title='bbox 3301 2271 3369 2311; x_wconf 84' lang='lat' dir='ltr'><strong>ex</strong></span> <span class='ocrx_word' id='word_1_378' title='bbox 3392 2255 3556 2310; x_wconf 90' lang='lat' dir='ltr'><strong>milli-</strong></span> 
     </span>
    </p>
   </div>
   <div class='ocr_carea' id='block_1_50' title="bbox 1952 2346 3559 2416">
    <p class='ocr_par' dir='ltr' id='par_1_50' title="bbox 1952 2346 3559 2416">
     <span class='ocr_line' id='line_1_50' title="bbox 1952 2346 3559 2416; baseline 0.002 -14"><span class='ocrx_word' id='word_1_379' title='bbox 1952 2346 2072 2413; x_wconf 85' lang='lat' dir='ltr'><strong>bus,</strong></span> <span class='ocrx_word' id='word_1_380' title='bbox 2102 2346 2231 2416; x_wconf 92' lang='lat' dir='ltr'><strong>quia</strong></span> <span class='ocrx_word' id='word_1_381' title='bbox 2260 2362 2327 2402; x_wconf 84' lang='lat' dir='ltr'><strong>ex</strong></span> <span class='ocrx_word' id='word_1_382' title='bbox 2350 2347 2513 2403; x_wconf 92' lang='lat' dir='ltr'><strong>totius</strong></span> <span class='ocrx_word' id='word_1_383' title='bbox 2533 2347 2746 2416; x_wconf 78' lang='lat' dir='ltr'><strong>generis</strong></span> <span class='ocrx_word' id='word_1_384' title='bbox 2775 2347 2996 2403; x_wconf 90' lang='lat' dir='ltr'><strong>humani</strong></span> <span class='ocrx_word' id='word_1_385' title='bbox 3018 2363 3221 2415; x_wconf 89' lang='lat' dir='ltr'><strong>massa,</strong></span> <span class='ocrx_word' id='word_1_386' title='bbox 3242 2348 3420 2403; x_wconf 92' lang='lat' dir='ltr'><strong>nullus</strong></span> <span class='ocrx_word' id='word_1_387' title='bbox 3440 2348 3559 2405; x_wconf 82' lang='lat' dir='ltr'><strong>sine</strong></span> 
     </span>
    </p>
   </div>
   <div class='ocr_carea' id='block_1_51' title="bbox 1941 2439 3559 2521">
    <p class='ocr_par' dir='ltr' id='par_1_51' title="bbox 1941 2439 3559 2521">
     <span class='ocr_line' id='line_1_51' title="bbox 1941 2439 3559 2521; baseline 0 -26"><span class='ocrx_word' id='word_1_388' title='bbox 1941 2447 2181 2521; x_wconf 78' lang='lat' dir='ltr'><strong>peccato</strong></span> <span class='ocrx_word' id='word_1_389' title='bbox 2211 2439 2487 2509; x_wconf 90' lang='lat' dir='ltr'><strong>reperitur</strong></span> <span class='ocrx_word' id='word_1_390' title='bbox 2518 2456 2531 2493; x_wconf 92' lang='lat'>:</span> <span class='ocrx_word' id='word_1_391' title='bbox 2565 2439 2679 2509; x_wconf 90' lang='lat' dir='ltr'><strong>ipse</strong></span> <span class='ocrx_word' id='word_1_392' title='bbox 2702 2453 2834 2494; x_wconf 92' lang='lat' dir='ltr'><strong>vero</strong></span> <span class='ocrx_word' id='word_1_393' title='bbox 2857 2455 2965 2495; x_wconf 89' lang='lat' dir='ltr'><strong>non</strong></span> <span class='ocrx_word' id='word_1_394' title='bbox 2988 2439 3163 2494; x_wconf 91' lang='lat' dir='ltr'><strong>solum</strong></span> <span class='ocrx_word' id='word_1_395' title='bbox 3186 2439 3303 2495; x_wconf 91' lang='lat' dir='ltr'><strong>sine</strong></span> <span class='ocrx_word' id='word_1_396' title='bbox 3329 2445 3559 2509; x_wconf 88' lang='lat' dir='ltr'><strong>peccato</strong></span> 
     </span>
    </p>
   </div>
   <div class='ocr_carea' id='block_1_52' title="bbox 1955 2528 3561 2600">
    <p class='ocr_par' dir='ltr' id='par_1_52' title="bbox 1955 2528 3561 2600">
     <span class='ocr_line' id='line_1_52' title="bbox 1955 2528 3561 2600; baseline 0.002 -16"><span class='ocrx_word' id='word_1_397' title='bbox 1955 2528 2075 2596; x_wconf 85' lang='lat' dir='ltr'><strong>fuit,</strong></span> <span class='ocrx_word' id='word_1_398' title='bbox 2106 2530 2201 2585; x_wconf 89' lang='lat' dir='ltr'><strong>sed</strong></span> <span class='ocrx_word' id='word_1_399' title='bbox 2247 2529 2412 2585; x_wconf 89' lang='lat' dir='ltr'><strong>etiam</strong></span> <span class='ocrx_word' id='word_1_400' title='bbox 2452 2537 2771 2600; x_wconf 88' lang='lat' dir='ltr'><strong>peccatores</strong></span> <span class='ocrx_word' id='word_1_401' title='bbox 2818 2545 2915 2586; x_wconf 88' lang='lat' dir='ltr'><strong>sua</strong></span> <span class='ocrx_word' id='word_1_402' title='bbox 2952 2529 3155 2592; x_wconf 88' lang='lat' dir='ltr'><strong>iustitia</strong></span> <span class='ocrx_word' id='word_1_403' title='bbox 3205 2536 3262 2586; x_wconf 90' lang='lat' dir='ltr'><strong>et</strong></span> <span class='ocrx_word' id='word_1_404' title='bbox 3297 2530 3561 2599; x_wconf 82' lang='lat' dir='ltr'><strong>sanguine</strong></span> 
     </span>
    </p>
   </div>
   <div class='ocr_carea' id='block_1_53' title="bbox 1956 2619 2533 2690">
    <p class='ocr_par' dir='ltr' id='par_1_53' title="bbox 1956 2619 2533 2690">
     <span class='ocr_line' id='line_1_53' title="bbox 1956 2619 2533 2690; baseline -0.003 -14"><span class='ocrx_word' id='word_1_405' title='bbox 1956 2621 2206 2677; x_wconf 84' lang='lat' dir='ltr'><strong>redemit.</strong></span> <span class='ocrx_word' id='word_1_406' title='bbox 2233 2619 2491 2690; x_wconf 87' lang='lat' dir='ltr'><strong>Sequitur</strong></span> <span class='ocrx_word' id='word_1_407' title='bbox 2522 2639 2533 2673; x_wconf 87' lang='lat'>:</span> 
     </span>
    </p>
   </div>
   <div class='ocr_carea' id='block_1_54' title="bbox 2030 2713 3561 2787">
    <p class='ocr_par' dir='ltr' id='par_1_54' title="bbox 2030 2713 3561 2787">
     <span class='ocr_line' id='line_1_54' title="bbox 2030 2713 3561 2787; baseline -0.001 -17"><span class='ocrx_word' id='word_1_408' title='bbox 2030 2714 2206 2787; x_wconf 84' lang='lat' dir='ltr'><strong>(Vers.</strong></span> <span class='ocrx_word' id='word_1_409' title='bbox 2242 2714 2301 2769; x_wconf 78' lang='lat' dir='ltr'><strong>ll</strong></span> <span class='ocrx_word' id='word_1_410' title='bbox 2319 2714 2359 2784; x_wconf 94' lang='lat'><strong>.)</strong></span> <span class='ocrx_word' id='word_1_411' title='bbox 2399 2713 2566 2784; x_wconf 86' lang='lat' dir='ltr'><strong>Caput</strong></span> <span class='ocrx_word' id='word_1_412' title='bbox 2592 2715 2702 2785; x_wconf 85' lang='lat' dir='ltr'><strong>ejus</strong></span> <span class='ocrx_word' id='word_1_413' title='bbox 2726 2730 2908 2768; x_wconf 85' lang='lat' dir='ltr'><strong>aurum</strong></span> <span class='ocrx_word' id='word_1_414' title='bbox 2930 2716 3182 2781; x_wconf 85' lang='lat' dir='ltr'><strong>optimum</strong></span> <span class='ocrx_word' id='word_1_415' title='bbox 3210 2729 3232 2770; x_wconf 90' lang='lat'><strong><em>:</em></strong></span> <span class='ocrx_word' id='word_1_416' title='bbox 3258 2729 3419 2771; x_wconf 85' lang='lat' dir='ltr'><strong>comm</strong></span> <span class='ocrx_word' id='word_1_417' title='bbox 3445 2715 3561 2784; x_wconf 82' lang='lat' dir='ltr'><strong>ejus</strong></span> 
     </span>
    </p>
   </div>
   <div class='ocr_carea' id='block_1_55' title="bbox 1956 2806 3201 2877">
    <p class='ocr_par' dir='ltr' id='par_1_55' title="bbox 1956 2806 3201 2877">
     <span class='ocr_line' id='line_1_55' title="bbox 1956 2806 3201 2877; baseline 0 -16"><span class='ocrx_word' id='word_1_418' title='bbox 1956 2806 2090 2861; x_wconf 80' lang='lat' dir='ltr'><strong>sicut</strong></span> <span class='ocrx_word' id='word_1_419' title='bbox 2118 2807 2270 2861; x_wconf 66' lang='lat' dir='ltr'><strong>elata!</strong></span> <span class='ocrx_word' id='word_1_420' title='bbox 2296 2806 2613 2876; x_wconf 88' lang='lat' dir='ltr'><strong>palmarum,</strong></span> <span class='ocrx_word' id='word_1_421' title='bbox 2645 2807 2812 2877; x_wconf 89' lang='lat' dir='ltr'><strong>nigrm</strong></span> <span class='ocrx_word' id='word_1_422' title='bbox 2839 2807 2971 2859; x_wconf 87' lang='lat' dir='ltr'><strong>sicut</strong></span> <span class='ocrx_word' id='word_1_423' title='bbox 2999 2823 3201 2862; x_wconf 85' lang='lat' dir='ltr'><strong>corvus.</strong></span> 
     </span>
    </p>
   </div>
   <div class='ocr_carea' id='block_1_56' title="bbox 2032 2895 3562 2970">
    <p class='ocr_par' dir='ltr' id='par_1_56' title="bbox 2032 2895 3562 2970">
     <span class='ocr_line' id='line_1_56' title="bbox 2032 2895 3562 2970; baseline 0.002 -19"><span class='ocrx_word' id='word_1_424' title='bbox 2032 2897 2123 2954; x_wconf 80' lang='grc'><strong>16.</strong></span> <span class='ocrx_word' id='word_1_425' title='bbox 2164 2895 2341 2968; x_wconf 90' lang='lat' dir='ltr'><strong>Caput</strong></span> <span class='ocrx_word' id='word_1_426' title='bbox 2383 2895 2581 2952; x_wconf 91' lang='lat' dir='ltr'><strong>Christi</strong></span> <span class='ocrx_word' id='word_1_427' title='bbox 2619 2896 2785 2953; x_wconf 93' lang='lat' dir='ltr'><strong>Deus.</strong></span> <span class='ocrx_word' id='word_1_428' title='bbox 2815 2896 2970 2965; x_wconf 88' lang='lat' dir='ltr'><strong>Quod</strong></span> <span class='ocrx_word' id='word_1_429' title='bbox 3007 2907 3170 2970; x_wconf 90' lang='lat' dir='ltr'><strong>caput</strong></span> <span class='ocrx_word' id='word_1_430' title='bbox 3195 2898 3335 2954; x_wconf 88' lang='lat' dir='ltr'><strong>bene</strong></span> <span class='ocrx_word' id='word_1_431' title='bbox 3369 2912 3562 2962; x_wconf 84' lang='lat' dir='ltr'><strong>aurum</strong></span> 
     </span>
    </p>
   </div>
   <div class='ocr_carea' id='block_1_57' title="bbox 1960 2991 3562 3063">
    <p class='ocr_par' dir='ltr' id='par_1_57' title="bbox 1960 2991 3562 3063">
     <span class='ocr_line' id='line_1_57' title="bbox 1960 2991 3562 3063; baseline 0 -15"><span class='ocrx_word' id='word_1_432' title='bbox 1960 2991 2187 3059; x_wconf 86' lang='lat' dir='ltr'><strong>dicitur;</strong></span> <span class='ocrx_word' id='word_1_433' title='bbox 2229 2992 2356 3061; x_wconf 91' lang='lat' dir='ltr'><strong>quia</strong></span> <span class='ocrx_word' id='word_1_434' title='bbox 2410 2991 2478 3046; x_wconf 92' lang='lat' dir='ltr'><strong>ad</strong></span> <span class='ocrx_word' id='word_1_435' title='bbox 2542 2993 3001 3063; x_wconf 90' lang='lat' dir='ltr'><strong>comparationem</strong></span> <span class='ocrx_word' id='word_1_436' title='bbox 3052 2992 3329 3048; x_wconf 88' lang='lat' dir='ltr'><strong>Creatoris</strong></span> <span class='ocrx_word' id='word_1_437' title='bbox 3383 2991 3562 3048; x_wconf 86' lang='lat' dir='ltr'><strong>omnis</strong></span> 
     </span>
    </p>
   </div>
   <div class='ocr_carea' id='block_1_58' title="bbox 1961 3082 3564 3155">
    <p class='ocr_par' dir='ltr' id='par_1_58' title="bbox 1961 3082 3564 3155">
     <span class='ocr_line' id='line_1_58' title="bbox 1961 3082 3564 3155; baseline 0 -16"><span class='ocrx_word' id='word_1_438' title='bbox 1961 3093 2210 3140; x_wconf 87' lang='lat' dir='ltr'><strong>creatura</strong></span> <span class='ocrx_word' id='word_1_439' title='bbox 2237 3098 2324 3140; x_wconf 86' lang='lat' dir='ltr'><strong>res</strong></span> <span class='ocrx_word' id='word_1_440' title='bbox 2354 3083 2611 3141; x_wconf 86' lang='lat' dir='ltr'><strong>vilissima</strong></span> <span class='ocrx_word' id='word_1_441' title='bbox 2641 3082 2993 3155; x_wconf 89' lang='lat' dir='ltr'><strong>perpenditur</strong></span> <span class='ocrx_word' id='word_1_442' title='bbox 3022 3084 3076 3155; x_wconf 91' lang='grc' dir='ltr'><strong>(Ι</strong></span> <span class='ocrx_word' id='word_1_443' title='bbox 3108 3083 3228 3139; x_wconf 83' lang='lat' dir='ltr'><strong>Cor.</strong></span> <span class='ocrx_word' id='word_1_444' title='bbox 3257 3084 3356 3155; x_wconf 73' lang='grc' dir='ltr'><strong>ιι).</strong></span> <span class='ocrx_word' id='word_1_445' title='bbox 3388 3082 3564 3139; x_wconf 84' lang='lat' dir='ltr'><strong>Comm</strong></span> 
     </span>
    </p>
   </div>
   <div class='ocr_carea' id='block_1_59' title="bbox 1961 3174 3564 3248">
    <p class='ocr_par' dir='ltr' id='par_1_59' title="bbox 1961 3174 3564 3248">
     <span class='ocr_line' id='line_1_59' title="bbox 1961 3174 3564 3248; baseline 0.001 -17"><span class='ocrx_word' id='word_1_446' title='bbox 1961 3176 2072 3248; x_wconf 83' lang='lat' dir='ltr'><strong>ejus</strong></span> <span class='ocrx_word' id='word_1_447' title='bbox 2113 3178 2246 3230; x_wconf 84' lang='lat' dir='ltr'><strong>sicut</strong></span> <span class='ocrx_word' id='word_1_448' title='bbox 2284 3176 2438 3232; x_wconf 87' lang='lat' dir='ltr'><strong>elatm</strong></span> <span class='ocrx_word' id='word_1_449' title='bbox 2465 3177 2792 3245; x_wconf 88' lang='lat' dir='ltr'><strong>palmarum,</strong></span> <span class='ocrx_word' id='word_1_450' title='bbox 2833 3177 2997 3247; x_wconf 88' lang='lat' dir='ltr'><strong>nigrm</strong></span> <span class='ocrx_word' id='word_1_451' title='bbox 3025 3177 3158 3230; x_wconf 88' lang='lat' dir='ltr'><strong>sicut</strong></span> <span class='ocrx_word' id='word_1_452' title='bbox 3188 3192 3388 3231; x_wconf 85' lang='lat' dir='ltr'><strong>coruus.</strong></span> <span class='ocrx_word' id='word_1_453' title='bbox 3421 3174 3564 3242; x_wconf 88' lang='lat' dir='ltr'><strong>Quid</strong></span> 
     </span>
    </p>
   </div>
   <div class='ocr_carea' id='block_1_60' title="bbox 249 3266 1854 3357">
    <p class='ocr_par' dir='ltr' id='par_1_60' title="bbox 249 3266 1854 3357">
     <span class='ocr_line' id='line_1_60' title="bbox 249 3266 1854 3357; baseline 0.002 -21"><span class='ocrx_word' id='word_1_454' title='bbox 249 3279 506 3337; x_wconf 88' lang='lat' dir='ltr'><strong>intendit.</strong></span> <span class='ocrx_word' id='word_1_455' title='bbox 535 3281 592 3337; x_wconf 88' lang='lat' dir='ltr'><strong>In</strong></span> <span class='ocrx_word' id='word_1_456' title='bbox 615 3284 809 3353; x_wconf 90' lang='lat' dir='ltr'><strong>quibus</strong></span> <span class='ocrx_word' id='word_1_457' title='bbox 834 3286 962 3357; x_wconf 90' lang='lat' dir='ltr'><strong>quid</strong></span> <span class='ocrx_word' id='word_1_458' title='bbox 989 3266 1395 3343; x_wconf 76' lang='lat' dir='ltr'><strong>exercitationis</strong></span> <span class='ocrx_word' id='word_1_459' title='bbox 1425 3285 1694 3351; x_wconf 88' lang='lat' dir='ltr'><strong>inveniat,</strong></span> <span class='ocrx_word' id='word_1_460' title='bbox 1722 3284 1854 3340; x_wconf 89' lang='lat' dir='ltr'><strong>sub-</strong></span> 
     </span>
    </p>
   </div>
   <div class='ocr_carea' id='block_1_61' title="bbox 1974 3266 3563 3357">
    <p class='ocr_par' dir='ltr' id='par_1_61' title="bbox 1974 3266 3563 3338">
     <span class='ocr_line' id='line_1_61' title="bbox 1974 3266 3563 3338; baseline -0.001 -15"><span class='ocrx_word' id='word_1_461' title='bbox 1974 3284 2062 3338; x_wconf 86' lang='lat' dir='ltr'><strong>per</strong></span> <span class='ocrx_word' id='word_1_462' title='bbox 2086 3284 2272 3324; x_wconf 90' lang='lat' dir='ltr'><strong>comas</strong></span> <span class='ocrx_word' id='word_1_463' title='bbox 2300 3268 2521 3335; x_wconf 89' lang='lat' dir='ltr'><strong>Christi,</strong></span> <span class='ocrx_word' id='word_1_464' title='bbox 2552 3269 2656 3323; x_wconf 91' lang='lat' dir='ltr'><strong>nisi</strong></span> <span class='ocrx_word' id='word_1_465' title='bbox 2677 3266 2862 3322; x_wconf 84' lang='lat' dir='ltr'><strong>ﬁdeles</strong></span> <span class='ocrx_word' id='word_1_466' title='bbox 2891 3282 3138 3337; x_wconf 89' lang='lat' dir='ltr'><strong>quosque</strong></span> <span class='ocrx_word' id='word_1_467' title='bbox 3166 3268 3515 3337; x_wconf 79' lang='lat' dir='ltr'><strong>intelligimus</strong></span> <span class='ocrx_word' id='word_1_468' title='bbox 3535 3266 3563 3322; x_wconf 61' lang='grc' dir='ltr'>ἓ</span> 
     </span>
    </p>
   </div>
   <div class='ocr_carea' id='block_1_62' title="bbox 242 3372 1856 3447">
    <p class='ocr_par' dir='ltr' id='par_1_62' title="bbox 242 3372 1856 3447">
     <span class='ocr_line' id='line_1_62' title="bbox 242 3372 1856 3447; baseline 0.001 -18"><span class='ocrx_word' id='word_1_469' title='bbox 242 3372 470 3446; x_wconf 86' lang='lat' dir='ltr'><strong>jungit:</strong></span> <span class='ocrx_word' id='word_1_470' title='bbox 498 3374 875 3434; x_wconf 82' lang='lat' dir='ltr'><strong>Percusserunt</strong></span> <span class='ocrx_word' id='word_1_471' title='bbox 913 3398 1024 3447; x_wconf 88' lang='lat' dir='ltr'><strong>me,</strong></span> <span class='ocrx_word' id='word_1_472' title='bbox 1057 3390 1106 3436; x_wconf 90' lang='lat' dir='ltr'><strong>et</strong></span> <span class='ocrx_word' id='word_1_473' title='bbox 1131 3382 1522 3434; x_wconf 83' lang='lat' dir='ltr'><strong>vulneraverunt</strong></span> <span class='ocrx_word' id='word_1_474' title='bbox 1556 3396 1637 3434; x_wconf 85' lang='lat' dir='ltr'><strong>me</strong></span> <span class='ocrx_word' id='word_1_475' title='bbox 1669 3397 1686 3433; x_wconf 92' lang='lat'><em>:</em></span> <span class='ocrx_word' id='word_1_476' title='bbox 1719 3380 1856 3432; x_wconf 85' lang='lat' dir='ltr'><strong>tule—</strong></span> 
     </span>
    </p>
   </div>
   <div class='ocr_carea' id='block_1_63' title="bbox 246 3468 1855 3538">
    <p class='ocr_par' dir='ltr' id='par_1_63' title="bbox 246 3468 1855 3538">
     <span class='ocr_line' id='line_1_63' title="bbox 246 3468 1855 3538; baseline 0.003 -19"><span class='ocrx_word' id='word_1_477' title='bbox 246 3474 380 3520; x_wconf 86' lang='lat' dir='ltr'><strong>runt</strong></span> <span class='ocrx_word' id='word_1_478' title='bbox 404 3468 623 3537; x_wconf 88' lang='lat' dir='ltr'><strong>pallium</strong></span> <span class='ocrx_word' id='word_1_479' title='bbox 650 3486 819 3525; x_wconf 88' lang='lat' dir='ltr'><strong>meum</strong></span> <span class='ocrx_word' id='word_1_480' title='bbox 847 3472 1083 3525; x_wconf 83' lang='lat' dir='ltr'><strong>custodes</strong></span> <span class='ocrx_word' id='word_1_481' title='bbox 1118 3486 1404 3526; x_wconf 86' lang='lat' dir='ltr'><strong>murorum.</strong></span> <span class='ocrx_word' id='word_1_482' title='bbox 1436 3468 1700 3525; x_wconf 84' lang='lat' dir='ltr'><strong>Custodes</strong></span> <span class='ocrx_word' id='word_1_483' title='bbox 1727 3484 1855 3538; x_wconf 82' lang='lat' dir='ltr'><strong>per—</strong></span> 
     </span>
    </p>
   </div>
   <div class='ocr_carea' id='block_1_64' title="bbox 245 3561 1861 3633">
    <p class='ocr_par' dir='ltr' id='par_1_64' title="bbox 245 3561 1861 3633">
     <span class='ocr_line' id='line_1_64' title="bbox 245 3561 1861 3633; baseline 0.003 -17"><span class='ocrx_word' id='word_1_484' title='bbox 245 3561 473 3616; x_wconf 90' lang='lat' dir='ltr'><strong>cutiunt</strong></span> <span class='ocrx_word' id='word_1_485' title='bbox 528 3578 781 3632; x_wconf 88' lang='lat' dir='ltr'><strong>sponsam</strong></span> <span class='ocrx_word' id='word_1_486' title='bbox 828 3573 883 3619; x_wconf 90' lang='lat' dir='ltr'><strong>et</strong></span> <span class='ocrx_word' id='word_1_487' title='bbox 928 3564 1253 3631; x_wconf 86' lang='lat' dir='ltr'><strong>vulnerant;</strong></span> <span class='ocrx_word' id='word_1_488' title='bbox 1302 3564 1427 3633; x_wconf 92' lang='lat' dir='ltr'><strong>quia</strong></span> <span class='ocrx_word' id='word_1_489' title='bbox 1478 3563 1861 3633; x_wconf 87' lang='lat' dir='ltr'><strong>praedicatores</strong></span> 
     </span>
    </p>
   </div>
   <div class='ocr_carea' id='block_1_65' title="bbox 247 3651 1860 3725">
    <p class='ocr_par' dir='ltr' id='par_1_65' title="bbox 247 3651 1860 3725">
     <span class='ocr_line' id='line_1_65' title="bbox 247 3651 1860 3725; baseline 0 -17"><span class='ocrx_word' id='word_1_490' title='bbox 247 3651 437 3708; x_wconf 82' lang='lat' dir='ltr'><strong>sancti</strong></span> <span class='ocrx_word' id='word_1_491' title='bbox 481 3652 610 3707; x_wconf 91' lang='lat' dir='ltr'><strong>dum</strong></span> <span class='ocrx_word' id='word_1_492' title='bbox 650 3652 890 3710; x_wconf 76' lang='lat' dir='ltr'><strong>cmlestia</strong></span> <span class='ocrx_word' id='word_1_493' title='bbox 936 3655 1257 3725; x_wconf 88' lang='lat' dir='ltr'><strong>loquuntur,</strong></span> <span class='ocrx_word' id='word_1_494' title='bbox 1311 3664 1583 3709; x_wconf 88' lang='lat' dir='ltr'><strong>amantem</strong></span> <span class='ocrx_word' id='word_1_495' title='bbox 1621 3653 1860 3709; x_wconf 90' lang='lat' dir='ltr'><strong>animam</strong></span> 
     </span>
    </p>
   </div>
   <div class='ocr_carea' id='block_1_66' title="bbox 243 3741 1857 3818">
    <p class='ocr_par' dir='ltr' id='par_1_66' title="bbox 243 3741 1857 3818">
     <span class='ocr_line' id='line_1_66' title="bbox 243 3741 1857 3818; baseline -0.001 -18"><span class='ocrx_word' id='word_1_496' title='bbox 243 3741 525 3810; x_wconf 82' lang='lat' dir='ltr'><strong>afﬁciunt,</strong></span> <span class='ocrx_word' id='word_1_497' title='bbox 558 3753 615 3800; x_wconf 91' lang='lat' dir='ltr'><strong>et</strong></span> <span class='ocrx_word' id='word_1_498' title='bbox 640 3744 834 3815; x_wconf 89' lang='lat' dir='ltr'><strong>majori</strong></span> <span class='ocrx_word' id='word_1_499' title='bbox 864 3761 1053 3803; x_wconf 90' lang='lat' dir='ltr'><strong>amore</strong></span> <span class='ocrx_word' id='word_1_500' title='bbox 1073 3745 1611 3818; x_wconf 43' lang='lat' dir='ltr'><strong>sagittant.&#39;Pallium</strong></span> <span class='ocrx_word' id='word_1_501' title='bbox 1640 3745 1857 3811; x_wconf 89' lang='lat' dir='ltr'><strong>tollunt;</strong></span> 
     </span>
    </p>
   </div>
   <div class='ocr_carea' id='block_1_67' title="bbox 246 3837 1855 3910">
    <p class='ocr_par' dir='ltr' id='par_1_67' title="bbox 246 3837 1855 3910">
     <span class='ocr_line' id='line_1_67' title="bbox 246 3837 1855 3910; baseline 0.001 -17"><span class='ocrx_word' id='word_1_502' title='bbox 246 3839 385 3910; x_wconf 89' lang='lat' dir='ltr'><strong>quia</strong></span> <span class='ocrx_word' id='word_1_503' title='bbox 411 3838 455 3893; x_wconf 89' lang='lat' dir='ltr'><strong>si</strong></span> <span class='ocrx_word' id='word_1_504' title='bbox 480 3837 613 3907; x_wconf 87' lang='lat' dir='ltr'><strong>quid</strong></span> <span class='ocrx_word' id='word_1_505' title='bbox 639 3855 850 3910; x_wconf 86' lang='lat' dir='ltr'><strong>pompae</strong></span> <span class='ocrx_word' id='word_1_506' title='bbox 873 3841 1147 3898; x_wconf 89' lang='lat' dir='ltr'><strong>saecularis</strong></span> <span class='ocrx_word' id='word_1_507' title='bbox 1171 3841 1444 3897; x_wconf 88' lang='lat' dir='ltr'><strong>residuum</strong></span> <span class='ocrx_word' id='word_1_508' title='bbox 1466 3840 1646 3910; x_wconf 56' lang='lat' dir='ltr'><strong>eratiin</strong></span> <span class='ocrx_word' id='word_1_509' title='bbox 1671 3838 1855 3905; x_wconf 88' lang='lat' dir='ltr'><strong>corde,</strong></span> 
     </span>
    </p>
   </div>
   <div class='ocr_carea' id='block_1_68' title="bbox 246 3928 1859 3989">
    <p class='ocr_par' dir='ltr' id='par_1_68' title="bbox 246 3928 1859 3989">
     <span class='ocr_line' id='line_1_68' title="bbox 246 3928 1859 3989; baseline -0.001 -4"><span class='ocrx_word' id='word_1_510' title='bbox 246 3928 732 3985; x_wconf 80' lang='lat' dir='ltr'><strong>exhortationibus</strong></span> <span class='ocrx_word' id='word_1_511' title='bbox 760 3932 874 3989; x_wconf 86' lang='lat' dir='ltr'><strong>suis</strong></span> <span class='ocrx_word' id='word_1_512' title='bbox 898 3931 967 3986; x_wconf 90' lang='lat' dir='ltr'><strong>ab</strong></span> <span class='ocrx_word' id='word_1_513' title='bbox 994 3932 1175 3987; x_wconf 88' lang='lat' dir='ltr'><strong>animo</strong></span> <span class='ocrx_word' id='word_1_514' title='bbox 1198 3930 1466 3987; x_wconf 81' lang='lat' dir='ltr'><strong>auferunt.</strong></span> <span class='ocrx_word' id='word_1_515' title='bbox 1498 3929 1726 3985; x_wconf 88' lang='lat' dir='ltr'><strong>Pallium</strong></span> <span class='ocrx_word' id='word_1_516' title='bbox 1755 3929 1859 3984; x_wconf 91' lang='lat' dir='ltr'><strong>tol-</strong></span> 
     </span>
    </p>
   </div>
   <div class='ocr_carea' id='block_1_69' title="bbox 245 4021 1860 4097">
    <p class='ocr_par' dir='ltr' id='par_1_69' title="bbox 245 4021 1860 4097">
     <span class='ocr_line' id='line_1_69' title="bbox 245 4021 1860 4097; baseline 0.001 -17"><span class='ocrx_word' id='word_1_517' title='bbox 245 4021 412 4089; x_wconf 85' lang='lat' dir='ltr'><strong>lunt;</strong></span> <span class='ocrx_word' id='word_1_518' title='bbox 439 4024 563 4092; x_wconf 90' lang='lat' dir='ltr'><strong>quia</strong></span> <span class='ocrx_word' id='word_1_519' title='bbox 604 4025 897 4094; x_wconf 89' lang='lat' dir='ltr'><strong>aliquando</strong></span> <span class='ocrx_word' id='word_1_520' title='bbox 928 4036 1054 4082; x_wconf 87' lang='lat' dir='ltr'><strong>ante</strong></span> <span class='ocrx_word' id='word_1_521' title='bbox 1100 4027 1261 4083; x_wconf 88' lang='lat' dir='ltr'><strong>verba</strong></span> <span class='ocrx_word' id='word_1_522' title='bbox 1299 4026 1715 4097; x_wconf 63' lang='lat' dir='ltr'><strong>praedicatorum</strong></span> <span class='ocrx_word' id='word_1_523' title='bbox 1760 4040 1860 4081; x_wconf 88' lang='lat' dir='ltr'><strong>nos</strong></span> 
     </span>
    </p>
   </div>
   <div class='ocr_carea' id='block_1_70' title="bbox 245 4115 1856 4188">
    <p class='ocr_par' dir='ltr' id='par_1_70' title="bbox 245 4115 1856 4188">
     <span class='ocr_line' id='line_1_70' title="bbox 245 4115 1856 4188; baseline -0.001 -18"><span class='ocrx_word' id='word_1_524' title='bbox 245 4129 375 4170; x_wconf 88' lang='lat' dir='ltr'><strong>non</strong></span> <span class='ocrx_word' id='word_1_525' title='bbox 404 4116 882 4183; x_wconf 82' lang='lat' dir='ltr'><strong>cognoscebamus,</strong></span> <span class='ocrx_word' id='word_1_526' title='bbox 915 4117 1129 4188; x_wconf 89' lang='lat' dir='ltr'><strong>ipsique</strong></span> <span class='ocrx_word' id='word_1_527' title='bbox 1158 4131 1320 4173; x_wconf 87' lang='lat' dir='ltr'><strong>omne</strong></span> <span class='ocrx_word' id='word_1_528' title='bbox 1348 4117 1493 4186; x_wconf 87' lang='lat' dir='ltr'><strong>quod</strong></span> <span class='ocrx_word' id='word_1_529' title='bbox 1524 4116 1751 4172; x_wconf 90' lang='lat' dir='ltr'><strong>interius</strong></span> <span class='ocrx_word' id='word_1_530' title='bbox 1775 4115 1856 4169; x_wconf 90' lang='lat' dir='ltr'><strong>la-</strong></span> 
     </span>
    </p>
   </div>
   <div class='ocr_carea' id='block_1_71' title="bbox 250 4206 1861 4280">
    <p class='ocr_par' dir='ltr' id='par_1_71' title="bbox 250 4206 1861 4280">
     <span class='ocr_line' id='line_1_71' title="bbox 250 4206 1861 4280; baseline 0.001 -19"><span class='ocrx_word' id='word_1_531' title='bbox 250 4206 415 4261; x_wconf 80' lang='lat' dir='ltr'><strong>tebat</strong></span> <span class='ocrx_word' id='word_1_532' title='bbox 434 4206 559 4261; x_wconf 92' lang='lat' dir='ltr'><strong>dum</strong></span> <span class='ocrx_word' id='word_1_533' title='bbox 580 4208 894 4280; x_wconf 89' lang='lat' dir='ltr'><strong>loquuntur,</strong></span> <span class='ocrx_word' id='word_1_534' title='bbox 916 4210 1191 4280; x_wconf 90' lang='lat' dir='ltr'><strong>detegunt.</strong></span> <span class='ocrx_word' id='word_1_535' title='bbox 1216 4208 1370 4277; x_wconf 92' lang='lat' dir='ltr'><strong>Quod</strong></span> <span class='ocrx_word' id='word_1_536' title='bbox 1389 4208 1515 4264; x_wconf 92' lang='lat' dir='ltr'><strong>dum</strong></span> <span class='ocrx_word' id='word_1_537' title='bbox 1529 4208 1607 4275; x_wconf 86' lang='lat' dir='ltr'><strong>iit,</strong></span> <span class='ocrx_word' id='word_1_538' title='bbox 1631 4207 1861 4278; x_wconf 88' lang='lat' dir='ltr'><strong>amplius</strong></span> 
     </span>
    </p>
   </div>
   <div class='ocr_carea' id='block_1_72' title="bbox 250 4296 1857 4372">
    <p class='ocr_par' dir='ltr' id='par_1_72' title="bbox 250 4296 1857 4372">
     <span class='ocr_line' id='line_1_72' title="bbox 250 4296 1857 4372; baseline 0.001 -20"><span class='ocrx_word' id='word_1_539' title='bbox 250 4296 517 4365; x_wconf 76' lang='lat' dir='ltr'><strong>diligendi</strong></span> <span class='ocrx_word' id='word_1_540' title='bbox 544 4307 670 4355; x_wconf 91' lang='lat' dir='ltr'><strong>sunt</strong></span> <span class='ocrx_word' id='word_1_541' title='bbox 702 4318 715 4353; x_wconf 88' lang='lat'><strong>:</strong></span> <span class='ocrx_word' id='word_1_542' title='bbox 748 4309 803 4355; x_wconf 87' lang='lat' dir='ltr'><strong>et</strong></span> <span class='ocrx_word' id='word_1_543' title='bbox 841 4312 900 4355; x_wconf 88' lang='lat' dir='ltr'><strong>ut</strong></span> <span class='ocrx_word' id='word_1_544' title='bbox 944 4317 1044 4372; x_wconf 90' lang='lat' dir='ltr'><strong>pro</strong></span> <span class='ocrx_word' id='word_1_545' title='bbox 1091 4302 1246 4357; x_wconf 89' lang='lat' dir='ltr'><strong>nobis</strong></span> <span class='ocrx_word' id='word_1_546' title='bbox 1293 4302 1493 4357; x_wconf 89' lang='lat' dir='ltr'><strong>dilecto</strong></span> <span class='ocrx_word' id='word_1_547' title='bbox 1540 4301 1857 4370; x_wconf 90' lang='lat' dir='ltr'><strong>loquantur,</strong></span> 
     </span>
    </p>
   </div>
   <div class='ocr_carea' id='block_1_73' title="bbox 251 4387 1858 4463">
    <p class='ocr_par' dir='ltr' id='par_1_73' title="bbox 251 4387 1858 4463">
     <span class='ocr_line' id='line_1_73' title="bbox 251 4387 1858 4463; baseline 0 -19"><span class='ocrx_word' id='word_1_548' title='bbox 251 4387 511 4445; x_wconf 82' lang='lat' dir='ltr'><strong>devotius</strong></span> <span class='ocrx_word' id='word_1_549' title='bbox 539 4391 818 4447; x_wconf 88' lang='lat' dir='ltr'><strong>exorandi.</strong></span> <span class='ocrx_word' id='word_1_550' title='bbox 850 4391 1005 4458; x_wconf 90' lang='lat' dir='ltr'><strong>Quod</strong></span> <span class='ocrx_word' id='word_1_551' title='bbox 1030 4392 1142 4463; x_wconf 89' lang='lat' dir='ltr'><strong>agit</strong></span> <span class='ocrx_word' id='word_1_552' title='bbox 1179 4407 1380 4463; x_wconf 89' lang='lat' dir='ltr'><strong>sponsa</strong></span> <span class='ocrx_word' id='word_1_553' title='bbox 1408 4390 1535 4446; x_wconf 91' lang='lat' dir='ltr'><strong>dum</strong></span> <span class='ocrx_word' id='word_1_554' title='bbox 1558 4391 1858 4460; x_wconf 88' lang='lat' dir='ltr'><strong>subjungit:</strong></span> 
     </span>
    </p>
   </div>
   <div class='ocr_carea' id='block_1_74' title="bbox 334 4484 1859 4559">
    <p class='ocr_par' dir='ltr' id='par_1_74' title="bbox 334 4484 1859 4559">
     <span class='ocr_line' id='line_1_74' title="bbox 334 4484 1859 4559; baseline 0.003 -20"><span class='ocrx_word' id='word_1_555' title='bbox 334 4484 496 4557; x_wconf 81' lang='lat' dir='ltr'><strong>(Vers</strong></span> <span class='ocrx_word' id='word_1_556' title='bbox 523 4485 603 4555; x_wconf 90' lang='lat'><strong>8.)</strong></span> <span class='ocrx_word' id='word_1_557' title='bbox 640 4487 842 4559; x_wconf 77' lang='lat' dir='ltr'><strong>Adjuro</strong></span> <span class='ocrx_word' id='word_1_558' title='bbox 863 4505 973 4555; x_wconf 84' lang='lat' dir='ltr'><strong>vos,</strong></span> <span class='ocrx_word' id='word_1_559' title='bbox 1008 4490 1133 4557; x_wconf 85' lang='lat' dir='ltr'><strong>ﬁlim</strong></span> <span class='ocrx_word' id='word_1_560' title='bbox 1162 4489 1471 4556; x_wconf 87' lang='lat' dir='ltr'><strong>Jerusalem,</strong></span> <span class='ocrx_word' id='word_1_561' title='bbox 1495 4490 1541 4544; x_wconf 88' lang='lat' dir='ltr'><strong>si</strong></span> <span class='ocrx_word' id='word_1_562' title='bbox 1564 4489 1859 4544; x_wconf 84' lang='lat' dir='ltr'><strong>inveneritis</strong></span> 
     </span>
    </p>
   </div>
   <div class='ocr_carea' id='block_1_75' title="bbox 251 4578 1765 4654">
    <p class='ocr_par' dir='ltr' id='par_1_75' title="bbox 251 4578 1765 4654">
     <span class='ocr_line' id='line_1_75' title="bbox 251 4578 1765 4654; baseline 0.002 -22"><span class='ocrx_word' id='word_1_563' title='bbox 251 4578 503 4634; x_wconf 79' lang='lat' dir='ltr'><strong>dilectum</strong></span> <span class='ocrx_word' id='word_1_564' title='bbox 527 4596 716 4649; x_wconf 85' lang='lat' dir='ltr'><strong>meum,</strong></span> <span class='ocrx_word' id='word_1_565' title='bbox 741 4590 798 4634; x_wconf 87' lang='lat' dir='ltr'><strong>ut</strong></span> <span class='ocrx_word' id='word_1_566' title='bbox 827 4582 1071 4636; x_wconf 88' lang='lat' dir='ltr'><strong>nuntietis</strong></span> <span class='ocrx_word' id='word_1_567' title='bbox 1099 4584 1147 4637; x_wconf 88' lang='lat' dir='ltr'><strong>ei</strong></span> <span class='ocrx_word' id='word_1_568' title='bbox 1176 4584 1295 4651; x_wconf 88' lang='lat' dir='ltr'><strong>quia</strong></span> <span class='ocrx_word' id='word_1_569' title='bbox 1322 4599 1497 4638; x_wconf 90' lang='lat' dir='ltr'><strong>amore</strong></span> <span class='ocrx_word' id='word_1_570' title='bbox 1526 4583 1765 4654; x_wconf 83' lang='lat' dir='ltr'><strong>langueo.</strong></span> 
     </span>
    </p>
   </div>
   <div class='ocr_carea' id='block_1_76' title="bbox 1962 3355 3565 3425">
    <p class='ocr_par' dir='ltr' id='par_1_76' title="bbox 1962 3355 3565 3425">
     <span class='ocr_line' id='line_1_76' title="bbox 1962 3355 3565 3425; baseline -0.002 -12"><span class='ocrx_word' id='word_1_571' title='bbox 1962 3357 2065 3425; x_wconf 87' lang='lat' dir='ltr'><strong>Qui</strong></span> <span class='ocrx_word' id='word_1_572' title='bbox 2090 3360 2216 3411; x_wconf 90' lang='lat' dir='ltr'><strong>dum</strong></span> <span class='ocrx_word' id='word_1_573' title='bbox 2246 3357 2404 3414; x_wconf 81' lang='lat' dir='ltr'><strong>fidem</strong></span> <span class='ocrx_word' id='word_1_574' title='bbox 2432 3356 2713 3412; x_wconf 88' lang='lat' dir='ltr'><strong>Trinitatis</strong></span> <span class='ocrx_word' id='word_1_575' title='bbox 2739 3355 2795 3412; x_wconf 92' lang='lat' dir='ltr'><strong>in</strong></span> <span class='ocrx_word' id='word_1_576' title='bbox 2815 3364 2997 3411; x_wconf 84' lang='lat' dir='ltr'><strong>mente</strong></span> <span class='ocrx_word' id='word_1_577' title='bbox 3018 3356 3346 3423; x_wconf 76' lang='lat' dir='ltr'><strong>custodiunt,</strong></span> <span class='ocrx_word' id='word_1_578' title='bbox 3372 3364 3428 3411; x_wconf 89' lang='lat' dir='ltr'><strong>et</strong></span> <span class='ocrx_word' id='word_1_579' title='bbox 3451 3355 3565 3410; x_wconf 90' lang='lat' dir='ltr'><strong>Deo</strong></span> 
     </span>
    </p>
   </div>
   <div class='ocr_carea' id='block_1_77' title="bbox 1962 3449 3567 3521">
    <p class='ocr_par' dir='ltr' id='par_1_77' title="bbox 1962 3449 3567 3521">
     <span class='ocr_line' id='line_1_77' title="bbox 1962 3449 3567 3521; baseline -0.001 -15"><span class='ocrx_word' id='word_1_580' title='bbox 1962 3450 2299 3506; x_wconf 81' lang='lat' dir='ltr'><strong>adhaerentes</strong></span> <span class='ocrx_word' id='word_1_581' title='bbox 2321 3490 2339 3517; x_wconf 95' lang='lat'><strong>,</strong></span> <span class='ocrx_word' id='word_1_582' title='bbox 2388 3451 2534 3521; x_wconf 89' lang='lat' dir='ltr'><strong>quod</strong></span> <span class='ocrx_word' id='word_1_583' title='bbox 2571 3449 2798 3506; x_wconf 90' lang='lat' dir='ltr'><strong>credunt</strong></span> <span class='ocrx_word' id='word_1_584' title='bbox 2836 3449 3071 3517; x_wconf 88' lang='lat' dir='ltr'><strong>faciunt,</strong></span> <span class='ocrx_word' id='word_1_585' title='bbox 3111 3450 3267 3520; x_wconf 88' lang='lat' dir='ltr'><strong>quasi</strong></span> <span class='ocrx_word' id='word_1_586' title='bbox 3298 3453 3355 3506; x_wconf 89' lang='lat' dir='ltr'><strong>in</strong></span> <span class='ocrx_word' id='word_1_587' title='bbox 3383 3449 3567 3520; x_wconf 83' lang='lat' dir='ltr'><strong>capite</strong></span> 
     </span>
    </p>
   </div>
   <div class='ocr_carea' id='block_1_78' title="bbox 1959 3541 3566 3613">
    <p class='ocr_par' dir='ltr' id='par_1_78' title="bbox 1959 3541 3566 3613">
     <span class='ocr_line' id='line_1_78' title="bbox 1959 3541 3566 3613; baseline 0.001 -16"><span class='ocrx_word' id='word_1_588' title='bbox 1959 3541 2262 3613; x_wconf 89' lang='lat' dir='ltr'><strong>pendentes</strong></span> <span class='ocrx_word' id='word_1_589' title='bbox 2286 3542 2549 3597; x_wconf 92' lang='lat' dir='ltr'><strong>honorem</strong></span> <span class='ocrx_word' id='word_1_590' title='bbox 2570 3542 2809 3613; x_wconf 90' lang='lat' dir='ltr'><strong>portanti</strong></span> <span class='ocrx_word' id='word_1_591' title='bbox 2837 3541 3140 3598; x_wconf 91' lang='lat' dir='ltr'><strong>conferunt.</strong></span> <span class='ocrx_word' id='word_1_592' title='bbox 3169 3542 3354 3598; x_wconf 89' lang='lat' dir='ltr'><strong>Palma</strong></span> <span class='ocrx_word' id='word_1_593' title='bbox 3380 3552 3566 3599; x_wconf 90' lang='lat' dir='ltr'><strong>autem</strong></span> 
     </span>
    </p>
   </div>
   <div class='ocr_carea' id='block_1_79' title="bbox 1961 3634 3564 3706">
    <p class='ocr_par' dir='ltr' id='par_1_79' title="bbox 1961 3634 3564 3706">
     <span class='ocr_line' id='line_1_79' title="bbox 1961 3634 3564 3706; baseline 0.001 -16"><span class='ocrx_word' id='word_1_594' title='bbox 1961 3635 2017 3691; x_wconf 91' lang='lat' dir='ltr'><strong>in</strong></span> <span class='ocrx_word' id='word_1_595' title='bbox 2048 3636 2216 3690; x_wconf 91' lang='lat' dir='ltr'><strong>altum</strong></span> <span class='ocrx_word' id='word_1_596' title='bbox 2247 3634 2589 3692; x_wconf 89' lang='lat' dir='ltr'><strong>ascendendo</strong></span> <span class='ocrx_word' id='word_1_597' title='bbox 2626 3634 2783 3691; x_wconf 87' lang='lat' dir='ltr'><strong>valde</strong></span> <span class='ocrx_word' id='word_1_598' title='bbox 2811 3634 3056 3706; x_wconf 85' lang='lat' dir='ltr'><strong>prolicit,</strong></span> <span class='ocrx_word' id='word_1_599' title='bbox 3089 3642 3145 3691; x_wconf 91' lang='lat' dir='ltr'><strong>et</strong></span> <span class='ocrx_word' id='word_1_600' title='bbox 3171 3634 3454 3691; x_wconf 89' lang='lat' dir='ltr'><strong>victoriam</strong></span> <span class='ocrx_word' id='word_1_601' title='bbox 3484 3636 3564 3692; x_wconf 85' lang='lat' dir='ltr'><strong>si-</strong></span> 
     </span>
    </p>
   </div>
   <div class='ocr_carea' id='block_1_80' title="bbox 1963 3730 3566 3805">
    <p class='ocr_par' dir='ltr' id='par_1_80' title="bbox 1963 3730 3566 3805">
     <span class='ocr_line' id='line_1_80' title="bbox 1963 3730 3566 3805; baseline -0.001 -16"><span class='ocrx_word' id='word_1_602' title='bbox 1963 3732 2311 3805; x_wconf 82' lang='lat' dir='ltr'><strong>gniﬁcatione</strong></span> <span class='ocrx_word' id='word_1_603' title='bbox 2351 3747 2448 3788; x_wconf 91' lang='lat' dir='ltr'><strong>sua</strong></span> <span class='ocrx_word' id='word_1_604' title='bbox 2490 3732 2794 3804; x_wconf 61' lang='lat' dir='ltr'><strong>prietendit.</strong></span> <span class='ocrx_word' id='word_1_605' title='bbox 2834 3732 3017 3787; x_wconf 86' lang='lat' dir='ltr'><strong>Comae</strong></span> <span class='ocrx_word' id='word_1_606' title='bbox 3057 3745 3185 3802; x_wconf 88' lang='lat' dir='ltr'><strong>ergo</strong></span> <span class='ocrx_word' id='word_1_607' title='bbox 3230 3731 3369 3788; x_wconf 90' lang='lat' dir='ltr'><strong>sicut</strong></span> <span class='ocrx_word' id='word_1_608' title='bbox 3408 3730 3566 3788; x_wconf 60' lang='lat' dir='ltr'><strong>elatas</strong></span> 
     </span>
    </p>
   </div>
   <div class='ocr_carea' id='block_1_81' title="bbox 1962 3826 3566 3899">
    <p class='ocr_par' dir='ltr' id='par_1_81' title="bbox 1962 3826 3566 3899">
     <span class='ocr_line' id='line_1_81' title="bbox 1962 3826 3566 3899; baseline 0 -18"><span class='ocrx_word' id='word_1_609' title='bbox 1962 3827 2264 3899; x_wconf 89' lang='lat' dir='ltr'><strong>palmarum</strong></span> <span class='ocrx_word' id='word_1_610' title='bbox 2314 3835 2440 3883; x_wconf 90' lang='lat' dir='ltr'><strong>sunt</strong></span> <span class='ocrx_word' id='word_1_611' title='bbox 2472 3844 2485 3880; x_wconf 89' lang='lat'>:</span> <span class='ocrx_word' id='word_1_612' title='bbox 2517 3827 2642 3896; x_wconf 91' lang='lat' dir='ltr'><strong>quia</strong></span> <span class='ocrx_word' id='word_1_613' title='bbox 2673 3826 2832 3883; x_wconf 87' lang='lat' dir='ltr'><strong>electi</strong></span> <span class='ocrx_word' id='word_1_614' title='bbox 2861 3827 3061 3896; x_wconf 91' lang='lat' dir='ltr'><strong>quique</strong></span> <span class='ocrx_word' id='word_1_615' title='bbox 3100 3828 3228 3883; x_wconf 82' lang='lat' dir='ltr'><strong>dum</strong></span> <span class='ocrx_word' id='word_1_616' title='bbox 3253 3842 3468 3898; x_wconf 90' lang='lat' dir='ltr'><strong>semper</strong></span> <span class='ocrx_word' id='word_1_617' title='bbox 3493 3827 3566 3881; x_wconf 86' lang='lat' dir='ltr'><strong>ad</strong></span> 
     </span>
    </p>
   </div>
   <div class='ocr_carea' id='block_1_82' title="bbox 1962 3917 3567 3990">
    <p class='ocr_par' dir='ltr' id='par_1_82' title="bbox 1962 3917 3567 3990">
     <span class='ocr_line' id='line_1_82' title="bbox 1962 3917 3567 3990; baseline 0.001 -17"><span class='ocrx_word' id='word_1_618' title='bbox 1962 3919 2071 3974; x_wconf 89' lang='lat' dir='ltr'><strong>alta</strong></span> <span class='ocrx_word' id='word_1_619' title='bbox 2100 3922 2355 3973; x_wconf 71' lang='lat' dir='ltr'><strong>virtutum</strong></span> <span class='ocrx_word' id='word_1_620' title='bbox 2384 3934 2442 3974; x_wconf 89' lang='lat' dir='ltr'><strong>se</strong></span> <span class='ocrx_word' id='word_1_621' title='bbox 2470 3917 2719 3986; x_wconf 68' lang='lat' dir='ltr'><strong>efferunt,</strong></span> <span class='ocrx_word' id='word_1_622' title='bbox 2745 3935 2843 3990; x_wconf 92' lang='lat' dir='ltr'><strong>per</strong></span> <span class='ocrx_word' id='word_1_623' title='bbox 2864 3918 2961 3975; x_wconf 89' lang='lat' dir='ltr'><strong>Dei</strong></span> <span class='ocrx_word' id='word_1_624' title='bbox 2983 3920 3209 3988; x_wconf 88' lang='lat' dir='ltr'><strong>gratiam</strong></span> <span class='ocrx_word' id='word_1_625' title='bbox 3234 3919 3567 3988; x_wconf 85' lang='lat' dir='ltr'><strong>quandoque</strong></span> 
     </span>
    </p>
   </div>
   <div class='ocr_carea' id='block_1_83' title="bbox 1962 4013 3564 4084">
    <p class='ocr_par' dir='ltr' id='par_1_83' title="bbox 1962 4013 3564 4084">
     <span class='ocr_line' id='line_1_83' title="bbox 1962 4013 3564 4084; baseline -0.001 -15"><span class='ocrx_word' id='word_1_626' title='bbox 1962 4014 2029 4069; x_wconf 89' lang='lat' dir='ltr'><strong>ad</strong></span> <span class='ocrx_word' id='word_1_627' title='bbox 2050 4014 2332 4070; x_wconf 89' lang='lat' dir='ltr'><strong>victoriam</strong></span> <span class='ocrx_word' id='word_1_628' title='bbox 2360 4029 2419 4070; x_wconf 93' lang='lat' dir='ltr'><strong>se</strong></span> <span class='ocrx_word' id='word_1_629' title='bbox 2439 4014 2759 4084; x_wconf 86' lang='lat' dir='ltr'><strong>perducunt.</strong></span> <span class='ocrx_word' id='word_1_630' title='bbox 2792 4013 2968 4083; x_wconf 81' lang='lat' dir='ltr'><strong>Nigrae</strong></span> <span class='ocrx_word' id='word_1_631' title='bbox 2996 4022 3175 4068; x_wconf 91' lang='lat' dir='ltr'><strong>autem</strong></span> <span class='ocrx_word' id='word_1_632' title='bbox 3196 4013 3336 4067; x_wconf 88' lang='lat' dir='ltr'><strong>sicut</strong></span> <span class='ocrx_word' id='word_1_633' title='bbox 3364 4025 3564 4067; x_wconf 86' lang='lat' dir='ltr'><strong>corvus</strong></span> 
     </span>
    </p>
   </div>
   <div class='ocr_carea' id='block_1_84' title="bbox 1964 4101 3567 4174">
    <p class='ocr_par' dir='ltr' id='par_1_84' title="bbox 1964 4101 3567 4174">
     <span class='ocr_line' id='line_1_84' title="bbox 1964 4101 3567 4174; baseline -0.003 -13"><span class='ocrx_word' id='word_1_634' title='bbox 1964 4105 2207 4161; x_wconf 87' lang='lat' dir='ltr'><strong>existunt</strong></span> <span class='ocrx_word' id='word_1_635' title='bbox 2247 4123 2261 4158; x_wconf 91' lang='lat'><strong>:</strong></span> <span class='ocrx_word' id='word_1_636' title='bbox 2303 4105 2429 4174; x_wconf 92' lang='lat' dir='ltr'><strong>quia</strong></span> <span class='ocrx_word' id='word_1_637' title='bbox 2459 4104 2708 4174; x_wconf 89' lang='lat' dir='ltr'><strong>quamvis</strong></span> <span class='ocrx_word' id='word_1_638' title='bbox 2745 4102 3036 4157; x_wconf 87' lang='lat' dir='ltr'><strong>virtutibus</strong></span> <span class='ocrx_word' id='word_1_639' title='bbox 3070 4118 3129 4158; x_wconf 89' lang='lat' dir='ltr'><strong>se</strong></span> <span class='ocrx_word' id='word_1_640' title='bbox 3158 4101 3388 4171; x_wconf 86' lang='lat' dir='ltr'><strong>erigant,</strong></span> <span class='ocrx_word' id='word_1_641' title='bbox 3419 4115 3567 4165; x_wconf 44' lang='lat' dir='ltr'><strong>sem-3</strong></span> 
     </span>
    </p>
   </div>
   <div class='ocr_carea' id='block_1_85' title="bbox 1962 4196 3566 4272">
    <p class='ocr_par' dir='ltr' id='par_1_85' title="bbox 1962 4196 3566 4272">
     <span class='ocr_line' id='line_1_85' title="bbox 1962 4196 3566 4272; baseline -0.003 -16"><span class='ocrx_word' id='word_1_642' title='bbox 1962 4215 2060 4272; x_wconf 91' lang='lat' dir='ltr'><strong>per</strong></span> <span class='ocrx_word' id='word_1_643' title='bbox 2086 4208 2269 4255; x_wconf 86' lang='lat' dir='ltr'><strong>tamen</strong></span> <span class='ocrx_word' id='word_1_644' title='bbox 2297 4209 2615 4268; x_wconf 86' lang='lat' dir='ltr'><strong>peccatores</strong></span> <span class='ocrx_word' id='word_1_645' title='bbox 2645 4212 2705 4252; x_wconf 88' lang='lat' dir='ltr'><strong>se</strong></span> <span class='ocrx_word' id='word_1_646' title='bbox 2727 4210 2847 4250; x_wconf 91' lang='lat' dir='ltr'><strong>esse</strong></span> <span class='ocrx_word' id='word_1_647' title='bbox 2875 4205 3235 4263; x_wconf 81' lang='lat' dir='ltr'><strong>cognoscunt.</strong></span> <span class='ocrx_word' id='word_1_648' title='bbox 3268 4196 3566 4267; x_wconf 87' lang='lat' dir='ltr'><strong>Sequitur:</strong></span> 
     </span>
    </p>
   </div>
   <div class='ocr_carea' id='block_1_86' title="bbox 2038 4286 3567 4363">
    <p class='ocr_par' dir='ltr' id='par_1_86' title="bbox 2038 4286 3567 4363">
     <span class='ocr_line' id='line_1_86' title="bbox 2038 4286 3567 4363; baseline 0 -17"><span class='ocrx_word' id='word_1_649' title='bbox 2038 4290 2216 4363; x_wconf 81' lang='lat' dir='ltr'><strong>(Vers.</strong></span> <span class='ocrx_word' id='word_1_650' title='bbox 2245 4288 2360 4358; x_wconf 72' lang='grc'><strong>12.)</strong></span> <span class='ocrx_word' id='word_1_651' title='bbox 2402 4286 2553 4343; x_wconf 88' lang='lat' dir='ltr'><strong>Oculi</strong></span> <span class='ocrx_word' id='word_1_652' title='bbox 2580 4290 2692 4358; x_wconf 84' lang='lat' dir='ltr'><strong>ejus</strong></span> <span class='ocrx_word' id='word_1_653' title='bbox 2740 4288 2873 4341; x_wconf 86' lang='lat' dir='ltr'><strong>sicut</strong></span> <span class='ocrx_word' id='word_1_654' title='bbox 2901 4286 3151 4343; x_wconf 87' lang='lat' dir='ltr'><strong>columbm</strong></span> <span class='ocrx_word' id='word_1_655' title='bbox 3188 4305 3345 4360; x_wconf 89' lang='lat' dir='ltr'><strong>super</strong></span> <span class='ocrx_word' id='word_1_656' title='bbox 3372 4289 3567 4346; x_wconf 77' lang='lat' dir='ltr'><strong>rivulos</strong></span> 
     </span>
    </p>
   </div>
   <div class='ocr_carea' id='block_1_87' title="bbox 1964 4388 3567 4463">
    <p class='ocr_par' dir='ltr' id='par_1_87' title="bbox 1964 4388 3567 4463">
     <span class='ocr_line' id='line_1_87' title="bbox 1964 4388 3567 4463; baseline 0 -20"><span class='ocrx_word' id='word_1_657' title='bbox 1964 4404 2237 4460; x_wconf 81' lang='lat' dir='ltr'><strong>aquarum.</strong></span> <span class='ocrx_word' id='word_1_658' title='bbox 2264 4406 2379 4463; x_wconf 78' lang='lat' dir='ltr'><strong>qum</strong></span> <span class='ocrx_word' id='word_1_659' title='bbox 2407 4390 2538 4444; x_wconf 84' lang='lat' dir='ltr'><strong>lacte</strong></span> <span class='ocrx_word' id='word_1_660' title='bbox 2558 4394 2678 4443; x_wconf 85' lang='lat' dir='ltr'><strong>sunt</strong></span> <span class='ocrx_word' id='word_1_661' title='bbox 2707 4388 2846 4457; x_wconf 85' lang='lat' dir='ltr'><strong>lotm,</strong></span> <span class='ocrx_word' id='word_1_662' title='bbox 2871 4397 2922 4444; x_wconf 89' lang='lat' dir='ltr'><strong>et</strong></span> <span class='ocrx_word' id='word_1_663' title='bbox 2941 4388 3170 4444; x_wconf 85' lang='lat' dir='ltr'><strong>resident</strong></span> <span class='ocrx_word' id='word_1_664' title='bbox 3202 4388 3348 4444; x_wconf 72' lang='lat' dir='ltr'><strong>iuxta</strong></span> <span class='ocrx_word' id='word_1_665' title='bbox 3368 4388 3567 4459; x_wconf 78' lang='lat' dir='ltr'><strong>fluenta</strong></span> 
     </span>
    </p>
   </div>
   <div class='ocr_carea' id='block_1_88' title="bbox 1964 4480 2292 4550">
    <p class='ocr_par' dir='ltr' id='par_1_88' title="bbox 1964 4480 2292 4550">
     <span class='ocr_line' id='line_1_88' title="bbox 1964 4480 2292 4550; baseline 0.003 -17"><span class='ocrx_word' id='word_1_666' title='bbox 1964 4480 2292 4550; x_wconf 86' lang='lat' dir='ltr'><strong>plenissima.</strong></span> 
     </span>
    </p>
   </div>
   <div class='ocr_carea' id='block_1_89' title="bbox 2040 4566 3566 4641">
    <p class='ocr_par' dir='ltr' id='par_1_89' title="bbox 2040 4566 3566 4641">
     <span class='ocr_line' id='line_1_89' title="bbox 2040 4566 3566 4641; baseline -0.001 -15"><span class='ocrx_word' id='word_1_667' title='bbox 2040 4572 2130 4627; x_wconf 82' lang='grc'><strong>17.</strong></span> <span class='ocrx_word' id='word_1_668' title='bbox 2176 4583 2197 4611; x_wconf 74' lang='grc' dir='ltr'>ε</span> <span class='ocrx_word' id='word_1_669' title='bbox 2230 4570 2383 4626; x_wconf 90' lang='lat' dir='ltr'><strong>Oculi</strong></span> <span class='ocrx_word' id='word_1_670' title='bbox 2412 4569 2597 4641; x_wconf 90' lang='lat' dir='ltr'><strong>sponsi</strong></span> <span class='ocrx_word' id='word_1_671' title='bbox 2635 4571 2775 4627; x_wconf 88' lang='lat' dir='ltr'><strong>sicut</strong></span> <span class='ocrx_word' id='word_1_672' title='bbox 2797 4571 3062 4626; x_wconf 86' lang='lat' dir='ltr'><strong>columbae</strong></span> <span class='ocrx_word' id='word_1_673' title='bbox 3091 4581 3237 4635; x_wconf 88' lang='lat' dir='ltr'><strong>sunt,</strong></span> <span class='ocrx_word' id='word_1_674' title='bbox 3269 4566 3395 4640; x_wconf 89' lang='lat' dir='ltr'><strong>quia</strong></span> <span class='ocrx_word' id='word_1_675' title='bbox 3422 4583 3566 4640; x_wconf 77' lang='lat' dir='ltr'><strong>prm-</strong></span> 
     </span>
    </p>
   </div>
   <div class='ocr_carea' id='block_1_90' title="bbox 340 4661 3567 4744">
    <p class='ocr_par' dir='ltr' id='par_1_90' title="bbox 340 4661 3567 4744">
     <span class='ocr_line' id='line_1_90' title="bbox 340 4661 3567 4744; baseline -0.002 -24"><span class='ocrx_word' id='word_1_676' title='bbox 340 4670 426 4725; x_wconf 75' lang='lat' dir='ltr'><strong>M.</strong></span> <span class='ocrx_word' id='word_1_677' title='bbox 470 4671 606 4726; x_wconf 86' lang='lat' dir='ltr'><strong>Dum</strong></span> <span class='ocrx_word' id='word_1_678' title='bbox 648 4674 791 4729; x_wconf 84' lang='lat' dir='ltr'><strong>enim</strong></span> <span class='ocrx_word' id='word_1_679' title='bbox 838 4673 1039 4729; x_wconf 72' lang='lat' dir='ltr'><strong>sanctis</strong></span> <span class='ocrx_word' id='word_1_680' title='bbox 1067 4673 1197 4732; x_wconf 76' lang='lat' dir='ltr'><strong>viris</strong></span> <span class='ocrx_word' id='word_1_681' title='bbox 1243 4674 1601 4744; x_wconf 70' lang='lat' dir='ltr'><strong>cogitationes</strong></span> <span class='ocrx_word' id='word_1_682' title='bbox 1644 4680 1860 4729; x_wconf 77' lang='lat' dir='ltr'><strong>nostras</strong></span> <span class='ocrx_word' id='word_1_683' title='bbox 1889 4665 1943 4727; x_wconf 93' lang='lat' dir='ltr'><strong>D</strong></span> <span class='ocrx_word' id='word_1_684' title='bbox 1966 4665 2241 4721; x_wconf 89' lang='lat' dir='ltr'><strong>dicatores</strong></span> <span class='ocrx_word' id='word_1_685' title='bbox 2268 4664 2467 4720; x_wconf 89' lang='lat' dir='ltr'><strong>Christi</strong></span> <span class='ocrx_word' id='word_1_686' title='bbox 2503 4663 2595 4733; x_wconf 85' lang='lat' dir='ltr'><strong>qui</strong></span> <span class='ocrx_word' id='word_1_687' title='bbox 2632 4663 2776 4717; x_wconf 89' lang='lat' dir='ltr'><strong>viam</strong></span> <span class='ocrx_word' id='word_1_688' title='bbox 2807 4663 2962 4718; x_wconf 90' lang='lat' dir='ltr'><strong>nobis</strong></span> <span class='ocrx_word' id='word_1_689' title='bbox 2990 4664 3316 4730; x_wconf 88' lang='lat' dir='ltr'><strong>ostendunt,</strong></span> <span class='ocrx_word' id='word_1_690' title='bbox 3354 4663 3408 4717; x_wconf 91' lang='lat' dir='ltr'><strong>in</strong></span> <span class='ocrx_word' id='word_1_691' title='bbox 3437 4661 3567 4716; x_wconf 75' lang='lat' dir='ltr'><strong>sim~</strong></span> 
     </span>
    </p>
   </div>
   <div class='ocr_carea' id='block_1_91' title="bbox 254 4763 1860 4831">
    <p class='ocr_par' dir='ltr' id='par_1_91' title="bbox 254 4763 1860 4831">
     <span class='ocr_line' id='line_1_91' title="bbox 254 4763 1860 4831; baseline 0.001 -13"><span class='ocrx_word' id='word_1_692' title='bbox 254 4776 590 4831; x_wconf 80' lang='lat' dir='ltr'><strong>reseramus,</strong></span> <span class='ocrx_word' id='word_1_693' title='bbox 623 4764 748 4818; x_wconf 90' lang='lat' dir='ltr'><strong>dum</strong></span> <span class='ocrx_word' id='word_1_694' title='bbox 772 4764 850 4821; x_wconf 90' lang='lat' dir='ltr'><strong>eis</strong></span> <span class='ocrx_word' id='word_1_695' title='bbox 893 4764 1008 4819; x_wconf 88' lang='lat' dir='ltr'><strong>sive</strong></span> <span class='ocrx_word' id='word_1_696' title='bbox 1046 4763 1352 4820; x_wconf 87' lang='lat' dir='ltr'><strong>viventibus</strong></span> <span class='ocrx_word' id='word_1_697' title='bbox 1389 4763 1697 4831; x_wconf 88' lang='lat' dir='ltr'><strong>nobiscum,</strong></span> <span class='ocrx_word' id='word_1_698' title='bbox 1746 4763 1860 4819; x_wconf 86' lang='lat' dir='ltr'><strong>sive</strong></span> 
     </span>
    </p>
   </div>
   <div class='ocr_carea' id='block_1_92' title="bbox 249 4850 1862 4925">
    <p class='ocr_par' dir='ltr' id='par_1_92' title="bbox 249 4850 1862 4925">
     <span class='ocr_line' id='line_1_92' title="bbox 249 4850 1862 4925; baseline 0.002 -19"><span class='ocrx_word' id='word_1_699' title='bbox 249 4850 375 4924; x_wconf 76' lang='lat' dir='ltr'><strong>iam</strong></span> <span class='ocrx_word' id='word_1_700' title='bbox 416 4854 583 4909; x_wconf 83' lang='lat' dir='ltr'><strong>vitam</strong></span> <span class='ocrx_word' id='word_1_701' title='bbox 630 4862 888 4911; x_wconf 88' lang='lat' dir='ltr'><strong>aeternam</strong></span> <span class='ocrx_word' id='word_1_702' title='bbox 947 4856 1200 4925; x_wconf 83' lang='lat' dir='ltr'><strong>ingressis</strong></span> <span class='ocrx_word' id='word_1_703' title='bbox 1235 4856 1562 4912; x_wconf 90' lang='lat' dir='ltr'><strong>desiderium</strong></span> <span class='ocrx_word' id='word_1_704' title='bbox 1616 4864 1862 4911; x_wconf 90' lang='lat' dir='ltr'><strong>nostrum</strong></span> 
     </span>
    </p>
   </div>
   <div class='ocr_carea' id='block_1_93' title="bbox 252 4944 1864 5018">
    <p class='ocr_par' dir='ltr' id='par_1_93' title="bbox 252 4944 1864 5018">
     <span class='ocr_line' id='line_1_93' title="bbox 252 4944 1864 5018; baseline 0.001 -17"><span class='ocrx_word' id='word_1_705' title='bbox 252 4945 639 5015; x_wconf 82' lang='lat' dir='ltr'><strong>expandimus,</strong></span> <span class='ocrx_word' id='word_1_706' title='bbox 662 4954 719 5003; x_wconf 89' lang='lat' dir='ltr'><strong>et</strong></span> <span class='ocrx_word' id='word_1_707' title='bbox 747 4964 842 5018; x_wconf 90' lang='lat' dir='ltr'><strong>per</strong></span> <span class='ocrx_word' id='word_1_708' title='bbox 862 4946 1028 5001; x_wconf 90' lang='lat' dir='ltr'><strong>Deum</strong></span> <span class='ocrx_word' id='word_1_709' title='bbox 1050 4962 1287 5013; x_wconf 87' lang='lat' dir='ltr'><strong>oramus,</strong></span> <span class='ocrx_word' id='word_1_710' title='bbox 1318 4954 1379 5001; x_wconf 92' lang='lat' dir='ltr'><strong>ut</strong></span> <span class='ocrx_word' id='word_1_711' title='bbox 1397 4944 1627 5001; x_wconf 90' lang='lat' dir='ltr'><strong>Domino</strong></span> <span class='ocrx_word' id='word_1_712' title='bbox 1646 4945 1864 5002; x_wconf 89' lang='lat' dir='ltr'><strong>Christo</strong></span> 
     </span>
    </p>
   </div>
   <div class='ocr_carea' id='block_1_94' title="bbox 252 5037 1861 5110">
    <p class='ocr_par' dir='ltr' id='par_1_94' title="bbox 252 5037 1861 5110">
     <span class='ocr_line' id='line_1_94' title="bbox 252 5037 1861 5110; baseline 0.001 -19"><span class='ocrx_word' id='word_1_713' title='bbox 252 5053 369 5110; x_wconf 87' lang='lat' dir='ltr'><strong>pro</strong></span> <span class='ocrx_word' id='word_1_714' title='bbox 398 5037 554 5093; x_wconf 92' lang='lat' dir='ltr'><strong>nobis</strong></span> <span class='ocrx_word' id='word_1_715' title='bbox 579 5040 783 5096; x_wconf 88' lang='lat' dir='ltr'><strong>orando</strong></span> <span class='ocrx_word' id='word_1_716' title='bbox 809 5040 1040 5097; x_wconf 74' lang='lat' dir='ltr'><strong>offerant</strong></span> <span class='ocrx_word' id='word_1_717' title='bbox 1079 5040 1409 5097; x_wconf 90' lang='lat' dir='ltr'><strong>desiderium</strong></span> <span class='ocrx_word' id='word_1_718' title='bbox 1437 5055 1545 5110; x_wconf 90' lang='lat' dir='ltr'><strong>quo</strong></span> <span class='ocrx_word' id='word_1_719' title='bbox 1574 5037 1861 5105; x_wconf 86' lang='lat' dir='ltr'><strong>allicimur,</strong></span> 
     </span>
    </p>
   </div>
   <div class='ocr_carea' id='block_1_95' title="bbox 240 5131 1864 5205">
    <p class='ocr_par' dir='ltr' id='par_1_95' title="bbox 240 5131 1864 5205">
     <span class='ocr_line' id='line_1_95' title="bbox 240 5131 1864 5205; baseline 0.001 -21"><span class='ocrx_word' id='word_1_720' title='bbox 240 5131 399 5203; x_wconf 83' lang='lat' dir='ltr'><strong>quid</strong></span> <span class='ocrx_word' id='word_1_721' title='bbox 429 5132 574 5188; x_wconf 90' lang='lat' dir='ltr'><strong>aliud</strong></span> <span class='ocrx_word' id='word_1_722' title='bbox 603 5136 832 5204; x_wconf 87' lang='lat' dir='ltr'><strong>agimus,</strong></span> <span class='ocrx_word' id='word_1_723' title='bbox 860 5149 1024 5205; x_wconf 90' lang='lat' dir='ltr'><strong>quam</strong></span> <span class='ocrx_word' id='word_1_724' title='bbox 1050 5134 1191 5191; x_wconf 79' lang='lat' dir='ltr'><strong>tilias</strong></span> <span class='ocrx_word' id='word_1_725' title='bbox 1210 5133 1509 5191; x_wconf 78' lang='lat' dir='ltr'><strong>Jerusalem</strong></span> <span class='ocrx_word' id='word_1_726' title='bbox 1531 5131 1864 5202; x_wconf 89' lang='lat' dir='ltr'><strong>adjuramus,</strong></span> 
     </span>
    </p>
   </div>
   <div class='ocr_carea' id='block_1_96' title="bbox 254 5222 1865 5298">
    <p class='ocr_par' dir='ltr' id='par_1_96' title="bbox 254 5222 1865 5298">
     <span class='ocr_line' id='line_1_96' title="bbox 254 5222 1865 5298; baseline -0.002 -19"><span class='ocrx_word' id='word_1_727' title='bbox 254 5232 330 5279; x_wconf 89' lang='lat' dir='ltr'><strong>ut</strong></span> <span class='ocrx_word' id='word_1_728' title='bbox 358 5224 576 5292; x_wconf 81' lang='lat' dir='ltr'><strong>ditecto,</strong></span> <span class='ocrx_word' id='word_1_729' title='bbox 605 5226 691 5283; x_wconf 92' lang='lat' dir='ltr'><strong>cui</strong></span> <span class='ocrx_word' id='word_1_730' title='bbox 714 5228 869 5282; x_wconf 93' lang='lat' dir='ltr'><strong>nobis</strong></span> <span class='ocrx_word' id='word_1_731' title='bbox 898 5226 1259 5298; x_wconf 84' lang='lat' dir='ltr'><strong>proximiores</strong></span> <span class='ocrx_word' id='word_1_732' title='bbox 1286 5237 1432 5293; x_wconf 92' lang='lat' dir='ltr'><strong>sunt,</strong></span> <span class='ocrx_word' id='word_1_733' title='bbox 1463 5223 1714 5280; x_wconf 89' lang='lat' dir='ltr'><strong>nuntient</strong></span> <span class='ocrx_word' id='word_1_734' title='bbox 1739 5222 1865 5293; x_wconf 89' lang='lat' dir='ltr'><strong>quia</strong></span> 
     </span>
    </p>
   </div>
   <div class='ocr_carea' id='block_1_97' title="bbox 254 5315 1869 5387">
    <p class='ocr_par' dir='ltr' id='par_1_97' title="bbox 254 5315 1869 5387">
     <span class='ocr_line' id='line_1_97' title="bbox 254 5315 1869 5387; baseline 0 -18"><span class='ocrx_word' id='word_1_735' title='bbox 254 5329 458 5370; x_wconf 85' lang='lat' dir='ltr'><strong>amore</strong></span> <span class='ocrx_word' id='word_1_736' title='bbox 488 5315 837 5385; x_wconf 77' lang='lat' dir='ltr'><strong>languemus?</strong></span> <span class='ocrx_word' id='word_1_737' title='bbox 866 5316 973 5371; x_wconf 88' lang='lat' dir='ltr'><strong>Sed</strong></span> <span class='ocrx_word' id='word_1_738' title='bbox 1015 5325 1070 5372; x_wconf 91' lang='lat' dir='ltr'><strong>et</strong></span> <span class='ocrx_word' id='word_1_739' title='bbox 1096 5317 1200 5387; x_wconf 88' lang='lat' dir='ltr'><strong>ipsi</strong></span> <span class='ocrx_word' id='word_1_740' title='bbox 1228 5316 1440 5385; x_wconf 90' lang='lat' dir='ltr'><strong>Sancti,</strong></span> <span class='ocrx_word' id='word_1_741' title='bbox 1474 5316 1519 5371; x_wconf 91' lang='lat' dir='ltr'><strong>si</strong></span> <span class='ocrx_word' id='word_1_742' title='bbox 1549 5315 1725 5370; x_wconf 90' lang='lat' dir='ltr'><strong>adhuc</strong></span> <span class='ocrx_word' id='word_1_743' title='bbox 1767 5329 1869 5369; x_wconf 91' lang='lat' dir='ltr'><strong>no-</strong></span> 
     </span>
    </p>
   </div>
   <div class='ocr_carea' id='block_1_98' title="bbox 248 5405 1867 5480">
    <p class='ocr_par' dir='ltr' id='par_1_98' title="bbox 248 5405 1867 5480">
     <span class='ocr_line' id='line_1_98' title="bbox 248 5405 1867 5480; baseline -0.001 -17"><span class='ocrx_word' id='word_1_744' title='bbox 248 5405 479 5463; x_wconf 81' lang='lat' dir='ltr'><strong>biscum</strong></span> <span class='ocrx_word' id='word_1_745' title='bbox 515 5416 673 5475; x_wconf 88' lang='lat' dir='ltr'><strong>sunt,</strong></span> <span class='ocrx_word' id='word_1_746' title='bbox 698 5418 755 5465; x_wconf 89' lang='lat' dir='ltr'><strong>et</strong></span> <span class='ocrx_word' id='word_1_747' title='bbox 781 5416 1029 5466; x_wconf 88' lang='lat' dir='ltr'><strong>oratores</strong></span> <span class='ocrx_word' id='word_1_748' title='bbox 1068 5424 1197 5465; x_wconf 91' lang='lat' dir='ltr'><strong>suos</strong></span> <span class='ocrx_word' id='word_1_749' title='bbox 1232 5418 1411 5476; x_wconf 87' lang='lat' dir='ltr'><strong>orant,</strong></span> <span class='ocrx_word' id='word_1_750' title='bbox 1439 5416 1495 5465; x_wconf 89' lang='lat' dir='ltr'><strong>et</strong></span> <span class='ocrx_word' id='word_1_751' title='bbox 1526 5409 1616 5480; x_wconf 86' lang='lat' dir='ltr'><strong>qui</strong></span> <span class='ocrx_word' id='word_1_752' title='bbox 1647 5415 1705 5462; x_wconf 90' lang='lat' dir='ltr'><strong>ut</strong></span> <span class='ocrx_word' id='word_1_753' title='bbox 1730 5422 1867 5462; x_wconf 91' lang='lat' dir='ltr'><strong>nun-</strong></span> 
     </span>
    </p>
   </div>
   <div class='ocr_carea' id='block_1_99' title="bbox 251 5496 1868 5574">
    <p class='ocr_par' dir='ltr' id='par_1_99' title="bbox 251 5496 1868 5574">
     <span class='ocr_line' id='line_1_99' title="bbox 251 5496 1868 5574; baseline 0.003 -24"><span class='ocrx_word' id='word_1_754' title='bbox 251 5496 427 5564; x_wconf 79' lang='lat' dir='ltr'><strong>tient,</strong></span> <span class='ocrx_word' id='word_1_755' title='bbox 472 5508 733 5568; x_wconf 89' lang='lat' dir='ltr'><strong>orantur,</strong></span> <span class='ocrx_word' id='word_1_756' title='bbox 776 5516 887 5572; x_wconf 74' lang='lat' dir='ltr'><strong>pra:</strong></span> <span class='ocrx_word' id='word_1_757' title='bbox 924 5499 1230 5557; x_wconf 84' lang='lat' dir='ltr'><strong>humilitate</strong></span> <span class='ocrx_word' id='word_1_758' title='bbox 1272 5510 1533 5574; x_wconf 84' lang='lat' dir='ltr'><strong>tanquam</strong></span> <span class='ocrx_word' id='word_1_759' title='bbox 1571 5499 1745 5572; x_wconf 87' lang='lat' dir='ltr'><strong>ignari</strong></span> <span class='ocrx_word' id='word_1_760' title='bbox 1784 5499 1868 5556; x_wconf 84' lang='lat' dir='ltr'><strong>in-</strong></span> 
     </span>
    </p>
   </div>
   <div class='ocr_carea' id='block_1_100' title="bbox 255 5596 904 5665">
    <p class='ocr_par' dir='ltr' id='par_1_100' title="bbox 255 5596 904 5665">
     <span class='ocr_line' id='line_1_100' title="bbox 255 5596 904 5665; baseline 0.009 -18"><span class='ocrx_word' id='word_1_761' title='bbox 255 5599 555 5665; x_wconf 73' lang='lat' dir='ltr'><strong>terrogant</strong></span> <span class='ocrx_word' id='word_1_762' title='bbox 570 5638 584 5663; x_wconf 94' lang='lat'><strong>,</strong></span> <span class='ocrx_word' id='word_1_763' title='bbox 614 5596 857 5655; x_wconf 84' lang='lat' dir='ltr'><strong>dicentes</strong></span> <span class='ocrx_word' id='word_1_764' title='bbox 889 5614 904 5653; x_wconf 93' lang='lat'><strong>:</strong></span> 
     </span>
    </p>
   </div>
   <div class='ocr_carea' id='block_1_101' title="bbox 349 5774 1844 5850">
    <p class='ocr_par' dir='ltr' id='par_1_101' title="bbox 349 5774 1844 5850">
     <span class='ocr_line' id='line_1_101' title="bbox 349 5774 1844 5850; baseline -0.003 -17"><span class='ocrx_word' id='word_1_765' title='bbox 349 5783 375 5850; x_wconf 64' lang='grc' dir='ltr'><strong>ξι</strong></span> <span class='ocrx_word' id='word_1_766' title='bbox 402 5776 733 5850; x_wconf 65' lang='lat' dir='ltr'><strong>Bothomag.</strong></span> <span class='ocrx_word' id='word_1_767' title='bbox 765 5792 925 5850; x_wconf 89' lang='lat' dir='ltr'><strong>quem</strong></span> <span class='ocrx_word' id='word_1_768' title='bbox 956 5777 1199 5848; x_wconf 87' lang='lat' dir='ltr'><strong>sequitur</strong></span> <span class='ocrx_word' id='word_1_769' title='bbox 1227 5776 1367 5833; x_wconf 87' lang='lat' dir='ltr'><strong>Edit.</strong></span> <span class='ocrx_word' id='word_1_770' title='bbox 1400 5774 1592 5850; x_wconf 84' lang='lat' dir='ltr'><strong>Gilot.,</strong></span> <span class='ocrx_word' id='word_1_771' title='bbox 1623 5775 1844 5850; x_wconf 74' lang='lat' dir='ltr'><strong>exultat.</strong></span> 
     </span>
    </p>
   </div>
   <div class='ocr_carea' id='block_1_102' title="bbox 346 5844 1868 5920">
    <p class='ocr_par' dir='ltr' id='par_1_102' title="bbox 346 5844 1868 5920">
     <span class='ocr_line' id='line_1_102' title="bbox 346 5844 1868 5920; baseline -0.001 -16"><span class='ocrx_word' id='word_1_772' title='bbox 346 5844 666 5920; x_wconf 40' lang='lat' dir='ltr'><strong>{Nonnulli</strong></span> <span class='ocrx_word' id='word_1_773' title='bbox 684 5844 816 5919; x_wconf 72' lang='grc' dir='ltr'><strong>Εᾱῖ,</strong></span> <span class='ocrx_word' id='word_1_774' title='bbox 845 5844 1325 5920; x_wconf 46' lang='lat' dir='ltr'><strong>amore—incendia;</strong></span> <span class='ocrx_word' id='word_1_775' title='bbox 1362 5848 1546 5908; x_wconf 58' lang='lat' dir='ltr'><strong>caeteri</strong></span> <span class='ocrx_word' id='word_1_776' title='bbox 1578 5844 1764 5907; x_wconf 85' lang='lat' dir='ltr'><strong>amore</strong></span> <span class='ocrx_word' id='word_1_777' title='bbox 1784 5848 1868 5903; x_wconf 85' lang='lat' dir='ltr'><strong>iu-</strong></span> 
     </span>
    </p>
   </div>
   <div class='ocr_carea' id='block_1_103' title="bbox 261 5918 466 5983">
    <p class='ocr_par' dir='ltr' id='par_1_103' title="bbox 261 5918 466 5983">
     <span class='ocr_line' id='line_1_103' title="bbox 261 5918 466 5983; baseline -0.02 0"><span class='ocrx_word' id='word_1_778' title='bbox 261 5918 466 5983; x_wconf 66' lang='lat' dir='ltr'><strong>milia.</strong></span> 
     </span>
    </p>
   </div>
   <div class='ocr_carea' id='block_1_104' title="bbox 497 6020 1116 6089">
    <p class='ocr_par' dir='ltr' id='par_1_104' title="bbox 497 6020 1116 6089">
     <span class='ocr_line' id='line_1_104' title="bbox 497 6020 1116 6089; baseline -0.002 -2"><span class='ocrx_word' id='word_1_779' title='bbox 497 6022 778 6088; x_wconf 64' lang='lat' dir='ltr'><strong>Pauor.</strong></span> <span class='ocrx_word' id='word_1_780' title='bbox 820 6020 1116 6089; x_wconf 81' lang='lat' dir='ltr'><strong>LXXIX.</strong></span> 
     </span>
    </p>
   </div>
   <div class='ocr_carea' id='block_1_105' title="bbox 1654 6064 1662 6079">
    <p class='ocr_par' dir='ltr' id='par_1_105' title="bbox 1654 6064 1662 6079">
     <span class='ocr_line' id='line_1_105' title="bbox 1654 6064 1662 6079; baseline 0 0"><span class='ocrx_word' id='word_1_781' title='bbox 1654 6064 1662 6079; x_wconf 56' lang='grc' dir='ltr'><strong>Α</strong></span> 
     </span>
    </p>
   </div>
   <div class='ocr_carea' id='block_1_106' title="bbox 1616 6096 1752 6129">
    <p class='ocr_par' dir='ltr' id='par_1_106' title="bbox 1616 6096 1752 6129">
     <span class='ocr_line' id='line_1_106' title="bbox 1616 6096 1752 6129; baseline 0.015 -6"><span class='ocrx_word' id='word_1_782' title='bbox 1616 6096 1752 6129; x_wconf 65' lang='grc' dir='ltr'><strong>,ι.</strong></span> 
     </span>
    </p>
   </div>
   <div class='ocr_carea' id='block_1_107' title="bbox 1967 4757 3569 4834">
    <p class='ocr_par' dir='ltr' id='par_1_107' title="bbox 1967 4757 3569 4834">
     <span class='ocr_line' id='line_1_107' title="bbox 1967 4757 3569 4834; baseline -0.003 -18"><span class='ocrx_word' id='word_1_783' title='bbox 1967 4761 2208 4834; x_wconf 89' lang='lat' dir='ltr'><strong>plicitate</strong></span> <span class='ocrx_word' id='word_1_784' title='bbox 2231 4761 2441 4815; x_wconf 88' lang='lat' dir='ltr'><strong>vivunt.</strong></span> <span class='ocrx_word' id='word_1_785' title='bbox 2483 4757 2657 4828; x_wconf 91' lang='lat' dir='ltr'><strong>Super</strong></span> <span class='ocrx_word' id='word_1_786' title='bbox 2686 4757 2891 4814; x_wconf 89' lang='lat' dir='ltr'><strong>rivulos</strong></span> <span class='ocrx_word' id='word_1_787' title='bbox 2920 4763 3102 4812; x_wconf 88' lang='lat' dir='ltr'><strong>autem</strong></span> <span class='ocrx_word' id='word_1_788' title='bbox 3148 4770 3407 4825; x_wconf 87' lang='lat' dir='ltr'><strong>aquarum</strong></span> <span class='ocrx_word' id='word_1_789' title='bbox 3448 4764 3569 4811; x_wconf 67' lang='lat' dir='ltr'><strong>esse.</strong></span> 
     </span>
    </p>
   </div>
   <div class='ocr_carea' id='block_1_108' title="bbox 1969 4845 3567 4925">
    <p class='ocr_par' dir='ltr' id='par_1_108' title="bbox 1969 4845 3567 4925">
     <span class='ocr_line' id='line_1_108' title="bbox 1969 4845 3567 4925; baseline -0.006 -18"><span class='ocrx_word' id='word_1_790' title='bbox 1969 4852 2341 4925; x_wconf 86' lang='lat' dir='ltr'><strong>perhibentur,</strong></span> <span class='ocrx_word' id='word_1_791' title='bbox 2382 4851 2510 4922; x_wconf 89' lang='lat' dir='ltr'><strong>quia</strong></span> <span class='ocrx_word' id='word_1_792' title='bbox 2551 4864 2767 4920; x_wconf 88' lang='lat' dir='ltr'><strong>semper</strong></span> <span class='ocrx_word' id='word_1_793' title='bbox 2811 4849 2863 4903; x_wconf 91' lang='lat' dir='ltr'><strong>in</strong></span> <span class='ocrx_word' id='word_1_794' title='bbox 2912 4846 3208 4903; x_wconf 86' lang='lat' dir='ltr'><strong>reiectione</strong></span> <span class='ocrx_word' id='word_1_795' title='bbox 3264 4845 3567 4900; x_wconf 83' lang='lat' dir='ltr'><strong>divinarum</strong></span> 
     </span>
    </p>
   </div>
   <div class='ocr_carea' id='block_1_109' title="bbox 1970 4936 3566 5015">
    <p class='ocr_par' dir='ltr' id='par_1_109' title="bbox 1970 4936 3566 5015">
     <span class='ocr_line' id='line_1_109' title="bbox 1970 4936 3566 5015; baseline -0.006 -16"><span class='ocrx_word' id='word_1_796' title='bbox 1970 4941 2370 5015; x_wconf 87' lang='lat' dir='ltr'><strong>Scripturarum</strong></span> <span class='ocrx_word' id='word_1_797' title='bbox 2420 4950 2829 4998; x_wconf 91' lang='lat' dir='ltr'><strong>conversantur.</strong></span> <span class='ocrx_word' id='word_1_798' title='bbox 2861 4939 3028 4995; x_wconf 89' lang='lat' dir='ltr'><strong>Lacte</strong></span> <span class='ocrx_word' id='word_1_799' title='bbox 3053 4952 3185 4993; x_wconf 90' lang='lat' dir='ltr'><strong>vero</strong></span> <span class='ocrx_word' id='word_1_800' title='bbox 3233 4944 3359 4992; x_wconf 89' lang='lat' dir='ltr'><strong>sunt</strong></span> <span class='ocrx_word' id='word_1_801' title='bbox 3403 4936 3566 4991; x_wconf 75' lang='lat' dir='ltr'><strong>ioue:</strong></span> 
     </span>
    </p>
   </div>
   <div class='ocr_carea' id='block_1_110' title="bbox 1972 5026 3571 5107">
    <p class='ocr_par' dir='ltr' id='par_1_110' title="bbox 1972 5026 3571 5107">
     <span class='ocr_line' id='line_1_110' title="bbox 1972 5026 3571 5107; baseline -0.006 -17"><span class='ocrx_word' id='word_1_802' title='bbox 1972 5036 2098 5107; x_wconf 85' lang='lat' dir='ltr'><strong>quia</strong></span> <span class='ocrx_word' id='word_1_803' title='bbox 2129 5034 2299 5105; x_wconf 87' lang='lat' dir='ltr'><strong>gratia</strong></span> <span class='ocrx_word' id='word_1_804' title='bbox 2331 5032 2611 5089; x_wconf 88' lang='lat' dir='ltr'><strong>creatricis</strong></span> <span class='ocrx_word' id='word_1_805' title='bbox 2656 5031 2934 5101; x_wconf 66' lang='lat' dir='ltr'><strong>sapientiae</strong></span> <span class='ocrx_word' id='word_1_806' title='bbox 2965 5038 3219 5097; x_wconf 89' lang='lat' dir='ltr'><strong>tauquam</strong></span> <span class='ocrx_word' id='word_1_807' title='bbox 3272 5026 3412 5082; x_wconf 77' lang='lat' dir='ltr'><strong>lacte</strong></span> <span class='ocrx_word' id='word_1_808' title='bbox 3454 5040 3571 5080; x_wconf 69' lang='lat' dir='ltr'><strong>ma~</strong></span> 
     </span>
    </p>
   </div>
   <div class='ocr_carea' id='block_1_111' title="bbox 1971 5117 3569 5198">
    <p class='ocr_par' dir='ltr' id='par_1_111' title="bbox 1971 5117 3569 5198">
     <span class='ocr_line' id='line_1_111' title="bbox 1971 5117 3569 5198; baseline -0.006 -12"><span class='ocrx_word' id='word_1_809' title='bbox 1971 5131 2089 5198; x_wconf 89' lang='lat' dir='ltr'><strong>tris,</strong></span> <span class='ocrx_word' id='word_1_810' title='bbox 2122 5145 2153 5184; x_wconf 92' lang='lat' dir='ltr'><strong>a</strong></span> <span class='ocrx_word' id='word_1_811' title='bbox 2185 5126 2419 5198; x_wconf 89' lang='lat' dir='ltr'><strong>peccatis</strong></span> <span class='ocrx_word' id='word_1_812' title='bbox 2443 5141 2542 5197; x_wconf 89' lang='lat' dir='ltr'><strong>per</strong></span> <span class='ocrx_word' id='word_1_813' title='bbox 2590 5124 2917 5195; x_wconf 91' lang='lat' dir='ltr'><strong>baptismum</strong></span> <span class='ocrx_word' id='word_1_814' title='bbox 2945 5128 3071 5178; x_wconf 90' lang='lat' dir='ltr'><strong>sunt</strong></span> <span class='ocrx_word' id='word_1_815' title='bbox 3114 5118 3401 5175; x_wconf 70' lang='lat' dir='ltr'><strong>mundatre.</strong></span> <span class='ocrx_word' id='word_1_816' title='bbox 3430 5117 3569 5185; x_wconf 86' lang='lat' dir='ltr'><strong>Quid</strong></span> 
     </span>
    </p>
   </div>
   <div class='ocr_carea' id='block_1_112' title="bbox 1978 5209 3572 5291">
    <p class='ocr_par' dir='ltr' id='par_1_112' title="bbox 1978 5209 3572 5291">
     <span class='ocr_line' id='line_1_112' title="bbox 1978 5209 3572 5291; baseline -0.01 -12"><span class='ocrx_word' id='word_1_817' title='bbox 1978 5231 2157 5279; x_wconf 88' lang='lat' dir='ltr'><strong>autem</strong></span> <span class='ocrx_word' id='word_1_818' title='bbox 2189 5236 2287 5291; x_wconf 92' lang='lat' dir='ltr'><strong>per</strong></span> <span class='ocrx_word' id='word_1_819' title='bbox 2324 5217 2526 5275; x_wconf 83' lang='lat' dir='ltr'><strong>ﬂuenta</strong></span> <span class='ocrx_word' id='word_1_820' title='bbox 2552 5216 2890 5289; x_wconf 87' lang='lat' dir='ltr'><strong>plenissima,</strong></span> <span class='ocrx_word' id='word_1_821' title='bbox 2930 5213 3085 5283; x_wconf 87' lang='lat' dir='ltr'><strong>juxta</strong></span> <span class='ocrx_word' id='word_1_822' title='bbox 3130 5227 3250 5283; x_wconf 66' lang='lat' dir='ltr'><strong>quae</strong></span> <span class='ocrx_word' id='word_1_823' title='bbox 3296 5209 3572 5279; x_wconf 73' lang='lat' dir='ltr'><strong>resident,</strong></span> 
     </span>
    </p>
   </div>
   <div class='ocr_carea' id='block_1_113' title="bbox 1971 5305 3569 5386">
    <p class='ocr_par' dir='ltr' id='par_1_113' title="bbox 1971 5305 3569 5386">
     <span class='ocr_line' id='line_1_113' title="bbox 1971 5305 3569 5386; baseline -0.011 -13"><span class='ocrx_word' id='word_1_824' title='bbox 1971 5318 2341 5386; x_wconf 86' lang='lat' dir='ltr'><strong>intelligimus,</strong></span> <span class='ocrx_word' id='word_1_825' title='bbox 2373 5314 2476 5369; x_wconf 92' lang='lat' dir='ltr'><strong>nisi</strong></span> <span class='ocrx_word' id='word_1_826' title='bbox 2504 5327 2671 5369; x_wconf 73' lang='lat' dir='ltr'><strong>sacrm</strong></span> <span class='ocrx_word' id='word_1_827' title='bbox 2698 5309 2987 5379; x_wconf 89' lang='lat' dir='ltr'><strong>Scripturae</strong></span> <span class='ocrx_word' id='word_1_828' title='bbox 3014 5305 3278 5378; x_wconf 88' lang='lat' dir='ltr'><strong>profunda</strong></span> <span class='ocrx_word' id='word_1_829' title='bbox 3300 5312 3354 5359; x_wconf 91' lang='lat' dir='ltr'><strong>et</strong></span> <span class='ocrx_word' id='word_1_830' title='bbox 3374 5314 3569 5361; x_wconf 84' lang='lat' dir='ltr'><strong>arcana</strong></span> 
     </span>
    </p>
   </div>
   <div class='ocr_carea' id='block_1_114' title="bbox 1975 5395 3569 5479">
    <p class='ocr_par' dir='ltr' id='par_1_114' title="bbox 1975 5395 3569 5479">
     <span class='ocr_line' id='line_1_114' title="bbox 1975 5395 3569 5479; baseline -0.011 -12"><span class='ocrx_word' id='word_1_831' title='bbox 1975 5412 2147 5479; x_wconf 88' lang='lat' dir='ltr'><strong>dicta,</strong></span> <span class='ocrx_word' id='word_1_832' title='bbox 2178 5424 2297 5479; x_wconf 72' lang='lat' dir='ltr'><strong>qua:</strong></span> <span class='ocrx_word' id='word_1_833' title='bbox 2323 5407 2697 5477; x_wconf 86' lang='lat' dir='ltr'><strong>discerpimus,</strong></span> <span class='ocrx_word' id='word_1_834' title='bbox 2738 5402 2933 5472; x_wconf 89' lang='lat' dir='ltr'><strong>quibus</strong></span> <span class='ocrx_word' id='word_1_835' title='bbox 2960 5416 3059 5457; x_wconf 92' lang='lat' dir='ltr'><strong>nos</strong></span> <span class='ocrx_word' id='word_1_836' title='bbox 3097 5398 3394 5463; x_wconf 80' lang='lat' dir='ltr'><strong>reﬁcimus,</strong></span> <span class='ocrx_word' id='word_1_837' title='bbox 3441 5395 3569 5450; x_wconf 89' lang='lat' dir='ltr'><strong>dum</strong></span> 
     </span>
    </p>
   </div>
   <div class='ocr_carea' id='block_1_115' title="bbox 1976 5488 3567 5571">
    <p class='ocr_par' dir='ltr' id='par_1_115' title="bbox 1976 5488 3567 5571">
     <span class='ocr_line' id='line_1_115' title="bbox 1976 5488 3567 5571; baseline -0.009 -12"><span class='ocrx_word' id='word_1_838' title='bbox 1976 5518 2041 5559; x_wconf 88' lang='lat' dir='ltr'><strong>ea</strong></span> <span class='ocrx_word' id='word_1_839' title='bbox 2093 5500 2320 5571; x_wconf 89' lang='lat' dir='ltr'><strong>legendo</strong></span> <span class='ocrx_word' id='word_1_840' title='bbox 2363 5499 2451 5553; x_wconf 90' lang='lat' dir='ltr'><strong>vel</strong></span> <span class='ocrx_word' id='word_1_841' title='bbox 2499 5494 2766 5551; x_wconf 86' lang='lat' dir='ltr'><strong>audiendo</strong></span> <span class='ocrx_word' id='word_1_842' title='bbox 2795 5492 3110 5548; x_wconf 84' lang='lat' dir='ltr'><strong>haurimus?</strong></span> <span class='ocrx_word' id='word_1_843' title='bbox 3155 5489 3236 5545; x_wconf 88' lang='lat' dir='ltr'><strong>Ad</strong></span> <span class='ocrx_word' id='word_1_844' title='bbox 3267 5489 3373 5544; x_wconf 90' lang='lat' dir='ltr'><strong>hoc</strong></span> <span class='ocrx_word' id='word_1_845' title='bbox 3402 5488 3567 5544; x_wconf 91' lang='lat' dir='ltr'><strong>etiam</strong></span> 
     </span>
    </p>
   </div>
   <div class='ocr_carea' id='block_1_116' title="bbox 1974 5581 3567 5663">
    <p class='ocr_par' dir='ltr' id='par_1_116' title="bbox 1974 5581 3567 5663">
     <span class='ocr_line' id='line_1_116' title="bbox 1974 5581 3567 5663; baseline -0.011 -10"><span class='ocrx_word' id='word_1_846' title='bbox 1974 5594 2238 5653; x_wconf 88' lang='lat' dir='ltr'><strong>columbae</strong></span> <span class='ocrx_word' id='word_1_847' title='bbox 2267 5592 2422 5663; x_wconf 80' lang='lat' dir='ltr'><strong>juxta</strong></span> <span class='ocrx_word' id='word_1_848' title='bbox 2444 5590 2645 5645; x_wconf 83' lang='lat' dir='ltr'><strong>ﬂuenta</strong></span> <span class='ocrx_word' id='word_1_849' title='bbox 2674 5585 2913 5643; x_wconf 87' lang='lat' dir='ltr'><strong>residere</strong></span> <span class='ocrx_word' id='word_1_850' title='bbox 2938 5586 3143 5651; x_wconf 89' lang='lat' dir='ltr'><strong>solent,</strong></span> <span class='ocrx_word' id='word_1_851' title='bbox 3183 5591 3244 5639; x_wconf 89' lang='lat' dir='ltr'><strong>ut</strong></span> <span class='ocrx_word' id='word_1_852' title='bbox 3270 5581 3567 5639; x_wconf 86' lang='lat' dir='ltr'><strong>volantium</strong></span> 
     </span>
    </p>
   </div>
   <div class='ocr_carea' id='block_1_117' title="bbox 2050 5764 3562 5837">
    <p class='ocr_par' dir='ltr' id='par_1_117' title="bbox 2050 5764 3562 5837">
     <span class='ocr_line' id='line_1_117' title="bbox 2050 5764 3562 5837; baseline -0.015 -4"><span class='ocrx_word' id='word_1_853' title='bbox 2050 5787 2073 5817; x_wconf 74' lang='grc' dir='ltr'><strong>ο</strong></span> <span class='ocrx_word' id='word_1_854' title='bbox 2104 5776 2163 5832; x_wconf 87' lang='lat' dir='ltr'><strong>In</strong></span> <span class='ocrx_word' id='word_1_855' title='bbox 2185 5772 2456 5831; x_wconf 89' lang='lat' dir='ltr'><strong>nonnullis</strong></span> <span class='ocrx_word' id='word_1_856' title='bbox 2484 5772 2611 5830; x_wconf 83' lang='lat' dir='ltr'><strong>Mss.</strong></span> <span class='ocrx_word' id='word_1_857' title='bbox 2638 5779 2696 5831; x_wconf 90' lang='lat' dir='ltr'><strong>et</strong></span> <span class='ocrx_word' id='word_1_858' title='bbox 2714 5769 2967 5833; x_wconf 84' lang='lat' dir='ltr'><strong>omnibus</strong></span> <span class='ocrx_word' id='word_1_859' title='bbox 2987 5769 3222 5837; x_wconf 79' lang='lat' dir='ltr'><strong>excusis,</strong></span> <span class='ocrx_word' id='word_1_860' title='bbox 3253 5764 3391 5825; x_wconf 82' lang='lat' dir='ltr'><strong>oculi</strong></span> <span class='ocrx_word' id='word_1_861' title='bbox 3414 5774 3562 5832; x_wconf 87' lang='lat' dir='ltr'><strong>spon-</strong></span> 
     </span>
    </p>
   </div>
   <div class='ocr_carea' id='block_1_118' title="bbox 1975 5844 2645 5917">
    <p class='ocr_par' dir='ltr' id='par_1_118' title="bbox 1975 5844 2645 5917">
     <span class='ocr_line' id='line_1_118' title="bbox 1975 5844 2645 5917; baseline -0.001 -12"><span class='ocrx_word' id='word_1_862' title='bbox 1975 5864 2049 5907; x_wconf 77' lang='lat' dir='ltr'><strong>sa:</strong></span> <span class='ocrx_word' id='word_1_863' title='bbox 2070 5867 2090 5917; x_wconf 86' lang='lat'><strong><em>;</em></strong></span> <span class='ocrx_word' id='word_1_864' title='bbox 2129 5862 2314 5908; x_wconf 89' lang='lat' dir='ltr'><strong>errore</strong></span> <span class='ocrx_word' id='word_1_865' title='bbox 2341 5844 2645 5909; x_wconf 87' lang='lat' dir='ltr'><strong>manifesto.</strong></span> 
     </span>
    </p>
   </div>
   <div class='ocr_carea' id='block_1_119' title="bbox 3168 6000 3241 6060">
    <p class='ocr_par' dir='ltr' id='par_1_119' title="bbox 3168 6000 3241 6060">
     <span class='ocr_line' id='line_1_119' title="bbox 3168 6000 3241 6060; baseline -0.055 0"><span class='ocrx_word' id='word_1_866' title='bbox 3168 6000 3241 6060; x_wconf 86' lang='grc'><strong>17</strong></span> 
     </span>
    </p>
   </div>
   <div class='ocr_carea' id='block_1_120' title="bbox 2038 6046 2079 6109">
    <p class='ocr_par' dir='ltr' id='par_1_120' title="bbox 2038 6046 2079 6109">
     <span class='ocr_line' id='line_1_120' title="bbox 2038 6046 2079 6109; baseline 0 -58"><span class='ocrx_word' id='word_1_867' title='bbox 2038 6075 2045 6109; x_wconf 55' lang='lat'><strong>’</strong></span> <span class='ocrx_word' id='word_1_868' title='bbox 2074 6046 2079 6051; x_wconf 82' lang='lat'><strong>.</strong></span> 
     </span>
    </p>
   </div>
   <div class='ocr_carea' id='block_1_121' title="bbox 3705 5722 3717 5767">
    <p class='ocr_par' dir='ltr' id='par_1_121' title="bbox 3705 5722 3717 5767">
     <span class='ocr_line' id='line_1_121' title="bbox 3705 5722 3717 5767; baseline 0 -4"><span class='ocrx_word' id='word_1_869' title='bbox 3705 5722 3717 5767; x_wconf 65' lang='grc' dir='ltr'><strong><em>ἐ</em></strong></span> 
     </span>
    </p>
   </div>
  </div>
