4052 6338
1014 378 1048 405 φ

457 426 559 498 ssi

1643 426 1886 511 SANng
1924 414 2253 483 caecatur
2290 414 2505 479 metu

3637 402 3741 469 ωε

455 557 519 611 li;
547 546 792 610 hostibus
822 546 1065 621 apparet.
1115 536 1173 604 Si
1221 560 1319 618 per
1372 544 1699 602 discordiam
1741 542 2041 609 scinditur,
2072 542 2123 603 Α
2150 552 2372 594 monum
2410 532 2589 605 gladio
2639 528 2792 587 verbi
2834 533 3140 602 pugnantes
3186 525 3348 601 5.55
3397 522 3721 584 abstrahunt

454 644 691 713 undique
720 643 787 697 ab
814 640 1057 696 hostibus
1087 638 1279 693 leviter
1305 645 1637 707 penetratur.
1666 634 1809 691 Pace
1846 650 1905 691 se
1936 636 2042 689 ita-

454 754 558 810 que
581 737 786 792 muniat
812 776 825 799 ,
856 734 1063 789 unitate
1102 747 1162 787 se
1188 731 1416 797 vinciat,
1461 729 1722 784 charitate
1764 742 1823 783 se
1852 727 2043 794 uniat;

452 847 514 892 ut
532 836 659 891 dum
690 834 744 887 in
773 832 949 902 seipsa
975 846 1074 901 per
1093 830 1382 885 scissuram
1405 825 1661 881 damnum
1685 838 1791 877 non
1820 821 2046 892 patitur,

453 931 645 987 ducem
691 943 845 983 suum
890 940 1107 994 semper
1144 922 1417 978 exsultans
1458 919 1576 974 sine
1613 915 1929 973 confusione
1955 928 2046 969 se-

455 1030 674 1094 quatur.
715 1018 774 1074 In
806 1033 939 1089 pace
966 1018 1166 1088 quippe
1192 1014 1377 1069 oculus
1405 1011 1601 1065 mentis
1639 1008 1945 1071 mundatur,
1985 1011 2048 1059 ut

456 1116 509 1169 in
564 1113 736 1183 ipsam
792 1107 1142 1166 beatitudinis
1182 1106 1444 1161 visionem
1492 1100 1819 1157 intendatur.
1872 1097 2049 1164 Quam

459 1221 620 1260 nemo
652 1205 791 1260 sicut
820 1209 921 1267 est,
956 1203 1010 1256 in
1038 1200 1141 1255 hac
1165 1200 1275 1253 vita
1302 1196 1604 1265 conspicut;
1636 1195 1762 1264 quia
1794 1190 2045 1261 impossi-

454 1300 563 1355 bile
591 1306 674 1354 est
701 1297 927 1370 patriam
961 1304 1175 1359 tenere,
1208 1291 1336 1345 dum
1368 1291 1420 1343 in
1452 1286 1643 1343 exsilio
1674 1284 2046 1353 unusquisque

454 1398 701 1447 nostrum
747 1388 927 1459 gemit.
981 1385 1107 1440 Ideo
1152 1392 1354 1440 sanctae
1401 1380 1593 1435 animas
1640 1373 2000 1432 iuardescenti
2026 1410 2045 1441 ,

454 1484 700 1550 iubianti,
736 1476 1114 1552 propinquanti
1144 1476 1388 1545 Sponsus
1416 1469 1725 1542 respondet,
1749 1468 1932 1521 dicens
1956 1481 1971 1518 ε

531 1577 705 1648 (Vers.
755 1573 834 1641 4.)
874 1573 1053 1626 Averte
1101 1568 1275 1627 oculos
1323 1575 1435 1621 tuos
1463 1582 1496 1618 a
1540 1580 1643 1631 me,
1672 1561 1791 1633 quia
1831 1558 1931 1629 ipsi
1966 1569 2049 1611 me

453 1669 663 1723 avolare
690 1668 937 1738 fecerunt.

522 1758 576 1813 4.
616 1758 812 1813 Oculos
855 1756 921 1810 ad
974 1754 1243 1826 Sponsum
1288 1751 1579 1815 tendimus,
1630 1746 1755 1802 dum
1797 1743 2050 1799 intuitum

453 1848 654 1905 mentis
679 1847 746 1903 ad
773 1844 1062 1902 videndam
1094 1843 1296 1899 Christi
1324 1839 1709 1898 beatitudinem
1738 1837 2047 1903 aliquantu-

2149 630 2284 697 Quid
2310 624 2620 697 hujusmodi
2642 624 2834 679 anima:
2849 623 2950 679 nisi
2978 623 3177 692 regina:
3200 622 3459 687 existunt,
3476 634 3599 689 qua:
3618 622 3729 674 durs

2148 737 2333 792 regem
2360 719 2633 775 Christum
2659 732 2914 789 Sponsum
2946 731 3102 771 suum
3132 714 3286 769 valde
3314 713 3561 783 diligunt,
3582 728 3738 769 amo-

2149 817 2224 872 ris
2257 814 2632 872 commistione
2676 819 2732 867 et
2768 810 3003 865 libidinis
3037 808 3424 874 execratione,
3454 809 3638 877 regios
3683 808 3725 863 ﬁ-

2147 907 2269 974 lios,
2300 906 2353 961 id
2375 912 2459 961 est
2482 903 2666 959 ﬁdeles
2699 902 2930 972 populos
2956 900 3222 970 gignunt?
3263 899 3469 965 Quibus
3492 900 3745 959 omnibus

2148 998 2338 1052 beatus
2368 993 2558 1051 Petrus
2606 991 2884 1063 apostolus
2930 990 3189 1046 dicebat:
3227 988 3332 1043 Vos
3381 998 3553 1042 autem
3586 1007 3745 1060 genus
3823 1004 3826 1007 '

2149 1091 2382 1152 electum,
2413 1088 2587 1159 regale
2612 1085 2958 1140 sacerdotium
2976 1124 2991 1150 ,
3020 1099 3145 1155 gens
3173 1091 3379 1146 sancta,
3404 1082 3624 1153 populus
3656 1100 3746 1135 ae-

2149 1179 2438 1253 quisitionis
2461 1176 2514 1251 (1
2542 1178 2655 1232 Pet.
2680 1192 2738 1243 ιι,
2775 1177 2852 1246 9).
2908 1174 3014 1230 Sed
3065 1174 3263 1244 regina:
3310 1173 3588 1241 sexaginta
3628 1187 3748 1229 esse

2148 1271 2518 1342 perhibentur.
2548 1269 2807 1324 Denarius
2836 1268 3035 1337 quippe
3062 1280 3319 1321 numerus
3345 1279 3443 1335 per
3471 1265 3747 1318 senarium

2150 1362 2535 1433 multiplicatus
2563 1361 2617 1416 in
2639 1360 2918 1429 sexaginta
2942 1359 3266 1430 completur.
3293 1357 3360 1412 Et
3389 1358 3516 1427 quid
3540 1374 3638 1427 per
3658 1357 3750 1411 de-

2150 1454 2383 1520 narium,
2416 1454 2517 1509 nisi
2544 1453 2728 1508 decem
2758 1460 3026 1523 przecepta
3058 1450 3242 1520 Legis;
3289 1449 3497 1519 etquid
3536 1465 3636 1519 per
3659 1464 3749 1505 se-

2150 1547 2401 1613 narium,
2451 1546 2553 1601 nisi
2600 1545 2753 1600 labor
2784 1544 2941 1615 hujus
2985 1544 3107 1598 vita:
3149 1544 3431 1613 signatur?
3470 1542 3582 1599 Sex
3607 1543 3749 1601 enim

2152 1638 2342 1695 diebus
2366 1638 2510 1710 quod
2533 1638 2895 1693 necessarium
2918 1645 3001 1692 est
3020 1651 3330 1706 operamur,
3356 1644 3409 1691 et
3436 1636 3493 1690 in
3518 1634 3749 1705 septimo

2152 1732 2433 1801 quiescere
2462 1746 2559 1801 per
2589 1728 2787 1799 Legem
2812 1728 3065 1797 jubemur
3098 1726 3295 1797 (Exod.
3328 1743 3461 1782 xxnr
3488 1735 3539 1781 et
3571 1727 3746 1797 xxxi).

2152 1822 2300 1878 Bene
2346 1836 2473 1891 ergo
2518 1822 2795 1891 sexaginta
2862 1820 3063 1889 reginae
3109 1834 3230 1875 esse
3285 1818 3579 1886 dicuntur;
3622 1818 3747 1887 quia

453 1940 564 1996 lum
593 1938 886 2011 aperimus.
933 1936 1038 1991 Sed
1068 1935 1259 1991 oculos
1298 1941 1543 1989 avertere
1580 1928 1943 2001 praecipimur,
1983 1939 2053 1981 ne
2081 1931 2133 1993 Β
2157 1916 2285 1971 dum
2314 1915 2501 1971 decem
2532 1922 2798 1985 pmcepta
2828 1913 2882 1969 in
2908 1915 3031 2011 .boc
3058 1912 3256 1968 smculo
3295 1921 3614 1983 operantur,
3647 1926 3751 1966 saa-

454 2030 713 2086 videlicet
754 2028 1000 2098 aspicere
1043 2041 1164 2082 eam
1208 2026 1363 2081 sicuti
1412 2034 1532 2091 est,
1581 2029 2057 2091 quantumcunque

453 2122 732 2176 videamus
751 2162 767 2188 ,
800 2119 1143 2174 arbitremur.
1192 2118 1296 2188 lpsi
1325 2118 1466 2172 enim
1496 2114 1641 2171 oculi
1685 2129 1807 2168 eum
1836 2111 2056 2169 avolare

454 2210 730 2276 fecerunt;
759 2210 883 2280 quia
910 2226 1017 2280 quo
1047 2210 1279 2280 amplius
1307 2209 1542 2275 videtur,
1570 2221 1636 2262 eo
1668 2206 1839 2274 magis
1867 2204 2055 2260 invisi-

455 2302 576 2357 bilis
604 2317 719 2356 esse
748 2302 1111 2370 cognoscitur.
1144 2299 1208 2355 Et
1236 2317 1266 2355 a
1292 2299 1447 2355 nobis
1473 2298 1683 2364 avolat;
1729 2297 1854 2366 quia
1881 2312 2057 2365 quan-

451 2392 844 2462 tulumcunque
898 2392 1006 2447 ictu
1049 2391 1244 2447 mentis
1295 2388 1703 2459 apprehensus,
1750 2387 2056 2456 incompre-

455 2477 794 2534 hensibiliter
821 2493 983 2548 super
1011 2492 1223 2532 omnem
1261 2484 1517 2532 conatum
1544 2482 1787 2529 nostrum
1822 2488 1881 2527 se
1905 2471 2055 2527 exal-

455 2578 626 2625 tatum
660 2585 780 2625 esse
823 2569 1153 2626 manifestat.
1208 2566 1361 2623 Oculi
1416 2568 1616 2639 quippe
1662 2566 1858 2620 mentis
1896 2562 2053 2634 quasi

456 2659 561 2716 hoc
588 2659 827 2715 efﬁciunt
858 2669 915 2715 ut
945 2660 1162 2726 avolet;
1193 2659 1321 2729 quia
1348 2673 1445 2729 per
1472 2658 1579 2712 hoc
1605 2656 1874 2710 tantillum
1904 2651 2051 2724 quod

456 2754 687 2819 videtur,
718 2753 877 2810 valde
895 2753 1224 2825 longinquus
1252 2762 1308 2809 et
1361 2752 1584 2808 avolans
1618 2767 1652 2807 a
1688 2750 1864 2818 nobis,
1911 2748 2053 2805 sicut

454 2842 659 2899 dictum
698 2853 799 2911 est,
840 2854 1084 2914 apparet.
1114 2843 1375 2915 Sequitur
1405 2861 1419 2897 :

526 2935 705 3007 (Vers.
735 2933 877 3006 4-6.)
919 2933 1108 3006 Capilli
1137 2937 1211 2989 tui
1236 2937 1367 2989 sicut
1396 2951 1576 3006 greges
1604 2947 1901 3003 caprarum,
1920 2939 1942 2965 °
1965 2931 2054 3002 qui

454 3024 795 3077 ascenderunt
825 3024 888 3076 de
908 3032 1080 3077 monte
1110 3022 1336 3079 Galaad.
1368 3023 1559 3078 Dentes
1591 3024 1663 3076 tui
1704 3024 1835 3077 sicut
1874 3038 2053 3093 greges

456 3122 486 3152 ξ)
517 3125 783 3170 tonsarum
806 3116 1009 3180 ovium,
1042 3131 1156 3185 quae
1185 3114 1529 3169 ascenderunt
1558 3114 1621 3168 de
1667 3114 1907 3178 lavacro;
1938 3128 2053 3167 om-

459 3227 549 3265 nes
577 3207 805 3281 gemellis
834 3205 1042 3279 fetibus,
1070 3217 1118 3262 et
1148 3208 1337 3262 sterilis
1365 3224 1468 3262 non
1492 3216 1567 3262 est
1602 3220 1624 3247 ο
1656 3208 1791 3260 inter
1816 3221 1922 3260 eos.

2160 2006 2341 2063 culum
2370 2014 2549 2061 autem
2598 2005 2704 2060 hoc
2749 2018 2845 2059 sex
2870 2002 3057 2059 diebus
3090 2001 3414 2074 operatoriis
3442 2001 3711 2058 evolvitur
3733 2042 3749 2068 ,

2162 2099 2218 2153 in
2249 2100 2329 2154 eis
2359 2097 2511 2167 quasi
2534 2113 2629 2168 per
2653 2097 2924 2153 senarium
2960 2111 3272 2162 numerum,
3307 2094 3567 2151 denarius
3590 2094 3753 2165 repli-

2161 2201 2333 2248 catur.
2360 2191 2659 2247 Prazdicant
2686 2191 2829 2247 enim
2846 2191 3047 2260 quique
3072 2189 3259 2247 decem
3280 2198 3553 2260 praecepta
3574 2188 3752 2259 Legis,

2158 2292 2215 2347 in
2243 2305 2472 2360 quorum
2520 2289 2839 2359 operatione
2886 2301 2946 2343 se
2977 2294 3234 2343 exercent
3263 2286 3317 2340 in
3351 2286 3753 2354 temporalitate

2159 2382 2320 2451 hujus
2365 2380 2745 2451 corruptionis.
2775 2379 2898 2449 {Sex
2948 2378 3111 2447 igitur
3155 2377 3375 2441 decies,
3428 2375 3515 2430 vel
3566 2375 3753 2430 decem

2159 2476 2334 2530 sexies
2362 2472 2759 2543 multiplicant;
2804 2470 2929 2540 quia
2973 2469 3276 2525 universale
3305 2469 3410 2524 hoc
3447 2477 3668 2539 tempus
3700 2467 3754 2525 in

2159 2566 2427 2638 explenda
2451 2564 2637 2621 decem
2664 2572 2932 2635 pmcepta
2956 2562 3113 2633 Legis
3134 2562 3447 2633 spiritaliter
3470 2576 3594 2615 esse
3612 2572 3754 2615 tran-

2158 2658 2457 2728 sigendum,
2489 2656 2744 2727 Operibus
2781 2654 2892 2711 suis
2919 2654 3287 2719 manifestam,
3332 2660 3390 2707 et
3415 2652 3595 2707 verbo
3616 2667 3752 2722 prm-

2158 2750 2359 2805 dicant.
2392 2747 2631 2814 Quorum
2661 2745 2874 2802 laudem
2905 2745 2958 2799 in
2988 2744 3094 2799 hoc
3120 2741 3324 2799 mundo
3351 2741 3641 2813 aliquando
3667 2756 3751 2796 re-

2152 2841 2317 2912 probi
2347 2838 2654 2909 aspiciunt;
2682 2845 2737 2893 et
2762 2844 2822 2892 ut
2847 2834 3094 2890 similiter
3120 2833 3429 2899 laudentur,
3463 2832 3549 2887 vel
3577 2840 3634 2886 ut
3654 2830 3752 2885 ali-

2159 2932 2303 3002 quod
2344 2929 2684 2988 commodum
2715 2930 2769 2984 in
2812 2928 2915 2983 hac
2955 2928 3066 2982 vita
3115 2926 3609 2997 quomodocunque
3644 2924 3756 2979 adi-

2158 3032 2467 3104 piscantur,
2526 3028 2689 3086 etiam
2744 3025 2847 3097 ipsi
2884 3040 2981 3095 per
3009 3022 3333 3093 semetipsos
3376 3020 3758 3092 praedicatores

2161 3121 2318 3178 ﬁunt.
2350 3119 2426 3179 De
2454 3120 2648 3194 quibus
2675 3119 2813 3175 bene
2841 3116 3086 3174 subditur
3116 3133 3129 3171 :
3175 3113 3245 3169 Et
3276 3115 3535 3186 octoginta
3561 3129 3756 3169 concu-

2160 3212 2316 3270 bime.

530 3300 680 3357 Sicut
710 3306 887 3356 cortex
938 3300 1064 3355 mali
1113 3301 1318 3371 punici,
1358 3301 1433 3355 sic
1481 3315 1627 3372 gena:
1659 3307 1781 3366 tute,
1810 3296 1835 3335 δ
1866 3297 2060 3368 absque
2089 3323 2136 3388 ρ
2237 3307 2290 3361 7.
2338 3304 2663 3363 Concubinaa
2703 3303 2905 3376 quippe
2938 3316 3044 3358 non
3085 3314 3242 3366 vere,
3286 3296 3379 3355 sed
3419 3298 3549 3353 ﬁcte
3581 3295 3750 3353 domi.

460 3393 691 3449 occultis.

532 3487 585 3545 5.
626 3486 752 3545 Haec
776 3490 960 3545 omnia
987 3488 1133 3544 dicta
1164 3486 1233 3542 de
1252 3485 1493 3543 Ecclesia
1520 3486 1766 3558 superius
1788 3526 1804 3555 ,
1854 3493 1913 3541 ut
1958 3500 2060 3556 po-

460 3582 684 3647 tuimus,
713 3582 1093 3652 exposuimus;
1128 3580 1251 3635 ideo
1279 3596 1421 3636 nunc
1444 3582 1510 3635 de
1555 3579 1837 3651 Synagoga
1862 3578 2055 3635 eadem

461 3672 727 3741 replicare
754 3673 1069 3728 devitamus.
1104 3671 1279 3727 Unum
1305 3680 1388 3728 est
1416 3680 1597 3727 tamen
1628 3672 1772 3741 quod
1817 3686 1926 3726 non
1977 3671 2055 3726 si-

466 3762 665 3821 militer
693 3763 988 3832 repetitur;
1017 3763 1143 3831 quia
1191 3762 1264 3816 ibi
1297 3763 1435 3819 sicut
1474 3763 1769 3830 fragmenta
1799 3762 1925 3816 mali
1957 3778 2060 3831 pu—

461 3854 592 3918 nici,
623 3853 711 3908 hic
736 3860 916 3907 autem
938 3853 1079 3907 sicut
1105 3860 1292 3907 cortex
1324 3853 1451 3907 mali
1482 3852 1659 3922 punici
1689 3853 1903 3909 dicitur.
1937 3851 2062 3919 Quo

463 3946 599 4006 nihil
623 3945 767 4000 aliud
792 3945 1061 4013 designari
1091 3952 1245 4014 puto,
1273 3945 1373 3999 nisi
1397 3946 1707 4014 sanguinem
1735 3952 2058 4016 martyrum,

468 4038 559 4109 qui
581 4039 680 4093 sub
702 4037 1032 4093 Antichristo
1054 4036 1390 4093 morientur:
1422 4044 1478 4092 et
1504 4037 1763 4091 unitatem
1793 4035 1935 4102 ﬁdei,
1958 4036 2063 4092 sub

462 4144 571 4200 qua
611 4130 764 4185 multi
805 4128 1110 4185 Iudaeorum
1150 4128 1500 4198 stringentur.
1533 4127 1592 4181 lu
1625 4127 1774 4197 cujus
1804 4134 2061 4183 constan-

462 4225 538 4281 tia
584 4225 713 4280 dum
760 4225 1033 4293 sanguinis
1078 4222 1395 4279 effusionem
1440 4224 1732 4294 patientur,
1783 4223 1904 4278 ﬁdei
1961 4222 2065 4277 tri-

464 4315 742 4371 bulatione
793 4315 947 4387 quasi
1000 4315 1218 4372 corticis
1246 4316 1447 4371 rubore
1488 4314 1908 4371 decorabuntur.
1960 4313 2061 4370 Se-

476 4406 662 4475 quitur
686 4423 700 4460 :

539 4495 718 4568 σει-ε.
754 4496 829 4568 7.)
872 4497 1160 4569 Sexaginta
1186 4507 1305 4553 sunt
1325 4502 1538 4570 reginat,
1568 4508 1617 4555 et
1646 4502 1909 4574 octoginta
1929 4516 2064 4558 conv

467 4588 673 4645 cubina:
690 4608 710 4655 ;
741 4600 790 4644 et
810 4591 1309 4646 adolescentularum
1333 4608 1437 4647 non
1466 4603 1541 4649 est
1562 4611 1824 4650 numerus.

2166 3415 2267 3456 nos
2320 3397 2566 3467 diligunt,
2625 3403 2681 3452 et
2715 3396 2782 3451 ab
2821 3395 2900 3450 eis
2935 3409 3044 3448 non
3076 3391 3449 3463 posteritatem
3491 3388 3755 3455 ﬁliorum,

2170 3502 2195 3530 θ
2213 3491 2308 3547 sed
2327 3489 2670 3560 prmsentiam
2699 3492 2981 3558 expetunt,
3003 3499 3106 3540 nec
3135 3483 3467 3538 continentia
3505 3497 3565 3537 se
3602 3497 3757 3537 exer-

2168 3592 2313 3650 cent,
2356 3582 2453 3638 sed
2490 3580 2766 3636 libidinem
2815 3578 3036 3651 explere
3061 3577 3473 3649 concupiscunt.
3505 3575 3597 3631 Sic
3644 3575 3761 3634 falsi

2168 3676 2549 3748 praedicatores
2603 3673 2657 3729 in
2697 3671 2942 3729 Ecclesia
2983 3672 3225 3727 existunt
3276 3688 3290 3724 :
3331 3670 3458 3741 quia
3485 3669 3617 3724 dum
3657 3686 3760 3728 non

2169 3766 2463 3836 Christum,
2496 3766 2592 3823 sed
2623 3766 2829 3821 lucrum
2854 3764 2941 3820 vel
2983 3764 3199 3819 laudem
3230 3763 3478 3832 diligunt,
3512 3778 3622 3817 non
3650 3761 3760 3831 spi-

2168 3860 2400 3917 ritaliter
2430 3868 2484 3915 et
2514 3868 2682 3924 caste,
2716 3856 2810 3914 sed
2838 3855 3130 3913 carnaliter
3157 3863 3213 3911 et
3238 3854 3523 3909 libidinose
3547 3851 3765 3908 Christo

2170 3966 2231 4007 se
2285 3949 2635 4019 conjungunt.
2699 3947 2845 4003 Bene
2907 3961 3034 4017 ergo
3089 3946 3411 4002 concubina:
3466 3952 3763 4008 vocantur;

2172 4042 2297 4113 quia
2323 4039 2598 4095 Christum
2628 4054 2787 4111 quem
2825 4038 3139 4109 praedicant,
3182 4054 3291 4093 non
3332 4038 3383 4092 in
3413 4036 3628 4107 spiritu,
3672 4032 3768 4090 sed

2172 4146 2339 4187 carne
2370 4139 2664 4187 sectantur.
2707 4128 2783 4184 De
2824 4128 3018 4198 quibus
3054 4128 3330 4198 apostolus
3372 4125 3572 4181 Paulus
3611 4126 3760 4180 dice‘

2173 4227 2270 4282 bat
2300 4243 2313 4279 :
2350 4223 2368 4261 ί
2394 4223 2550 4279 Multi
2589 4224 2792 4297 quidem
2821 4224 3101 4278 secundum
3124 4240 3332 4277 carnem
3350 4222 3635 4285 ambulant,
3674 4216 3769 4275 sed

2176 4318 2570 4375 nonsecundum
2584 4315 2845 4372 Christum
2869 4316 3129 4387 (Phil.m,
3164 4315 3372 4386 58.)De
3393 4316 3591 4384 quibus
3622 4314 3765 4369 idem

2177 4415 2295 4484 ipse
2334 4412 2410 4467 ait
2442 4430 2455 4464 :
2491 4410 2632 4474 Quos
2670 4426 2806 4479 δαέρα
2844 4407 3077 4463 dicebant
3121 4407 3293 4477 vobis,
3341 4424 3477 4461 nunc
3511 4416 3682 4460 autem
3724 4414 3772 4459 et

2180 4508 2309 4578 flens
2339 4505 2477 4570 dico,
2522 4502 2758 4555 inimicos
2788 4502 2956 4555 crucis
2986 4498 3201 4567 Christi,
3232 4515 3449 4569 quorum
3486 4498 3607 4567 ﬁnis
3637 4498 3772 4551 inte-

2180 4600 2329 4665 ritus,
2370 4612 2583 4670 quorum
2618 4596 2741 4648 deus
2778 4603 2951 4649 venter
2987 4602 3083 4649 est.
3125 4593 3202 4648 De
3244 4591 3436 4662 quibus
3477 4592 3593 4661 ipse
3630 4590 3773 4644 idem

539 4680 593 4736 6.
634 4680 773 4748 Quid
801 4698 899 4752 per
942 4684 1185 4752 reginas,
1221 4683 1321 4739 nisi
1359 4692 1669 4740 sanctorum
1694 4687 1886 4740 animae
1915 4683 2066 4741 desio
2089 4716 2154 4784 1)
2181 4693 2256 4747 ait
2289 4709 2301 4743 :
2350 4687 2667 4760 Hujusmodi
2706 4702 2811 4741 non
2850 4686 3074 4740 serviunt
3103 4684 3328 4740 Domino
3357 4683 3484 4738 Jesu
3509 4724 3524 4749 ,
3558 4682 3651 4735 sed
3679 4697 3774 4736 suo

471 4782 732 4844 gnantur;
762 4790 881 4846 qum
906 4777 1290 4847 dum.corpora
1319 4792 1413 4832 sua
1444 4777 1736 4847 prudenter
1760 4786 1977 4847 regunt,
2004 4784 2062 4834 et

468 4865 585 4921 aliis
613 4875 873 4936 praesunt,
894 4882 1120 4938 regnum
1142 4869 1242 4924 sibi
1261 4878 1520 4924 aeternum
1563 4871 1879 4939 acquirunt?
1925 4871 2066 4927 Sunt

471 4964 613 5019 enim
645 4964 886 5019 nonnulli
924 4966 978 5019 in
1018 4973 1206 5021 sancta
1247 4963 1487 5020 Ecclesia
1532 4967 1622 5035 qui
1654 4981 1870 5021 carnem
1908 4980 2063 5020 suam

468 5061 773 5118 macerant,
804 5064 859 5110 et
884 5065 1107 5126 propter
1146 5055 1314 5110 Deum
1346 5053 1610 5122 afﬂigunt,
1645 5055 1774 5110 vitia
1802 5055 2062 5123 vincunt,

471 5143 742 5200 (13311101165
766 5144 916 5199 velut
937 5152 1197 5218 tyrannos
1218 5145 1319 5201 sibi
1344 5144 1654 5213 subjiciunt,
1677 5159 1865 5200 omnes
1885 5153 2068 5200 motus

474 5250 597 5291 suos
620 5243 680 5290 ut
713 5235 960 5291 ordinate
986 5246 1226 5303 currant,
1254 5235 1526 5307 sapienter
1548 5244 1766 5307 regunt,
1786 5236 1905 5292 aliis
1926 5252 2066 5307 prte-

2180 4782 2346 4839 ventri
2397 4779 2576 4851 (Rom.
2610 4794 2721 4847 xvr,
2766 4776 2880 4848 18).
2911 4784 3040 4845 Quae
3069 4786 3249 4833 tamen
3291 4776 3608 4833 concubinae
3634 4775 3774 4830 bene

2182 4876 2459 4946 octoginta
2501 4888 2623 4932 esse
2673 4872 2957 4939 dicuntur;
2999 4872 3125 4941 quia
3162 4871 3265 4927 etsi
3310 4878 3425 4926 toto
3471 4868 3636 4924 corde
3666 4877 3777 4921 ter-

2137 5024 2143 5031 ,
2182 4982 2317 5024 rena
2329 4966 2576 5036 diligunt,
2608 4964 2849 5021 caelestia
2881 4972 3061 5019 tamen
3088 4964 3402 5034 loquuntur.
3424 4959 3779 5031 Octonarium

2184 5062 2385 5132 quippe
2411 5075 2691 5116 numerum
2718 5074 2816 5130 per
2841 5057 3126 5114 denarium
3156 5055 3428 5121 ducimus,
3462 5062 3518 5109 et
3537 5052 3605 5107 ad
3633 5060 3781 5107 octo-s

2187 5154 2335 5224 ginta
2379 5153 2643 5209 venimus.
2677 5150 2779 5207 Per
2822 5151 3009 5207 decem
3058 5156 3241 5205 autem
3278 5147 3597 5215 Decalogus,
3641 5144 3785 5197 sicut

2186 5246 2391 5304 dictum
2415 5253 2522 5314 est,
2552 5242 2890 5314 signiﬁcatur
2922 5261 2936 5297 :
2967 5257 3064 5313 per
3093 5248 3220 5298 octo
3249 5254 3383 5296 vero
3416 5236 3785 5299 resurrectio,

473 5314 657 5383 dicant
686 5326 795 5385 hoc
821 5328 966 5399 quod
1001 5328 1108 5401 ipsi
1148 5328 1376 5396 faciunt,
1406 5328 1603 5386 multos
1631 5346 1664 5385 a
1691 5330 1934 5389 faucibus
1956 5332 2107 5408 (ιω-,ε
2186 5341 2315 5411 quia
2340 5347 2534 5398 octavo
2562 5338 2651 5394 die
2687 5336 3019 5408 Redemptor
3044 5343 3231 5392 noster
3262 5330 3631 5391 resurrexisse
3663 5342 3788 5398 pro-

545 5488 572 5518 ¹
601 5480 951 5562 κοῖὶιοωδεον
977 5500 1090 5556 qm
1116 5486 1477 5544 αδοεηάεηιητ·
1506 5484 1742 5559 Vulsali.
1762 5500 1876 5559 qm
1902 5460 2103 5562 lippa;
2144 5460 2155 5469 Γ
2194 5494 2549 5560 interserere,
2576 5491 2999 5555 commodarum;
3026 5490 3104 5546 sic
3132 5488 3275 5545 enim
3316 5485 3606 5562 legendum
3629 5482 3786 5538 exhi-

477 5560 711 5605 ruerunt.

548 5621 574 5657 b
604 5619 882 5692 Qmittitur
911 5631 1197 5692 tonsarum,
1224 5625 1277 5681 in
1300 5629 1534 5685 excusis.

550 5700 584 5772 τ’
604 5689 804 5772 Omnes
983 5697 1152 5772 nostri
1180 5689 1315 5752 inter
1342 5717 1449 5769 eos,
1479 5699 1687 5756 scilicet
1714 5714 1912 5772 greges;
1937 5696 2071 5755 editi

482 5769 541 5817 ut
570 5762 622 5816 in
648 5760 897 5830 Vulgata,
925 5766 979 5818 in
1004 5766 1098 5819 eis.

552 5831 578 5868 ἀ
612 5831 711 5885 llic
738 5833 901 5885 etiam
931 5834 1206 5900 sequimur
1233 5840 1541 5894 unanimem
1568 5840 1703 5895 Mss.
1717 5850 2063 5896 consensum.

482 5900 539 5957 ln
565 5901 725 5977 etﬁtis
752 5902 976 5977 legitur,
996 5900 1183 5977 absque
1207 5908 1430 5977 ecquod
1452 5904 1756 5963 intrinsecus
1785 5910 1929 5966 latet.

556 5981 578 6009 ο
613 5971 839 6029 Recent.
895 5971 1189 6032 editoribus
1229 5971 1427 6042 placuit
1473 5979 1843 6047 explicationis
1893 5981 2067 6049 gratia
2141 6033 2145 6037 .

2192 5566 2324 5619 bent
2374 5565 2509 5619 :sed
2535 5557 2883 5634 praesentiam
2932 5562 3354 5624 commodorum;
3398 5557 3788 5634 nimirumnon

2191 5627 2564 5702 intelligentes'
2605 5633 2673 5688 ad
2722 5635 2852 5704 quid
2902 5634 3091 5688 referri
3143 5636 3368 5701 posset,
3426 5627 3787 5704 praesentiam.

2194 5706 2264 5759 At
2284 5698 2486 5776 optime
2515 5698 2754 5759 refertur:
2767 5706 2834 5761 ad
2860 5705 3100 5759 dominas
3118 5698 3395 5772 {quorum
3443 5698 3788 5769 praesentiam

2195 5784 2461 5832 expetunt
2484 5782 2545 5830 ut
2582 5774 2799 5832 libidem
2823 5775 3096 5832 exnleant.

2195 5784 2461 5845 expetunt
2484 5782 2545 5830 ut
2582 5782 2799 5832 libidem
2823 5782 3096 5845 expleant.

2196 5848 2289 5974 def
2325 5846 2492 5974 M'ulta
2521 5845 2611 5903 hic
2632 5859 2703 5903 ex
2724 5847 2851 5907 Mss.
2880 5845 3277 5921 supplevimus,
3319 5855 3442 5915 quae.
3466 5839 3527 5919 in
3552 5835 3788 5911 vulgatis

2267 5934 2366 5974 sun
2395 5959 2410 5974 .

2235 5927 2410 5977 esum.
