4052 6338
272 398 388 457 529

944 389 1169 449 SUPER
1205 386 1507 457 CANTICA
1539 385 1990 449 CANTIGORUM
2029 382 2418 446 EXPOSITIO.
2455 412 2528 429 —
2562 380 2715 442 CAP.
2761 383 2848 442 Vl.

3485 392 3591 449 $30

275 509 460 567 batur.
492 498 877 564 Pmdicatores
902 519 1035 561 vero
1068 503 1171 560 etsi
1208 503 1331 560 falsi
1358 510 1503 573 sunt,
1538 519 1635 575 per
1662 505 1875 563 deside-
1898 504 2391 573 Apmdieaoerunt
2427 518 2443 556 :
2489 501 2686 573 reginae
2756 507 2807 556 et
2880 499 3182 561 concubinas
3252 506 3595 564 laudauerunt

278 606 424 660 rium
453 610 655 665 tamen,
689 608 743 655 et
768 599 1103 669 Scripturam
1132 599 1389 666 divinam,
1435 606 1491 655 et
1519 602 1880 656 resurrectio-

290 710 411 751 nem
453 708 616 763 quam
666 691 955 755 credimus,
994 690 1341 745 manilestant
1387 704 1486 761 per
1522 691 1768 747 verbum.
1820 692 1881 749 Si

288 788 432 845 enim
462 786 605 842 aliud
628 786 981 856 praedicarent
1006 778 1411 854 praedicatores,
1440 784 1584 841 inter
1608 783 1878 842 Christia-

288 897 383 937 nos
410 896 517 936 non
548 887 764 944 essent;
797 878 863 934 de
891 878 1083 949 quibus
1101 878 1158 933 iu
1189 877 1480 948 Evangelio
1520 878 1730 935 Veritas
1757 880 1834 935 ait
1863 898 1880 937 :

288 973 460 1044 Super
492 972 793 1027 cathedram
822 970 990 1042 Moysi
1012 970 1253 1025 sederunt
1280 965 1482 1027 Scriba:
1507 971 1834 1027 etPharistei
1860 988 1881 1028 :

287 1082 400 1138 qua:
445 1065 623 1118 dicunt
653 1052 830 1135 facile,
876 1078 990 1134 qua:
1018 1072 1190 1117 autem
1232 1064 1452 1134 faciunt,
1500 1065 1677 1136 facere
1722 1063 1883 1119 nolite

288 1158 503 1230 (Matth.
538 1172 689 1223 χχιιι,
719 1155 796 1227 2).

363 1252 413 1304 3.
438 1248 544 1305 Sed
574 1250 699 1318 quia
731 1255 786 1302 et
814 1247 1075 1303 falsorum
1098 1255 1155 1303 et
1192 1264 1443 1305 verorum
1470 1250 1886 1320 praedicatorum

289 1341 671 1415 praedicatione
704 1339 1001 1410 plurimiad
1024 1340 1182 1395 ﬁdem
1203 1344 1447 1408 veniunt,
1472 1349 1528 1397 et
1552 1357 1673 1397 cum
1696 1341 1885 1399 electis

288 1432 443 1491 multi
463 1432 684 1497 intrant,
701 1432 791 1501 qui
809 1432 877 1486 ad
896 1439 1103 1487 sortem
1118 1433 1418 1489 electorum
1430 1450 1537 1490 non
1551 1434 1882 1505 perliugunt,

289 1525 413 1581 ideo
438 1523 803 1580 subditur:Et
839 1524 1342 1580 adolescentularum
1371 1543 1475 1581 non
1511 1534 1587 1581 est
1609 1542 1883 1581 numerus.

1987 612 2151 739 “Td.
2185 684 2318 740 Sion
2372 684 2494 741 ﬁliae
2516 725 2532 752 ,
2575 683 2699 740 lilia:
2735 694 2865 742 sunt
2898 685 3177 759 Ecclesiae,
3209 662 3330 761 quae
3357 691 3488 747 dum
3512 692 3596 748 vi-

1987 786 2102 833 tam
2142 785 2402 832 aeternam
2432 778 2487 831 in
2526 777 2628 832 hac
2664 791 2829 834 carne
2858 781 3333 851 contemplantur,
3367 798 3397 837 a
3429 798 3594 853 pere-

1991 871 2242 941 grinante
2270 870 2515 930 Ecclesia
2529 874 2598 930 ad
2620 882 2938 945 regnantem
2964 873 3263 931 Ecclesiam
3288 877 3592 947 eriguntur.

1990 961 2190 1018 Vident
2219 962 2341 1021 ﬁliae
2363 964 2497 1021 Sion
2537 966 2865 1034 columbam,
2898 974 2954 1023 et
2998 966 3367 1023 beatissimam
3394 968 3595 1039 praedi-

1992 1064 2120 1112 cant
2148 1075 2161 1110 :
2188 1058 2313 1129 quia
2337 1068 2539 1117 sanctae
2560 1061 2752 1117 anima:
2763 1061 2891 1116 dum
2905 1060 3135 1117 virtutes
3164 1059 3419 1117 Ecclesiae
3440 1076 3599 1132 spec-
3668 1039 3681 1056 ⁷

1994 1155 2133 1215 tant,
2166 1149 2221 1206 in
2252 1152 2467 1209 laudem
2496 1162 2878 1225 prorumpunt,
2901 1163 2955 1208 et
2974 1153 3042 1208 ad
3062 1154 3179 1224 ejus
3198 1154 3598 1210 beatitudinem

1990 1247 2224 1304 inhiant.
2250 1246 2452 1303 Sancta
2484 1248 2685 1319 quippe
2712 1246 2956 1303 Ecclesia
2988 1248 3161 1317 gratia
3190 1249 3453 1319 genitrice
3491 1263 3596 1304 nu-

1950 1400 1963 1427 .
1991 1345 2172 1411 tritur,
2186 1344 2312 1399 dum
2330 1343 2435 1399 ﬁde
2450 1344 2711 1408 eruditur,
2727 1357 2892 1399 carne
2902 1343 2984 1398 sui
2998 1342 3194 1414 Sponsi
3207 1346 3467 1415 pascitur,
3480 1359 3601 1401 sau-

1992 1436 2397 1506 guinelavatur,
2437 1434 2715 1507 Scriptura
2746 1435 2926 1490 divina
2946 1436 3243 1505 saginatur.
3277 1435 3600 1507 Ilujusmodi

2002 1530 2227 1586 robusta
2245 1530 2591 1586 nutrimentis
2602 1530 2879 1585 daemones
2894 1537 3190 1600 expugnat,
3202 1529 3333 1584 vitia
3347 1528 3602 1599 sullocat,

287 1615 425 1670 Cum
455 1616 599 1669 enim
623 1615 886 1685 scriptum
914 1615 986 1668 sit
1006 1633 1019 1668 :
1036 1616 1401 1671 Adolescentia
1420 1625 1469 1671 et
1492 1618 1739 1688 juventus
1752 1632 1888 1670 vana
1995 1637 2214 1679 carnem
2226 1623 2434 1689 domat,
2447 1623 2695 1694 spiritum
2707 1623 2952 1690 roborat,
2968 1622 3135 1677 vitam
3153 1630 3459 1692 exspectat.
3476 1620 3605 1680 Hinc

287 1706 621 1781 sunt(Eccle.
651 1724 713 1775 ιι,
738 1708 904 1773 10,ε;ι;
920 1707 1112 1777 Hebr.)
1144 1728 1155 1762 :
1188 1710 1316 1778 quid
1345 1725 1441 1781 per
1456 1709 1890 1767 adulescentulas
1995 1719 2176 1774 omnia
2193 1719 2503 1792 quicunque
2533 1720 2746 1789 aspicit,
2771 1727 2921 1776 recte
2946 1719 3003 1774 in
3032 1720 3447 1775 admirationem
3468 1734 3598 1790 pro-

287 1804 409 1869 has.
450 1802 614 1874 446
641 1813 664 1839 ⁸
701 1802 803 1857 niSi
831 1803 1425 1873 auimasinlelligimUS.
1459 1819 1577 1875 quae
1597 1804 1723 1859 dum
1750 1820 1890 1861 Vana
1996 1812 2142 1869 tinus
2157 1814 2415 1882 assurgit,
2446 1822 2503 1868 et
2542 1813 2911 1869 beatissimam
2935 1813 3276 1883 pronuntiat,
3306 1812 3433 1884 quia
3454 1811 3606 1869 videt

289 1896 455 1966 hujus
487 1896 667 1951 mundi
691 1904 971 1952 sectantur
998 1912 1118 1967 quae
1141 1898 1389 1967 diligunt,
1420 1914 1704 1954 numerum
1747 1899 1892 1956 elec-
1920 1900 1971 1963 B
1997 1903 2066 1958 ad
2099 1914 2362 1973 quantam
2389 1904 2619 1974 gloriam
2649 1919 2748 1975 per
2774 1911 2858 1959 tot
2880 1904 3113 1960 virtutes
3158 1912 3433 1974 exsurgat.
3467 1902 3606 1959 Cum

289 2001 471 2063 torum
496 1989 799 2045 excedunt?
824 1989 899 2044 De
922 1990 1119 2059 quibus
1148 2006 1245 2061 per
1275 1989 1614 2046 Psalmistam
1643 1992 1841 2048 dicitur
1874 2008 1889 2047 :

288 2081 611 2137 Annuntiavi
657 2088 707 2134 et
756 2080 955 2135 locutus
1002 2098 1139 2146 sum,
1201 2082 1533 2154 multiplicati
1574 2093 1692 2139 sunt
1740 2099 1895 2154 super

287 2188 559 2227 numerum
584 2172 759 2243 (Psal.
786 2188 968 2239 xxxix,
1006 2172 1082 2243 ὑ).
1112 2172 1270 2240 Quod
1292 2175 1437 2229 enim
1460 2176 1761 2232 electorum
1792 2192 1894 2238 uu-

287 2280 476 2320 merus
497 2264 634 2334 apud
664 2263 832 2319 Deum
860 2264 929 2319 sit
958 2265 1300 2331 constitutus,
1337 2266 1648 2323 manilestat
1674 2281 1897 2339 aposm-

287 2352 377 2411 lus
422 2353 619 2410 Paulus
642 2354 735 2425 qui
763 2355 838 2409 ait
870 2373 883 2407 :
910 2354 1073 2410 Novit
1103 2355 1361 2413 Dominus
1390 2360 1477 2431 qui
1506 2368 1629 2415 sunt
1657 2362 1769 2433 ejus
1802 2361 1892 2434 (II

288 2448 433 2505 Tim.
463 2466 521 2517 ιι,
555 2449 665 2521 l9).
697 2452 763 2505 Et
801 2466 898 2522 per
953 2452 1305 2523 semetipsum
1343 2452 1608 2510 Dominus
1627 2455 1703 2510 ait
1732 2472 1746 2510 :
1780 2454 1895 2528 Ego

288 2542 402 2597 scio
432 2557 556 2614 quos
597 2542 840 2614 elegerim
882 2540 1062 2614 (Joan.
1106 2559 1223 2611 xui,
1271 2544 1381 2623 18).
1433 2545 1580 2613 Quos
1609 2547 1736 2617 quia
1785 2562 1897 2604 non

294 2638 621 2711 imperfecte
661 2641 780 2708 scit,
814 2655 904 2697 sec
929 2640 1171 2711 perfecte
1213 2643 1384 2708 novit,
1427 2644 1619 2713 procul
1652 2643 1815 2700 dubio
1841 2652 1898 2702 et

292 2754 585 2793 numerum
614 2738 667 2793 in
699 2754 806 2809 quo
822 2738 1112 2808 eliguntur,
1138 2740 1437 2809 cognoscit.
1469 2738 1548 2796 De
1585 2740 1780 2811 quibus
1799 2756 1899 2811 per

290 2829 526 2885 Paulum
554 2829 748 2884 dicitur
782 2847 793 2882 :
823 2828 964 2893 Quos
994 2831 1130 2883 enim
1158 2830 1418 2901 prwscivit
1472 2839 1522 2883 et
1551 2830 1898 2900 praedestina-

288 2921 679 2991 vitconformes
704 2920 821 2990 ﬁeri
849 2921 1093 2991 imaginis
1122 2921 1221 2990 ﬁlii
1265 2921 1347 2974 sui
1390 2919 1570 2989 (Rom.
1621 2935 1735 2985 vui,
1777 2920 1894 2991 29).

286 3011 446 3067 Bene
487 3027 614 3082 ergo
643 3013 1174 3069 adolescentularum
1201 3028 1310 3068 non
1339 3018 1423 3067 est
1449 3026 1742 3081 numerus;
1769 3016 1900 3085 quia

287 3105 426 3162 dum
450 3122 544 3177 per
574 3106 872 3162 vanitatem
904 3121 1067 3175 quam
1093 3105 1341 3176 diligunt,
1362 3105 1416 3160 in
1439 3118 1724 3162 numerum
1754 3107 1901 3163 eice-

295 3212 480 3258 torum
510 3219 614 3260 non
632 3211 875 3269 currunt,
902 3211 1059 3259 extra
1073 3211 1419 3258 remanentes
1445 3203 1601 3272 quasi
1632 3203 1685 3258 in
1707 3206 1900 3275 cogni-

1997 1996 2199 2066 reginis
2225 1998 2391 2052 etiam
2416 1997 2734 2054 concubina:
2764 1996 3022 2065 laudant;
3063 1997 3191 2066 quia
3216 1997 3320 2053 etsi
3349 1997 3607 2067 operibus

1997 2087 2121 2144 falsi
2158 2088 2546 2159 praedicatores
2575 2089 2984 2157 contradicunt,
3032 2088 3378 2144 sermonibus
3425 2097 3607 2145 tamen

1998 2181 2192 2238 eadem
2236 2196 2359 2251 quae
2404 2189 2462 2237 et
2491 2182 2607 2237 veri
2654 2183 2867 2259 populis
2915 2181 3235 2239 ostendunt.
3292 2181 3369 2235 De
3410 2181 3608 2239 talibus

1998 2275 2115 2346 ipsa
2145 2273 2365 2330 Veritas
2382 2275 2515 2330 dicit
2547 2293 2560 2328 :
2596 2274 2834 2346 Populus
2850 2276 2934 2329 hic
2965 2275 3119 2330 labiis
3142 2292 3223 2329 me
3252 2275 3495 2343 honorat,
3517 2291 3608 2330 cor

1998 2373 2171 2421 autem
2192 2381 2373 2419 eorum
2402 2364 2556 2437 longe
2577 2374 2654 2419 est
2675 2383 2709 2419 a
2735 2382 2816 2420 me
2844 2363 2918 2436 (Μ
2930 2372 3027 2418 att.
3048 2380 3138 2429 xv,
3165 2380 3229 2418 ea:
3254 2362 3389 2417 Isai.
3413 2361 3606 2435 xxvu).

1998 2454 2156 2524 Quod
2186 2464 2377 2526 aperte
2415 2456 2731 2512 manifestat
2780 2456 2909 2511 dum
2939 2457 3138 2510 iterum
3184 2454 3361 2509 dicit:
3414 2453 3610 2508 Dicunt

1998 2551 2159 2615 enim,
2191 2558 2242 2603 et
2272 2566 2377 2604 non
2408 2550 2609 2621 faciunt
2640 2548 2856 2619 (Matth.
2894 2565 3047 2616 xxm,
3076 2548 3155 2619 5).
3186 2548 3347 2621 447
3387 2549 3465 2604 De
3488 2547 3611 2618 qui-

2000 2643 2101 2699 bus
2126 2650 2183 2698 et
2211 2657 2310 2712 per
2352 2643 2665 2713 apostolum
2694 2643 2923 2699 Paulum
2967 2644 3202 2699 dicitur:
3236 2643 3408 2698 Dictis
3437 2644 3608 2714 conﬁ-

2005 2742 2179 2788 tentur
2228 2750 2284 2787 se
2330 2750 2485 2788 nosse
2530 2732 2720 2800 Deum,
2766 2735 2922 2805 factis
2965 2744 3137 2789 autent
3176 2743 3371 2805 negant
3399 2733 3530 2805 (Tit.
3570 2747 3609 2799 l,

2005 2826 2118 2886 16).
2149 2825 2335 2882 Sancti
2365 2836 2547 2881 autem
2576 2827 2678 2882 viri
2727 2827 2887 2883 dictis
2932 2836 2989 2883 et
3029 2828 3185 2883 lactis
3224 2827 3397 2882 Deum
3442 2824 3613 2881 conﬁo

2006 2930 2190 2975 tentur
2216 2936 2230 2985 ;
2264 2920 2389 2991 quia
2420 2920 2565 2991 quod
2594 2919 2825 2976 credunt
2871 2919 3098 2991 faciunt,
3122 2929 3179 2976 et
3204 2921 3273 2976 ad
3320 2922 3462 2976 bona
3491 2936 3613 2989 qua:

2004 3008 2229 3073 iaciunt,
2261 3011 2426 3064 etiam
2449 3010 2586 3066 alios
2609 3011 2955 3067 sermonibus
2975 3020 3034 3067 et
3073 3012 3335 3083 exemplis
3360 3012 3609 3067 trahunt.

2006 3099 2248 3170 Quorum
2283 3103 2581 3160 virtutibus
2628 3102 2924 3160 adversarii
2956 3104 3025 3160 ad
3072 3102 3232 3161 ﬁdem
3278 3107 3609 3171 excitantur,

2006 3193 2133 3247 dum
2166 3194 2220 3248 in
2251 3194 2331 3249 eis
2360 3202 2415 3249 et
2460 3196 2720 3265 pietatem
2750 3195 2904 3263 ﬁdei,
2958 3204 3014 3252 et
3040 3198 3404 3254 constantiam
3433 3197 3616 3267 operis

289 3294 506 3349 tionem
553 3294 789 3349 divinam
835 3310 946 3349 non
988 3294 1235 3348 veniunt.
1290 3291 1498 3359 Quibus
1543 3293 1658 3363 ipsa
1686 3295 1897 3352 Veritas

2008 3284 2365 3341 admirantur.
2408 3283 2569 3342 Unde
2607 3294 2664 3342 et
2709 3285 2995 3358 Synagoga
3046 3289 3115 3342 ad
3162 3287 3322 3344 ﬁdem
3366 3289 3614 3358 erigitur,

287 3379 356 3436 in
392 3381 569 3436 futuro
608 3382 813 3451 judicio
861 3383 1073 3438 dictura
1123 3389 1247 3437 est:
1292 3379 1489 3438 Nescio
1538 3400 1629 3438 vos
1677 3385 1896 3455 (Matth.

285 3487 431 3549 xxv,
453 3472 539 3544 12)
558 3490 575 3537 ;
594 3481 673 3527 et:
698 3472 1000 3527 Disceditea
1012 3488 1092 3527 me
1108 3488 1284 3526 omnes
1300 3474 1385 3544 qui
1398 3476 1687 3543 operamini
1702 3476 1900 3546 iniqui-

284 3571 460 3619 tatem
491 3564 664 3636 (Psal.
692 3564 861 3636 vi,9).
893 3563 1000 3620 Sed
1031 3563 1158 3619 dum
1194 3564 1411 3633 reprobi
1441 3565 1714 3619 mundana
1751 3581 1904 3635 quie-

281 3666 450 3721 runt,
479 3664 535 3710 et
554 3671 651 3727 per
672 3656 995 3727 multiplices
1013 3656 1339 3727 cupiditates
1365 3661 1607 3716 animum
1630 3654 1901 3731 dividunt,

283 3754 494 3807 sancta
549 3747 804 3817 qumlibet
851 3747 1029 3801 anima
1059 3745 1114 3802 iu
1176 3762 1460 3804 numerum
1511 3750 1811 3807 electorum
1841 3768 1905 3810 se

286 3839 544 3907 stringit,
568 3838 737 3894 multa
765 3853 885 3909 quae
907 3838 1055 3894 videt
1079 3838 1392 3907 lastidiens,
1426 3858 1590 3898 unum
1617 3845 1763 3913 quod
1791 3860 1911 3905 non

294 3929 482 3994 videt,
515 3929 772 3985 ardenter
793 3931 1020 4001 appetit,
1060 3931 1207 3999 quod
1235 3934 1473 4001 quandiu
1506 3950 1612 3991 non
1644 3944 1810 4003 tenet,
1846 3938 1904 3995 in

293 4020 414 4076 ﬁde
450 4035 509 4077 se
549 4021 736 4089 nutrit,
768 4021 823 4077 in
872 4022 1141 4079 charitate
1169 4039 1229 4080 se
1254 4025 1389 4079 unit.
1423 4023 1491 4079 Et
1518 4026 1645 4081 dum
1671 4028 1726 4083 id
1754 4030 1905 4099 quod

296 4128 474 4170 unum
503 4120 558 4169 et
584 4114 814 4185 idipsum
853 4123 937 4170 est
971 4116 1235 4187 sequitur,
1267 4116 1335 4171 de
1375 4117 1685 4187 hujusmodi
1714 4122 1903 4181 multis

297 4219 419 4262 una
457 4202 694 4262 Ecclesia
720 4206 1027 4275 conﬁcitur,
1072 4207 1140 4263 de
1182 4223 1288 4280 qua
1327 4223 1425 4280 per
1467 4208 1741 4281 Sponsum
1769 4213 1905 4270 dici-

300 4306 401 4352 tur
431 4314 445 4350 :

385 4387 560 4460 (Vers.
591 4389 672 4459 8.)
700 4388 818 4445 Una
838 4397 913 4444 est
945 4391 1181 4446 columba
1200 4408 1335 4458 mea,
1361 4394 1595 4466 perfecta
1627 4411 1765 4463 mea,
1795 4412 1905 4452 una

301 4488 387 4536 est
414 4478 571 4535 matri
596 4497 721 4549 suae,
751 4482 913 4536 electa
929 4483 1165 4555 genitrici
1187 4500 1315 4539 sum.

383 4572 437 4627 9.
490 4572 663 4628 Mater
707 4583 893 4629 nostra
944 4584 1028 4630 est
1085 4576 1458 4645 regeneratrix
1510 4580 1703 4647 gratia,
1761 4578 1907 4650 apud

2010 3396 2133 3436 cum
2186 3380 2242 3434 in
2312 3377 2557 3435 Ecclesia
2603 3392 2724 3446 qua:
2770 3379 2880 3433 sint
2924 3378 3121 3434 merita
3163 3378 3291 3435 ﬁdei
3338 3378 3615 3437 admirans

2009 3472 2429 3542 contemplatur,
2456 3470 2643 3524 dicens
2675 3488 2689 3523 :

2085 3560 2262 3631 (Vers.
2296 3560 2374 3632 9.)
2424 3557 2556 3625 Qua:
2578 3570 2653 3615 est
2683 3562 2786 3616 ista
2814 3578 2931 3634 qua:
2970 3562 3301 3636 progreditur
3328 3563 3478 3636 quasi
3521 3578 3617 3618 au-

2011 3670 2134 3709 rora
2174 3669 2511 3725 consurgens,
2543 3654 2763 3725 pulchra
2784 3664 2841 3709 ut
2866 3656 3014 3722 luna,
3043 3658 3209 3710 electa
3232 3664 3289 3710 ut
3325 3655 3427 3724 sol,
3457 3656 3613 3711 terri-

2010 3745 2128 3800 bilis
2156 3754 2213 3799 ut
2251 3755 2541 3801 castrorum
2567 3748 2705 3802 acies
2735 3748 3021 3802 ordinata?

2088 3836 2172 3891 H.
2220 3836 2469 3901 Ecclesia
2509 3846 2697 3894 sancta
2734 3838 2891 3910 quasi
2942 3853 3140 3895 aurora
3179 3854 3514 3913 consurgens
3554 3826 3615 3897 iu

2005 3930 2218 4001 judicio
2279 3930 2469 3986 ultimo
2528 3931 2910 4001 progreditur,
2939 3932 3065 4001 quia
3122 3933 3329 3989 relictis
3377 3934 3617 3991 tenebris

2009 4024 2397 4095 corruptionis,
2415 4024 2838 4095 incorruptionis
2861 4024 3110 4080 claritate
3131 4024 3441 4080 innovatur.
3471 4025 3613 4091 Qum

2007 4113 2147 4169 bene
2176 4120 2237 4168 ut
2265 4111 2347 4167 sol
2378 4112 2551 4168 electa
2584 4113 2825 4177 dicitur;
2851 4113 2980 4181 quia
3008 4112 3077 4166 ad
3106 4111 3353 4166 eamdem
3383 4113 3615 4183 gloriam

2010 4204 2327 4277 perducitur
2371 4204 2438 4259 ad
2486 4219 2649 4273 quam
2692 4210 2857 4272 caput
2910 4203 3031 4271 ejus
3075 4202 3354 4271 Christus,
3386 4196 3496 4275 qui
3532 4203 3618 4262 sol

2003 4297 2226 4367 justitiae
2254 4311 2375 4352 esse
2396 4295 2737 4365 perhibetur.
2763 4292 2918 4349 Unde
2946 4303 3031 4349 est
3057 4296 3204 4365 quod
3216 4296 3359 4353 idem
3383 4299 3467 4355 sol
3493 4298 3570 4355 ait
3594 4317 3611 4355 :

2014 4388 2149 4445 Volo
2177 4386 2357 4453 Pater,
2389 4395 2445 4440 ut
2469 4384 2553 4439 ubi
2574 4401 2669 4454 ego
2695 4401 2834 4451 sum,
2860 4384 2970 4439 illic
3001 4394 3049 4440 et
3081 4386 3318 4443 minister
3355 4406 3499 4444 meus
3540 4391 3615 4445 sit

2011 4480 2196 4549 (Joan.
2216 4495 2330 4543 xix,
2357 4476 2462 4544 26;
2503 4491 2633 4541 xvu,
2659 4474 2774 4546 24).
2800 4475 2955 4544 Quod
2978 4484 3160 4534 tamen
3186 4487 3242 4534 et
3267 4478 3336 4534 de
3358 4480 3618 4536 membris

2010 4568 2258 4641 ejusdem
2288 4565 2541 4621 Ecclesia:
2570 4566 2747 4621 adhuc
2775 4567 2829 4622 in
2858 4567 2963 4624 hac
3008 4584 3173 4625 carne
3200 4569 3504 4627 viventibus
3526 4573 3615 4627 iu-

304 4680 475 4737 quam
534 4681 639 4721 una
678 4667 933 4723 columba
970 4668 1202 4739 eligitur,
1239 4671 1363 4738 quia
1399 4672 1521 4728 illos
1561 4673 1707 4730 solos
1736 4660 1897 4744 eligit,

2013 4663 2185 4732 telligi
2217 4664 2420 4731 potest.
2470 4656 2609 4713 Sunt
2637 4658 2780 4714 enim
2814 4662 3060 4716 nonnulli
3099 4664 3191 4732 qui
3222 4678 3417 4733 magna
3448 4666 3618 4719 inten-

303 4756 402 4825 qui
458 4756 511 4811 in
570 4757 915 4829 simplicitate
952 4771 1293 4831 permanent,
1323 4771 1379 4817 et
1426 4765 1494 4818 ab
1550 4765 1756 4821 unitate
1797 4782 1907 4823 non

306 4847 654 4903 scinduntur.
684 4846 837 4905 Multi
869 4850 1069 4921 quippe
1093 4849 1279 4907 ﬁdeles
1305 4852 1431 4907 dum
1462 4854 1515 4909 iu
1558 4855 1788 4925 idipsum
1820 4857 1907 4911 in-

309 4937 562 5004 tendunt,
612 4939 739 4995 dum
769 4956 878 4995 uno
903 4940 1173 4996 desiderio
1209 4939 1409 4997 Christi
1438 4959 1498 4998 se
1540 4945 1772 5000 invicem
1803 4963 1906 5001 nu-

310 5028 507 5094 triunt,
534 5030 659 5085 dum
692 5030 954 5086 habentes
976 5046 1073 5086 cor
1101 5047 1269 5085 unum
1294 5040 1350 5087 et
1380 5034 1617 5089 animam
1646 5052 1827 5103 unam,
1855 5039 1909 5094 in

312 5120 581 5177 charitate
602 5138 659 5178 se
674 5124 939 5189 vinciunt,
968 5139 1037 5180 ex
1069 5124 1253 5181 multis
1283 5125 1540 5181 membris
1571 5143 1767 5199 corpus
1792 5131 1911 5186 efﬁ-

312 5213 486 5268 ciunt.
526 5212 835 5286 Omnesque
890 5216 943 5271 in
988 5218 1209 5273 unitatis
1254 5218 1599 5289 simplicitate
1640 5222 1904 5291 viventes,

311 5320 422 5359 uua
453 5307 702 5363 columba
750 5309 1006 5365 existunt.
1037 5309 1169 5377 Quae
1206 5312 1321 5367 sola
1352 5312 1591 5382 perfecta
1642 5324 1697 5371 et
1737 5318 1911 5374 electa

311 5399 562 5466 genitrici
590 5416 701 5457 suae
728 5401 948 5473 dicitur,
980 5406 1103 5474 quia
1127 5412 1279 5460 extra
1323 5405 1463 5461 hanc
1488 5422 1651 5477 quam
1683 5409 1913 5468 dicimus

310 5488 637 5558 Ecclesiam,
680 5510 841 5551 nemo
868 5496 935 5550 ad
980 5498 1391 5567 perfectionem,
1423 5514 1582 5555 nemo
1610 5500 1676 5555 ad
1706 5503 1907 5571 vitam,

316 5583 422 5640 nisi
451 5602 549 5657 per
578 5588 715 5644 hanc
754 5589 927 5645 solam
955 5589 1128 5660 gratia
1158 5587 1374 5646 lovente
1414 5592 1670 5650 nutritur.
1704 5593 1780 5653 De
1805 5611 1912 5667 qua

312 5675 459 5733 bene
496 5680 742 5735 subditur
773 5698 788 5735 :

396 5769 573 5843 (γυνθ.
597 5773 678 5845 9.)
722 5773 979 5829 Viderunt
1006 5789 1122 5830 eam
1149 5774 1276 5845 filia:
1297 5762 1448 5844 Sion,
1479 5787 1530 5834 et
1558 5780 1910 5838 beatissimam

2016 4758 2167 4815 tione
2196 4770 2315 4827 quae
2354 4755 2466 4811 sint
2501 4762 2771 4810 tormenta
2816 4757 3173 4826 reproborum
3215 4760 3505 4830 aspiciunt,
3561 4766 3619 4815 et

2016 4864 2139 4919 qua:
2165 4856 2291 4904 sunt
2336 4848 2480 4903 facta
2524 4862 2622 4903 sua
2650 4847 2767 4903 sine
2795 4847 3109 4920 palpatione
3146 4853 3461 4907 examinare
3489 4868 3618 4909 con-

2018 4941 2266 4998 tendunt.
2301 4941 2547 5011 Dumque
2568 4954 2627 4996 se
2656 4955 2911 5013 peccasse
2939 4953 3369 5012 cognoscunt,et
3389 4962 3485 5017 per
3508 4948 3615 5004 hoc

2019 5037 2099 5093 ire
2126 5036 2192 5092 ad
2221 5036 2575 5106 reproborum
2603 5043 2873 5093 tormenta
2900 5038 3309 5107 pertimescunt,
3336 5042 3516 5097 subito
3531 5053 3614 5098 te-

2019 5131 2217 5188 nebras
2256 5130 2556 5200 iniquitatis
2605 5130 2969 5201 derelinqunt,
3000 5138 3056 5186 et
3102 5130 3222 5188 luce
3245 5132 3472 5202 justitiae
3508 5149 3616 5190 ac-

2015 5223 2169 5278 cendi
2222 5222 2632 5293 concupiscunt.
2668 5222 2792 5278 Mox
2842 5223 2909 5277 ad
2946 5232 3195 5279 sanctam
3236 5227 3613 5296 operationem

2015 5324 2380 5387 consurgunt;
2411 5322 2465 5371 et
2491 5331 2590 5387 per
2643 5316 2787 5372 bona
2816 5332 2983 5386 opera
3011 5332 3132 5386 qua:
3177 5318 3402 5387 faciunt,
3436 5320 3611 5377 clare-

2014 5426 2075 5465 re
2130 5408 2434 5480 quibusque
2483 5408 2744 5479 proximis
2794 5408 3079 5481 incipiunt.
3129 5409 3195 5465 Hi
3224 5412 3410 5481 procul
3441 5412 3608 5469 dubio

2012 5502 2164 5559 velut
2189 5518 2384 5558 aurora
2406 5508 2797 5570 consurgentes
2824 5504 3272 5574 progrediuntur;
3297 5507 3423 5578 quia
3455 5508 3611 5563 subi-
3644 5540 3653 5545 ~

2013 5600 2071 5650 to
2101 5602 2316 5650 noctem
2344 5594 2553 5663 peccati
2602 5602 2948 5658 evacuantes,
2988 5596 3058 5650 ad
3103 5598 3279 5654 lucem
3329 5603 3500 5670 magis
3547 5617 3612 5657 ac

2015 5690 2187 5758 magis
2226 5688 2540 5745 dilatantur.
2594 5686 2686 5743 Sic
2724 5688 2903 5745 anima
2943 5705 3065 5762 qua:
3102 5692 3252 5763 prius
3278 5703 3398 5749 erat
3438 5694 3493 5748 in
3541 5704 3615 5749 te-

2018 5780 2222 5850 nebris,
2251 5795 2393 5836 nunc
2414 5778 2699 5848 splendens
2742 5790 2997 5853 apparet;
3026 5791 3082 5842 et
3108 5800 3229 5857 quae
3255 5786 3422 5843 etiam
3450 5783 3504 5838 in
3548 5798 3611 5839 se

399 5938 423 5966 ι
446 5929 544 5987 Eo.
574 5939 678 5994 nisi
703 5949 863 6001 uagas
894 5933 1132 5991 animas?
1161 5932 1386 5991 Frustra
1414 5943 1597 5993 autem
1628 5936 1869 5995 additum
1901 5955 2079 6010 vagas,
2108 5935 2359 5995 restituta
2380 5933 2843 6007 interpunctione.
