4052 6338
1893 244 1925 258 ο
1967 252 2003 258 η-

290 352 397 413 555

973 351 1203 411 SUPER
1240 352 1537 410 CANTICA
1566 341 2429 427 caurlconuuexrosnio.
2470 386 2541 401 —
2577 343 2733 417 CAP.
2774 358 2884 417 vn.

3470 361 3576 419 554

292 486 403 530 tum
452 470 703 541 loquens,
735 469 954 525 aiebat:
986 467 1199 525 Exaudi
1226 488 1326 539 me,
1351 471 1596 538 Domine,
1639 475 1887 547 quoniam
1915 473 1969 535 Α
2065 474 2241 548 (Vera.
2275 475 2354 547 1.)
2384 475 2646 531 Junctura
2668 483 2691 509 ³
2717 475 2975 547 {caninum
3000 474 3381 541 tuorum,“
3418 478 3584 533 moui-

293 566 347 619 (με
372 565 512 636 rigua
538 572 616 617 est
643 563 1003 618 misericordia
1033 572 1122 617 tua
1153 562 1327 634 (Psal.
1353 582 1542 632 vaui,
1569 566 1677 637 l7).
1719 565 1884 635 Prop-

290 668 373 713 ter
396 656 685 729 quadrigas
708 668 843 725 ergo
869 655 1167 711 Aminadab
1195 659 1475 729 Synagoga
1497 659 1878 726 conturbatur;

290 752 417 823 quia
451 750 667 823 quando
722 747 941 805 tandem
982 756 1217 819 quatuor
1254 748 1455 805 Christi
1492 750 1785 819 Evangelia
1829 748 1884 804 in

290 864 372 904 mu
394 847 493 903 udo
521 844 797 902 currentia
824 884 840 911 ,
892 843 946 899 in
996 842 1252 898 cordibus
1295 843 1575 897 hominum
1614 841 1884 897 ferventia

286 958 376 1013 per
410 940 567 995 tidem
589 938 1008 1008 contemplatur,
1033 952 1161 993 mox
1182 937 1257 992 de
1293 936 1631 991 inﬁdelitatis
1660 951 1771 991 suae
1798 944 1883 990 te-

290 1032 471 1089 nebris
492 1030 863 1100 confunditur,
892 1036 948 1085 et
989 1030 1186 1085 oborta
1218 1028 1536 1085 confusione
1562 1027 1786 1093 salubri,
1815 1027 1886 1082 ad

290 1122 666 1197 paenitentiam
697 1127 1097 1178 commovetur.
1128 1120 1231 1177 Cui
1258 1119 1496 1177 Ecclesia
1524 1120 1755 1191 benigne
1805 1119 1887 1175 lo-

291 1218 497 1288 quitur,
531 1215 719 1270 dicens
752 1231 765 1267 :

364 1308 543 1380 (Vers.
576 1306 691 1380 i2.)
734 1305 1006 1362 Revertere
1041 1316 1325 1375 revertere,
1356 1305 1682 1373 Suuamitls,
1712 1320 1887 1359 rever-

290 1410 398 1455 tere
422 1408 701 1467 revertere,
724 1410 781 1453 ut
798 1401 1097 1455 intueamur
1120 1409 1193 1454 te.

364 1490 449 1546 14.
492 1482 785 1546 Sunamitis
815 1491 1014 1561 quippe
1043 1490 1254 1561 captiva
1284 1490 1687 1559 interpretatur.
1708 1488 1889 1543 Suna-

288 1585 437 1641 mitis
466 1600 597 1655 ergo
626 1593 686 1640 ut
714 1592 1019 1640 revertatur
1045 1594 1301 1651 vocatur;
1344 1582 1469 1651 quia
1503 1582 1796 1654 Synagogae
1834 1581 1889 1635 in

282 1676 398 1731 ﬁne
426 1676 611 1730 mundi
646 1673 782 1731 ﬁdes
810 1675 877 1731 ab
901 1671 1147 1731 Ecclesia
1178 1672 1453 1741 offeretur,
1483 1662 1890 1745 utdignitatem

282 1767 570 1839 pristinam
599 1766 843 1838 recipiat,
877 1782 997 1837 qua:
1045 1767 1144 1822 sub
1182 1765 1511 1821 inﬁdelitatis
1552 1767 1681 1836 jugo
1710 1781 1741 1820 a
1780 1767 1889 1821 daa-

1977 570 2058 623 lia
2081 585 2195 641 qua:
2218 568 2479 640 fabricata
2505 570 2625 623 sunt
2648 583 2810 621 manu
2834 567 3080 637 artiﬁcis.

2060 662 2112 716 3.
2154 660 2259 715 Per
2282 660 2391 716 duo
2433 660 2630 716 femina
2658 674 2893 730 sponsa,
2922 658 3029 713 duo
3064 656 3255 728 populi
3283 654 3580 716 Ecclesiae:

1980 772 2086 827 per
2109 753 2418 825 juncturam
2459 753 2755 820 feminum,
2780 750 3075 808 concordia
3096 750 3416 820 designatur
3440 768 3585 822 pra-

1990 849 2325 915 dicatorum,
2357 847 2551 917 quibus
2592 845 2781 916 populi
2823 844 3104 912 uuiuntur,
3126 843 3259 899 dum
3299 844 3367 899 ad
3398 841 3586 899 Fidem

1990 940 2312 996 catholicam
2332 937 2669 993 circumcisio
2690 944 2747 991 et
2764 937 3084 1008 prteputium
3101 950 3203 1006 per
3218 950 3314 991 eos
3334 936 3589 991 erudiun-

1990 1046 2097 1090 tur.
2124 1033 2225 1100 Qui
2254 1043 2315 1087 ut
2352 1031 2581 1089 monilia
2609 1031 2874 1097 existunt;
2907 1031 3034 1100 quia
3058 1029 3188 1084 dum
3218 1028 3275 1084 in
3296 1028 3587 1099 sapientis,

1992 1144 2097 1200 qua
2143 1127 2443 1197 refulgent,
2474 1133 2659 1181 sancta
2692 1138 2856 1196 opera
2903 1122 3133 1190 faciunt,
3178 1122 3335 1192 quasi
3374 1122 3429 1175 in
3452 1136 3588 1176 auro

1986 1219 2197 1290 lapides
2224 1226 2439 1288 gerunt.
2488 1216 2566 1273 De
2592 1216 2787 1289 quibus
2829 1214 3073 1285 sequitur
3103 1230 3117 1267 :
3152 1211 3281 1278 Qua:
3326 1211 3589 1285 fabricata

1992 1324 2112 1369 sunt
2135 1331 2293 1369 manu
2306 1314 2550 1384 artiﬁcis.
2564 1312 2725 1368 Manu
2746 1310 2967 1366 artiﬁcis
2984 1309 3206 1366 monilia
3231 1307 3586 1376 fabricantur,

1986 1410 2118 1478 quia
2163 1423 2330 1480 opere
2376 1406 2575 1464 Christi
2624 1406 3009 1477 praedicatores
3050 1402 3271 1474 pulchri
3314 1409 3374 1458 et
3424 1401 3588 1460 utiles

1995 1499 2324 1556 efﬁciuntur.
2357 1498 2631 1568 Sequitur.

2068 1589 2248 1663 (Vers.
2285 1588 2366 1660 2.)
2410 1587 2694 1644 Umbilicus
2741 1598 2859 1643 tuus
2902 1592 3077 1642 crater
3120 1584 3417 1653 unctius,
3454 1598 3593 1638 nun-

1996 1700 2151 1756 quam
2190 1683 2431 1754 indigens
2459 1682 2680 1753 poculis.

2068 1773 2121 1827 4.
2156 1772 2454 1828 Umbilicus
2480 1772 2646 1827 etiam
2673 1777 2985 1826 sanctorum
3019 1768 3431 1841 praedicatorum
3456 1766 3594 1823 ordo

280 1858 542 1913 monibus
572 1857 894 1929 captivatur.
926 1857 997 1911 Et
1023 1857 1163 1913 bene
1193 1866 1387 1929 quater
1415 1857 1612 1913 reverti
1636 1857 1895 1912 admone—
1925 1866 2120 1927 Best:
2150 1865 2246 1935 qui
2268 1864 2410 1920 bene
2440 1872 2620 1920 crater
2646 1878 2765 1919 esse
2805 1862 3023 1928 dicitur,
3054 1862 3181 1932 quia
3209 1861 3336 1916 dum
3364 1876 3464 1931 per
3500 1876 3595 1918 eos

280 1956 404 2014 tur;
450 1947 577 2019 quia
622 1948 677 2003 in
707 1956 943 2019 quatuor
983 1947 1168 2003 mundi
1199 1956 1379 2019 partes
1416 1948 1579 2004 modo
1608 1947 1777 2004 Judaei
1807 1948 1892 2004 di-

280 2039 462 2110 Spersi
504 2047 660 2107 sunt,
696 2038 790 2110 qui
817 2039 1125 2111 ubicunque
1167 2037 1401 2103 fuerint,
1449 2048 1509 2093 nt
1548 2038 1747 2095 dictum
1778 2047 1893 2106 est,

280 2133 345 2187 in
368 2132 477 2186 line
512 2132 695 2187 mundi
725 2141 1132 2203 convertentur,
1158 2133 1299 2188 sicut
1336 2132 1654 2205 praedictum
1688 2142 1770 2190 est
1797 2148 1897 2205 per

277 2225 611 2297 prephetam
643 2242 656 2279 :
690 2226 753 2282 Si
784 2227 943 2298 fuerit
986 2242 1229 2280 numerus
1270 2226 1503 2296 ﬁliorum
1550 2223 1719 2279 Israel
1760 2228 1897 2280 velut

281 2333 451 2370 arena
471 2319 653 2384 maris,
683 2318 914 2390 reliquiis
944 2317 1100 2373 salva:
1127 2318 1254 2388 ﬁent
1281 2317 1436 2390 (Isai.
1461 2335 1517 2387 χ,
1546 2316 1659 2389 22).
1688 2316 1895 2374 Rever-

276 2417 440 2464 tatur
468 2424 599 2479 ergo
650 2407 975 2475 Sunamitis,
1002 2416 1060 2463 ut
1089 2424 1207 2464 eam
1238 2409 1563 2475 intueamur,
1592 2407 1647 2463 id
1676 2416 1759 2463 est
1791 2408 1896 2480 Sy-

280 2516 500 2571 nagoga
539 2500 606 2556 ad
646 2499 805 2556 ﬁdem
852 2510 1220 2568 convertatur,
1254 2508 1309 2555 et
1337 2501 1391 2555 in
1436 2500 1753 2571 poenitentia
1800 2516 1897 2555 sua

281 2591 545 2649 omnibus
576 2592 828 2647 ostendat
864 2600 1123 2661 quantum
1170 2590 1371 2647 malum
1421 2590 1651 2660 faceret,
1683 2592 1898 2661 quando

282 2682 460 2739 Deum
501 2698 657 2739 suum
698 2685 753 2739 in
793 2700 955 2740 cruce
984 2682 1305 2753 conﬁgebat.
1350 2682 1459 2738 Sed
1488 2684 1732 2754 protinus
1772 2700 1899 2740 cum

280 2771 533 2831 Ecclesia
575 2774 734 2830 ﬁdem
784 2773 1086 2848 Syuagogm
1128 2773 1327 2830 intueri
1383 2776 1625 2844 appetit,
1653 2773 1899 2846 Sponsus

284 2868 719 2941 congratulando
744 2870 897 2940 quasi
926 2869 1269 2939 interrogans
1286 2868 1608 2941 respondet,
1641 2876 1697 2924 et
1727 2868 1896 2924 dicit:

908 2957 1142 3016 CAPUT
1183 2958 1295 3014 VII.

364 3052 522 3130 (Cap.
553 3071 645 3111 vn.
676 3088 749 3099 —
772 3052 933 3111 Vers.
968 3053 1045 3127 1.)
1087 3051 1226 3121 Quid
1262 3052 1454 3109 videbis
1478 3044 1558 3110 'in
1586 3052 1895 3123 Sunamite,

287 3148 402 3204 nisi
432 3148 612 3203 choros
639 3146 971 3203 castrorum?

1991 1957 2229 2028 populus
2255 1954 2517 2023 eruditur,
2543 1954 2672 2010 vino
2698 1953 2925 2024 Spiritali
2952 1954 3191 2024 ipsorum
3218 1953 3397 2009 ofﬁcio
3424 1953 3595 2008 ebria-

1998 2058 2107 2104 tur.
2134 2047 2237 2115 Qui
2276 2047 2419 2103 bene
2447 2046 2715 2103 tornatilis
2741 2055 3114 2115 nuncupatur;
3138 2045 3269 2114 quia
3292 2046 3445 2115 juxta
3468 2060 3594 2097 nio-

1996 2156 2089 2198 res
2112 2141 2392 2196 hominum
2434 2141 2717 2195 universos
2746 2154 2971 2195 necesse
2998 2145 3083 2194 est
3104 2146 3170 2192 ut
3196 2138 3375 2207 lingua
3395 2136 3596 2207 prtuli-

2000 2233 2203 2291 catoris
2232 2234 2500 2288 volvatur.
2532 2230 2634 2299 Qui
2661 2231 2874 2303 poculis
2895 2246 3005 2286 non
3035 2229 3267 2299 indiget;
3290 2228 3422 2298 quia
3452 2227 3597 2297 quod

2000 2324 2118 2381 aliis
2162 2326 2446 2395 propinat,
2476 2339 2702 2380 necesse
2748 2331 2832 2379 est
2872 2321 3341 2389 utabundautius
3386 2318 3597 2374 creteris

1994 2414 2171 2484 bibat,
2202 2424 2258 2472 et
2288 2415 2499 2487 plenius
2524 2413 2673 2486 quod
2699 2415 2815 2483 dat,
2843 2413 3138 2470 contineat.
3170 2412 3469 2481 Sequitur:

2076 2509 2254 2581 (Vers.
2284 2506 2364 2581 2.)
2405 2507 2594 2563 Venter
2628 2517 2745 2561 tuus
2771 2507 2906 2561 sicut
2928 2521 3143 2561 amns
3173 2503 3349 2570 tritici,
3376 2502 3598 2557 uallatus

2003 2602 2151 2656 liliis.

2075 2694 2129 2751 5.
2170 2694 2272 2750 Per
2309 2702 2582 2761 ventrem,
2618 2692 2807 2765 populi
2848 2692 3078 2750 latitudo
3120 2690 3433 2761 designatur
3463 2707 3478 2745 :
3506 2688 3601 2759 qui

2001 2789 2145 2846 bene
2182 2789 2323 2845 sicut
2366 2803 2592 2844 acervus
2630 2788 2792 2843 tritici
2838 2787 2965 2843 liliis
3008 2786 3272 2853 vallatur;
3316 2782 3442 2855 quia
3466 2783 3601 2838 dum

2004 2881 2262 2953 operibus
2279 2878 2482 2937 sanctis
2510 2878 2817 2945 intendens,
2848 2878 2907 2934 in
2934 2878 3154 2934 caeleste
3178 2877 3435 2931 horreum
3465 2889 3604 2945 prat-

2004 2987 2248 3051 paratur,
2268 2975 2536 3046 exemplis
2557 2981 2892 3041 sanctorum,
2920 2982 2978 3028 ut
3005 2979 3340 3043 perseveret,
3368 2968 3605 3038 undique

1998 3075 2280 3138 munitur;
2320 3071 2388 3126 de
2413 3069 2610 3139 quibus
2633 3069 2832 3124 iterum
2860 3068 3062 3123 dicitur
3080 3085 3099 3120 :

2072 3167 2258 3238 (Vers.
2290 3165 2369 3238 5.)
2410 3164 2526 3221 Dato
2558 3163 2724 3219 ubera
2747 3172 2843 3219 tua
2880 3166 3014 3221 sicut
3032 3162 3141 3220 duo
3171 3162 3378 3219 Iliunuli
3404 3176 3608 3234 caprea:

365 3239 424 3295 1.
465 3241 651 3297 Castra
677 3242 875 3334 quippe
902 3241 1251 3297 militantium
1281 3250 1427 3298 sunt.
1466 3239 1656 3300 Castra
1683 3255 1814 3313 ergo
1842 3242 1900 3299 in
1926 3248 1975 3314 α
1998 3260 2235 3334 gemui.

278 3334 577 3391 Sunamite
625 3333 983 3403 videbuntur;
1028 3337 1152 3405 quia
1198 3352 1299 3407 pro
1350 3336 1486 3401 ﬁde,
1528 3352 1688 3407 quam
1738 3337 1901 3393 modo

285 3427 594 3501 impugnat,
626 3432 753 3481 tunc
779 3426 1002 3481 robuste
1046 3436 1237 3481 contra
1282 3427 1517 3498 perﬁdos
1545 3427 1899 3498 praeliabitur.

285 3516 408 3573 Sed
430 3516 552 3586 quia
578 3516 685 3570 hoc
714 3532 811 3585 per
837 3525 1080 3571 sanctam
1102 3515 1399 3573 Ecclesium
1425 3518 1517 3573 ﬁet
1536 3528 1597 3573 ut
1619 3520 1906 3591 Synagoga

284 3617 673 3675 convertatur,
699 3609 824 3678 quia
852 3610 1193 3665 sermonibus
1223 3621 1278 3667 et
1305 3612 1565 3682 exemplis
1589 3612 1908 3682 prmdicato-

283 3714 421 3761 rum
469 3701 537 3757 ad
584 3700 742 3757 ﬁdem
785 3711 1167 3770 convertetur,
1215 3703 1339 3759 ideo
1384 3713 1535 3760 recte
1584 3702 1652 3760 ad
1694 3705 1907 3761 laudem

285 3811 511 3869 sponsae
541 3794 786 3867 Sponsus
814 3811 873 3850 se
895 3795 1184 3863 convertit,
1212 3794 1398 3852 dicens
1424 3815 1437 3850 :

371 3887 552 3963 (Vers.
586 3886 665 3959 l.)
708 3885 876 3953 Quam
900 3888 1108 3960 pulchri
1136 3897 1255 3943 sunt
1285 3905 1492 3961 gressus
1522 3891 1596 3945 tui
1622 3890 1676 3945 in
1708 3890 1909 3945 calcea-

292 3982 491 4038 mentis
522 3980 642 4045 tuis,
674 3979 793 4050 ﬁlia
817 3980 1073 4050 principis
1095 3979 1121 4033 ?

371 4071 428 4125 2.
466 4070 602 4126 Filia
626 4072 885 4142 principis
905 4080 1095 4126 sancta
1116 4068 1357 4127 Ecclesia
1384 4071 1600 4140 dicitur,
1627 4073 1750 4143 quia
1774 4089 1912 4145 prae-

294 4163 572 4218 dicatione
609 4161 807 4217 Christi
860 4162 915 4216 in
954 4161 1119 4216 vitam
1168 4178 1364 4219 novam
1412 4173 1787 4233 regeneratur,
1819 4165 1910 4235 qui

294 4272 405 4327 per
430 4253 721 4309 divinitatis
750 4253 1068 4323 potentiam,
1101 4254 1249 4310 omni
1284 4262 1546 4310 creaturae
1584 4270 1747 4324 quam
1778 4271 1910 4310 con-

295 4346 478 4411 didit,
528 4345 885 4415 principatur.
940 4344 1079 4412 Quid
1130 4354 1311 4401 autem
1362 4356 1490 4400 sunt
1543 4347 1911 4402 calceamenta

294 4436 584 4503 Ecclesiae,
612 4437 714 4491 nisi
736 4436 981 4507 exempla
1004 4436 1428 4508 praecedentium
1456 4447 1695 4509 patrum,
1718 4439 1914 4509 quibus

289 4529 357 4585 in
392 4529 479 4583 via
524 4527 708 4607 mundi
750 4526 911 4597 hujus
938 4528 1197 4596 munitur,
1228 4537 1289 4583 ut
1334 4544 1435 4598 per
1462 4544 1651 4584 omnes
1689 4529 1913 4584 tribula-

298 4623 489 4678 tiones
505 4636 623 4690 quae
644 4630 955 4691 exsurgunt,
977 4620 1310 4677 conﬁdenter
1341 4622 1577 4678 calceata
1594 4621 1903 4692 gradiatur?
1932 4631 1981 4690 υ

298 4714 467 4772 Unde
495 4716 617 4771 alibi
646 4715 1091 4786 praedicatoribus
1122 4714 1320 4772 Paulus
1349 4715 1475 4772 dicit
1509 4732 1526 4771 :
1557 4714 1789 4770 Calceati
1818 4732 1913 4786 pe-

302 4808 404 4863 des
432 4809 487 4861 in
511 4808 942 4878 prwparatiouem
965 4805 1237 4879 Evangelii
1274 4808 1419 4877 pacis
1448 4805 1674 4878 (Ephes.
1700 4822 1773 4874 γι,
1800 4805 1912 4876 15).

303 4897 689 4954 Calceamenta
716 4900 917 4969 quippe
945 4900 1013 4955 de
1054 4900 1285 4955 mortuis
1315 4899 1636 4955 animalibus
1666 4900 1819 4953 ﬁunt.
1848 4897 1919 4955 Et

308 5008 419 5047 nos
445 4994 608 5062 pedes
636 4992 950 5064 spiritaliter
996 4992 1334 5058 calceamus,
1366 4993 1582 5063 quando
1614 5008 1644 5047 a
1675 4992 1920 5063 patribus

308 5084 518 5141 sanctis
536 5101 699 5140 carne
729 5085 957 5140 mortuis
978 5085 1225 5156 exempla
1255 5086 1535 5153 sumimus,
1562 5094 1621 5140 ut
1642 5086 1707 5140 ad
1732 5101 1918 5141 eorum

308 5175 721 5231 similitudinem
752 5176 935 5231 mundi
974 5175 1133 5245 hujus
1163 5176 1493 5232 tentationes
1522 5190 1915 5246 expugnemus.

309 5268 506 5324 Potest
546 5277 727 5325 tamen
762 5269 986 5340 intelligi
1007 5269 1155 5339 quod
1188 5268 1425 5325 Ecclesia
1449 5270 1612 5344 450
1628 5271 1919 5340 calceatur,

2078 3355 2132 3411 6.
2174 3356 2292 3410 Duo
2318 3353 2505 3417 ubera,
2532 3351 2646 3407 duo
2685 3350 2870 3420 populi
2912 3349 3152 3406 existunt
3176 3365 3190 3403 :
3214 3348 3348 3417 quia
3370 3346 3506 3402 dum
3552 3346 3608 3401 in

2004 3463 2196 3503 amore
2226 3446 2469 3501 fraterno
2486 3432 2707 3511 semper
2732 3443 2940 3508 vivunt,
2970 3456 3030 3496 se
3054 3440 3286 3495 invicem
3316 3438 3455 3492 lacte
3492 3438 3607 3507 pie-

2008 3540 2137 3593 tatis
2162 3538 2216 3591 in
2256 3535 2523 3590 charitate
2552 3533 2818 3588 nutriunt.
2844 3533 2951 3600 Qui
2981 3532 3119 3587 bene
3142 3531 3255 3587 duo
3280 3530 3492 3586 hinnuli
3519 3545 3611 3585 ca-

2011 3644 2157 3699 pitem
2166 3624 2385 3698 gemelli
2400 3626 2775 3681 nominantur:
2793 3624 2918 3694 quia
2930 3624 3052 3678 dum
3066 3621 3610 3693 perpraedicationem

2006 3717 2309 3791 Synagoga:
2345 3717 2401 3770 in
2426 3715 2530 3771 ﬁde
2558 3714 2745 3787 geniti,
2774 3714 2827 3769 in
2873 3713 2991 3782 ejus
3033 3712 3328 3782 Scripturis
3356 3712 3610 3767 nutriun-

2012 3819 2118 3875 tur,
2146 3809 2199 3863 in
2231 3823 2383 3880 spem
2410 3806 2729 3863 teternitatis
2771 3805 3139 3871 intendentes,
3168 3805 3323 3875 quasi
3367 3804 3429 3859 in
3458 3819 3614 3860 mon-

2012 3903 2156 3958 tibus
2186 3900 2484 3958 concordes
2509 3908 2820 3972 pascuntur.
2846 3899 3139 3970 Devquibus
3160 3897 3615 3969 praedicatoribus

2012 3995 2258 4065 sequitur
2278 4011 2297 4047 :

2088 4085 2263 4158 (Vers.
2295 4083 2375 4155 4.)
2416 4082 2616 4141 Collum
2641 4092 2784 4139 tuum
2810 4085 2949 4138 sicut
2976 4082 3135 4136 turris
3160 4079 3405 4133 eburnea.

2085 4176 2139 4229 7.
2183 4175 2393 4231 Collum
2440 4188 2653 4243 sponsa:
2702 4173 2842 4226 sicut
2886 4171 3051 4224 turris
3094 4168 3332 4222 eburnea
3383 4165 3613 4235 dicitur;

2016 4269 2142 4339 quia
2175 4267 2555 4338 praedicatores
2584 4262 2839 4317 Ecclesiae
2869 4268 2923 4317 et
2950 4262 3044 4317 alti
3072 4276 3172 4331 per
3199 4260 3617 4332 contemplatio-

2018 4377 2166 4427 nem,
2183 4368 2239 4414 et
2260 4358 2426 4415 fortes
2448 4371 2547 4427 per
2566 4362 2877 4410 sanctorum
2899 4369 3123 4424 operum
3148 4353 3611 4419 exercitationem,

2017 4460 2076 4509 et
2119 4450 2342 4523 pretiosi
2392 4463 2493 4518 per
2540 4444 2779 4501 divinam
2831 4445 3148 4516 sapientiam
3201 4435 3486 4501 habentur.
3535 4442 3615 4499 De

2020 4543 2214 4615 quibus
2243 4541 2438 4596 iterum
2467 4537 2668 4592 dicitur
2692 4554 2704 4589 :

2080 4631 2257 4702 (Vers.
2289 4628 2369 4700 ἑ.)
2412 4628 2562 4683 Oculi
2590 4628 2665 4681 tui
2688 4628 2819 4682 sicut
2858 4628 3072 4696 piscina:
3102 4628 3157 4682 in
3192 4625 3457 4693 Hesebou,
3488 4637 3605 4696 qua!

2018 4732 2138 4779 sunt
2159 4724 2215 4776 in
2244 4729 2395 4793 porta
2424 4718 2553 4791 ﬁlia:
2582 4717 2951 4772 multitudinis.

2092 4815 2143 4867 8.
2176 4812 2426 4867 Hesebon
2456 4809 2727 4879 cingulum
2749 4808 2999 4863 maeroris
3026 4808 3429 4877 interpretatur.
3463 4800 3619 4859 Oculi

2020 4919 2150 4976 ergo
2172 4920 2383 4977 sponsae
2408 4904 2547 4960 sicut
2575 4903 2797 4975 piscina:
2826 4901 2879 4955 in
2899 4898 3151 4955 Hesebon
3181 4899 3458 4963 dicuntur;
3491 4896 3618 4966 quia

2020 4998 2147 5053 dum
2174 4997 2241 5052 de
2268 4994 2704 5068 peregrinatione
2733 5008 2827 5048 sua
2859 4992 3267 5055 contristantur,
3300 4998 3355 5044 et
3382 5002 3619 5043 maerore

2022 5088 2382 5155 corroborati,
2438 5095 2628 5143 contra
2685 5083 2954 5157 spiritales
3006 5083 3193 5138 hosles
3231 5082 3613 5151 accinguntur,

2018 5181 2271 5255 lacrymis
2299 5196 2357 5237 se
2393 5179 2611 5249 lavant,
2642 5184 2700 5234 ut
2738 5193 2839 5248 per
2883 5190 2978 5231 eos
3019 5174 3203 5245 pepuli
3232 5174 3616 5229 convenienter

2023 5292 2208 5332 coram
2250 5274 2363 5330 Deo
2410 5271 2753 5327 mundentur.
2792 5268 2850 5323 ln
2881 5276 3037 5339 porta
3066 5276 3250 5321 autem
3282 5265 3402 5320 ﬁlia:
3431 5263 3617 5319 multi-

296 5360 537 5439 quando
561 5363 615 5418 in
639 5361 1023 5434 praedicatione
1051 5377 1147 5417 sua
1186 5362 1250 5415 ad
1290 5359 1612 5432 perferenda
1640 5362 1924 5432 insurgen-
2024 5368 2224 5423 tudinis
2252 5374 2377 5421 sunt
2405 5382 2419 5419 :
2449 5364 2576 5434 quia
2622 5361 2675 5416 in
2720 5359 2822 5415 ﬁde
2850 5367 3016 5425 stant,
3040 5374 3146 5428 per
3174 5373 3334 5426 quam
3365 5354 3618 5411 Ecclesiae

313 5456 397 5510 tia
428 5454 566 5510 mala
606 5464 783 5511 morte
811 5453 1010 5511 Christi
1059 5452 1314 5509 munitur.
1362 5452 1579 5509 Pulchri
1627 5470 1755 5524 ergo
1801 5463 1929 5512 sunt
2028 5455 2425 5514 multitudinem
2456 5453 2525 5509 ad
2556 5452 2794 5508 cmlestia
2826 5448 3191 5505 introducunt.
3225 5445 3516 5518 Sequitur:

311 5562 537 5617 Sponsa:
564 5561 778 5616 gressus
797 5546 1071 5611 calceatae,
1095 5561 1214 5615 qum
1234 5545 1338 5599 ﬁlia
1360 5552 1443 5600 est
1470 5545 1760 5616 principis;
1794 5547 1923 5617 quia

316 5654 509 5695 corain
537 5640 731 5698 divinis
758 5639 931 5697 oculis
960 5638 1139 5709 placet
1187 5637 1425 5693 ofﬁcium
1454 5638 1738 5707 cujuslibet
1766 5639 1925 5696 electi

318 5733 623 5790 secundum
653 5733 899 5807 exempla
928 5741 1142 5804 patrum
1173 5730 1534 5803 pmdicantis.
1558 5730 1848 5803 Sequitur:

2103 5549 2277 5622 (Vers.
2308 5546 2388 5618 4.)
2420 5541 2601 5600 Nasus
2625 5552 2740 5600 tuus
2764 5543 2896 5600 sicut
2918 5542 3077 5598 turris
3094 5538 3304 5608 Libani,
3321 5557 3435 5613 qua:
3456 5556 3619 5611 resp:-

2032 5644 2101 5697 cit
2128 5647 2311 5695 contra
2344 5637 2677 5692 Damascum.
2971 5647 2987 5713 ‘_
3326 5686 3327 5691 η

2104 5736 2158 5790 9.
2197 5734 2256 5788 In
2296 5746 2429 5788 naso
2457 5728 2643 5787 odoris
2680 5729 2935 5788 discretio
2982 5726 3231 5785 habetur.
3277 5722 3384 5783 Per
3426 5736 3619 5781 nasum

412 5915 437 5942 η
476 5908 551 5965 lta
595 5909 721 5967 Mss.
764 5888 885 5980 pro
923 5910 1152 5980 femora,
1201 5908 1483 5979 femorum,
1534 5906 1678 5976 quod
1708 5905 2144 5977 habentvulgati.
