4052 6338
492 268 598 326 555

1704 260 1949 319 SANCTI
1988 258 2317 317 CREGORII
2356 257 2575 316 MAGNI

3662 264 3767 325 536

487 398 618 457 ergo
643 392 671 423 ι
698 382 838 439 ordo
866 381 1276 452 praedicatorum
1306 378 1619 450 designatur
1651 396 1666 433 :
1695 379 1818 447 quia
1845 391 1943 448 per
1970 390 2065 431 eos
2091 376 2145 438 Α
2241 373 2414 445 (Vers.
2446 374 2525 442 6.)
2557 371 2725 441 Quam
2752 372 2970 443 pulchra
2993 388 3049 429 es
3076 380 3126 429 et
3145 389 3300 447 quam
3318 374 3531 443 decora,
3560 378 3768 437 charis-

484 477 644 533 nobis
663 476 923 531 virtutum
954 475 1182 541 odores,
1215 482 1271 529 et
1295 473 1548 529 vitiorum
1595 472 1816 528 fmtorcs
1851 472 2075 528 demon-

481 577 742 627 strantur.
785 566 892 623 Sed
921 582 1083 623 nasus
1119 565 1258 621 sicut
1286 566 1449 620 turris
1480 563 1666 619 Libani
1697 563 1915 617 existit:
1949 564 2075 632 quia

481 660 609 716 dum
638 659 807 716 semel
835 658 1222 729 praedicatores
1270 672 1406 727 aqua
1436 655 1779 727 Baptismatis
1804 654 2074 722 lavantur,

479 749 643 823 £51
676 756 733 806 et
768 750 1096 820 quotidianis
1134 750 1382 821 lacrymis
1411 763 1441 801 a
1471 746 1710 819 peccatis
1738 760 1857 815 quae
1886 754 2075 801 contra

477 840 650 897 Deum
696 842 1111 908 commiserunt,
1151 842 1498 907 dealbantur,
1529 840 1673 909 digni
1726 836 1860 894 ﬁunt
1904 848 1962 893 ut
2007 839 2076 894 ad

480 938 675 993 altiora
715 938 884 1008 magis
922 954 988 993 ac
1024 937 1192 1008 magis
1233 952 1329 1008 per
1371 935 1739 991 fortitudinem
1778 936 2069 1004 erigantur.

476 1029 586 1085 Sed
625 1032 788 1085 turris
816 1038 1004 1085 contra
1034 1030 1348 1085 Damascum
1379 1029 1634 1098 respicit:
1667 1028 1792 1098 quia
1821 1038 2073 1098 peccato-

476 1123 628 1178 ribus
670 1139 886 1194 semper
921 1131 1138 1178 sanctus
1185 1122 1407 1191 quilibet
1452 1122 1773 1191 przcdicator
1802 1120 2074 1176 contradi-

477 1216 571 1270 cit.
625 1215 917 1271 Damascus
956 1216 1155 1286 quippe
1206 1214 1531 1283 sanguineus
1570 1214 1979 1283 interpretatur,
2020 1222 2074 1269 et

473 1307 771 1378 peccatrici
801 1308 943 1377 genti
972 1307 1204 1361 dicitur:
1237 1306 1429 1360 Munus
1460 1317 1562 1361 tua:
1587 1307 1755 1375 plent:
1783 1315 1903 1359 sunt
1948 1321 2074 1359 san-

474 1402 630 1472 guine
651 1399 804 1472 (Isai.
827 1416 863 1466 1,
894 1398 1004 1470 16).
1032 1398 1139 1455 Sed
1163 1399 1287 1469 quia
1311 1399 1379 1454 de
1399 1398 1655 1453 membris
1675 1397 1825 1463 dixit,
1853 1397 2072 1467 dignum

478 1500 564 1548 est
592 1501 652 1548 ut
677 1492 744 1547 de
770 1492 947 1563 capite
972 1492 1245 1562 loquatur.
1276 1491 1403 1547 ldeo
1435 1492 1681 1546 subditur
1710 1506 1720 1546 ξ

545 1586 725 1656 (Vers.
758 1583 836 1656 5.)
877 1583 1042 1657 Caput
1071 1595 1213 1640 tuum
1237 1596 1292 1638 ut
1319 1584 1606 1653 Carmelus,
1632 1593 1682 1640 et
1701 1601 1862 1641 comta
1885 1585 2072 1650 capitis

475 1680 551 1733 tui
577 1689 634 1732 ut
654 1696 887 1751 purpura
916 1678 1077 1752 Regis
1097 1680 1282 1751 juncta
1312 1680 1601 1734 canalibus.

2177 468 2309 522 sima
2338 468 2391 520 in
2424 467 2643 521 deliciis.

2249 560 2335 614 11.
2376 559 2678 615 Notandum
2709 558 2853 630 quod
2882 558 3194 616 charissima
3232 563 3284 617 in
3313 563 3523 620 deliciis
3552 566 3768 637 dicitur,

2176 651 2300 721 quia
2330 652 2394 709 ad
2416 652 2734 710 charitatem
2762 660 2817 707 et
2843 651 3257 709 familiaritatem
3279 654 3478 712 Christi
3504 673 3615 713 non
3649 674 3772 729 per-

2175 747 2355 813 venit,
2385 746 2624 816 quisquis
2648 746 2938 817 Scriptura:
2972 756 3171 802 sanctae
3202 748 3407 805 deliciis
3437 762 3459 789 ε
3492 752 3772 811 abundare

2175 853 2284 893 non
2310 837 2604 893 contendit.
2638 837 2767 893 inde
2798 838 2940 892 enim
2976 838 3209 893 dicitur:
3241 840 3397 894 Omni
3427 841 3638 897 habenti
3676 844 3772 897 da-

2178 930 2341 997 bitur,
2379 941 2427 984 et
2469 930 2791 984 abundabit:
2820 931 2869 984 ei
2906 940 3078 985 autem
3117 932 3205 1003 qui
3230 949 3332 986 non
3362 932 3534 997 habet,
3567 940 3771 1007 etquod

2175 1023 2373 1078 videtur
2402 1023 2615 1090 habere,
2646 1024 2907 1095 auferetur
2936 1023 2999 1076 ab
3039 1040 3098 1078 eo
3129 1023 3342 1095 (Matth.
3380 1043 3497 1095 xm,
3534 1027 3644 1098 12).
3682 1029 3773 1087 llis

2176 1116 2320 1171 enim
2367 1114 2575 1170 deliciis
2617 1114 2707 1183 qui
2758 1114 3027 1183 abundat,
3067 1116 3342 1170 reﬁcitur:
3374 1117 3459 1172 his
3506 1117 3769 1185 refectus,

2176 1205 2392 1261 assidue
2423 1204 2491 1259 ad
2522 1204 2725 1273 majora
2771 1204 3118 1275 percipienda
3149 1218 3502 1278 pmparatur.
3537 1206 3691 1264 Unde
3720 1220 3766 1265 et

2174 1300 2299 1355 huic
2326 1316 2536 1369 sponsa:
2565 1299 2895 1355 charissimtc
2925 1300 3157 1355 dicitur:

2249 1390 2424 1461 (Vers.
2456 1390 2532 1459 7.)
2558 1390 2773 1446 Statura
2796 1397 2885 1444 tua
2906 1391 3198 1446 assimilata
3218 1397 3295 1446 est
3314 1392 3524 1464 palmae,
3543 1402 3592 1448 et
3614 1394 3771 1449 ubera

2173 1487 2265 1534 tua
2294 1481 2475 1536 botris.

2246 1592 2333 1647 12.
2368 1592 2552 1648 Palma
2579 1594 2779 1667 quippe
2804 1594 2931 1650 dum
2952 1595 3167 1661 crescit,
3189 1595 3445 1653 deorsum
3464 1597 3767 1668 stringitur,

2173 1692 2230 1740 et
2254 1700 2467 1740 sursum
2488 1686 2763 1741 dilatatur.
2795 1686 2886 1742 Sic
2912 1694 3097 1743 sancta
3127 1687 3304 1742 anima
3347 1688 3416 1742 ab
3442 1688 3567 1744 imis
3608 1689 3771 1763 5.52

545 1769 631 1825 10.
662 1770 835 1842 Caput
857 1770 1112 1826 Ecclesiae
1132 1772 1377 1825 Christus
1404 1789 1416 1823 :
1443 1772 1530 1841 qui
1554 1772 1692 1825 bene
1714 1778 1773 1824 ut
1793 1770 2071 1825 Carmetus
2100 1776 2149 1838 B
2175 1777 2241 1833 ad
2263 1779 2483 1833 minima
2505 1779 2719 1851 incipit,
2745 1789 2801 1835 et
2823 1780 3079 1850 paulatim
3110 1781 3175 1835 ad
3206 1780 3412 1850 majora
3443 1785 3771 1853 crescendo,

469 1860 691 1930 dicitur;
727 1864 854 1934 quia
884 1863 999 1932 ipse
1028 1878 1126 1932 per
1154 1863 1461 1932 passionem
1491 1879 1653 1934 quam
1683 1863 1967 1928 sustinuit,
2000 1862 2069 1917 ad

468 1953 696 2022 gloriam
730 1953 908 2009 Patris
952 1962 1034 2007 est
1062 1955 1349 2008 exaltatus.
1382 1954 1458 2008 De
1504 1970 1612 2024 quo
1656 1954 1914 2024 scriptum
1947 1964 2064 2009 est:

468 2043 540 2099 Et
568 2047 667 2099 erit
705 2047 761 2100 in
803 2044 1099 2099 novissimis
1142 2044 1321 2098 diebus
1347 2056 1674 2116 praeparatus
1713 2061 1859 2099 mons
1886 2044 2068 2101 domus

470 2135 687 2192 Domini
727 2139 783 2192 in
824 2141 1012 2193 vertice
1052 2140 1302 2194 montium
1342 2137 1508 2210 (Isai.
1540 2152 1594 2202 Il,
1630 2139 1706 2208 2).
1731 2139 1787 2195 In
1818 2141 2068 2198 Carmelo

468 2230 672 2300 quippe
691 2228 835 2285 Elias
856 2246 1019 2286 orans
1040 2230 1278 2303 pluviam
1302 2232 1607 2301 impetravit
1631 2231 1749 2304 (111
1781 2233 1911 2306 Reg.
1932 2234 2021 2307 18)
2051 2253 2064 2289 :

469 2334 529 2382 et
576 2342 676 2381 nos
726 2326 782 2381 in
830 2320 1080 2382 Carmelo
1130 2334 1349 2382 orantes
1386 2326 1620 2396 pluviam
1671 2327 2067 2399 impetramus,

470 2416 688 2485 quando
736 2416 789 2470 in
834 2415 1105 2472 Christum
1152 2416 1436 2472 credentes
1477 2416 1747 2472 Christum
1793 2419 2071 2475 desidera-

470 2521 615 2573 mus,
633 2518 687 2563 et
704 2523 735 2563 a
756 2507 916 2564 Patre
944 2508 1315 2578 irrigationem
1336 2509 1523 2578 gratim
1543 2509 1886 2580 suscipimus,
1906 2525 2069 2579 quam

469 2619 741 2677 rogamus.
774 2606 1052 2663 Moraliter
1080 2616 1264 2663 autem
1294 2615 1457 2676 caput
1485 2621 1698 2677 sponsa:
1726 2622 1880 2661 mens
1902 2622 2069 2662 voca-

472 2709 562 2756 tur
590 2719 603 2755 :
636 2701 764 2771 quia
789 2701 931 2757 sicut
960 2717 990 2757 a
1015 2700 1190 2774 capite
1218 2701 1477 2766 membra,
1507 2700 1585 2754 sic
1612 2717 1643 2755 a
1674 2708 1854 2756 mente
1883 2715 2070 2755 omnes

468 2794 739 2864 cogitatus
769 2795 939 2851 nostri
961 2795 1337 2866 disponuntur.
1365 2792 1647 2848 Carmelus
1677 2801 1858 2848 autem
1889 2792 2067 2847 scien-

467 2883 543 2939 tia
585 2885 1011 2942 circnmcisionis
1040 2886 1445 2951 interpretatur.
1497 2883 1671 2953 Caput
1701 2898 1828 2952 ergo
1857 2897 2069 2953 sponsae

467 2984 531 3032 ut
558 2976 838 3033 Carmelus
878 2993 999 3032 esse
1040 2976 1383 3046 perhibetur;
1438 2974 1562 3042 quia
1602 2975 1855 3043 qualibet
1884 2981 2069 3028 sancta

470 3082 630 3125 mens
656 3069 810 3123 novit
834 3067 1068 3137 qualiter
1094 3066 1252 3134 digne
1281 3063 1734 3120 circumcidatur:
1769 3065 1918 3118 novit
1943 3064 2070 3133 quia

2172 1888 2343 1942 usque
2368 1875 2435 1928 ad
2466 1874 2873 1945 amplitudinem
2905 1874 3159 1945 perfecta:
3196 1876 3473 1931 charitatis
3501 1879 3769 1947 pervenit.

2171 1963 2341 2019 Nemo
2370 1964 2535 2031 enim,
2569 1965 2708 2021 sicut
2744 1964 3005 2034 scriptum
3031 1972 3134 2031 est,
3166 1974 3389 2035 repente
3419 1964 3476 2019 ﬁt
3505 1982 3769 2023 summus.

2173 2054 2231 2109 In
2263 2055 2471 2125 psalmo
2501 2064 2681 2109 autem
2708 2055 2775 2112 de
2799 2054 2948 2124 justo
2975 2056 3195 2111 homine
3224 2056 3422 2110 dicitur
3452 2074 3467 2109 :
3506 2057 3693 2111 Justus
3718 2066 3775 2111 ut

2171 2148 2349 2219 palma
2373 2148 2576 2218 ﬂorebit
2604 2148 2775 2221 (Psal.
2807 2163 2895 2204 XCI
2916 2190 2933 2217 ,
2982 2147 3094 2219 15).
3120 2146 3298 2203 Ubera
3329 2156 3507 2203 autem
3538 2165 3773 2221 sponse,

2171 2237 2279 2293 duo
2301 2248 2569 2310 praecepta
2590 2240 2873 2295 charitatis
2891 2240 3164 2307 existunt;
3195 2255 3314 2311 qua:
3335 2242 3571 2295 animam
3599 2244 3773 2313 possi-

2171 2330 2324 2400 dent,
2352 2332 2475 2386 vino
2496 2330 2702 2387 caelesti
2733 2330 3000 2385 inebriant
3023 2339 3077 2385 et
3097 2331 3359 2385 nutriunt.
3382 2330 3571 2388 Potest
3593 2343 3771 2390 tamen

2172 2437 2273 2493 per
2302 2422 2534 2492 palmam
2581 2438 2714 2477 crux
2760 2421 2959 2477 Christi
3003 2422 3247 2493 intelligi.
3295 2422 3480 2478 Palma
3518 2425 3669 2479 enim
3718 2426 3771 2482 in

2172 2513 2403 2569 sublime
2430 2514 2586 2568 valde
2630 2529 2913 2580 crescens,
2942 2513 3284 2570 dulcissimos
3330 2516 3535 2572 fructus
3562 2518 3769 2586 gignit:

2172 2615 2227 2661 et
2255 2623 2385 2662 crux
2430 2606 2630 2662 Christi
2674 2608 2951 2663 caelestem
3000 2608 3178 2663 cibum
3223 2607 3380 2663 nobis
3423 2611 3767 2680 praeparavit.

2171 2697 2271 2754 Cui
2318 2707 2523 2754 statura
2572 2714 2785 2769 sponsa:
2830 2699 3199 2756 assimilatur:
3237 2700 3362 2768 quia
3410 2716 3512 2770 pro
3556 2701 3768 2759 Christo

2170 2791 2312 2847 mori
2343 2806 2449 2846 non
2481 2790 2710 2855 dubitat,
2742 2792 2987 2863 quisquis
3033 2792 3306 2847 Christum
3346 2792 3498 2849 valde
3544 2794 3771 2864 diligens

2170 2884 2330 2953 digne
2359 2885 2619 2940 imitatur.
2665 2886 2740 2941 De
2770 2886 2949 2956 palma
2977 2887 3222 2957 sequitur
3250 2887 3515 2956 Sponsus,
3546 2889 3730 2944 dicens
3749 2906 3765 2919 ·

2244 2976 2423 3047 (Vers.
2457 2976 2538 3045 8.)
2579 2977 2725 3044 Dixi,
2750 2980 3042 3034 Ascendam
3066 2981 3118 3034 in
3146 2983 3393 3049 palmam,
3413 2990 3465 3036 et
3483 2984 3773 3053 apprehen-

2172 3071 2295 3124 dam
2326 3072 2524 3140 fructus
2552 3072 2693 3142 ejus;
2718 3080 2769 3125 et
2797 3081 2946 3125 erunt
2965 3072 3122 3127 ubera
3148 3081 3237 3127 tua
3261 3075 3394 3128 sicut
3420 3072 3552 3129 botri
3574 3076 3767 3142 vineta;

471 3158 609 3213 nihil
656 3167 740 3215 est
777 3156 1037 3227 quidquid
1084 3157 1140 3211 in
1184 3169 1414 3225 corpore
1455 3155 1648 3222 agitur,
1681 3155 1729 3209 si
1778 3170 1932 3208 mens
1976 3155 2074 3208 im-
2098 3154 2147 3218 ο
2178 3172 2227 3218 ει
2256 3164 2385 3219 odor
2412 3166 2518 3219 ονίε
2550 3166 2622 3219 mi
2652 3166 2783 3219 sicut
2810 3166 3090 3221 malorum,

468 3250 669 3305 munda
716 3247 917 3315 fuerit;
965 3262 1087 3319 quae
1136 3247 1391 3316 templum
1433 3244 1631 3301 Christi
1660 3245 1706 3301 si
1730 3245 1979 3315 efﬁcitur,
2000 3247 2069 3302 ab

468 3339 591 3413 ipso
642 3341 996 3397 inhabitatur.
1041 3339 1197 3408 Quod
1227 3338 1351 3409 quia
1382 3337 1638 3392 Pharisaei
1680 3353 1788 3394 non
1815 3338 2067 3407 agebant,

468 3433 589 3489 ideo
617 3432 834 3488 dicebat
878 3432 1069 3487 beatus
1111 3430 1419 3501 Stephanus
1447 3431 1527 3487 eis
1561 3430 1654 3501 qui
1690 3447 1813 3487 eum
1850 3432 2070 3487 occide-

468 3524 598 3581 bant
624 3545 637 3581 :
672 3527 821 3581 Dura
857 3527 1077 3592 cervice,
1101 3533 1152 3579 et
1177 3526 1554 3581 incircumcisis
1579 3528 1819 3583 cordibus
1850 3537 1898 3583 et
1928 3530 2071 3583 auri-

469 3620 583 3684 bus,
608 3638 696 3676 vos
717 3638 918 3691 semper
937 3622 1200 3676 restitistis
1224 3621 1444 3693 Spiritui
1465 3631 1646 3677 sancto
1671 3624 1805 3694 (Act.
1830 3639 1924 3692 vn,
1953 3622 2067 3693 5|).

469 3711 654 3768 Comm
700 3721 878 3767 autem
925 3713 1115 3781 capitis
1162 3712 1279 3781 ejus
1317 3722 1377 3768 ut
1419 3730 1655 3784 purpura
1703 3716 1844 3783 regis
1884 3717 2072 3784 juncta

470 3808 750 3865 canalibus
772 3822 891 3863 esse
910 3816 1299 3863 memorantur.
1324 3809 1565 3877 Purpura
1585 3808 1785 3879 quippe
1802 3824 1901 3878 per
1921 3808 2073 3863 fasci-

470 3882 624 3965 culos
672 3900 727 3956 in
775 3902 1052 3958 canalibus
1099 3901 1323 3969 ligatur,
1376 3918 1539 3971 super
1583 3917 1719 3972 quos
1758 3903 1885 3957 dum
1932 3917 2071 3973 aqua

470 3991 773 4063 projicitur,
804 4006 903 4064 per
932 3991 1148 4048 canales
1177 3992 1244 4048 ad
1272 4000 1479 4048 vestem
1508 4008 1627 4063 qua:
1656 3995 1936 4064 supposita
1966 4000 2070 4060 est,

469 4084 669 4152 currit,
704 4092 763 4139 ut
786 4084 952 4141 vestis
982 4084 1252 4154 tingatur;
1284 4092 1340 4140 et
1369 4083 1496 4139 inde
1526 4099 1725 4140 nomen
1756 4086 1987 4155 accipit,
2013 4094 2074 4141 ut

470 4177 641 4233 tincta
665 4177 849 4234 colore
873 4192 1151 4248 purpureo
1178 4191 1421 4249 purpura
1449 4184 1705 4244 vocetur;
1746 4193 1865 4249 quae
1891 4178 2072 4233 omnia

470 4282 673 4328 sanctse
726 4273 895 4328 menti
949 4281 1283 4342 congruunt,
1336 4272 1383 4327 si
1436 4272 1827 4341 intelligantur.
1892 4273 2073 4329 Coma:

472 4363 675 4433 quippe
704 4362 894 4432 capitis
918 4370 1043 4417 sunt
1074 4363 1430 4433 cogitationes
1468 4364 1695 4429 mentis,
1727 4379 1847 4435 quze
1889 4364 1941 4418 in
1982 4379 2074 4419 ca-

472 4455 687 4510 nalibus
719 4455 967 4523 ligantur,
997 4456 1121 4526 quia
1151 4456 1203 4510 in
1235 4455 1528 4525 Scripturis
1561 4456 1757 4513 divinis
1800 4473 1871 4513 ne
1910 4458 2071 4512 imni-

2251 3257 2338 3311 13.
2364 3258 2509 3311 Dixit
2534 3272 2683 3321 vere,
2717 3267 2773 3312 et
2799 3259 3041 3313 ascendit
3068 3276 3082 3313 :
3106 3259 3231 3330 quia
3258 3260 3401 3315 sicut
3429 3268 3553 3317 ante
3573 3262 3767 3317 saecula

2175 3364 2275 3420 pro
2305 3357 2480 3403 morte
2510 3357 2693 3404 nostra
2724 3350 2861 3404 mori
2902 3348 3201 3419 disposuit,
3230 3351 3309 3406 sic
3353 3351 3409 3406 in
3439 3351 3545 3406 line
3588 3352 3768 3407 mundi

2176 3439 2440 3511 propitius
2466 3446 2522 3493 et
2539 3454 2704 3493 verax
2733 3439 3066 3511 adimplevit.
3089 3440 3147 3494 In
3169 3441 3402 3511 palmam
3430 3456 3561 3510 ergo
3584 3458 3771 3497 ascen-

2175 3531 2272 3599 dit,
2300 3540 2356 3587 et
2386 3531 2591 3587 fructus
2634 3532 2752 3602 ejus
2780 3533 3141 3603 apprehendit
3166 3551 3178 3586 :
3203 3534 3324 3605 quia
3377 3534 3431 3589 in
3478 3551 3641 3590 cruce
3677 3552 3767 3591 su-

2174 3641 2438 3697 spensus,
2485 3625 2715 3681 fructum
2771 3627 3006 3691 invenit,
3062 3627 3452 3699 apprehendit,
3510 3637 3569 3684 et
3618 3630 3771 3685 nobis

2174 3717 2382 3771 tribuit.
2410 3715 2563 3772 Unde
2584 3718 2933 3788 adimpletum
2956 3726 3041 3773 est
3063 3719 3204 3787 quod
3224 3720 3472 3792 sequitur
3495 3737 3508 3773 :
3534 3719 3606 3774 Et
3625 3730 3772 3775 erunt

2174 3805 2332 3861 ubera
2364 3817 2451 3861 tua
2489 3809 2623 3862 sicut
2654 3806 2787 3862 botri
2832 3809 3013 3864 vineae.
3046 3808 3185 3863 Vere
3220 3824 3319 3878 per
3347 3826 3568 3865 crucem
3611 3810 3769 3864 ubera

2173 3915 2386 3970 Sponsm
2435 3900 2575 3955 sicut
2615 3901 2757 3955 botri
2786 3901 2957 3956 vincte
3004 3902 3273 3967 existunt;
3325 3901 3451 3975 quia
3500 3902 3555 3956 in
3598 3912 3771 3958 morte

2173 3992 2374 4049 Christi
2402 3992 2509 4047 duo
2541 4000 2807 4064 praecepta
2831 3993 3111 4048 charitatis
3138 4009 3328 4048 sensus
3366 3994 3560 4049 animae
3588 4010 3772 4051 susce-

2174 4093 2390 4156 perunt,
2406 4084 2603 4154 quibus
2629 4092 2781 4154 pasta
2804 4084 2982 4139 anima
3002 4084 3295 4151 debrietur,
3319 4084 3563 4139 debriata
3592 4096 3769 4155 p03"!-

2172 4176 2315 4231 riora
2364 4176 2731 4241 obliviscatur,
2758 4181 2815 4230 et
2860 4175 2914 4229 in
2959 4175 3230 4230 anteriora
3280 4174 3625 4230 extendatur.
3676 4176 3765 4233 His

2174 4269 2430 4324 uberibus
2458 4269 2620 4323 etiam
2672 4267 2949 4338 proximos
2990 4283 3236 4338 quosque
3285 4268 3474 4334 nutrit,
3506 4284 3569 4325 ac
3605 4269 3767 4324 robo-

2175 4369 2325 4416 ratos
2354 4376 2536 4416 secum
2567 4360 2634 4414 ad
2679 4375 2742 4415 ea
2771 4375 2892 4429 quae
2939 4361 3274 4432 concupiscit
3309 4361 3578 4433 perducit.
3616 4360 3766 4417 Unde

2175 4454 2434 4523 scriptum
2465 4461 2583 4506 est:
2616 4451 2717 4516 Qui
2755 4452 2933 4519 audit,
2974 4452 3154 4507 dicat:
3194 4453 3327 4507 veni.
3370 4451 3668 4523 Sequitur;
3700 4452 3768 4506 Et

472 4543 600 4600 liter
625 4544 815 4609 ﬂuant,
846 4546 1199 4614 stringuntur.
1232 4545 1407 4617 Super
1435 4562 1569 4616 quas
1598 4562 1736 4618 aqua
1766 4548 2064 4619 projicitur,
2100 4536 2151 4595 D
2175 4543 2303 4599 odor
2332 4545 2437 4598 oris
2465 4545 2536 4597 tui
2562 4544 2695 4597 sicut
2718 4544 2975 4599 malorum
3023 4546 3213 4617 (Apoc.
3241 4561 3407 4601 xxvm
3428 4588 3444 4612 ,
3486 4546 3599 4616 Π).
3631 4546 3768 4602 Mala

474 4650 596 4705 quae
637 4644 842 4691 vestem
880 4636 1082 4707 regiam
1122 4637 1317 4706 tingit:
1343 4636 1368 4673 δ
1396 4637 1521 4706 quia
1558 4639 1610 4694 in
1651 4640 2069 4708 cogitationibus

471 4736 673 4786 sancte
721 4729 952 4797 mentis,
992 4729 1158 4799 gratia
1200 4729 1436 4788 cmlestis
1477 4732 1791 4802 suscipitur,
1819 4741 1873 4787 et
1898 4741 2068 4787 totam

473 4823 710 4877 animam
738 4821 792 4875 in
824 4820 1044 4877 caeleste
1084 4832 1461 4879 ornamentum
1510 4824 1816 4894 componit;
1856 4832 1914 4878 ut
1956 4823 2069 4892 jam

472 4923 588 4970 tota
616 4914 794 4969 anima
824 4914 878 4968 in
902 4914 1067 4968 vitam
1087 4921 1341 4970 :cternam
1372 4916 1705 4982 inardescat,
1738 4923 1793 4970 et
1821 4915 1886 4969 ad
1914 4924 2073 4971 aeter-

473 5016 602 5060 num
630 5006 897 5077 Sponsum
924 5007 1083 5062 etiam
1108 5022 1204 5078 per
1222 5010 1540 5078 sanguinem
1570 5010 1814 5082 martyrii
1845 5026 2072 5081 pergere

473 5099 840 5168 concupiscat.
874 5098 952 5154 De
982 5108 1094 5155 tota
1140 5101 1338 5170 quippe
1376 5101 1613 5157 Ecclesia
1662 5101 1860 5159 Paulus
1900 5104 2070 5159 dicit:

481 5188 582 5254 Qui
626 5188 855 5243 exhibuit
901 5188 997 5243 sibi
1040 5189 1362 5258 Ecclesiam,
1395 5201 1581 5247 vestem
1625 5195 1737 5249 sine
1774 5196 1981 5249 macula
2021 5206 2072 5251 et

478 5300 609 5353 ruga
640 5282 864 5359 (Ephes.
890 5298 943 5350 v,
969 5281 1081 5353 27).
1110 5284 1174 5337 Et
1201 5284 1267 5339 de
1292 5286 1515 5354 singulis
1544 5284 1798 5341 Ecclesiae
1826 5288 2071 5343 ﬁdelibus

481 5374 711 5429 dicitur:
742 5374 843 5429 His
871 5374 1105 5431 omnibus
1135 5378 1268 5431 velut
1297 5390 1599 5435 ornamento
1640 5383 1869 5436 vestieris
1904 5380 2068 5453 (1εαὶ.

483 5481 631 5532 xmx,
654 5465 767 5537 18).
797 5467 889 5522 Sic
913 5468 1094 5523 tincta:
1115 5484 1266 5538 ergo,
1291 5471 1367 5526 sic
1394 5472 1652 5541 pulchrae,
1683 5474 1759 5529 sic
1788 5488 2069 5544 purpurea!

486 5558 642 5612 facite
670 5574 880 5629 sponsae
904 5560 1209 5629 adgandens
1246 5578 1475 5632 sponsus
1506 5565 1761 5636 loquitur,
1790 5568 1977 5622 dicens
2003 5584 2015 5621 :

561 5756 585 5819 ξι
626 5746 837 5819 Excusi,
864 5747 1100 5819 discretio
1129 5749 1547 5819 prrcdicatorum.

558 5816 588 5857 δ
638 5818 735 5875 llic
781 5817 1035 5874 nonnulla
1087 5816 1439 5886 mutavimus,
1483 5833 1587 5889 ope
1629 5820 1748 5877 cod.
1797 5833 1925 5879 mss.
1967 5816 2071 5876 etsi

2178 4635 2395 4707 punica,
2424 4634 2493 4689 de
2518 4634 2712 4705 quibus
2749 4637 2995 4706 superius
3019 4645 3126 4691 tam
3152 4652 3295 4708 saepe
3320 4637 3518 4693 dictum
3548 4647 3649 4701 est,
3684 4638 3770 4694 hic

2176 4736 2627 4795 rememorantur,
2659 4743 2889 4799 quorum
2919 4729 3073 4785 odori
3099 4729 3235 4785 odor
3255 4730 3365 4785 oris
3391 4745 3603 4800 sponsa:
3630 4730 3770 4784 bene

2175 4821 2307 4876 satis
2336 4819 2679 4875 assimilatur.
2725 4819 2829 4875 Per
2870 4820 3013 4876 mala
3059 4829 3240 4876 autem
3280 4821 3475 4892 punica
3504 4829 3769 4891 martyres

2176 4913 2447 4983 designari
2494 4913 2743 4984 superius
2787 4913 3018 4969 diximus
3052 4914 3202 4986 (Cap.
3237 4913 3313 4983 4).
3366 4913 3470 4968 Per
3497 4930 3560 4968 os
3586 4921 3771 4969 autem

2175 5019 2389 5075 sponsae
2417 5004 2505 5059 hic
2542 5004 2741 5059 debere
2769 5003 2993 5072 intelligi
3023 5003 3140 5072 ejus
3178 5004 3612 5074 praedicationem
3666 5021 3772 5075 ρυ-

2175 5105 2373 5154 tamus.
2416 5097 2546 5165 Qua:
2594 5097 2719 5151 dum
2748 5097 2973 5152 virtutes
3001 5104 3295 5168 martyrum
3335 5097 3610 5166 praedicat,
3644 5096 3772 5151 dum

2176 5191 2245 5247 ad
2267 5206 2454 5245 eorum
2483 5189 2885 5245 similitudinem
2911 5189 3122 5243 animos
3151 5189 3480 5243 audientium
3524 5188 3765 5256 instigat,

2177 5284 2307 5339 dum
2337 5285 2390 5339 in
2421 5284 2578 5338 unius
2606 5282 2992 5354 praedicatione
3021 5280 3140 5337 ﬁdei
3168 5281 3363 5336 multas
3391 5280 3617 5335 virtutes
3646 5295 3770 5335 esse

2177 5377 2505 5444 manifestat,
2529 5375 2654 5448 quid
2679 5375 2822 5431 aliud
2851 5388 3010 5446 quam
3040 5376 3304 5430 malorum
3330 5373 3551 5429 odorem
3584 5374 3636 5427 iu
3672 5388 3769 5427 ore

2175 5471 2396 5541 portat?
2426 5469 2560 5537 Quia
2588 5475 2643 5524 et
2672 5469 2924 5523 ruborem
2962 5467 3180 5524 corticis
3219 5467 3272 5521 in
3298 5466 3557 5537 martyrio
3584 5474 3769 5519 osten-

2178 5562 2257 5618 dit
2284 5562 2427 5632 quod
2456 5560 2729 5633 praedicat,
2761 5568 2818 5615 et
2843 5561 2897 5615 in
2923 5560 3209 5615 virtutibus
3236 5556 3625 5621 multitudinem
3650 5569 3768 5626 gra-

2176 5761 2498 5804 excusorum
2530 5746 2689 5801 lectio
2714 5760 2821 5799 non
2848 5743 3075 5798 multum
3105 5757 3135 5796 a
3163 5755 3324 5798 sensu
3354 5734 3689 5795 deﬂecteret.

2253 5830 2275 5859 ο
2323 5818 2441 5875 Val.
2475 5816 2579 5887 Cl.,
2613 5816 2878 5873 abundare
2893 5814 3192 5871 contemnit.
