4052 6338
300 304 406 362 557

956 297 1181 359 SUPER
1216 260 1521 357 CANTICA.
1550 290 1986 353 CANTICORUM
2024 293 2407 356 EXPOSITIO.
2443 323 2519 344 -
2553 297 2710 357 CAP.
2753 299 2892 358 VIII.

3469 304 3577 365 5'58

297 436 495 483 norum
522 418 623 477 sub
650 416 838 474 eadem
868 414 974 472 fide
1014 412 1169 485 quasi
1215 413 1315 471 sub
1344 413 1536 471 eodem
1563 411 1767 469 cortice
1793 410 1888 467 de-
1909 410 1969 473 Δ
1991 418 2129 469 teste
2150 413 2412 484 Veritate,
2444 424 2529 473 est
2554 416 2643 474 hic
2660 418 2893 476 mundus
2912 416 3127 491 (Matth.
3150 420 3290 494 xm).
3311 420 3370 479 In
3392 436 3578 495 agrum

299 524 588 576 monstrat.
620 514 699 570 De
728 527 835 582 quo
865 520 921 568 et
945 511 1191 567 subditur
1218 528 1231 564 :

370 609 565 679 (Vers.
598 606 694 675 9.)
737 603 923 659 Guttur
975 614 1115 657 tuum
1166 619 1313 674 quasi
1366 617 1540 657 unum
1596 601 1887 672 optimum,

297 702 513 773 dignum
533 698 718 751 dilecto
742 712 853 750 meo
877 695 945 748 ad
970 694 1276 765 potandum,
1300 689 1550 765 labiisque
1574 704 1623 749 et
1649 694 1889 750 dentibus

299 794 444 850 illius
469 792 539 845 ad
568 790 955 845 ruminandum.

369 885 457 941 14.
488 883 547 939 In
573 892 788 953 gutture
814 883 1010 954 quippe
1033 897 1137 937 vox
1163 889 1262 938 est.
1295 881 1398 938 Per
1420 888 1604 952 guttur
1622 894 1751 951 ergo
1774 880 1889 953 ipsa

294 978 610 1053 praedicatio
667 977 861 1032 iterum
915 974 1226 1043 designatur
1266 992 1280 1028 :
1325 990 1447 1044 quae
1502 975 1654 1045 quasi
1703 976 1888 1030 vinum

292 1075 559 1145 Optimum
581 1086 701 1127 esse
720 1070 931 1136 dicitur,
947 1070 1074 1139 quia
1090 1077 1298 1125 mentes
1323 1069 1602 1125 hominum
1632 1070 1886 1136 inebriat,

291 1175 355 1221 ut
388 1164 805 1236 praeteritorum,
834 1164 973 1218 sicut
1013 1163 1216 1219 dictum
1260 1171 1362 1231 est,
1397 1163 1805 1229 obliviscantur,
1833 1171 1889 1219 et

290 1259 349 1315 in
373 1259 642 1319 anteriora
665 1264 944 1312 currentes
970 1271 1076 1311 non
1108 1256 1392 1311 lassentur.
1429 1256 1504 1311 De
1525 1271 1633 1326 quo
1657 1272 1884 1326 Sponsa,

290 1348 515 1403 verbum
542 1347 611 1403 de
637 1361 733 1403 ore
761 1345 955 1417 Sponsi
985 1346 1316 1417 suscipiens,
1346 1346 1622 1417 adjungit:
1657 1346 1887 1420 Dignum

290 1439 477 1493 dilecto
521 1454 630 1492 meo
655 1437 722 1490 ad
750 1437 1066 1509 potandum,
1099 1436 1351 1509 labiisque
1374 1446 1423 1492 et
1464 1438 1702 1492 dentibus
1743 1439 1887 1494 illius

288 1530 361 1582 ad
386 1528 773 1583 ruminandum.
834 1527 965 1583 Tale
994 1536 1077 1583 est
1104 1544 1315 1599 sponsa:
1345 1529 1546 1594 vinum,
1573 1536 1634 1583 ut
1666 1529 1887 1598 dignum

286 1620 363 1677 sit
394 1620 591 1676 dilecto
635 1620 703 1675 ad
740 1619 1068 1691 potandum:
1098 1620 1226 1689 quia
1254 1620 1382 1676 dum
1430 1628 1617 1677 sancta
1644 1620 1885 1677 Ecclesia

288 1711 450 1767 fidem
477 1726 656 1767 veram
684 1710 962 1781 praedicat,
986 1711 1113 1766 dum
1142 1711 1417 1767 auditores
1444 1728 1574 1767 suos
1602 1711 1886 1769 adisancta

1989 520 2118 561 vero
2146 522 2270 562 cum
2297 507 2506 579 Sponsa
2533 507 2777 582 Sponsus
2803 512 3103 582 egreditur,
3135 512 3165 552 ά
3194 515 3412 586 quando
3444 516 3578 572 Ver-

1986 596 2114 653 bum
2144 599 2240 655 Dei
2270 615 2433 656 carne
2460 610 2709 673 suscepta
2731 645 2747 670 ,
2774 604 2827 659 in
2852 605 3091 663 thalamo
3116 606 3349 677 Virginis
3378 611 3579 667 mundo

1987 700 2344 749 monstratur.
2383 693 2442 749 lu
2489 696 2631 752 villis
2677 706 3064 766 commoratur,
3113 703 3330 773 quando
3378 702 3580 762 Gentes

1987 798 2086 856 per
2112 785 2272 842 ﬁdem
2293 787 2510 856 visitat,
2545 802 2707 858 quam
2736 790 3121 861 recipientibus
3151 793 3393 863 largitur.
3424 794 3580 853 Mane

1988 876 2056 931 ad
2081 877 2267 934 vineas
2292 880 2491 949 surgit,
2536 880 2661 951 quia
2692 889 2816 953 post
2850 884 3309 940 resurrectionem
3341 902 3494 941 suam
3525 890 3579 946 in

1988 969 2161 1038 gloria
2192 970 2365 1026 Patris
2390 954 2617 1039 sedens,
2647 973 2908 1030 ecclesias
2936 989 3072 1044 quas
3098 978 3382 1044 construit,
3416 979 3578 1036 etiam

1989 1059 2255 1116 defendit.
2300 1061 2357 1116 Si
2414 1062 2598 1118 ﬂoruit
2643 1064 2801 1119 vinea
2847 1066 3142 1136 conspicit;
3188 1068 3313 1138 quia
3362 1084 3579 1125 omnem

1987 1153 2287 1224 profectum
2316 1152 2573 1210 Ecclesiae
2608 1153 2850 1211 districto
2878 1158 3124 1214 examine
3153 1160 3453 1230 perpendit.
3486 1160 3580 1215 Vi-

1988 1245 2081 1302 det
2121 1247 2165 1302 si
2211 1245 2371 1303 flores
2411 1246 2618 1304 fructus
2663 1249 3000 1320 parturiunt,
3052 1252 3177 1323 quia
3224 1254 3484 1324 perspicit
3513 1253 3580 1312 ad

1987 1353 2149 1410 quem
2178 1338 2481 1410 profectum
2512 1342 2683 1397 teneri
2711 1344 2912 1414 quique
2948 1350 3004 1399 et
3054 1343 3353 1415 imperfecti
3379 1361 3574 1401 excre~

1987 1437 2164 1486 scunt.
2198 1429 2353 1485 Videt
2391 1431 2555 1486 etiam
2599 1431 2644 1487 si
2690 1431 2991 1489 floruerunt
3017 1434 3157 1489 mala
3191 1435 3419 1505 punica;
3451 1436 3577 1506 quia

1989 1523 2261 1593 perfectos
2285 1537 2532 1594 quosque
2561 1525 2797 1595 respicit,
2822 1533 2879 1581 et
2898 1525 3025 1596 quid
3050 1527 3298 1583 utilitatis
3318 1529 3371 1583 in
3401 1529 3579 1599 proxi-

1988 1614 2091 1669 mis
2119 1615 2377 1683 habeant,
2408 1616 2563 1686 quasi
2592 1616 2647 1671 in
2676 1615 2901 1674 floribus
2930 1617 3159 1674 fructum
3186 1620 3484 1691 cognoscit,
3511 1618 3580 1676 de

1990 1706 2183 1776 quibus
2210 1707 2351 1762 bene
2378 1708 2623 1779 sequitur
2655 1708 2780 1763 :Ibi
2816 1708 2952 1764 dabo
2996 1710 3089 1765 tibi
3134 1710 3293 1766 ubera
3336 1728 3469 1766 mea.
3519 1709 3579 1767 In

286 1816 460 1872 opera
487 1802 708 1869 excitat,
733 1802 861 1857 dum
890 1803 1065 1858 solum
1086 1801 1362 1859 Christum
1389 1803 1634 1874 diligere,
1662 1805 1879 1873 imitari,
1912 1802 1963 1866 B
1988 1798 2144 1854 malis
2171 1798 2387 1869 punicis
2410 1798 2501 1853 dat
2529 1799 2740 1870 Sponso
2766 1816 2964 1870 sponsa
2989 1801 3184 1869 ubera;
3215 1803 3339 1873 quia
3369 1803 3424 1857 in
3451 1817 3578 1873 per-

287 1896 561 1967 ampleeti,
591 1896 791 1952 bonum
814 1912 953 1962 esse,
972 1897 1153 1952 verbis
1172 1905 1229 1951 et
1249 1898 1505 1967 operibus
1530 1897 1884 1967 demonstrat,

286 1990 419 2060 quid
446 1990 590 2044 aliud
616 1998 778 2059 quam
798 1990 985 2044 vinum
1013 2006 1169 2045 suum
1199 1989 1417 2059 dignum
1447 1991 1597 2060 facit,
1620 2000 1681 2047 ut
1710 1992 1763 2048 in
1792 2008 1888 2049 ore

286 2083 485 2155 Sponsi
530 2083 742 2153 sapiat?
771 2082 926 2149 Quod
973 2084 1114 2139 bene
1151 2083 1398 2141 Christus
1426 2088 1616 2155 potaie
1649 2086 1882 2142 dicitur:

286 2175 413 2245 quia
444 2188 475 2228 a
500 2188 729 2246 corpore
758 2188 878 2241 suo,
906 2172 963 2228 id
992 2181 1075 2229 est
1102 2190 1132 2228 a
1165 2175 1377 2245 populis
1402 2174 1647 2231 ﬁdelibus
1676 2177 1885 2233 amabi-

289 2267 417 2321 liter
447 2275 682 2337 potatur.
729 2266 805 2322 De
830 2282 938 2336 quo
964 2266 1259 2321 notandum
1289 2273 1374 2322 est
1399 2266 1540 2337 quoii
1572 2282 1761 2324 omnes
1789 2285 1887 2340 po-

288 2364 438 2420 tant,
486 2355 583 2411 sed
630 2355 773 2411 labia
817 2357 931 2411 sola
960 2364 1017 2411 et
1043 2354 1144 2412 soli
1183 2355 1374 2412 dentes
1419 2357 1729 2412 ruminant:
1759 2358 1883 2428 quia

285 2448 415 2504 dum
437 2448 597 2520 553
624 2448 866 2506 Ecclesia
887 2463 986 2519 per
1004 2458 1221 2504 sanctos
1244 2464 1371 2506 suos
1392 2449 1670 2519 prmdicat,
1695 2466 1886 2507 omnes

284 2538 503 2610 quidem
532 2539 788 2607 audiunt,
829 2538 925 2594 sed
967 2554 1076 2593 non
1106 2554 1297 2595 omnes
1346 2548 1548 2609 quanta
1594 2541 1666 2596 sit
1710 2542 1883 2597 virtus

286 2631 680 2687 sententiarum
708 2645 829 2700 quas
858 2631 1142 2698 dicuntur,
1164 2631 1499 2687 discernunt.
1552 2629 1719 2687 Labia
1753 2646 1885 2688 vero

285 2733 345 2781 et
372 2724 566 2780 dentes
613 2725 922 2789 ruminant;
974 2722 1100 2793 quia
1139 2723 1264 2777 dum
1304 2722 1658 2793 perfectiores
1685 2724 1886 2793 quique

287 2824 416 2889 post
461 2815 702 2869 auditum
748 2813 912 2869 verba
960 2813 1026 2867 ad
1073 2814 1391 2869 memoriam
1434 2825 1727 2884 revocant,
1755 2815 1886 2871 dum

286 2909 473 2963 audita
502 2921 730 2979 quaeque
757 2905 1149 2960 exercitatione
1178 2904 1393 2959 assidua
1431 2906 1699 2973 cogitant,
1731 2906 1885 2977 quasi

288 3000 359 3055 ad
390 3015 452 3056 os
478 3007 803 3055 revocantes
831 2997 976 3067 quod
1003 3006 1378 3068 sumpserunt,
1399 3008 1598 3069 quanta
1627 3000 1696 3054 sit
1716 3002 1885 3057 virtus

286 3093 398 3149 cibi
426 3108 582 3162 quem
606 3091 938 3157 comedunt,
973 3090 1231 3146 sentiunt.
1263 3090 1470 3147 Idcirco
1494 3092 1548 3147 in
1576 3090 1718 3162 Lege
1746 3094 1883 3150 scri-

288 3186 452 3253 bitur,
496 3186 620 3256 quia
660 3186 860 3239 animal
905 3185 1049 3255 quod
1092 3200 1201 3240 non
1248 3186 1505 3253 ruminat,
1552 3187 1883 3245 immundum
1909 3204 1958 3267 α

287 3276 519 3333 habetur
564 3275 759 3348 (Leuit.
789 3274 874 3347 xI)
903 3293 916 3329 :
946 3275 1072 3345 quia
1117 3277 1362 3346 quisquis
1400 3277 1542 3333 bona
1578 3293 1698 3348 qute
1732 3279 1885 3334 audit

286 3370 403 3425 sive
431 3368 587 3437 legit,
619 3384 727 3423 non
758 3368 1051 3437 recogitet,
1082 3382 1281 3423 vacans
1318 3383 1350 3423 a
1378 3368 1576 3427 sanctis
1602 3370 1886 3438 cogitatio-

286 3458 482 3525 nibus,
542 3460 851 3514 necessario
900 3466 925 3493 δ
979 3457 1283 3513 immundas
1341 3460 1564 3529 cogitat.
1630 3460 1886 3530 Sequitur

285 3565 493 3623 sponsa
522 3561 579 3605 et
606 3550 738 3605 dicit
767 3567 779 3601 :

361 3641 545 3713 (Vers.
578 3640 691 3712 10.)
728 3639 845 3713 Ego
887 3640 1076 3697 dilecto
1122 3658 1261 3709 meo,
1295 3650 1347 3696 et
1382 3642 1453 3696 ad
1497 3658 1580 3697 me
1623 3645 1887 3701 conversio

283 3737 422 3805 ejus.

364 3822 456 3879 15.
498 3823 578 3879 Ac
601 3822 647 3878 si
676 3821 901 3888 diceret,
932 3820 1186 3892 quoniam
1216 3821 1320 3877 lide
1361 3836 1424 3877 ac
1464 3821 1758 3880 dilectione
1785 3826 1886 3881 soli

289 3916 506 3975 Christo
536 3914 786 3970 adhzereo
805 3951 821 3979 ,
848 3912 1020 3969 solum
1049 3927 1268 3983 sequor,
1292 3912 1462 3967 solum
1489 3929 1613 3968 cum
1641 3912 1803 3970 Patre
1829 3923 1886 3970 et

289 4008 495 4081 Spiritu
524 4014 714 4062 sancto
743 4020 904 4059 unum
933 4004 1100 4060 Deum
1123 4004 1305 4059 videre
1331 4006 1679 4075 concupisco,
1701 4020 1885 4075 respe-

291 4101 484 4159 ctionis
529 4100 646 4170 ejus
692 4100 1050 4165 suavitatem,
1095 4099 1418 4155 visitationis
1465 4100 1881 4170 benignitatem,

291 4188 319 4230 δ
350 4192 718 4248 conversionis
742 4191 1077 4247 dulcedinem
1100 4190 1394 4261 gaudenter
1418 4192 1688 4263 experior,
1720 4207 1883 4265 expe-

292 4286 441 4341 riens
464 4285 740 4355 proclamo
775 4300 787 4337 :

366 4375 545 4447 (Vers.
578 4375 676 4444 11,
715 4374 828 4445 12.)
876 4374 1034 4442 Veni,
1090 4374 1272 4431 dilecte
1318 4374 1420 4442 mi,
1466 4376 1792 4448 egrediamur
1828 4379 1885 4431 in

292 4485 498 4541 agrum,
529 4485 901 4523 commoremur
937 4470 993 4523 in
1025 4469 1190 4533 villis;
1223 4485 1376 4523 mane
1412 4486 1685 4542 surgamus
1713 4472 1782 4525 ad
1809 4472 1885 4525 vi-

293 4578 443 4628 neas,
468 4561 729 4616 videamus
758 4563 803 4615 si
829 4562 1006 4632 ﬂoruit
1032 4563 1201 4627 vinea,
1232 4564 1277 4617 si
1302 4564 1458 4632 ﬂores
1481 4565 1677 4635 [ructus
1705 4574 1885 4635 partu-
1909 4587 1964 4651 ι)

292 4653 471 4723 riunt,
494 4651 538 4706 si
571 4651 856 4721 ﬂoruerunt
892 4652 1032 4706 mala
1066 4653 1260 4721 punica
1288 4669 1305 4706 :
1336 4652 1410 4707 ibi
1438 4654 1571 4708 dabo
1611 4653 1700 4709 tibi
1728 4655 1885 4709 ubera

292 4761 432 4799 mea.

368 4835 454 4889 16.
497 4835 634 4890 Dum
656 4850 852 4907 sponsa
873 4835 1071 4908 Sponsi
1094 4835 1437 4893 dulcedinem
1464 4847 1685 4909 experta
1715 4851 1775 4893 se
1798 4852 1886 4893 re-

294 4925 426 4992 licit,
458 4925 524 4981 de
552 4928 802 4997 proximo
827 4930 990 4984 etiam
1018 4930 1248 4999 cogitat,
1287 4945 1448 5001 quem
1485 4932 1651 5001 ipsius
1690 4931 1888 5001 Sponsi

295 5006 735 5090 prtecepto’sicut
762 5036 820 5076 se
848 5021 1049 5092 diligit;
1082 5029 1139 5077 et
1165 5021 1293 5091 quia
1332 5021 1527 5092 Sponsi
1551 5032 1576 5061 °
1617 5030 1886 5093 praecepta

296 5109 566 5179 intelligit,
592 5113 756 5168 etiam
778 5122 837 5170 ut
856 5115 944 5170 alii
967 5115 1269 5185 intelligant
1292 5114 1644 5186 concupiscit,
1665 5115 1882 5172 dicens:

300 5203 456 5270 Veni,
484 5205 666 5262 dilecte
693 5209 796 5273 mi,
832 5208 1159 5279 egrediamur
1182 5210 1237 5263 in
1268 5224 1472 5281 agrum.
1501 5208 1644 5279 Ager
1664 5209 1883 5280 quippe,

367 5351 395 5418 ξ
433 5340 651 5418 Excusi,
679 5345 971 5400 immundus
997 5356 1290 5418 congregat.

368 5411 396 5451 δ
433 5411 1066 5487 11ι1θιη,ὶοηυενεαιὶοηίε.
1090 5411 1300 5487 Optime
1328 5417 1481 5484 Mss.,
1508 5419 1886 5487 conversionis;

296 5498 421 5539 cum
439 5485 570 5560 _h:nc
598 5489 762 5541 verba
792 5485 1154 5558 exponentur,
1184 5499 1233 5542 et
1260 5489 1327 5541 ad
1350 5506 1430 5544 me
1458 5490 1723 5543 conversio
1747 5485 1883 5560 ejus.

374 5567 397 5594 ο
438 5554 499 5610 ιιι
527 5566 731 5631 recent.
760 5554 1010 5629 vulgatis,
1030 5568 1287 5631 prwcepta
1313 5561 1389 5615 vel
1409 5570 1635 5626 secreta;
1665 5554 1886 5630 quodin

304 5624 571 5697 lisstnon
602 5628 849 5697 legimus.

371 5695 398 5734 τι
440 5696 540 5772 llic
586 5695 694 5772 non
739 5700 1233 5772 consentiuntMss.
1274 5700 1333 5755 In
1376 5701 1592 5758 Val.Cl.
1642 5704 1833 5772 legitur
1868 5722 1881 5758 :

302 5768 508 5847 quando
539 5768 743 5823 verbum
770 5770 863 5826 Dei
905 5782 1193 5847 susc_eptum
1221 5774 1276 5847 in
1286 5772 1534 5847 thalamo
1576 5768 1797 5847 Virginis
1826 5777 1882 5831 in

313 5838 496 5894 nuntio
535 5849 870 5899 monstratur.
911 5843 971 5902 In
1012 5842 1217 5902 Theod.
1262 5844 1451 5900 libent.
1497 5854 1552 5903 et
1599 5838 1878 5918 Rdthom.,

1989 1890 2143 1947 feetis
2185 1891 2315 1946 vivit
2355 1891 2591 1947 cbaritas
2635 1891 2883 1961 gemina,
2933 1908 3000 1947 ex
3045 1908 3152 1963 qua
3194 1894 3321 1949 dum
3366 1894 3580 1951 infirma

1989 1985 2231 2040 membra
2256 1986 2310 2039 in
2331 1981 2574 2041 Ecclesia
2596 1984 2859 2053 nutriunt,
2882 1985 3036 2053 quasi
3057 1983 3324 2040 Christum
3353 1985 3577 2055 lactant,

1987 2092 2149 2148 quem
2180 2078 2233 2133 in
2260 2077 2496 2134 minimis
2540 2078 2653 2133 suis
2698 2092 2818 2135 esse
2863 2085 3184 2149 praesentem
3222 2086 3575 2149 cognoscunt.

1987 2169 2066 2226 De
2091 2170 2284 2240 quibus
2311 2171 2449 2227 bene
2475 2170 2723 2226 subditur
2754 2187 2768 2224 :
3136 2234 3155 2251 ο

2062 2262 2225 2333 (Vers
2272 2262 2389 2334 15.)
2427 2261 2803 2336 Mandragora:
2843 2262 3096 2319 dederunt
3116 2263 3327 2320 odorem
3353 2278 3501 2320 suum
3525 2278 3580 2317 tn

1988 2354 2152 2423 portis
2181 2354 2393 2408 nostris.

2034 2446 2148 2502 17.
2188 2445 2325 2514 Quid
2351 2461 2450 2520 per
2477 2446 2913 2517 mandragoram,
2934 2447 3157 2505 herbam
3181 2447 3387 2503 scilicet
3412 2446 3580 2503 medi-

1988 2536 2217 2592 cinalem
2247 2546 2304 2593 et
2332 2537 2680 2606 odoriferam,
2706 2537 2807 2593 nisi
2832 2538 3003 2594 virtus
3030 2536 3395 2609 perfectorum
3423 2536 3582 2592 intela

1987 2630 2208 2700 ligitur?
2250 2628 2355 2685 Per
2378 2646 2540 2701 quam
2579 2630 2807 2703 perfecti
2834 2632 3037 2701 quique
3064 2631 3189 2687 dum
3236 2628 3579 2701 imperfecto-

1987 2738 2107 2779 rum
2126 2722 2526 2779 inﬁrmitatibus
2544 2723 2850 2789 medentur,
2874 2722 2928 2776 in
2958 2721 3064 2777 lide
3083 2736 3245 2791 quam
3266 2720 3579 2791 praedicant,

1989 2815 2044 2871 id
2069 2800 2154 2871 est
2182 2815 2235 2870 in
2281 2816 2453 2885 portis
2492 2814 2749 2870 Ecclesia:
2779 2815 2890 2870 veri
2935 2813 3129 2869 medici
3179 2828 3299 2869 esse
3330 2828 3585 2883 compro-

1988 2906 2207 2961 bantur.
2240 2907 2342 2974 Qui
2370 2906 2498 2961 dum
2525 2906 2773 2975 exempla
2802 2905 3069 2961 bonorum
3098 2919 3322 2975 operum
3352 2904 3583 2960 circum-

1988 3012 2204 3068 quaque
2244 3013 2341 3069 per
2377 3005 2620 3054 sanctam
2649 2996 3147 3077 famamtribuunt,
3179 2995 3332 3066 quasi
3357 2996 3583 3053 odorem

1989 3104 2097 3160 quo
2124 3090 2311 3158 mgroti
2338 3097 2616 3154 sanentur,
2646 3094 2961 3158 aspergunt.
2993 3087 3252 3157 Sequitur
3276 3104 3289 3140 :

2065 3182 2243 3256 (Vers.
2273 3181 2386 3255 15.)
2429 3181 2621 3236 Omnia
2654 3197 2831 3252 poma,
2859 3196 2990 3236 nova
3010 3188 3059 3234 et
3078 3188 3267 3246 vetera,
3290 3179 3472 3235 dilecte
3492 3195 3585 3247 nu,

1986 3278 2185 3334 servavi
2211 3275 2299 3330 tibi
2666 3264 2673 3270 ’

2059 3367 2147 3422 18.
2190 3367 2290 3422 llic
2318 3380 2416 3437 per
2454 3378 2649 3435 poma,
2686 3377 2878 3420 sensus
2923 3362 3326 3433 Scripturarum
3363 3368 3580 3416 sancta-

1986 3474 2105 3516 rum
2144 3457 2309 3530 454
2348 3457 2751 3525 intelliguntur;
2789 3471 2910 3525 qua:
2937 3456 3065 3510 dum
3094 3470 3161 3509 ex
3188 3453 3434 3510 Patribus
3461 3470 3585 3512 san-

1988 3551 2091 3607 ctis
2112 3552 2180 3604 ad
2211 3565 2308 3605 nos
2338 3563 2509 3617 usque
2538 3547 2888 3619 perveniunt,
2910 3555 2966 3603 et
2992 3546 3305 3615 creduntur,
3332 3548 3488 3618 quasi
3514 3560 3584 3603 ex

1989 3642 2271 3698 arboribus
2286 3657 2447 3713 poma
2468 3648 2781 3710 exsurgunt,
2805 3640 2996 3711 quibus
3015 3640 3208 3695 anima:
3228 3640 3580 3696 delectantur.

1987 3735 2179 3791 Omnia
2208 3750 2337 3805 ergo
2364 3750 2547 3807 poma,
2576 3749 2718 3790 nova
2746 3744 2803 3790 et
2823 3742 3004 3790 vetera
3034 3734 3230 3789 dilecto
3251 3751 3350 3791 suo
3375 3733 3585 3805 Sponsa

1988 3836 2204 3893 servat;
2252 3827 2377 3898 quia
2425 3827 2505 3882 sic
2535 3825 2743 3882 Novum
2776 3825 3180 3881 Testamentum
3209 3818 3453 3881 Ecclesia
3494 3841 3585 3880 ca-

1987 3918 2187 3973 tholica
2214 3918 2423 3988 recipit,
2441 3917 2683 3973 utVetus
2706 3932 2813 3973 non
2834 3917 3052 3987 abjiciat
3086 3935 3099 3971 :
3129 3918 3207 3974 sic
3235 3917 3400 3973 Vetus
3421 3932 3587 3974 vene-

1986 4019 2159 4081 ratur,
2183 4021 2238 4065 ut
2268 4010 2479 4067 Novum
2507 4027 2724 4083 semper
2750 4013 2802 4067 in
2824 4012 2953 4083 ipsis
2977 4010 3259 4067 sacriﬁciis
3279 4012 3587 4069 carnalibus

1987 4119 2085 4175 per
2113 4106 2359 4176 spiritum
2394 4105 2686 4175 intelligat;
2714 4106 2767 4160 in
2789 4103 2941 4160 Novo
2959 4105 3169 4162 scilicet
3198 4101 3471 4159 Christum
3493 4119 3585 4160 ve-

1986 4202 2129 4258 nisse
2154 4197 2521 4268 congaudens,
2556 4197 2609 4252 in
2636 4196 2821 4252 Veteri
2851 4204 3031 4251 autem
3059 4210 3274 4266 semper
3296 4204 3583 4252 venturum

1987 4303 2333 4366 exspectans,
2361 4301 2417 4348 et
2445 4293 2630 4347 dicens
2654 4308 2669 4344 :

2588 4380 2818 4437 CAPUT
2856 4381 2992 4438 VIII.

2062 4476 2216 4550 (Cap.
2249 4492 2361 4532 VIII.
2385 4503 2454 4516 —
2510 4474 2657 4529 Vers.
2690 4473 2769 4543 1.)
2824 4472 2949 4539 Quis
2999 4476 3125 4531 mihi
3174 4476 3260 4531 det
3296 4487 3342 4533 te
3371 4480 3583 4550 fratrem

1990 4586 2157 4624 meum
2183 4577 2450 4638 sugentem
2478 4566 2637 4620 ubera
2667 4567 2850 4621 matris
2875 4584 3023 4636 meae,
3053 4578 3109 4622 ut
3129 4570 3390 4625 inveniam
3420 4582 3467 4624 te
3493 4588 3584 4626 so-

1988 4661 2092 4715 lum
2117 4661 2263 4730 foris,
2288 4668 2337 4711 ct
2359 4656 2643 4723 deosculer,
2667 4666 2688 4691 θ
2719 4667 2768 4710 et
2787 4658 2906 4727 jam
2934 4675 3014 4713 me
3044 4676 3194 4715 nemo
3220 4661 3514 4730 despiciat?

2062 4752 2115 4807 1.
2155 4750 2212 4805 In
2241 4750 2412 4806 veteri
2460 4749 2604 4819 Lege
2644 4748 2822 4820 posita
2865 4750 3135 4805 Christum
3164 4750 3183 4788 τ
3215 4751 3581 4821 exspectabat,

1988 4851 2045 4899 et
2072 4844 2126 4898 in
2152 4850 2362 4899 secreto
2389 4839 2563 4896 Patris
2593 4842 2922 4907 manentem,
2947 4840 3092 4896 foras
3118 4842 3305 4897 venire
3334 4856 3432 4911 per
3461 4856 3583 4895 car-

1989 4952 2114 4993 nem
2142 4936 2208 4991 ad
2247 4937 2512 4990 humanos
2545 4934 2733 4989 oculos
2777 4948 2887 4989 non
2926 4933 3271 4989 mediocriter
3310 4931 3579 5003 cupiebat.

1993 5026 2146 5084 Unde
2173 5035 2227 5082 et
2257 5026 2423 5081 David
2450 5025 2767 5081 desiderans
2794 5024 3006 5081 dicebat
3039 5042 3052 5078 :
3086 5023 3319 5095 Exurge,
3350 5034 3399 5078 et
3422 5041 3486 5078 ne
3504 5041 3585 5077 re-

1990 5120 2155 5192 pellas
2179 5119 2234 5173 in
2272 5119 2431 5189 finem
2479 5118 2651 5189 (Psal.
2703 5134 2829 5173 XLIII
2852 5158 2866 5183 ,
2899 5114 3015 5186 25).
3064 5112 3133 5169 Ει
3170 5114 3297 5171 alibi
3328 5133 3341 5169 :
3376 5114 3585 5169 Inclina

1989 5212 2144 5268 caelos
2187 5220 2302 5266 tuos
2347 5219 2396 5264 et
2447 5209 2699 5265 descende
2756 5209 2929 5281 (Psal.
2958 5222 3142 5274 chIIt,
3175 5205 3252 5275 5).
3301 5206 3370 5261 Et
3420 5204 3585 5263 Isaias

1987 5350 2196 5422 quando
2246 5348 2403 5403 Verb.
2436 5347 2535 5403 Dei
2570 5354 2899 5418 suscepta....
2932 5362 3090 5402 carne
3118 5346 3176 5401 in
3212 5343 3406 5399 mundo
3433 5360 3585 5400 mon-

1985 5429 2203 5475 stratur.

2065 5503 2087 5529 ε
2128 5492 2182 5545 In
2214 5491 2331 5545 Val.
2354 5490 2461 5557 CL,
2491 5489 2696 5545 Theod.
2729 5503 2793 5545 ac
2822 5489 3042 5558 Rhem.,
3063 5490 3222 5544 etiam
3244 5502 3359 5541 cum
3386 5503 3468 5542 me
3489 5504 3581 5545 ne-

1988 5580 2079 5633 mo,
2099 5563 2369 5633 despiciat.

2065 5632 2083 5672 τ
2126 5629 2201 5687 1ιὶ
2216 5640 2419 5689 recent.
2439 5630 2556 5696 Ed.,
2573 5629 2833 5703 Christum
2854 5631 3132 5703 exoptabat
3152 5639 3202 5703 et
3228 5629 3577 5703 exspectabat.

1986 5703 2046 5758 In
2066 5711 2176 5757 vet.
2208 5703 2381 5758 Paris.
2416 5710 2642 5766 tantum,
2672 5702 2933 5774 Christum
2955 5701 3258 5774 exoptabat,
3286 5713 3337 5758 et
3364 5706 3439 5758 in.
3474 5701 3577 5755 Su-

1987 5774 2205 5845 perlinit
2245 5783 2421 5828 tamen
2441 5815 2457 5843 ,
2489 5772 2798 5843 exoptabat,
2830 5790 2953 5829 cum
2982 5772 3145 5845 paulo
3184 5785 3308 5844 post
3345 5775 3589 5845 legatur,_

1986 5846 2247 5919 cupiebat.
2270 5845 2522 5915 Alioquin
2551 5846 2705 5903 abest
2729 5845 2797 5904 ab
2826 5845 3074 5906 erunibus
3100 5860 3231 5903 mss.
