4038 6338
503 311 603 369 Si?)

1710 285 1956 353 SANCTI
1993 281 2319 344 GREGORII
2357 281 2571 341 MAGNI

3687 281 3797 341 5H

503 430 566 487 ad
594 428 838 493 eamdem
858 424 1180 483 charitatem
1206 432 1265 477 se
1287 413 1697 477 convertebant,
1720 410 1794 466 ita
1820 416 1881 464 ut
1908 403 2088 461 dimit-
2113 399 2167 467 Α
2193 406 2282 455 cto
2312 400 2627 470 instigavit?
2651 397 2858 469 Quibus
2883 398 3075 455 eodem
3104 397 3307 470 Spiritu
3332 410 3441 470 quo
3470 396 3802 469 inquastio-

502 529 679 579 terent
720 517 979 591 quidquid
1023 517 1077 571 in
1125 513 1327 569 mundo
1374 508 1759 583 possidebant,
1792 512 1848 560 et
1888 501 2095 572 seipsos

504 616 667 671 morti
695 586 889 669 darent
906 586 1114 682 ,lquam
1161 608 1311 679 prius
1340 604 1667 677 patientibus
1691 599 1982 658 crudeliter
2012 597 2095 651 in-

504 706 772 764 ferebant.
806 704 960 760 Unde
989 713 1044 759 et
1071 701 1353 758 sublitur:

576 799 760 871 (Vers.
794 797 872 869 '7.)
907 796 967 852 Si
995 795 1194 849 dederit
1218 794 1369 847 homo
1393 806 1597 846 omnem
1626 787 1971 844 substantiam
2004 784 2101 840 do-

507 908 617 947 mus
648 906 757 945 sua:
780 905 873 961 pro
904 888 1197 951 dilectione,
1223 885 1369 957 quasi
1398 882 1527 937 nihil
1556 882 1799 950 despiciet
1820 897 1954 935 eam.

584 986 669 1041 10.
700 984 834 1040 Cum
869 992 1095 1038 terrena:
1136 979 1449 1036 substantim
1496 976 1789 1046 cupiditate
1822 975 1964 1029 Deus
1992 988 2103 1030 non

510 1079 769 1149 diligitur,
791 1077 917 1146 quia
943 1083 1188 1130 terrenus
1218 1088 1370 1127 amor
1390 1071 1603 1125 oculum
1630 1069 1809 1125 cordis
1837 1068 2100 1134 sordidat,

510 1187 579 1227 ne
604 1172 784 1225 divina
817 1169 1032 1224 claritas
1063 1167 1327 1221 videatur.
1372 1163 1576 1219 Contra
1602 1162 1745 1231 quod
1774 1162 1825 1215 in
1863 1162 2105 1230 Evange-

511 1264 585 1320 lio
615 1264 848 1319 dicitur:
885 1262 1029 1315 Beati
1058 1260 1250 1315 mundo
1281 1259 1455 1324 corde,
1505 1256 1747 1329 quoniam
1794 1257 1894 1326 ipsi
1941 1255 2106 1309 Deum

513 1356 754 1412 videbunt
786 1354 997 1424 (Matth.
1029 1370 1081 1419 ν,
1115 1352 1194 1423 8).
1227 1350 1292 1405 Ει
1315 1350 1555 1405 Joannes
1584 1348 1862 1418 apostolus
1892 1348 1968 1402 ait
1995 1366 2008 1401 :
2044 1348 2108 1403 Si

513 1450 626 1521 quis
664 1448 830 1518 diligit
871 1446 1139 1513 mundum,
1186 1461 1290 1498 non
1337 1451 1412 1498 est
1469 1442 1698 1496 charitas
1732 1440 1909 1495 Patris
1956 1442 2009 1495 in
2050 1457 2109 1495 eo

517 1538 699 1609 (Joan.
732 1553 797 1601 ιι,
826 1535 940 1605 15).
965 1534 1076 1589 Nec
1104 1533 1333 1597 mirum,
1364 1532 1633 1601 quomodo
1660 1531 1801 1586 enim
1833 1547 1955 1585 eum
1987 1530 2109 1585 dili-

516 1642 643 1698 gere
672 1634 878 1697 potest,
930 1640 1093 1694 quem
1124 1623 1330 1678 nescit?
1357 1622 1521 1693 458
1548 1620 1657 1676 Aut
1687 1620 1959 1691 quomodo
1988 1636 2111 1676 eum

520 1720 643 1785 scit,
675 1717 742 1771 ad
762 1732 924 1787 quem
954 1715 1258 1783 sciendum,
1288 1715 1503 1771 oculum
1533 1713 1710 1769 cordis
1734 1714 1977 1770 claudit?
2006 1713 2112 1769 Sed

514 1813 677 1869 homo
697 1825 918 1866 omnem
945 1808 1302 1863 substantiam
1322 1806 1517 1861 domus
1549 1821 1659 1861 suae
1688 1821 1787 1877 pro
1817 1805 2108 1861 dilectione
2137 1796 2189 1862 Β

517 1905 737 1973 tribuit,
769 1905 987 1976 quando
1032 1904 1291 1975 quidquid
1340 1904 1395 1959 in
1442 1902 1647 1959 mundo
1694 1902 1963 1974 possidet,
2015 1918 2114 1972 pro

519 1998 736 2057 Christo
783 1999 1085 2066 distribuit;
1119 2006 1179 2054 ut
1207 1998 1469 2069 abjiciens
1498 1997 1642 2067 quod
1668 1996 1917 2067 impedit,
1947 1996 2116 2051 Deum

520 2093 735 2162 diligat,
764 2101 820 2149 et
847 2102 991 2149 terso
1020 2094 1242 2164 pulvere
1286 2091 1732 2156 sollicitudinum,
1765 2089 1955 2146 oculos
1988 2104 2117 2162 ape-

519 2186 625 2241 riat
664 2194 724 2241 ut
758 2185 959 2241 videat.
1008 2185 1077 2241 Et
1123 2201 1248 2241 cum
1295 2200 1510 2241 omnem
1555 2183 1912 2239 substantiam
1956 2182 2119 2237 dede-

521 2278 619 2345 rit,
654 2280 802 2350 quasi
834 2279 964 2334 nihil
992 2294 1113 2335 eam
1144 2278 1405 2349 despicit,
1438 2278 1563 2348 quia
1592 2284 1877 2348 postquam
1902 2274 2119 2331 oculum

522 2378 698 2441 tersut,
728 2378 785 2427 et
817 2370 986 2427 Deum
1020 2372 1323 2441 conspexit,
1362 2371 1417 2425 in
1444 2370 1589 2426 illius
1616 2369 1826 2425 visione
1856 2366 2120 2437 quidquid

524 2462 863 2533 possederat,
894 2461 1027 2517 nihil
1060 2461 1265 2532 pendit.
1299 2460 1414 2516 Hoc
1454 2461 1685 2532 apostoli
1734 2459 1998 2527 fecerunt,
2029 2457 2122 2528 qui

524 2571 633 2610 non
662 2555 833 2611 solum
865 2570 1133 2626 possessa,
1165 2556 1261 2610 sed
1302 2556 1466 2610 etiam
1496 2555 1675 2625 cupita
1695 2595 1711 2620 ,
1760 2561 1818 2608 ut
1846 2552 2122 2609 Christum

528 2655 913 2715 sequerentur,
959 2646 1297 2702 dimiserunt.
1331 2645 1537 2712 Quibus
1567 2646 1680 2717 ipse
1708 2642 1973 2713 Christus,
2022 2650 2121 2716 pro

527 2752 635 2807 quo
666 2740 848 2794 omnia
880 2739 1215 2806 dimiserant,
1240 2739 1456 2795 dicebat
1482 2756 1495 2793 :
1529 2738 1655 2793 Cum
1686 2740 1909 2811 feceritis
1948 2740 2123 2793 omnia

525 2846 639 2902 qua:
667 2840 925 2901 precepta
946 2840 1067 2887 sunt
1094 2831 1256 2898 vobis,
1282 2832 1477 2887 dicite:
1504 2832 1649 2887 Servi
1680 2833 1887 2887 inutiles
1915 2848 2122 2897 sumus;

525 2922 665 2994 quod
703 2923 966 2979 debuimus
1015 2926 1207 2995 facere,
1250 2926 1465 2996 fecimus
1506 2923 1656 2993 (Luc.
1689 2940 1821 2991 xvu,
1856 2925 1967 2992 10).
2017 2924 2124 2981 Sed

528 3014 783 3080 quoniam
826 3013 1035 3082 abiecta
1082 3023 1299 3069 terrena
1348 3014 1647 3069 substantia
1695 3030 1803 3069 non
1847 3016 2028 3069 statim
2058 3016 2125 3071 ad

529 3101 918 3172 perfectionem
940 3105 1266 3173 ascenditur,
1289 3106 1413 3175 quia
1434 3106 1595 3161 rebus
1616 3106 1914 3174 abnegatis,
1948 3116 2124 3163 restat

531 3196 694 3251 etiam
727 3197 902 3264 labor,
933 3206 994 3253 ut
1034 3199 1173 3255 idem
1204 3200 1322 3271 ipse
1349 3202 1514 3256 homo
1553 3216 1584 3255 a
1624 3202 1916 3272 semetipso
1957 3202 2126 3257 abne-

530 3299 708 3360 getur,
753 3299 1018 3361 quatenus
1065 3293 1332 3362 gradatim
1374 3292 1649 3365 proficiat,
1698 3301 1754 3349 et
1798 3294 2128 3365 quandoque

531 3383 805 3457 perfectus
832 3400 943 3440 non
972 3386 1147 3441 solum
1177 3402 1256 3451 se,
1289 3386 1385 3443 sed
1415 3394 1469 3442 et
1496 3387 1629 3444 alios
1654 3403 1838 3444 secum
1867 3389 1934 3444 ad
1962 3390 2129 3447 vitam

530 3478 734 3546 trahat,
764 3477 889 3532 ideo
920 3477 989 3534 de
1014 3494 1155 3535 nova
1201 3486 1257 3535 et
1302 3487 1487 3535 tenera
1519 3480 1694 3537 adhuc
1740 3479 2013 3551 Ecclesia,
2044 3484 2131 3540 vel

532 3585 855 3641 unaquaque
880 3571 1058 3626 anima
1088 3581 1485 3642 consequenter
1506 3572 1706 3629 dicitur
1732 3591 1746 3627 :

608 3660 784 3731 (Vers.
816 3663 896 3734 8.)
930 3664 1095 3720 Soror
1139 3675 1319 3723 nostra
1366 3668 1582 3722 parvula
1609 3676 1703 3735 est,
1734 3676 1783 3723 et
1824 3668 1983 3726 ubera
2024 3688 2129 3727 non

536 3749 706 3805 habet.

611 3844 673 3897 Η
684 3885 698 3897 .
723 3844 977 3901 Sororem
992 3846 1236 3904 Christus
1257 3848 1555 3906 Ecclesiam
1571 3860 1749 3919 vocat,
1768 3853 1896 3922 quia
1911 3853 1980 3909 de
2003 3854 2132 3925 ipsis

540 3939 802 4009 apostolis
832 3941 1045 3998 dicebat
1076 3960 1090 3996 :
1123 3941 1226 4012 Ite,
1258 3944 1413 3999 dicite
1445 3945 1694 4017 fratribus
1735 3948 1863 4002 meis
1914 3946 2129 4017 (Matth.

538 4041 722 4099 xxvm,
757 4031 871 4104 10).
922 4034 1092 4091 Soror
1120 4044 1300 4091 autem
1346 4037 1600 4105 parvula,
1633 4038 1794 4093 ubera
1824 4054 1931 4094 non
1962 4040 2131 4095 habe-

537 4125 654 4195 bat,
672 4126 889 4196 quando
912 4128 966 4182 in
997 4128 1127 4186 solis
1149 4129 1413 4200 apostolis
1435 4128 1675 4187 Ecclesia
1698 4141 1835 4197 erat,
1864 4132 1917 4187 in
1939 4133 2132 4202 quibus

540 4220 797 4289 seipsam,
829 4222 916 4277 vel
964 4222 1100 4279 alios
1141 4223 1349 4278 nutrire
1396 4222 1536 4279 lacte
1581 4224 1974 4293 praedicationis
2024 4242 2131 4282 non

540 4319 757 4381 poterat
788 4312 1004 4384 (Matth.
1038 4314 1208 4385 xxvr).
1242 4313 1380 4382 Quid
1411 4317 1553 4371 enim
1584 4315 1778 4373 Petrus
1818 4318 1939 4374 aliis
1992 4334 2131 4388 prae-

541 4398 766 4468 dicaret,
798 4419 919 4459 cum
949 4409 1185 4474 seipsum
1208 4406 1525 4477 discipulum
1550 4407 1745 4464 Christi
1777 4409 1830 4465 in
1854 4410 2011 4465 unius
2039 4426 2136 4465 an-

543 4490 681 4546 cillae
702 4508 838 4548 voce
865 4494 1187 4551 detestando
1214 4503 1269 4552 et
1292 4497 1523 4566 iurando
1545 4508 1767 4569 negaret
1798 4499 1977 4571 (Joan.
2003 4500 2135 4573 xx)?

2200 510 2322 551 nem
2352 509 2447 549 eos
2476 493 2717 564 induxit,
2758 492 3050 564 respondet
3094 493 3341 564 protinus
3385 494 3804 563 convenienter,

2198 596 2255 643 et
2279 586 2355 642 ait
2380 604 2393 640 :

2273 702 2467 775 (Vcrs.
2500 701 2580 771 9.)
2633 702 2698 757 Si
2742 716 2921 757 murus
2968 708 3074 769 est,
3124 699 3443 773 wdiﬁcemus
3490 717 3649 774 super
3691 717 3808 757 eum
3856 686 3863 709 ⁸

2202 796 2593 869 propugnacula
2622 804 2891 867 argentea.
3854 798 3857 799 '

2276 910 2365 967 12.
2397 911 2534 967 Dato
2564 911 2769 983 Spiritu
2802 918 2990 967 sancto
3016 924 3203 966 murus
3230 917 3419 966 sancta
3446 908 3697 966 Ecclesia
3730 909 3809 964 ef-

2206 1006 2404 1072 ﬁcitur,
2456 1006 2580 1077 quia
2623 1021 2743 1075 qua:
2772 1005 2921 1076 prius
2966 1004 3150 1060 timida
3200 1013 3348 1069 erat,
3380 1005 3689 1060 instruente
3717 1020 3811 1059 eo-

2208 1100 2332 1155 dem
2361 1099 2563 1171 Spiritu
2586 1099 2981 1170 omnipotente,
3003 1098 3068 1154 ad
3098 1097 3457 1153 resistendum
3481 1098 3809 1152 adversariis

2209 1190 2692 1261 itnpenetrabiliter
2738 1190 3046 1247 roboratur.
3102 1188 3259 1257 Quod
3305 1190 3623 1244 manifestat
3670 1191 3807 1245 idem

2210 1283 2402 1341 Petrus
2428 1286 2529 1339 sub
2559 1284 2751 1339 ancilla
2784 1284 3003 1339 timidus
3023 1326 3038 1352 ,
3070 1300 3198 1338 mox
3227 1293 3414 1341 contra
3442 1286 3724 1355 principes
3748 1284 3810 1339 ri-

2210 1380 2383 1450 gidus,
2402 1380 2595 1449 quibus
2619 1379 2862 1435 dicebat:
2884 1378 3105 1434 Obedire
3124 1389 3323 1449 oportet
3338 1378 3449 1433 Deo
3466 1380 3639 1450 magis
3658 1395 3809 1449 quam

2212 1471 2501 1526 hominibus
2527 1471 2663 1541 (Act.
2697 1487 2752 1537 v,
2782 1470 2895 1541 29).
2928 1470 2995 1525 Et
3024 1472 3217 1525 iterum
3246 1489 3258 1523 :
3295 1472 3355 1525 Si
3390 1471 3598 1541 justum
3620 1482 3699 1524 est
3724 1488 3806 1525 ros

2212 1566 2383 1637 potius
2408 1565 2587 1619 audire
2607 1582 2761 1638 quant
2783 1563 2971 1630 Deum,
2997 1566 3259 1636 judicate;
3285 1581 3379 1619 nos
3400 1566 3539 1618 enim
3567 1582 3677 1619 non
3698 1582 3811 1635 pos-

2213 1668 2387 1708 sumus
2426 1670 2538 1726 quw
2566 1654 2786 1707 vidimus
2809 1662 2859 1706 et
2886 1653 3195 1716 audivimus,
3241 1669 3345 1707 non
3388 1654 3531 1725 loqui
3572 1652 3715 1719 (Act.
3739 1670 3809 1718 tv,

2220 1747 2328 1816 19).
2360 1746 2427 1802 Et
2453 1734 2521 1803 de
2564 1747 2772 1803 caeteris
2801 1746 3075 1815 discipulis
3104 1746 3364 1816 scriptum
3389 1756 3471 1801 est
3495 1762 3510 1799 :
3540 1745 3703 1799 Ibant
3730 1749 3813 1801 di-

2216 1838 2400 1908 scipuli
2430 1839 2708 1909 gaudentes
2738 1855 2771 1890 a
2799 1845 3073 1907 conspectu
3122 1836 3361 1902 concilii,
3391 1838 3639 1908 quoniam
3672 1838 3816 1909 digni

2218 1935 2385 1991 habiti
2408 1945 2528 1989 sunt
2556 1952 2651 2004 pro
2680 1936 2890 1989 nomine
2914 1933 3042 1987 Jesu
3068 1935 3433 1989 contumeliam
3456 1937 3570 2002 pati
3605 1935 3745 2006 (Act.
3766 1954 3813 2003 v,

2219 2029 2331 2100 lli).
2358 2028 2499 2086 Ecce
2523 2028 2699 2098 qualis
2727 2042 2913 2081 murus
2936 2025 3075 2081 facta
3104 2034 3187 2081 est
3211 2024 3472 2093 Ecclesia,
3505 2042 3631 2097 qua:
3660 2028 3817 2084 modo

2219 2120 2542 2186 tenerrima,
2575 2135 2677 2175 nec
2718 2119 2911 2188 pedem
2941 2118 3228 2186 cujuslibet
3268 2118 3568 2188 gradientis
3594 2119 3718 2175 sine
3740 2120 3817 2175 sui

2225 2214 2444 2269 lmsione
2472 2212 2642 2283 gerit,
2695 2211 2859 2267 modo
2898 2225 3029 2265 vero
3060 2218 3285 2281 accepto
3333 2211 3572 2266 mirabili
3618 2212 3817 2269 artiﬁce

2220 2306 2425 2377 Spiritu
2456 2314 2669 2373 sancto,
2712 2314 2737 2341 ⁸
2769 2304 3004 2373 universi
3036 2304 3308 2359 exercitus
3333 2305 3655 2362 assultantis
3691 2322 3817 2364 con-

2224 2399 2476 2455 tumelias
2498 2399 2661 2455 illtesa
2683 2398 3000 2454 contemnit.
3026 2396 3200 2468 Super
3223 2412 3386 2468 quam
3407 2401 3811 2471 prapugnacula

2223 2490 2575 2560 aedificantur,
2599 2492 2724 2561 quia
2745 2498 2808 2545 ut
2827 2507 2936 2546 non
2960 2491 3333 2547 tantummodo
3346 2506 3407 2547 se
3429 2493 3709 2560 defendat,
3730 2494 3817 2550 sed

2225 2593 2287 2639 ut
2314 2595 2370 2640 et
2398 2584 2772 2659 impugnantes
2801 2584 3100 2639 resistendo
3130 2592 3461 2657 prosternat,
3484 2586 3747 2641 miracula
3771 2587 3816 2643 ei

2226 2678 2408 2734 facere
2424 2678 2588 2750 559
2614 2677 2946 2743 conceditur,
2975 2692 3095 2748 qua:
3115 2693 3237 2733 cum
3259 2679 3447 2734 hostes
3473 2678 3730 2745 viderint,
3754 2681 3815 2736 ab

2226 2772 2347 2843 ejus
2393 2772 2738 2841 aggressione
2780 2770 2960 2840 jacula
3013 2771 3268 2825 timentes
3313 2779 3644 2827 terreantur.
3696 2774 3815 2840 Quae

2227 2863 2631 2937 propugnacula
2660 2863 2799 2918 bene
2845 2869 3097 2932 argentea
3143 2876 3263 2918 esse
3300 2862 3678 2932 perhibentur.
3703 2865 3816 2935 quia

2230 2959 2347 3029 ipsa
2378 2957 2638 3013 miracula
2683 2972 2802 3012 cum
2834 2956 2985 3010 verbi
3028 2954 3411 3033 praedicatione
3438 2953 3730 3011 donantur.
3760 2955 3819 3012 Et

2228 3054 2355 3124 quia
2381 3060 2663 3122 argentum
2685 3050 2838 3106 valde
2855 3065 3114 3105 sonorum
3145 3058 3228 3105 est
3254 3049 3552 3115 metallum,
3568 3060 3820 3119 argentea

2153 3188 2203 3256 Ο
2231 3144 2639 3217 propugnacula
2688 3144 2963 3211 existunt,
3012 3142 3136 3213 quia
3176 3158 3273 3212 per
3318 3143 3574 3197 miracula
3622 3143 3821 3198 factum

2461 3250 2638 3256 --μημ
2671 3235 2831 3256 μμ.--
2865 3248 2958 3256 μ-
2989 3232 3295 3256 ---ε---.,--..
3623 3247 3794 3256 --_..-.-

2232 3245 2334 3303 est,
2367 3244 2427 3291 ut
2454 3250 2643 3291 eorum
2671 3235 2836 3290 verba
2865 3248 2959 3302 per
2989 3232 3299 3288 universum
3340 3232 3592 3286 mundum
3619 3247 3823 3288 conva-

2232 3329 2528 3394 lescerent,
2572 3335 2628 3382 et
2675 3326 2800 3382 ﬁdei
2844 3325 3280 3396 prmdicationetn
3330 3322 3696 3379 inﬂexibiliter
3727 3325 3821 3379 cir-

2231 3434 2571 3491 cumquaque
2618 3415 3024 3474 diffunderent:
3068 3417 3235 3496 quod.
3250 3414 3563 3470 manifestat
3602 3413 3822 3472 Psalmi-

2230 3526 2335 3585 sta,
2367 3518 2590 3573 dicens:
2622 3514 2689 3571 In
2721 3531 2923 3569 omnem
2954 3522 3145 3568 terram
3172 3499 3328 3565 eiivit
3356 3528 3516 3567 sonus
3543 3529 3747 3581 eorum,
3779 3522 3822 3567 et

2231 3612 2287 3666 in
2327 3612 2459 3681 ﬁnes
2488 3610 2627 3667 orbis
2657 3619 2807 3665 terra:
2833 3609 2985 3664 verba
3013 3624 3186 3664 eorum
3217 3605 3388 3680 (Psal.
3425 3624 3576 3673 xvm,
3605 3606 3689 3678 5).
3738 3606 3823 3663 Se—

2232 3705 2417 3776 quitur
2441 3721 2454 3758 :

2308 3819 2484 3893 (Vers.
2517 3817 2597 3889 9.)
2626 3818 2687 3874 Si
2714 3818 2903 3874 ostium
2932 3824 3030 3885 est,
3061 3816 3454 3888 compingamus
3484 3813 3625 3870 illud
3649 3815 3824 3870 tabulis

2235 3911 2480 3968 cedrinis.

2309 4028 2394 4083 15.
2428 4025 2636 4082 Ostium
2685 4034 2848 4083 etiam
2891 4026 3030 4082 bene
3068 4039 3190 4083 esse
3234 4023 3534 4081 Ecclesiam
3581 4023 3823 4090 dicimus,

2234 4136 2397 4193 quam
2427 4123 2494 4177 ah
2537 4123 2655 4194 ipso
2685 4122 2899 4179 Christo
2936 4130 3260 4194 potestatem
3289 4122 3567 4192 aperiendi
3598 4130 3657 4177 et
3684 4122 3824 4176 clau-

2236 4214 2392 4270 dendi
2425 4216 2697 4285 accepisse
2727 4215 2948 4271 scimus.
2978 4213 3182 4270 Ostium
3212 4214 3400 4286 procul
3424 4213 3590 4269 dubio
3643 4214 3699 4267 in
3728 4212 3829 4269 suis

2236 4306 2676 4379 praedicatoribus
2700 4306 2907 4374 existit,
2952 4307 3078 4377 quia
3108 4322 3206 4377 per
3233 4321 3328 4361 eos
3354 4304 3530 4360 aditus
3559 4304 3628 4359 ad
3669 4314 3829 4361 vuatn

2236 4416 2299 4457 se
2340 4401 2494 4458 nobis
2536 4400 2730 4472 aperit.
2764 4399 2917 4455 Unde
2943 4408 2998 4454 et
3022 4400 3121 4469 ipsi
3143 4399 3317 4469 primo
3345 4398 3549 4469 pastori
3578 4396 3829 4454 Ecclesiae

2237 4495 2433 4551 dicitur
2460 4513 2472 4549 :
2503 4493 2852 4566 Quodcunque
2871 4495 3109 4565 ligaveris
3135 4509 3289 4563 super
3318 4501 3533 4556 terram,
3571 4493 3676 4545 erit
3702 4492 3830 4563 liga-

545 4578 717 4638 Parva
747 4583 877 4653 érgo
918 4584 1155 4643 Ecclesia
1184 4588 1349 4643 ubera
1397 4606 1504 4645 non
1534 4590 1799 4658 habebat,
1840 4593 1965 4662 quia
2011 4602 2134 4664 post
2162 4590 2223 4655 Ι)
2243 4600 2349 4647 tum
2373 4602 2421 4647 et
2451 4593 2506 4647 in
2538 4592 2709 4657 cwlis;
2748 4600 2797 4645 et
2826 4590 3162 4662 quodcunque
3190 4589 3404 4645 solveris
3432 4607 3588 4660 super
3616 4598 3831 4658 terram,

541 4676 996 4731 resurrectionem
1039 4677 1093 4733 in
1138 4695 1244 4735 una
1275 4680 1436 4736 domo
1467 4682 1672 4739 inclusa
1704 4683 1841 4754 (Act.
1873 4686 1944 4756 ι),
1995 4686 2137 4742 inter

542 4775 921 4838 persecutores
949 4784 1079 4828 suos
1106 4786 1215 4828 non
1244 4771 1364 4829 dico
1391 4773 1714 4844 prmdicare,
1746 4775 1841 4831 sed
1885 4785 1939 4832 et
1966 4777 2140 4835 videri

545 4860 791 4918 timebat.
822 4863 1231 4938 Consequenter
1252 4882 1383 4937 ergo
1412 4867 1648 4923 dicitur:

620 4949 808 5023 (Vers.
824 4956 904 5027 7.)
924 4956 1062 5024 Quid
1082 4961 1329 5031 faciemus
1351 4961 1521 5015 sorori
1543 4967 1735 5016 nostris
1755 4960 1809 5016 in
1831 4961 1914 5018 die
1932 4965 2139 5035 quando

543 5044 855 5117 alloquenda
882 5059 977 5104 est.

616 5134 896 5193 Allocutus
949 5146 1033 5195 est
1077 5139 1323 5196 Christus
1368 5154 1612 5197 sororem
1662 5157 1857 5211 suam,
1918 5149 2136 5218 quando

542 5228 802 5300 Spiritum
847 5239 1091 5288 sanctum
1122 5248 1286 5303 super
1314 5234 1589 5304 apostolos
1618 5237 1764 5292 misit
1802 5236 1936 5310 (Act.
1970 5240 2050 5311 ιι),
2082 5250 2141 5299 et

544 5322 625 5377 eis
672 5323 727 5378 in
774 5322 1123 5382 interioribus
1161 5326 1427 5397 loquens,
1474 5327 1594 5384 illos
1623 5345 1811 5387 omnes
1840 5334 2025 5389 mundi
2055 5336 2137 5392 lo-

549 5413 737 5482 quelas
766 5416 1049 5487 multiplici
1081 5417 1460 5476 distributione
1504 5420 1707 5478 docuit.
1738 5424 1845 5481 Sed
1883 5441 1913 5481 a
1943 5429 2139 5497 quibus

548 5502 654 5560 hoc
681 5522 923 5576 quaerere
951 5510 1327 5580 intelligendus
1357 5524 1440 5568 est
1485 5515 1576 5582 qui
1625 5518 1806 5572 omnia
1836 5520 2002 5587 novit,
2034 5522 2140 5579 nisi

549 5610 581 5650 a
606 5600 806 5655 sanctis
848 5602 1107 5674 patribus,
1138 5621 1274 5677 quos
1305 5606 1374 5662 ad
1402 5610 1747 5679 quaerendum
1782 5609 1986 5681 Spiritu
2009 5631 2138 5675 san-

626 5739 652 5768 ει
674 5730 759 5815 .lta
804 5747 992 5818 onntes
1020 5734 1160 5818 Mss.
1180 5737 1235 5792 In
1264 5747 1383 5818 yet.
1415 5739 1514 5794 Ed.
1548 5740 1715 5818 Paris.
1752 5746 1966 5818 legitur,
2016 5755 2135 5808 uni-

552 5808 687 5886 uersi
713 5808 963 5888 exercitus
1001 5808 1301 5888 assultantis
1324 5811 1699 5888 illwsapedent
1725 5808 2021 5876 contemnit.
2077 5824 2138 5881 In

557 5882 797 5938 fecent.,
841 5882 1065 5933 universi
1092 5882 1345 5936 exercitus
1376 5883 1605 5939 assultus
1640 5886 1808 5945 illam
1835 5896 2132 5952 contemnit.

2238 4689 2339 4743 erit
2369 4688 2592 4741 solutum
2624 4695 2673 4740 et
2710 4684 2763 4739 in
2796 4686 2933 4740 cazlis
2960 4682 3178 4755 (Matth.
3202 4700 3311 4750 xvr,
3346 4684 3457 4755 l9).
3489 4682 3588 4738 Vel
3638 4687 3834 4739 ostium

2241 4778 2295 4834 in
2336 4778 2454 4847 ipso
2484 4776 2662 4846 capite
2683 4789 2781 4830 suo
2806 4774 3015 4839 existit,
3046 4774 3173 4843 quia
3224 4773 3341 4843 ipse
3385 4772 3453 4828 de
3482 4788 3544 4830 se
3570 4774 3836 4828 veraciter

2241 4871 2409 4928 dicit:
2446 4870 2558 4941 Ego
2585 4887 2698 4925 sum
2725 4870 2911 4924 ostium
2944 4866 3124 4939 (Joan.
3151 4884 3208 4937 ι,
3238 4866 3317 4938 7).
3358 4866 3567 4922 Ostium
3595 4884 3734 4923 vero
3765 4879 3835 4923 ta-

2243 4964 2383 5020 bulis
2409 4962 2641 5018 cedrinis
2660 4962 3179 5033 compingitur,qula
3207 4970 3391 5016 sancta
3413 4958 3655 5016 Ecclesia
3682 4961 3833 5017 fidem

2243 5055 2561 5127 prmdicans,
2595 5051 3027 5107 multitudinibus
3054 5050 3379 5121 populorum
3408 5056 3738 5117 decoratur;
3790 5058 3835 5104 et

2245 5148 2371 5204 dum
2402 5146 2583 5217 populi
2613 5144 2774 5200 variis
2801 5144 3089 5199 virtutibus
3120 5152 3499 5217 asperguntur,
3538 5153 3603 5199 ut
3656 5145 3835 5200 videli-

2242 5252 2325 5300 cet
2347 5243 2483 5297 alius
2512 5240 2579 5296 de
2605 5242 2766 5295 rebus
2794 5254 2929 5310 quas
2949 5238 3207 5309 possidet,
3241 5238 3612 5308 indigentibus
3644 5256 3830 5295 neces-

2242 5336 2385 5392 saria
2411 5334 2644 5390 tribuat:
2669 5333 2809 5389 alius
2837 5332 3017 5388 omnia
3046 5330 3322 5401 abjiciens,
3348 5332 3509 5387 etiam
3540 5348 3569 5385 a
3600 5333 3834 5402 legitimo

2242 5428 2511 5487 connubio
2548 5442 2608 5482 se
2636 5425 2946 5491 abstineat;
2996 5424 3131 5479 alius
3157 5440 3291 5480 vero
3331 5432 3538 5479 tantum
3571 5424 3834 5495 proficiat,

2242 5530 2303 5579 ut
2330 5523 2557 5578 aliorum
2587 5519 2749 5575 etiam
2789 5516 3113 5588 praedicator
3148 5516 3272 5581 fiat;
3324 5525 3584 5588 tanquam
3637 5518 3837 5585 pictura

2241 5616 2425 5674 multis
2471 5610 2775 5676 coloribus,
2821 5611 2899 5667 sic
2945 5608 3187 5665 Ecclesia
3236 5610 3419 5666 multis
3468 5608 3496 5649 ι)
3544 5610 3835 5666 ditionibus

2312 5752 2341 5793 ι’
2369 5752 2460 5809 Sic
2486 5750 2919 5824 restituimusex
2938 5821 2946 5824 Α
2964 5749 3212 5824 omnibus
3238 5746 3370 5808 Mss.
3400 5764 3526 5809 cum
3553 5750 3715 5824 prius
3756 5749 3830 5806 le-

2241 5832 2481 5899 geretur,
2510 5823 2687 5879 multis
2716 5819 3152 5880 distinctionibus.
