  <div class='ocr_page' id='page_1' title='image "/cluster/home/n/w/nwhite01/storage/ocr_20150623/79/hvd.32044015469414/278.png"; bbox 0 0 4038 6338; ppageno 0'>
   <div class='ocr_carea' id='block_1_1' title="bbox 495 332 639 343">
    <p class='ocr_par' dir='ltr' id='par_1_1' title="bbox 495 332 639 343">
     <span class='ocr_line' id='line_1_1' title="bbox 495 332 639 343; baseline 0.007 -3"><span class='ocrx_word' id='word_1_1' title='bbox 495 332 639 343; x_wconf 51' lang='grc' dir='ltr'><strong>υ“τ.“ν</strong></span> 
     </span>
    </p>
   </div>
   <div class='ocr_carea' id='block_1_2' title="bbox 227 384 330 451">
    <p class='ocr_par' dir='ltr' id='par_1_2' title="bbox 227 384 330 451">
     <span class='ocr_line' id='line_1_2' title="bbox 227 384 330 451; baseline -0.039 0"><span class='ocrx_word' id='word_1_2' title='bbox 227 384 330 451; x_wconf 68' lang='grc' dir='ltr'><strong>ΜΒ</strong></span> 
     </span>
    </p>
   </div>
   <div class='ocr_carea' id='block_1_3' title="bbox 913 354 2851 440">
    <p class='ocr_par' dir='ltr' id='par_1_3' title="bbox 913 354 2851 440">
     <span class='ocr_line' id='line_1_3' title="bbox 913 354 2851 440; baseline -0.004 0"><span class='ocrx_word' id='word_1_3' title='bbox 913 377 1141 440; x_wconf 74' lang='lat' dir='ltr'><strong>supra</strong></span> <span class='ocrx_word' id='word_1_4' title='bbox 1176 377 1467 439; x_wconf 60' lang='lat' dir='ltr'><strong>caurum</strong></span> <span class='ocrx_word' id='word_1_5' title='bbox 1505 374 1952 437; x_wconf 75' lang='lat' dir='ltr'><strong>CANTICORUM</strong></span> <span class='ocrx_word' id='word_1_6' title='bbox 1988 371 2376 434; x_wconf 67' lang='lat' dir='ltr'><strong>nitrosmo.</strong></span> <span class='ocrx_word' id='word_1_7' title='bbox 2416 402 2488 419; x_wconf 88' lang='grc'><strong>-</strong></span> <span class='ocrx_word' id='word_1_8' title='bbox 2520 378 2674 436; x_wconf 59' lang='lat' dir='ltr'><strong>car.</strong></span> <span class='ocrx_word' id='word_1_9' title='bbox 2722 354 2851 433; x_wconf 72' lang='lat' dir='ltr'><strong>vin.</strong></span> 
     </span>
    </p>
   </div>
   <div class='ocr_carea' id='block_1_4' title="bbox 3412 382 3521 441">
    <p class='ocr_par' dir='ltr' id='par_1_4' title="bbox 3412 382 3521 441">
     <span class='ocr_line' id='line_1_4' title="bbox 3412 382 3521 441; baseline 0.009 -1"><span class='ocrx_word' id='word_1_10' title='bbox 3412 382 3521 441; x_wconf 67' lang='lat'><strong>546</strong></span> 
     </span>
    </p>
   </div>
   <div class='ocr_carea' id='block_1_5' title="bbox 226 490 3512 571">
    <p class='ocr_par' dir='ltr' id='par_1_5' title="bbox 226 490 3512 571">
     <span class='ocr_line' id='line_1_5' title="bbox 226 490 3512 571; baseline -0.003 -11"><span class='ocrx_word' id='word_1_11' title='bbox 226 506 563 566; x_wconf 75' lang='lat' dir='ltr'><strong>noiiestatur,</strong></span> <span class='ocrx_word' id='word_1_12' title='bbox 585 510 704 571; x_wconf 76' lang='lat' dir='ltr'><strong>quae</strong></span> <span class='ocrx_word' id='word_1_13' title='bbox 730 501 922 555; x_wconf 88' lang='lat' dir='ltr'><strong>sancto</strong></span> <span class='ocrx_word' id='word_1_14' title='bbox 943 496 1145 569; x_wconf 76' lang='lat' dir='ltr'><strong>Spiritu</strong></span> <span class='ocrx_word' id='word_1_15' title='bbox 1170 496 1554 562; x_wconf 84' lang='lat' dir='ltr'><strong>convalescens</strong></span> <span class='ocrx_word' id='word_1_16' title='bbox 1575 493 1818 553; x_wconf 78' lang='lat' dir='ltr'><strong>hilariter</strong></span> <span class='ocrx_word' id='word_1_17' title='bbox 1840 496 1896 559; x_wconf 79' lang='grc' dir='ltr'><strong>Α</strong></span> <span class='ocrx_word' id='word_1_18' title='bbox 1925 492 2045 548; x_wconf 83' lang='lat' dir='ltr'><strong>aliis</strong></span> <span class='ocrx_word' id='word_1_19' title='bbox 2068 492 2335 565; x_wconf 76' lang='lat' dir='ltr'><strong>agricolis,</strong></span> <span class='ocrx_word' id='word_1_20' title='bbox 2367 493 2454 565; x_wconf 84' lang='lat' dir='ltr'><strong>qui</strong></span> <span class='ocrx_word' id='word_1_21' title='bbox 2484 493 2705 549; x_wconf 77' lang='lat' dir='ltr'><strong>reddant</strong></span> <span class='ocrx_word' id='word_1_22' title='bbox 2741 494 2788 548; x_wconf 89' lang='lat' dir='ltr'><strong>ei</strong></span> <span class='ocrx_word' id='word_1_23' title='bbox 2816 493 3043 565; x_wconf 77' lang='lat' dir='ltr'><strong>fructum</strong></span> <span class='ocrx_word' id='word_1_24' title='bbox 3070 490 3378 564; x_wconf 72' lang='lat' dir='ltr'><strong>temporibus</strong></span> <span class='ocrx_word' id='word_1_25' title='bbox 3405 496 3512 550; x_wconf 73' lang='lat' dir='ltr'><strong>suis</strong></span> 
     </span>
    </p>
   </div>
   <div class='ocr_carea' id='block_1_6' title="bbox 226 592 813 667">
    <p class='ocr_par' dir='ltr' id='par_1_6' title="bbox 226 592 813 667">
     <span class='ocr_line' id='line_1_6' title="bbox 226 592 813 667; baseline -0.015 -13"><span class='ocrx_word' id='word_1_26' title='bbox 226 594 548 667; x_wconf 81' lang='lat' dir='ltr'><strong>respondet,</strong></span> <span class='ocrx_word' id='word_1_27' title='bbox 582 592 769 648; x_wconf 90' lang='lat' dir='ltr'><strong>dicens</strong></span> <span class='ocrx_word' id='word_1_28' title='bbox 798 607 813 645; x_wconf 92' lang='lat'><strong>:</strong></span> 
     </span>
    </p>
   </div>
   <div class='ocr_carea' id='block_1_7' title="bbox 294 682 1816 760">
    <p class='ocr_par' dir='ltr' id='par_1_7' title="bbox 294 682 1816 760">
     <span class='ocr_line' id='line_1_7' title="bbox 294 682 1816 760; baseline -0.005 -16"><span class='ocrx_word' id='word_1_29' title='bbox 294 686 477 760; x_wconf 73' lang='lat' dir='ltr'><strong>(Vere.</strong></span> <span class='ocrx_word' id='word_1_30' title='bbox 494 684 608 755; x_wconf 88' lang='lat'><strong>10.)</strong></span> <span class='ocrx_word' id='word_1_31' title='bbox 630 683 744 758; x_wconf 82' lang='lat' dir='ltr'><strong>Ego</strong></span> <span class='ocrx_word' id='word_1_32' title='bbox 775 700 974 753; x_wconf 88' lang='lat' dir='ltr'><strong>murus,</strong></span> <span class='ocrx_word' id='word_1_33' title='bbox 990 692 1042 739; x_wconf 90' lang='lat' dir='ltr'><strong>et</strong></span> <span class='ocrx_word' id='word_1_34' title='bbox 1058 684 1219 739; x_wconf 87' lang='lat' dir='ltr'><strong>ubera</strong></span> <span class='ocrx_word' id='word_1_35' title='bbox 1242 702 1357 741; x_wconf 89' lang='lat' dir='ltr'><strong>mea</strong></span> <span class='ocrx_word' id='word_1_36' title='bbox 1384 684 1516 739; x_wconf 87' lang='lat' dir='ltr'><strong>sicut</strong></span> <span class='ocrx_word' id='word_1_37' title='bbox 1543 682 1723 752; x_wconf 85' lang='lat' dir='ltr'><strong>turris,</strong></span> <span class='ocrx_word' id='word_1_38' title='bbox 1750 698 1816 737; x_wconf 78' lang='lat' dir='ltr'><strong>ea:</strong></span> 
     </span>
    </p>
   </div>
   <div class='ocr_carea' id='block_1_8' title="bbox 229 779 1615 857">
    <p class='ocr_par' dir='ltr' id='par_1_8' title="bbox 229 779 1615 857">
     <span class='ocr_line' id='line_1_8' title="bbox 229 779 1615 857; baseline -0.004 -20"><span class='ocrx_word' id='word_1_39' title='bbox 229 798 323 857; x_wconf 74' lang='lat' dir='ltr'><strong>quo</strong></span> <span class='ocrx_word' id='word_1_40' title='bbox 351 783 495 854; x_wconf 76' lang='lat' dir='ltr'><strong>facta</strong></span> <span class='ocrx_word' id='word_1_41' title='bbox 522 796 637 835; x_wconf 83' lang='lat' dir='ltr'><strong>sum</strong></span> <span class='ocrx_word' id='word_1_42' title='bbox 652 796 828 835; x_wconf 86' lang='lat' dir='ltr'><strong>coram</strong></span> <span class='ocrx_word' id='word_1_43' title='bbox 854 796 913 837; x_wconf 90' lang='lat' dir='ltr'><strong>eo</strong></span> <span class='ocrx_word' id='word_1_44' title='bbox 941 781 1089 852; x_wconf 83' lang='lat' dir='ltr'><strong>quasi</strong></span> <span class='ocrx_word' id='word_1_45' title='bbox 1118 796 1297 839; x_wconf 81' lang='lat' dir='ltr'><strong>pacem</strong></span> <span class='ocrx_word' id='word_1_46' title='bbox 1333 779 1615 851; x_wconf 85' lang='lat' dir='ltr'><strong>reperiens.</strong></span> 
     </span>
    </p>
   </div>
   <div class='ocr_carea' id='block_1_9' title="bbox 298 871 1815 943">
    <p class='ocr_par' dir='ltr' id='par_1_9' title="bbox 298 871 1815 943">
     <span class='ocr_line' id='line_1_9' title="bbox 298 871 1815 943; baseline -0.002 -15"><span class='ocrx_word' id='word_1_47' title='bbox 298 874 389 929; x_wconf 74' lang='grc'><strong>14.</strong></span> <span class='ocrx_word' id='word_1_48' title='bbox 421 871 602 928; x_wconf 83' lang='lat' dir='ltr'><strong>Ubera</strong></span> <span class='ocrx_word' id='word_1_49' title='bbox 629 888 725 928; x_wconf 91' lang='lat' dir='ltr'><strong>sua</strong></span> <span class='ocrx_word' id='word_1_50' title='bbox 747 873 888 929; x_wconf 90' lang='lat' dir='ltr'><strong>sicut</strong></span> <span class='ocrx_word' id='word_1_51' title='bbox 918 873 1104 928; x_wconf 92' lang='lat' dir='ltr'><strong>turrim</strong></span> <span class='ocrx_word' id='word_1_52' title='bbox 1130 873 1342 939; x_wconf 89' lang='lat' dir='ltr'><strong>habuit,</strong></span> <span class='ocrx_word' id='word_1_53' title='bbox 1374 887 1444 928; x_wconf 79' lang='lat' dir='ltr'><strong>ex</strong></span> <span class='ocrx_word' id='word_1_54' title='bbox 1490 885 1599 943; x_wconf 90' lang='lat' dir='ltr'><strong>quo</strong></span> <span class='ocrx_word' id='word_1_55' title='bbox 1625 883 1815 941; x_wconf 88' lang='lat' dir='ltr'><strong>pacem</strong></span> 
     </span>
    </p>
   </div>
   <div class='ocr_carea' id='block_1_10' title="bbox 224 964 1816 1038">
    <p class='ocr_par' dir='ltr' id='par_1_10' title="bbox 224 964 1816 1038">
     <span class='ocr_line' id='line_1_10' title="bbox 224 964 1816 1038; baseline -0.004 -12"><span class='ocrx_word' id='word_1_56' title='bbox 224 984 407 1026; x_wconf 84' lang='lat' dir='ltr'><strong>coram</strong></span> <span class='ocrx_word' id='word_1_57' title='bbox 435 966 649 1038; x_wconf 88' lang='lat' dir='ltr'><strong>Sponso</strong></span> <span class='ocrx_word' id='word_1_58' title='bbox 676 967 912 1037; x_wconf 89' lang='lat' dir='ltr'><strong>reperit;</strong></span> <span class='ocrx_word' id='word_1_59' title='bbox 952 968 1078 1038; x_wconf 86' lang='lat' dir='ltr'><strong>quia</strong></span> <span class='ocrx_word' id='word_1_60' title='bbox 1108 975 1395 1038; x_wconf 74' lang='lat' dir='ltr'><strong>postquam</strong></span> <span class='ocrx_word' id='word_1_61' title='bbox 1432 965 1531 1021; x_wconf 85' lang='lat' dir='ltr'><strong>sub</strong></span> <span class='ocrx_word' id='word_1_62' title='bbox 1554 965 1672 1035; x_wconf 90' lang='lat' dir='ltr'><strong>ipso</strong></span> <span class='ocrx_word' id='word_1_63' title='bbox 1702 964 1816 1034; x_wconf 88' lang='lat' dir='ltr'><strong>spi—</strong></span> 
     </span>
    </p>
   </div>
   <div class='ocr_carea' id='block_1_11' title="bbox 221 1056 1817 1131">
    <p class='ocr_par' dir='ltr' id='par_1_11' title="bbox 221 1056 1817 1131">
     <span class='ocr_line' id='line_1_11' title="bbox 221 1056 1817 1131; baseline -0.004 -14"><span class='ocrx_word' id='word_1_64' title='bbox 221 1064 383 1118; x_wconf 89' lang='lat' dir='ltr'><strong>ritum</strong></span> <span class='ocrx_word' id='word_1_65' title='bbox 411 1060 561 1131; x_wconf 81' lang='lat' dir='ltr'><strong>pacis</strong></span> <span class='ocrx_word' id='word_1_66' title='bbox 583 1060 816 1130; x_wconf 85' lang='lat' dir='ltr'><strong>accepit,</strong></span> <span class='ocrx_word' id='word_1_67' title='bbox 848 1059 1232 1130; x_wconf 83' lang='lat' dir='ltr'><strong>praedicatores</strong></span> <span class='ocrx_word' id='word_1_68' title='bbox 1260 1056 1720 1129; x_wconf 75' lang='lat' dir='ltr'><strong>contemplatione</strong></span> <span class='ocrx_word' id='word_1_69' title='bbox 1739 1056 1817 1110; x_wconf 89' lang='lat' dir='ltr'><strong>al-</strong></span> 
     </span>
    </p>
   </div>
   <div class='ocr_carea' id='block_1_12' title="bbox 222 1147 1817 1221">
    <p class='ocr_par' dir='ltr' id='par_1_12' title="bbox 222 1147 1817 1221">
     <span class='ocr_line' id='line_1_12' title="bbox 222 1147 1817 1221; baseline -0.001 -15"><span class='ocrx_word' id='word_1_70' title='bbox 222 1162 330 1221; x_wconf 90' lang='lat' dir='ltr'><strong>tos,</strong></span> <span class='ocrx_word' id='word_1_71' title='bbox 363 1160 420 1208; x_wconf 89' lang='lat' dir='ltr'><strong>et</strong></span> <span class='ocrx_word' id='word_1_72' title='bbox 440 1153 638 1209; x_wconf 82' lang='lat' dir='ltr'><strong>robore</strong></span> <span class='ocrx_word' id='word_1_73' title='bbox 665 1149 982 1208; x_wconf 79' lang='lat' dir='ltr'><strong>inllexibiles</strong></span> <span class='ocrx_word' id='word_1_74' title='bbox 1012 1151 1253 1207; x_wconf 84' lang='lat' dir='ltr'><strong>nutrivit.</strong></span> <span class='ocrx_word' id='word_1_75' title='bbox 1276 1150 1386 1206; x_wconf 86' lang='lat' dir='ltr'><strong>Sed</strong></span> <span class='ocrx_word' id='word_1_76' title='bbox 1413 1149 1543 1219; x_wconf 92' lang='lat' dir='ltr'><strong>quid</strong></span> <span class='ocrx_word' id='word_1_77' title='bbox 1564 1155 1648 1205; x_wconf 89' lang='lat' dir='ltr'><strong>est</strong></span> <span class='ocrx_word' id='word_1_78' title='bbox 1670 1147 1817 1220; x_wconf 89' lang='lat' dir='ltr'><strong>quod</strong></span> 
     </span>
    </p>
   </div>
   <div class='ocr_carea' id='block_1_13' title="bbox 218 1239 1817 1317">
    <p class='ocr_par' dir='ltr' id='par_1_13' title="bbox 218 1239 1817 1317">
     <span class='ocr_line' id='line_1_13' title="bbox 218 1239 1817 1317; baseline -0.004 -17"><span class='ocrx_word' id='word_1_79' title='bbox 218 1259 329 1300; x_wconf 92' lang='lat' dir='ltr'><strong>non</strong></span> <span class='ocrx_word' id='word_1_80' title='bbox 359 1245 437 1300; x_wconf 88' lang='lat' dir='ltr'><strong>ait</strong></span> <span class='ocrx_word' id='word_1_81' title='bbox 462 1261 653 1317; x_wconf 86' lang='lat' dir='ltr'><strong>pacem</strong></span> <span class='ocrx_word' id='word_1_82' title='bbox 673 1288 688 1311; x_wconf 98' lang='lat'><strong>,</strong></span> <span class='ocrx_word' id='word_1_83' title='bbox 710 1245 807 1301; x_wconf 88' lang='lat' dir='ltr'><strong>sed</strong></span> <span class='ocrx_word' id='word_1_84' title='bbox 833 1245 990 1316; x_wconf 90' lang='lat' dir='ltr'><strong>quasi</strong></span> <span class='ocrx_word' id='word_1_85' title='bbox 1012 1259 1199 1315; x_wconf 90' lang='lat' dir='ltr'><strong>pacem</strong></span> <span class='ocrx_word' id='word_1_86' title='bbox 1228 1242 1535 1314; x_wconf 88' lang='lat' dir='ltr'><strong>reperiens;</strong></span> <span class='ocrx_word' id='word_1_87' title='bbox 1562 1241 1664 1296; x_wconf 90' lang='lat' dir='ltr'><strong>nisi</strong></span> <span class='ocrx_word' id='word_1_88' title='bbox 1689 1239 1817 1311; x_wconf 88' lang='lat' dir='ltr'><strong>quia</strong></span> 
     </span>
    </p>
   </div>
   <div class='ocr_carea' id='block_1_14' title="bbox 219 1331 1817 1407">
    <p class='ocr_par' dir='ltr' id='par_1_14' title="bbox 219 1331 1817 1407">
     <span class='ocr_line' id='line_1_14' title="bbox 219 1331 1817 1407; baseline -0.003 -16"><span class='ocrx_word' id='word_1_89' title='bbox 219 1336 348 1392; x_wconf 88' lang='lat' dir='ltr'><strong>dum</strong></span> <span class='ocrx_word' id='word_1_90' title='bbox 370 1336 424 1391; x_wconf 93' lang='lat' dir='ltr'><strong>in</strong></span> <span class='ocrx_word' id='word_1_91' title='bbox 451 1337 555 1393; x_wconf 91' lang='lat' dir='ltr'><strong>hoc</strong></span> <span class='ocrx_word' id='word_1_92' title='bbox 570 1336 773 1393; x_wconf 88' lang='lat' dir='ltr'><strong>mundo</strong></span> <span class='ocrx_word' id='word_1_93' title='bbox 788 1352 995 1404; x_wconf 89' lang='lat' dir='ltr'><strong>sumus,</strong></span> <span class='ocrx_word' id='word_1_94' title='bbox 1026 1344 1054 1374; x_wconf 73' lang='grc' dir='ltr'>ι</span> <span class='ocrx_word' id='word_1_95' title='bbox 1069 1351 1099 1391; x_wconf 89' lang='lat' dir='ltr'><strong>a</strong></span> <span class='ocrx_word' id='word_1_96' title='bbox 1116 1343 1340 1407; x_wconf 83' lang='lat' dir='ltr'><strong>peccato</strong></span> <span class='ocrx_word' id='word_1_97' title='bbox 1361 1331 1686 1390; x_wconf 85' lang='lat' dir='ltr'><strong>omnimodis</strong></span> <span class='ocrx_word' id='word_1_98' title='bbox 1706 1346 1817 1387; x_wconf 90' lang='lat' dir='ltr'><strong>non</strong></span> 
     </span>
    </p>
   </div>
   <div class='ocr_carea' id='block_1_15' title="bbox 219 1426 1817 1502">
    <p class='ocr_par' dir='ltr' id='par_1_15' title="bbox 219 1426 1817 1502">
     <span class='ocr_line' id='line_1_15' title="bbox 219 1426 1817 1502; baseline -0.004 -17"><span class='ocrx_word' id='word_1_99' title='bbox 219 1428 551 1495; x_wconf 84' lang='lat' dir='ltr'><strong>desistimus,</strong></span> <span class='ocrx_word' id='word_1_100' title='bbox 584 1437 642 1485; x_wconf 88' lang='lat' dir='ltr'><strong>et</strong></span> <span class='ocrx_word' id='word_1_101' title='bbox 668 1429 905 1500; x_wconf 89' lang='lat' dir='ltr'><strong>quandiu</strong></span> <span class='ocrx_word' id='word_1_102' title='bbox 945 1444 1069 1486; x_wconf 91' lang='lat' dir='ltr'><strong>cum</strong></span> <span class='ocrx_word' id='word_1_103' title='bbox 1099 1436 1323 1502; x_wconf 86' lang='lat' dir='ltr'><strong>peccato</strong></span> <span class='ocrx_word' id='word_1_104' title='bbox 1348 1426 1596 1495; x_wconf 81' lang='lat' dir='ltr'><strong>vivimus,</strong></span> <span class='ocrx_word' id='word_1_105' title='bbox 1625 1439 1817 1497; x_wconf 90' lang='lat' dir='ltr'><strong>pacem</strong></span> 
     </span>
    </p>
   </div>
   <div class='ocr_carea' id='block_1_16' title="bbox 219 1518 1816 1594">
    <p class='ocr_par' dir='ltr' id='par_1_16' title="bbox 219 1518 1816 1594">
     <span class='ocr_line' id='line_1_16' title="bbox 219 1518 1816 1594; baseline -0.004 -16"><span class='ocrx_word' id='word_1_106' title='bbox 219 1521 515 1594; x_wconf 78' lang='lat' dir='ltr'><strong>perfectam</strong></span> <span class='ocrx_word' id='word_1_107' title='bbox 543 1538 666 1579; x_wconf 90' lang='lat' dir='ltr'><strong>cum</strong></span> <span class='ocrx_word' id='word_1_108' title='bbox 697 1523 790 1579; x_wconf 90' lang='lat' dir='ltr'><strong>illo</strong></span> <span class='ocrx_word' id='word_1_109' title='bbox 815 1523 908 1593; x_wconf 88' lang='lat' dir='ltr'><strong>qui</strong></span> <span class='ocrx_word' id='word_1_110' title='bbox 936 1523 1055 1579; x_wconf 88' lang='lat' dir='ltr'><strong>sine</strong></span> <span class='ocrx_word' id='word_1_111' title='bbox 1085 1531 1310 1593; x_wconf 89' lang='lat' dir='ltr'><strong>peccato</strong></span> <span class='ocrx_word' id='word_1_112' title='bbox 1340 1521 1395 1577; x_wconf 93' lang='lat' dir='ltr'><strong>in</strong></span> <span class='ocrx_word' id='word_1_113' title='bbox 1438 1535 1603 1577; x_wconf 88' lang='lat' dir='ltr'><strong>carne</strong></span> <span class='ocrx_word' id='word_1_114' title='bbox 1647 1518 1816 1585; x_wconf 80' lang='lat' dir='ltr'><strong>vixit,</strong></span> 
     </span>
    </p>
   </div>
   <div class='ocr_carea' id='block_1_17' title="bbox 218 1614 1817 1686">
    <p class='ocr_par' dir='ltr' id='par_1_17' title="bbox 218 1614 1817 1686">
     <span class='ocr_line' id='line_1_17' title="bbox 218 1614 1817 1686; baseline -0.004 -16"><span class='ocrx_word' id='word_1_115' title='bbox 218 1629 329 1669; x_wconf 90' lang='lat' dir='ltr'><strong>non</strong></span> <span class='ocrx_word' id='word_1_116' title='bbox 353 1614 649 1670; x_wconf 86' lang='lat' dir='ltr'><strong>habemus?</strong></span> <span class='ocrx_word' id='word_1_117' title='bbox 677 1614 786 1670; x_wconf 88' lang='lat' dir='ltr'><strong>Sed</strong></span> <span class='ocrx_word' id='word_1_118' title='bbox 823 1615 1082 1686; x_wconf 91' lang='lat' dir='ltr'><strong>quoniam</strong></span> <span class='ocrx_word' id='word_1_119' title='bbox 1131 1615 1395 1670; x_wconf 89' lang='lat' dir='ltr'><strong>tantillam</strong></span> <span class='ocrx_word' id='word_1_120' title='bbox 1433 1627 1624 1685; x_wconf 87' lang='lat' dir='ltr'><strong>pacem</strong></span> <span class='ocrx_word' id='word_1_121' title='bbox 1652 1625 1817 1681; x_wconf 88' lang='lat' dir='ltr'><strong>quam</strong></span> 
     </span>
    </p>
   </div>
   <div class='ocr_carea' id='block_1_18' title="bbox 222 1703 1817 1778">
    <p class='ocr_par' dir='ltr' id='par_1_18' title="bbox 222 1703 1817 1778">
     <span class='ocr_line' id='line_1_18' title="bbox 222 1703 1817 1778; baseline -0.003 -17"><span class='ocrx_word' id='word_1_122' title='bbox 222 1706 509 1774; x_wconf 80' lang='lat' dir='ltr'><strong>habemus,</strong></span> <span class='ocrx_word' id='word_1_123' title='bbox 544 1723 641 1778; x_wconf 89' lang='lat' dir='ltr'><strong>per</strong></span> <span class='ocrx_word' id='word_1_124' title='bbox 668 1708 842 1778; x_wconf 90' lang='lat' dir='ltr'><strong>ipsum</strong></span> <span class='ocrx_word' id='word_1_125' title='bbox 886 1706 1241 1764; x_wconf 82' lang='lat' dir='ltr'><strong>Mediatorem</strong></span> <span class='ocrx_word' id='word_1_126' title='bbox 1294 1705 1391 1762; x_wconf 97' lang='lat' dir='ltr'><strong>Dei</strong></span> <span class='ocrx_word' id='word_1_127' title='bbox 1441 1712 1498 1762; x_wconf 86' lang='lat' dir='ltr'><strong>et</strong></span> <span class='ocrx_word' id='word_1_128' title='bbox 1538 1703 1817 1760; x_wconf 87' lang='lat' dir='ltr'><strong>hominum</strong></span> 
     </span>
    </p>
   </div>
   <div class='ocr_carea' id='block_1_19' title="bbox 218 1800 958 1869">
    <p class='ocr_par' dir='ltr' id='par_1_19' title="bbox 218 1800 958 1869">
     <span class='ocr_line' id='line_1_19' title="bbox 218 1800 958 1869; baseline 0.003 -14"><span class='ocrx_word' id='word_1_129' title='bbox 218 1808 492 1869; x_wconf 89' lang='lat' dir='ltr'><strong>tenemus,</strong></span> <span class='ocrx_word' id='word_1_130' title='bbox 522 1800 646 1857; x_wconf 83' lang='lat' dir='ltr'><strong>ideo</strong></span> <span class='ocrx_word' id='word_1_131' title='bbox 672 1802 921 1857; x_wconf 86' lang='lat' dir='ltr'><strong>subditur</strong></span> <span class='ocrx_word' id='word_1_132' title='bbox 952 1819 958 1833; x_wconf 69' lang='grc' dir='ltr'><em>ι</em></span> 
     </span>
    </p>
   </div>
   <div class='ocr_carea' id='block_1_20' title="bbox 1920 582 3512 657">
    <p class='ocr_par' dir='ltr' id='par_1_20' title="bbox 1920 582 3512 657">
     <span class='ocr_line' id='line_1_20' title="bbox 1920 582 3512 657; baseline 0.002 -19"><span class='ocrx_word' id='word_1_133' title='bbox 1920 583 2138 657; x_wconf 78' lang='lat' dir='ltr'><strong>(Matth.</strong></span> <span class='ocrx_word' id='word_1_134' title='bbox 2170 599 2285 651; x_wconf 79' lang='lat' dir='ltr'><strong>xxi,</strong></span> <span class='ocrx_word' id='word_1_135' title='bbox 2312 582 2427 657; x_wconf 72' lang='grc'><strong>41).</strong></span> <span class='ocrx_word' id='word_1_136' title='bbox 2457 584 2534 641; x_wconf 92' lang='lat' dir='ltr'><strong>De</strong></span> <span class='ocrx_word' id='word_1_137' title='bbox 2560 600 2666 656; x_wconf 91' lang='lat' dir='ltr'><strong>qua</strong></span> <span class='ocrx_word' id='word_1_138' title='bbox 2688 584 2845 640; x_wconf 86' lang='lat' dir='ltr'><strong>vinea</strong></span> <span class='ocrx_word' id='word_1_139' title='bbox 2869 582 2985 655; x_wconf 90' lang='lat' dir='ltr'><strong>jam</strong></span> <span class='ocrx_word' id='word_1_140' title='bbox 3011 584 3168 642; x_wconf 87' lang='lat' dir='ltr'><strong>bonis</strong></span> <span class='ocrx_word' id='word_1_141' title='bbox 3196 585 3369 642; x_wconf 88' lang='lat' dir='ltr'><strong>locata</strong></span> <span class='ocrx_word' id='word_1_142' title='bbox 3396 585 3512 655; x_wconf 83' lang='lat' dir='ltr'><strong>ipse</strong></span> 
     </span>
    </p>
   </div>
   <div class='ocr_carea' id='block_1_21' title="bbox 1920 675 2392 735">
    <p class='ocr_par' dir='ltr' id='par_1_21' title="bbox 1920 675 2392 735">
     <span class='ocr_line' id='line_1_21' title="bbox 1920 675 2392 735; baseline -0.006 -2"><span class='ocrx_word' id='word_1_143' title='bbox 1920 675 2187 735; x_wconf 84' lang='lat' dir='ltr'><strong>Paciﬁcus</strong></span> <span class='ocrx_word' id='word_1_144' title='bbox 2217 676 2346 732; x_wconf 88' lang='lat' dir='ltr'><strong>dicit</strong></span> <span class='ocrx_word' id='word_1_145' title='bbox 2377 695 2392 730; x_wconf 88' lang='lat'><strong><em>:</em></strong></span> 
     </span>
    </p>
   </div>
   <div class='ocr_carea' id='block_1_22' title="bbox 1992 789 3101 864">
    <p class='ocr_par' dir='ltr' id='par_1_22' title="bbox 1992 789 3101 864">
     <span class='ocr_line' id='line_1_22' title="bbox 1992 789 3101 864; baseline -0.002 -17"><span class='ocrx_word' id='word_1_146' title='bbox 1992 791 2172 864; x_wconf 71' lang='lat' dir='ltr'><strong>(Vers.</strong></span> <span class='ocrx_word' id='word_1_147' title='bbox 2206 789 2318 863; x_wconf 75' lang='grc'><strong>12.)</strong></span> <span class='ocrx_word' id='word_1_148' title='bbox 2357 789 2524 845; x_wconf 90' lang='lat' dir='ltr'><strong>Vinea</strong></span> <span class='ocrx_word' id='word_1_149' title='bbox 2551 807 2667 846; x_wconf 92' lang='lat' dir='ltr'><strong>mea</strong></span> <span class='ocrx_word' id='word_1_150' title='bbox 2695 806 2870 846; x_wconf 89' lang='lat' dir='ltr'><strong>coram</strong></span> <span class='ocrx_word' id='word_1_151' title='bbox 2897 806 2979 845; x_wconf 85' lang='lat' dir='ltr'><strong>me</strong></span> <span class='ocrx_word' id='word_1_152' title='bbox 3004 796 3101 845; x_wconf 86' lang='lat' dir='ltr'><strong>est.</strong></span> 
     </span>
    </p>
   </div>
   <div class='ocr_carea' id='block_1_23' title="bbox 1988 880 3517 953">
    <p class='ocr_par' dir='ltr' id='par_1_23' title="bbox 1988 880 3517 953">
     <span class='ocr_line' id='line_1_23' title="bbox 1988 880 3517 953; baseline 0.001 -15"><span class='ocrx_word' id='word_1_153' title='bbox 1988 880 2188 939; x_wconf 82' lang='lat' dir='ltr'><strong>Coram</strong></span> <span class='ocrx_word' id='word_1_154' title='bbox 2236 883 2356 953; x_wconf 90' lang='lat' dir='ltr'><strong>ipso</strong></span> <span class='ocrx_word' id='word_1_155' title='bbox 2382 882 2537 938; x_wconf 89' lang='lat' dir='ltr'><strong>vinea</strong></span> <span class='ocrx_word' id='word_1_156' title='bbox 2567 898 2663 939; x_wconf 90' lang='lat' dir='ltr'><strong>sua</strong></span> <span class='ocrx_word' id='word_1_157' title='bbox 2691 882 2904 951; x_wconf 77' lang='lat' dir='ltr'><strong>existit,</strong></span> <span class='ocrx_word' id='word_1_158' title='bbox 2953 882 3080 953; x_wconf 91' lang='lat' dir='ltr'><strong>quia</strong></span> <span class='ocrx_word' id='word_1_159' title='bbox 3106 881 3331 953; x_wconf 87' lang='lat' dir='ltr'><strong>perditis</strong></span> <span class='ocrx_word' id='word_1_160' title='bbox 3356 882 3517 940; x_wconf 85' lang='lat' dir='ltr'><strong>malis</strong></span> 
     </span>
    </p>
   </div>
   <div class='ocr_carea' id='block_1_24' title="bbox 1920 972 3520 1046">
    <p class='ocr_par' dir='ltr' id='par_1_24' title="bbox 1920 972 3520 1046">
     <span class='ocr_line' id='line_1_24' title="bbox 1920 972 3520 1046; baseline 0.001 -17"><span class='ocrx_word' id='word_1_161' title='bbox 1920 975 2189 1045; x_wconf 76' lang='lat' dir='ltr'><strong>agricolis,</strong></span> <span class='ocrx_word' id='word_1_162' title='bbox 2216 982 2458 1030; x_wconf 89' lang='lat' dir='ltr'><strong>sanctam</strong></span> <span class='ocrx_word' id='word_1_163' title='bbox 2490 972 2784 1030; x_wconf 86' lang='lat' dir='ltr'><strong>Ecclesiam</strong></span> <span class='ocrx_word' id='word_1_164' title='bbox 2809 973 2967 1032; x_wconf 89' lang='lat' dir='ltr'><strong>bonis</strong></span> <span class='ocrx_word' id='word_1_165' title='bbox 2993 973 3307 1032; x_wconf 88' lang='lat' dir='ltr'><strong>doctoribus</strong></span> <span class='ocrx_word' id='word_1_166' title='bbox 3334 988 3520 1046; x_wconf 84' lang='lat' dir='ltr'><strong>respe-</strong></span> 
     </span>
    </p>
   </div>
   <div class='ocr_carea' id='block_1_25' title="bbox 1920 1067 2813 1138">
    <p class='ocr_par' dir='ltr' id='par_1_25' title="bbox 1920 1067 2813 1138">
     <span class='ocr_line' id='line_1_25' title="bbox 1920 1067 2813 1138; baseline -0.003 -14"><span class='ocrx_word' id='word_1_167' title='bbox 1920 1076 2010 1125; x_wconf 89' lang='lat' dir='ltr'><strong>ctu</strong></span> <span class='ocrx_word' id='word_1_168' title='bbox 2036 1069 2269 1138; x_wconf 88' lang='lat' dir='ltr'><strong>beuigno</strong></span> <span class='ocrx_word' id='word_1_169' title='bbox 2295 1068 2492 1125; x_wconf 90' lang='lat' dir='ltr'><strong>erudit.</strong></span> <span class='ocrx_word' id='word_1_170' title='bbox 2525 1067 2625 1123; x_wconf 89' lang='lat' dir='ltr'><strong>Cui</strong></span> <span class='ocrx_word' id='word_1_171' title='bbox 2647 1068 2813 1124; x_wconf 87' lang='lat' dir='ltr'><strong>dicit:</strong></span> 
     </span>
    </p>
   </div>
   <div class='ocr_carea' id='block_1_26' title="bbox 1991 1180 3512 1256">
    <p class='ocr_par' dir='ltr' id='par_1_26' title="bbox 1991 1180 3512 1256">
     <span class='ocr_line' id='line_1_26' title="bbox 1991 1180 3512 1256; baseline 0.001 -20"><span class='ocrx_word' id='word_1_172' title='bbox 1991 1181 2168 1253; x_wconf 81' lang='lat' dir='ltr'><strong>(Vers.</strong></span> <span class='ocrx_word' id='word_1_173' title='bbox 2205 1180 2317 1252; x_wconf 73' lang='lat'><strong>12.)</strong></span> <span class='ocrx_word' id='word_1_174' title='bbox 2355 1180 2505 1236; x_wconf 83' lang='lat' dir='ltr'><strong>Mille</strong></span> <span class='ocrx_word' id='word_1_175' title='bbox 2527 1182 2601 1236; x_wconf 91' lang='lat' dir='ltr'><strong>tui</strong></span> <span class='ocrx_word' id='word_1_176' title='bbox 2639 1182 2868 1253; x_wconf 74' lang='lat' dir='ltr'><strong>paciﬁci,</strong></span> <span class='ocrx_word' id='word_1_177' title='bbox 2898 1190 2949 1238; x_wconf 85' lang='lat' dir='ltr'><strong>et</strong></span> <span class='ocrx_word' id='word_1_178' title='bbox 2972 1181 3181 1239; x_wconf 77' lang='lat' dir='ltr'><strong>ducenti</strong></span> <span class='ocrx_word' id='word_1_179' title='bbox 3202 1183 3269 1239; x_wconf 89' lang='lat' dir='ltr'><strong>iis</strong></span> <span class='ocrx_word' id='word_1_180' title='bbox 3297 1184 3385 1256; x_wconf 88' lang='lat' dir='ltr'><strong>qui</strong></span> <span class='ocrx_word' id='word_1_181' title='bbox 3413 1199 3512 1237; x_wconf 85' lang='lat' dir='ltr'><strong>cu-</strong></span> 
     </span>
    </p>
   </div>
   <div class='ocr_carea' id='block_1_27' title="bbox 1919 1274 2512 1347">
    <p class='ocr_par' dir='ltr' id='par_1_27' title="bbox 1919 1274 2512 1347">
     <span class='ocr_line' id='line_1_27' title="bbox 1919 1274 2512 1347; baseline -0.003 -17"><span class='ocrx_word' id='word_1_182' title='bbox 1919 1274 2149 1330; x_wconf 87' lang='lat' dir='ltr'><strong>stodiunt</strong></span> <span class='ocrx_word' id='word_1_183' title='bbox 2178 1276 2377 1347; x_wconf 78' lang='lat' dir='ltr'><strong>fructus</strong></span> <span class='ocrx_word' id='word_1_184' title='bbox 2398 1275 2512 1346; x_wconf 86' lang='lat' dir='ltr'><strong>ejus</strong></span> 
     </span>
    </p>
   </div>
   <div class='ocr_carea' id='block_1_28' title="bbox 1991 1364 3519 1437">
    <p class='ocr_par' dir='ltr' id='par_1_28' title="bbox 1991 1364 3519 1437">
     <span class='ocr_line' id='line_1_28' title="bbox 1991 1364 3519 1437; baseline 0.002 -17"><span class='ocrx_word' id='word_1_185' title='bbox 1991 1365 2079 1420; x_wconf 78' lang='grc'><strong>16.</strong></span> <span class='ocrx_word' id='word_1_186' title='bbox 2114 1365 2217 1432; x_wconf 86' lang='lat' dir='ltr'><strong>Qui</strong></span> <span class='ocrx_word' id='word_1_187' title='bbox 2249 1374 2376 1421; x_wconf 89' lang='lat' dir='ltr'><strong>sunt</strong></span> <span class='ocrx_word' id='word_1_188' title='bbox 2424 1364 2514 1420; x_wconf 86' lang='lat' dir='ltr'><strong>isti</strong></span> <span class='ocrx_word' id='word_1_189' title='bbox 2542 1364 2751 1436; x_wconf 81' lang='lat' dir='ltr'><strong>paciﬁci</strong></span> <span class='ocrx_word' id='word_1_190' title='bbox 2792 1366 2885 1437; x_wconf 90' lang='lat' dir='ltr'><strong>qui</strong></span> <span class='ocrx_word' id='word_1_191' title='bbox 2932 1366 3079 1424; x_wconf 91' lang='lat' dir='ltr'><strong>mille</strong></span> <span class='ocrx_word' id='word_1_192' title='bbox 3115 1366 3368 1423; x_wconf 89' lang='lat' dir='ltr'><strong>dicuntur</strong></span> <span class='ocrx_word' id='word_1_193' title='bbox 3395 1381 3519 1424; x_wconf 86' lang='lat' dir='ltr'><strong>esse</strong></span> 
     </span>
    </p>
   </div>
   <div class='ocr_carea' id='block_1_29' title="bbox 1919 1455 3519 1529">
    <p class='ocr_par' dir='ltr' id='par_1_29' title="bbox 1919 1455 3519 1529">
     <span class='ocr_line' id='line_1_29' title="bbox 1919 1455 3519 1529; baseline 0 -16"><span class='ocrx_word' id='word_1_194' title='bbox 1919 1464 1976 1513; x_wconf 92' lang='lat' dir='ltr'><strong>et</strong></span> <span class='ocrx_word' id='word_1_195' title='bbox 2015 1455 2266 1526; x_wconf 87' lang='lat' dir='ltr'><strong>ducenti,</strong></span> <span class='ocrx_word' id='word_1_196' title='bbox 2296 1457 2399 1513; x_wconf 90' lang='lat' dir='ltr'><strong>nisi</strong></span> <span class='ocrx_word' id='word_1_197' title='bbox 2429 1456 2506 1511; x_wconf 90' lang='lat' dir='ltr'><strong>illi</strong></span> <span class='ocrx_word' id='word_1_198' title='bbox 2553 1458 2862 1529; x_wconf 84' lang='lat' dir='ltr'><strong>superiores</strong></span> <span class='ocrx_word' id='word_1_199' title='bbox 2898 1459 3170 1528; x_wconf 81' lang='lat' dir='ltr'><strong>argentei,</strong></span> <span class='ocrx_word' id='word_1_200' title='bbox 3224 1474 3360 1528; x_wconf 87' lang='lat' dir='ltr'><strong>quos</strong></span> <span class='ocrx_word' id='word_1_201' title='bbox 3388 1459 3519 1514; x_wconf 90' lang='lat' dir='ltr'><strong>dum</strong></span> 
     </span>
    </p>
   </div>
   <div class='ocr_carea' id='block_1_30' title="bbox 1918 1546 3516 1620">
    <p class='ocr_par' dir='ltr' id='par_1_30' title="bbox 1918 1546 3516 1620">
     <span class='ocr_line' id='line_1_30' title="bbox 1918 1546 3516 1620; baseline 0 -16"><span class='ocrx_word' id='word_1_202' title='bbox 1918 1546 2159 1620; x_wconf 84' lang='lat' dir='ltr'><strong>perfecte</strong></span> <span class='ocrx_word' id='word_1_203' title='bbox 2209 1547 2558 1615; x_wconf 88' lang='lat' dir='ltr'><strong>dimittimus,</strong></span> <span class='ocrx_word' id='word_1_204' title='bbox 2596 1563 2790 1618; x_wconf 89' lang='lat' dir='ltr'><strong>pacem</strong></span> <span class='ocrx_word' id='word_1_205' title='bbox 2818 1565 2918 1620; x_wconf 87' lang='lat' dir='ltr'><strong>per</strong></span> <span class='ocrx_word' id='word_1_206' title='bbox 2960 1564 3149 1605; x_wconf 88' lang='lat' dir='ltr'><strong>eorum</strong></span> <span class='ocrx_word' id='word_1_207' title='bbox 3177 1549 3516 1605; x_wconf 86' lang='lat' dir='ltr'><strong>distributio-</strong></span> 
     </span>
    </p>
   </div>
   <div class='ocr_carea' id='block_1_31' title="bbox 1920 1640 3519 1711">
    <p class='ocr_par' dir='ltr' id='par_1_31' title="bbox 1920 1640 3519 1711">
     <span class='ocr_line' id='line_1_31' title="bbox 1920 1640 3519 1711; baseline 0.002 -17"><span class='ocrx_word' id='word_1_208' title='bbox 1920 1656 2045 1696; x_wconf 90' lang='lat' dir='ltr'><strong>nem</strong></span> <span class='ocrx_word' id='word_1_209' title='bbox 2075 1655 2198 1697; x_wconf 91' lang='lat' dir='ltr'><strong>cum</strong></span> <span class='ocrx_word' id='word_1_210' title='bbox 2228 1641 2433 1697; x_wconf 89' lang='lat' dir='ltr'><strong>sanctis</strong></span> <span class='ocrx_word' id='word_1_211' title='bbox 2459 1641 2616 1697; x_wconf 90' lang='lat' dir='ltr'><strong>nobis</strong></span> <span class='ocrx_word' id='word_1_212' title='bbox 2644 1640 2775 1711; x_wconf 91' lang='lat' dir='ltr'><strong>ipsis</strong></span> <span class='ocrx_word' id='word_1_213' title='bbox 2804 1643 3175 1711; x_wconf 89' lang='lat' dir='ltr'><strong>acquirimus?</strong></span> <span class='ocrx_word' id='word_1_214' title='bbox 3205 1641 3358 1697; x_wconf 89' lang='lat' dir='ltr'><strong>Unde</strong></span> <span class='ocrx_word' id='word_1_215' title='bbox 3384 1649 3439 1696; x_wconf 91' lang='lat' dir='ltr'><strong>et</strong></span> <span class='ocrx_word' id='word_1_216' title='bbox 3462 1642 3519 1697; x_wconf 89' lang='lat' dir='ltr'><strong>in</strong></span> 
     </span>
    </p>
   </div>
   <div class='ocr_carea' id='block_1_32' title="bbox 1918 1733 3520 1804">
    <p class='ocr_par' dir='ltr' id='par_1_32' title="bbox 1918 1733 3520 1804">
     <span class='ocr_line' id='line_1_32' title="bbox 1918 1733 3520 1804; baseline 0 -15"><span class='ocrx_word' id='word_1_217' title='bbox 1918 1734 2211 1804; x_wconf 78' lang='lat' dir='ltr'><strong>Evangelia</strong></span> <span class='ocrx_word' id='word_1_218' title='bbox 2267 1735 2529 1790; x_wconf 91' lang='lat' dir='ltr'><strong>Dominus</strong></span> <span class='ocrx_word' id='word_1_219' title='bbox 2578 1734 2709 1790; x_wconf 88' lang='lat' dir='ltr'><strong>dicit</strong></span> <span class='ocrx_word' id='word_1_220' title='bbox 2759 1752 2772 1788; x_wconf 89' lang='lat'>:</span> <span class='ocrx_word' id='word_1_221' title='bbox 2830 1733 3011 1789; x_wconf 85' lang='lat' dir='ltr'><strong>Facite</strong></span> <span class='ocrx_word' id='word_1_222' title='bbox 3044 1735 3186 1790; x_wconf 87' lang='lat' dir='ltr'><strong>vobis</strong></span> <span class='ocrx_word' id='word_1_223' title='bbox 3221 1736 3415 1790; x_wconf 87' lang='lat' dir='ltr'><strong>amicos</strong></span> <span class='ocrx_word' id='word_1_224' title='bbox 3454 1735 3520 1789; x_wconf 82' lang='lat' dir='ltr'><strong>de</strong></span> 
     </span>
    </p>
   </div>
   <div class='ocr_carea' id='block_1_33' title="bbox 1919 1827 3520 1899">
    <p class='ocr_par' dir='ltr' id='par_1_33' title="bbox 1919 1827 3520 1899">
     <span class='ocr_line' id='line_1_33' title="bbox 1919 1827 3520 1899; baseline 0.001 -18"><span class='ocrx_word' id='word_1_225' title='bbox 1919 1843 2217 1883; x_wconf 85' lang='lat' dir='ltr'><strong>mammona</strong></span> <span class='ocrx_word' id='word_1_226' title='bbox 2237 1828 2562 1899; x_wconf 89' lang='lat' dir='ltr'><strong>iniquitatis;</strong></span> <span class='ocrx_word' id='word_1_227' title='bbox 2591 1837 2646 1880; x_wconf 91' lang='lat' dir='ltr'><strong>ut</strong></span> <span class='ocrx_word' id='word_1_228' title='bbox 2670 1844 2786 1881; x_wconf 82' lang='lat' dir='ltr'><strong>cum</strong></span> <span class='ocrx_word' id='word_1_229' title='bbox 2812 1827 3126 1898; x_wconf 75' lang='lat' dir='ltr'><strong>defeceritis,</strong></span> <span class='ocrx_word' id='word_1_230' title='bbox 3155 1829 3409 1898; x_wconf 84' lang='lat' dir='ltr'><strong>recipiant</strong></span> <span class='ocrx_word' id='word_1_231' title='bbox 3433 1841 3520 1883; x_wconf 84' lang='lat' dir='ltr'><strong>uos</strong></span> 
     </span>
    </p>
   </div>
   <div class='ocr_carea' id='block_1_34' title="bbox 289 1897 1813 1989">
    <p class='ocr_par' dir='ltr' id='par_1_34' title="bbox 289 1897 1813 1976">
     <span class='ocr_line' id='line_1_34' title="bbox 289 1897 1813 1976; baseline 0.001 -21"><span class='ocrx_word' id='word_1_232' title='bbox 289 1897 469 1972; x_wconf 79' lang='lat' dir='ltr'><strong>(Vers.</strong></span> <span class='ocrx_word' id='word_1_233' title='bbox 502 1900 615 1970; x_wconf 89' lang='lat'><strong>11.)</strong></span> <span class='ocrx_word' id='word_1_234' title='bbox 650 1901 817 1956; x_wconf 83' lang='lat' dir='ltr'><strong>Vinea</strong></span> <span class='ocrx_word' id='word_1_235' title='bbox 846 1904 943 1973; x_wconf 81' lang='lat' dir='ltr'><strong>fuit</strong></span> <span class='ocrx_word' id='word_1_236' title='bbox 970 1903 1208 1973; x_wconf 79' lang='lat' dir='ltr'><strong>paci/ica,</strong></span> <span class='ocrx_word' id='word_1_237' title='bbox 1234 1904 1289 1958; x_wconf 90' lang='lat' dir='ltr'><strong>in</strong></span> <span class='ocrx_word' id='word_1_238' title='bbox 1319 1919 1381 1958; x_wconf 90' lang='lat' dir='ltr'><strong>ea</strong></span> <span class='ocrx_word' id='word_1_239' title='bbox 1409 1918 1525 1976; x_wconf 77' lang='lat' dir='ltr'><strong>qua:</strong></span> <span class='ocrx_word' id='word_1_240' title='bbox 1545 1901 1695 1958; x_wconf 83' lang='lat' dir='ltr'><strong>habet</strong></span> <span class='ocrx_word' id='word_1_241' title='bbox 1722 1919 1813 1975; x_wconf 88' lang='lat' dir='ltr'><strong>po-</strong></span> 
     </span>
    </p>
   </div>
   <div class='ocr_carea' id='block_1_35' title="bbox 1926 1897 3520 1989">
    <p class='ocr_par' dir='ltr' id='par_1_35' title="bbox 1926 1897 3520 1989">
     <span class='ocr_line' id='line_1_35' title="bbox 1926 1897 3520 1989; baseline -0.001 -14"><span class='ocrx_word' id='word_1_242' title='bbox 1926 1921 1972 1975; x_wconf 89' lang='lat' dir='ltr'><strong>in</strong></span> <span class='ocrx_word' id='word_1_243' title='bbox 1995 1930 2189 1975; x_wconf 74' lang='lat' dir='ltr'><strong>teterna</strong></span> <span class='ocrx_word' id='word_1_244' title='bbox 2213 1897 2546 1974; x_wconf 86' lang='lat' dir='ltr'><strong>tabernacula</strong></span> <span class='ocrx_word' id='word_1_245' title='bbox 2579 1919 2733 1989; x_wconf 90' lang='lat' dir='ltr'><strong>(Luc.</strong></span> <span class='ocrx_word' id='word_1_246' title='bbox 2757 1897 2975 1988; x_wconf 15' lang='grc' dir='ltr'><strong>χνι,ί9).</strong></span> <span class='ocrx_word' id='word_1_247' title='bbox 3001 1918 3106 1973; x_wconf 87' lang='lat' dir='ltr'><strong>Sed</strong></span> <span class='ocrx_word' id='word_1_248' title='bbox 3140 1897 3269 1988; x_wconf 85' lang='lat' dir='ltr'><strong>quid</strong></span> <span class='ocrx_word' id='word_1_249' title='bbox 3297 1934 3392 1989; x_wconf 91' lang='lat' dir='ltr'><strong>per</strong></span> <span class='ocrx_word' id='word_1_250' title='bbox 3420 1919 3520 1974; x_wconf 90' lang='lat' dir='ltr'><strong>du-</strong></span> 
     </span>
    </p>
   </div>
   <div class='ocr_carea' id='block_1_36' title="bbox 215 1991 1813 2066">
    <p class='ocr_par' dir='ltr' id='par_1_36' title="bbox 215 1991 1813 2066">
     <span class='ocr_line' id='line_1_36' title="bbox 215 1991 1813 2066; baseline 0.001 -21"><span class='ocrx_word' id='word_1_251' title='bbox 215 1991 404 2063; x_wconf 86' lang='lat' dir='ltr'><strong>pulos;</strong></span> <span class='ocrx_word' id='word_1_252' title='bbox 448 1992 665 2046; x_wconf 84' lang='lat' dir='ltr'><strong>tradidit</strong></span> <span class='ocrx_word' id='word_1_253' title='bbox 689 2010 804 2047; x_wconf 86' lang='lat' dir='ltr'><strong>eam</strong></span> <span class='ocrx_word' id='word_1_254' title='bbox 832 1994 1161 2061; x_wconf 80' lang='lat' dir='ltr'><strong>custodibus;</strong></span> <span class='ocrx_word' id='word_1_255' title='bbox 1203 1996 1282 2051; x_wconf 76' lang='lat' dir='ltr'><strong>uir</strong></span> <span class='ocrx_word' id='word_1_256' title='bbox 1324 1996 1480 2066; x_wconf 77' lang='lat' dir='ltr'><strong>a/fert</strong></span> <span class='ocrx_word' id='word_1_257' title='bbox 1508 2012 1603 2066; x_wconf 86' lang='lat' dir='ltr'><strong>pro</strong></span> <span class='ocrx_word' id='word_1_258' title='bbox 1642 1996 1813 2066; x_wconf 77' lang='lat' dir='ltr'><strong>fructu</strong></span> 
     </span>
    </p>
   </div>
   <div class='ocr_carea' id='block_1_37' title="bbox 214 2082 814 2154">
    <p class='ocr_par' dir='ltr' id='par_1_37' title="bbox 214 2082 814 2154">
     <span class='ocr_line' id='line_1_37' title="bbox 214 2082 814 2154; baseline 0.007 -19"><span class='ocrx_word' id='word_1_259' title='bbox 214 2082 333 2153; x_wconf 87' lang='lat' dir='ltr'><strong>ejus</strong></span> <span class='ocrx_word' id='word_1_260' title='bbox 354 2082 495 2136; x_wconf 87' lang='lat' dir='ltr'><strong>mille</strong></span> <span class='ocrx_word' id='word_1_261' title='bbox 524 2092 814 2154; x_wconf 78' lang='lat' dir='ltr'><strong>argenteos.</strong></span> 
     </span>
    </p>
   </div>
   <div class='ocr_carea' id='block_1_38' title="bbox 288 2182 1811 2259">
    <p class='ocr_par' dir='ltr' id='par_1_38' title="bbox 288 2182 1811 2259">
     <span class='ocr_line' id='line_1_38' title="bbox 288 2182 1811 2259; baseline 0.005 -22"><span class='ocrx_word' id='word_1_262' title='bbox 288 2182 530 2254; x_wconf 82' lang='lat' dir='ltr'><strong>15.1pse</strong></span> <span class='ocrx_word' id='word_1_263' title='bbox 570 2200 701 2241; x_wconf 83' lang='lat' dir='ltr'><strong>vero</strong></span> <span class='ocrx_word' id='word_1_264' title='bbox 749 2186 1003 2257; x_wconf 81' lang='lat' dir='ltr'><strong>pacificus</strong></span> <span class='ocrx_word' id='word_1_265' title='bbox 1033 2183 1221 2244; x_wconf 83' lang='lat' dir='ltr'><strong>noster</strong></span> <span class='ocrx_word' id='word_1_266' title='bbox 1247 2203 1370 2247; x_wconf 86' lang='lat' dir='ltr'><strong>esse</strong></span> <span class='ocrx_word' id='word_1_267' title='bbox 1417 2187 1635 2256; x_wconf 89' lang='lat' dir='ltr'><strong>dicitur,</strong></span> <span class='ocrx_word' id='word_1_268' title='bbox 1684 2189 1811 2259; x_wconf 88' lang='lat' dir='ltr'><strong>quia</strong></span> 
     </span>
    </p>
   </div>
   <div class='ocr_carea' id='block_1_39' title="bbox 213 2276 1813 2348">
    <p class='ocr_par' dir='ltr' id='par_1_39' title="bbox 213 2276 1813 2348">
     <span class='ocr_line' id='line_1_39' title="bbox 213 2276 1813 2348; baseline 0.002 -17"><span class='ocrx_word' id='word_1_269' title='bbox 213 2291 316 2348; x_wconf 87' lang='lat' dir='ltr'><strong>per</strong></span> <span class='ocrx_word' id='word_1_270' title='bbox 363 2276 535 2345; x_wconf 86' lang='lat' dir='ltr'><strong>ipsum</strong></span> <span class='ocrx_word' id='word_1_271' title='bbox 584 2277 696 2332; x_wconf 88' lang='lat' dir='ltr'><strong>Deo</strong></span> <span class='ocrx_word' id='word_1_272' title='bbox 736 2293 897 2334; x_wconf 90' lang='lat' dir='ltr'><strong>omne</strong></span> <span class='ocrx_word' id='word_1_273' title='bbox 938 2294 1108 2348; x_wconf 91' lang='lat' dir='ltr'><strong>genus</strong></span> <span class='ocrx_word' id='word_1_274' title='bbox 1154 2280 1449 2336; x_wconf 90' lang='lat' dir='ltr'><strong>humanum</strong></span> <span class='ocrx_word' id='word_1_275' title='bbox 1495 2279 1813 2336; x_wconf 89' lang='lat' dir='ltr'><strong>reconcilia-</strong></span> 
     </span>
    </p>
   </div>
   <div class='ocr_carea' id='block_1_40' title="bbox 214 2366 1811 2443">
    <p class='ocr_par' dir='ltr' id='par_1_40' title="bbox 214 2366 1811 2443">
     <span class='ocr_line' id='line_1_40' title="bbox 214 2366 1811 2443; baseline 0.006 -25"><span class='ocrx_word' id='word_1_276' title='bbox 214 2373 325 2420; x_wconf 90' lang='lat' dir='ltr'><strong>tur.</strong></span> <span class='ocrx_word' id='word_1_277' title='bbox 358 2366 499 2422; x_wconf 86' lang='lat' dir='ltr'><strong>Huic</strong></span> <span class='ocrx_word' id='word_1_278' title='bbox 542 2368 768 2441; x_wconf 82' lang='lat' dir='ltr'><strong>pacilico</strong></span> <span class='ocrx_word' id='word_1_279' title='bbox 796 2369 954 2425; x_wconf 90' lang='lat' dir='ltr'><strong>vinea</strong></span> <span class='ocrx_word' id='word_1_280' title='bbox 980 2371 1111 2439; x_wconf 87' lang='lat' dir='ltr'><strong>fuit,</strong></span> <span class='ocrx_word' id='word_1_281' title='bbox 1145 2371 1271 2442; x_wconf 91' lang='lat' dir='ltr'><strong>quia</strong></span> <span class='ocrx_word' id='word_1_282' title='bbox 1309 2372 1366 2427; x_wconf 91' lang='lat' dir='ltr'><strong>in</strong></span> <span class='ocrx_word' id='word_1_283' title='bbox 1394 2371 1581 2428; x_wconf 90' lang='lat' dir='ltr'><strong>labore</strong></span> <span class='ocrx_word' id='word_1_284' title='bbox 1607 2388 1811 2443; x_wconf 83' lang='lat' dir='ltr'><strong>praece-</strong></span> 
     </span>
    </p>
   </div>
   <div class='ocr_carea' id='block_1_41' title="bbox 210 2460 1813 2537">
    <p class='ocr_par' dir='ltr' id='par_1_41' title="bbox 210 2460 1813 2537">
     <span class='ocr_line' id='line_1_41' title="bbox 210 2460 1813 2537; baseline 0.008 -29"><span class='ocrx_word' id='word_1_285' title='bbox 210 2463 438 2525; x_wconf 88' lang='lat' dir='ltr'><strong>ptorum</strong></span> <span class='ocrx_word' id='word_1_286' title='bbox 476 2460 773 2515; x_wconf 86' lang='lat' dir='ltr'><strong>carnalium</strong></span> <span class='ocrx_word' id='word_1_287' title='bbox 815 2460 1155 2533; x_wconf 85' lang='lat' dir='ltr'><strong>Synagogam</strong></span> <span class='ocrx_word' id='word_1_288' title='bbox 1194 2465 1476 2536; x_wconf 85' lang='lat' dir='ltr'><strong>plantavit,</strong></span> <span class='ocrx_word' id='word_1_289' title='bbox 1508 2466 1575 2523; x_wconf 88' lang='lat' dir='ltr'><strong>de</strong></span> <span class='ocrx_word' id='word_1_290' title='bbox 1603 2482 1709 2537; x_wconf 92' lang='lat' dir='ltr'><strong>qua</strong></span> <span class='ocrx_word' id='word_1_291' title='bbox 1730 2466 1813 2522; x_wconf 85' lang='lat' dir='ltr'><strong>di-</strong></span> 
     </span>
    </p>
   </div>
   <div class='ocr_carea' id='block_1_42' title="bbox 210 2549 1809 2631">
    <p class='ocr_par' dir='ltr' id='par_1_42' title="bbox 210 2549 1809 2631">
     <span class='ocr_line' id='line_1_42' title="bbox 210 2549 1809 2631; baseline 0.007 -27"><span class='ocrx_word' id='word_1_292' title='bbox 210 2549 391 2605; x_wconf 90' lang='lat' dir='ltr'><strong>citur:</strong></span> <span class='ocrx_word' id='word_1_293' title='bbox 424 2551 590 2607; x_wconf 81' lang='lat' dir='ltr'><strong>Vinea</strong></span> <span class='ocrx_word' id='word_1_294' title='bbox 613 2552 823 2609; x_wconf 88' lang='lat' dir='ltr'><strong>Domini</strong></span> <span class='ocrx_word' id='word_1_295' title='bbox 853 2558 1071 2612; x_wconf 86' lang='lat' dir='ltr'><strong>sabaoth</strong></span> <span class='ocrx_word' id='word_1_296' title='bbox 1097 2558 1278 2614; x_wconf 89' lang='lat' dir='ltr'><strong>domus</strong></span> <span class='ocrx_word' id='word_1_297' title='bbox 1304 2558 1475 2614; x_wconf 86' lang='lat' dir='ltr'><strong>Israel</strong></span> <span class='ocrx_word' id='word_1_298' title='bbox 1493 2570 1570 2614; x_wconf 85' lang='lat' dir='ltr'><strong>est</strong></span> <span class='ocrx_word' id='word_1_299' title='bbox 1595 2559 1733 2631; x_wconf 91' lang='lat' dir='ltr'><strong>(Isai</strong></span> <span class='ocrx_word' id='word_1_300' title='bbox 1753 2577 1809 2627; x_wconf 77' lang='grc' dir='ltr'><strong>ν,</strong></span> 
     </span>
    </p>
   </div>
   <div class='ocr_carea' id='block_1_43' title="bbox 210 2639 1809 2723">
    <p class='ocr_par' dir='ltr' id='par_1_43' title="bbox 210 2639 1809 2723">
     <span class='ocr_line' id='line_1_43' title="bbox 210 2639 1809 2723; baseline 0.009 -30"><span class='ocrx_word' id='word_1_301' title='bbox 210 2639 292 2711; x_wconf 90' lang='lat'><strong>7).</strong></span> <span class='ocrx_word' id='word_1_302' title='bbox 327 2641 459 2709; x_wconf 71' lang='lat' dir='ltr'><strong>Qua:</strong></span> <span class='ocrx_word' id='word_1_303' title='bbox 487 2644 641 2700; x_wconf 88' lang='lat' dir='ltr'><strong>vlnea</strong></span> <span class='ocrx_word' id='word_1_304' title='bbox 666 2646 719 2700; x_wconf 92' lang='lat' dir='ltr'><strong>in</strong></span> <span class='ocrx_word' id='word_1_305' title='bbox 744 2661 805 2701; x_wconf 90' lang='lat' dir='ltr'><strong>ea</strong></span> <span class='ocrx_word' id='word_1_306' title='bbox 832 2663 949 2718; x_wconf 71' lang='lat' dir='ltr'><strong>quae</strong></span> <span class='ocrx_word' id='word_1_307' title='bbox 978 2649 1143 2705; x_wconf 87' lang='lat' dir='ltr'><strong>habet</strong></span> <span class='ocrx_word' id='word_1_308' title='bbox 1163 2651 1394 2721; x_wconf 91' lang='lat' dir='ltr'><strong>populos</strong></span> <span class='ocrx_word' id='word_1_309' title='bbox 1415 2652 1651 2718; x_wconf 79' lang='lat' dir='ltr'><strong>exstitit;</strong></span> <span class='ocrx_word' id='word_1_310' title='bbox 1682 2652 1809 2723; x_wconf 87' lang='lat' dir='ltr'><strong>quia</strong></span> 
     </span>
    </p>
   </div>
   <div class='ocr_carea' id='block_1_44' title="bbox 210 2734 1804 2815">
    <p class='ocr_par' dir='ltr' id='par_1_44' title="bbox 210 2734 1804 2815">
     <span class='ocr_line' id='line_1_44' title="bbox 210 2734 1804 2815; baseline 0.006 -26"><span class='ocrx_word' id='word_1_311' title='bbox 210 2734 265 2789; x_wconf 93' lang='lat' dir='ltr'><strong>in</strong></span> <span class='ocrx_word' id='word_1_312' title='bbox 300 2734 447 2805; x_wconf 85' lang='lat' dir='ltr'><strong>Lege</strong></span> <span class='ocrx_word' id='word_1_313' title='bbox 471 2738 647 2807; x_wconf 91' lang='lat' dir='ltr'><strong>posita</strong></span> <span class='ocrx_word' id='word_1_314' title='bbox 669 2746 770 2806; x_wconf 89' lang='lat' dir='ltr'><strong>est,</strong></span> <span class='ocrx_word' id='word_1_315' title='bbox 796 2756 915 2810; x_wconf 66' lang='lat' dir='ltr'><strong>qua:</strong></span> <span class='ocrx_word' id='word_1_316' title='bbox 937 2744 1135 2798; x_wconf 86' lang='lat' dir='ltr'><strong>multos</strong></span> <span class='ocrx_word' id='word_1_317' title='bbox 1164 2745 1264 2798; x_wconf 89' lang='lat' dir='ltr'><strong>sub</strong></span> <span class='ocrx_word' id='word_1_318' title='bbox 1288 2759 1349 2799; x_wconf 87' lang='lat' dir='ltr'><strong>se</strong></span> <span class='ocrx_word' id='word_1_319' title='bbox 1377 2745 1609 2815; x_wconf 91' lang='lat' dir='ltr'><strong>populos</strong></span> <span class='ocrx_word' id='word_1_320' title='bbox 1638 2745 1804 2799; x_wconf 83' lang='lat' dir='ltr'><strong>colle-</strong></span> 
     </span>
    </p>
   </div>
   <div class='ocr_carea' id='block_1_45' title="bbox 208 2826 1814 2905">
    <p class='ocr_par' dir='ltr' id='par_1_45' title="bbox 208 2826 1814 2905">
     <span class='ocr_line' id='line_1_45' title="bbox 208 2826 1814 2905; baseline 0.007 -25"><span class='ocrx_word' id='word_1_321' title='bbox 208 2827 313 2897; x_wconf 87' lang='lat' dir='ltr'><strong>git.</strong></span> <span class='ocrx_word' id='word_1_322' title='bbox 350 2826 425 2882; x_wconf 92' lang='lat' dir='ltr'><strong>De</strong></span> <span class='ocrx_word' id='word_1_323' title='bbox 450 2830 645 2899; x_wconf 87' lang='lat' dir='ltr'><strong>quibus</strong></span> <span class='ocrx_word' id='word_1_324' title='bbox 672 2831 889 2901; x_wconf 90' lang='lat' dir='ltr'><strong>populis</strong></span> <span class='ocrx_word' id='word_1_325' title='bbox 930 2832 1165 2889; x_wconf 92' lang='lat' dir='ltr'><strong>dicitur:</strong></span> <span class='ocrx_word' id='word_1_326' title='bbox 1199 2834 1389 2905; x_wconf 87' lang='lat' dir='ltr'><strong>Papuli</strong></span> <span class='ocrx_word' id='word_1_327' title='bbox 1431 2836 1666 2891; x_wconf 87' lang='lat' dir='ltr'><strong>meditati</strong></span> <span class='ocrx_word' id='word_1_328' title='bbox 1693 2845 1814 2891; x_wconf 88' lang='lat' dir='ltr'><strong>sunt</strong></span> 
     </span>
    </p>
   </div>
   <div class='ocr_carea' id='block_1_46' title="bbox 205 2917 1810 2995">
    <p class='ocr_par' dir='ltr' id='par_1_46' title="bbox 205 2917 1810 2995">
     <span class='ocr_line' id='line_1_46' title="bbox 205 2917 1810 2995; baseline 0.007 -24"><span class='ocrx_word' id='word_1_329' title='bbox 205 2917 396 2971; x_wconf 86' lang='lat' dir='ltr'><strong>inania</strong></span> <span class='ocrx_word' id='word_1_330' title='bbox 428 2918 673 2990; x_wconf 85' lang='lat' dir='ltr'><strong>(Psal.tt,</strong></span> <span class='ocrx_word' id='word_1_331' title='bbox 694 2920 769 2994; x_wconf 87' lang='lat'><strong>1).</strong></span> <span class='ocrx_word' id='word_1_332' title='bbox 800 2922 951 2979; x_wconf 83' lang='lat' dir='ltr'><strong>llanc</strong></span> <span class='ocrx_word' id='word_1_333' title='bbox 978 2925 1190 2981; x_wconf 89' lang='lat' dir='ltr'><strong>vineam</strong></span> <span class='ocrx_word' id='word_1_334' title='bbox 1215 2927 1526 2983; x_wconf 85' lang='lat' dir='ltr'><strong>custodibus</strong></span> <span class='ocrx_word' id='word_1_335' title='bbox 1556 2927 1810 2995; x_wconf 86' lang='lat' dir='ltr'><strong>tradidit;</strong></span> 
     </span>
    </p>
   </div>
   <div class='ocr_carea' id='block_1_47' title="bbox 205 3006 1812 3089">
    <p class='ocr_par' dir='ltr' id='par_1_47' title="bbox 205 3006 1812 3089">
     <span class='ocr_line' id='line_1_47' title="bbox 205 3006 1812 3089; baseline 0.009 -28"><span class='ocrx_word' id='word_1_336' title='bbox 205 3008 347 3077; x_wconf 86' lang='lat' dir='ltr'><strong>quia</strong></span> <span class='ocrx_word' id='word_1_337' title='bbox 367 3006 705 3081; x_wconf 87' lang='lat' dir='ltr'><strong>Synagogam</strong></span> <span class='ocrx_word' id='word_1_338' title='bbox 726 3012 899 3085; x_wconf 79' lang='lat' dir='ltr'><strong>Moysi</strong></span> <span class='ocrx_word' id='word_1_339' title='bbox 925 3023 981 3070; x_wconf 92' lang='lat' dir='ltr'><strong>et</strong></span> <span class='ocrx_word' id='word_1_340' title='bbox 1006 3018 1215 3073; x_wconf 67' lang='lat' dir='ltr'><strong>caneris</strong></span> <span class='ocrx_word' id='word_1_341' title='bbox 1238 3018 1478 3089; x_wconf 88' lang='lat' dir='ltr'><strong>patribus</strong></span> <span class='ocrx_word' id='word_1_342' title='bbox 1506 3018 1812 3075; x_wconf 86' lang='lat' dir='ltr'><strong>custodien-</strong></span> 
     </span>
    </p>
   </div>
   <div class='ocr_carea' id='block_1_48' title="bbox 203 3099 1810 3185">
    <p class='ocr_par' dir='ltr' id='par_1_48' title="bbox 203 3099 1810 3185">
     <span class='ocr_line' id='line_1_48' title="bbox 203 3099 1810 3185; baseline 0.008 -29"><span class='ocrx_word' id='word_1_343' title='bbox 203 3099 342 3156; x_wconf 87' lang='lat' dir='ltr'><strong>dam</strong></span> <span class='ocrx_word' id='word_1_344' title='bbox 372 3103 617 3172; x_wconf 88' lang='lat' dir='ltr'><strong>subjecit.</strong></span> <span class='ocrx_word' id='word_1_345' title='bbox 658 3104 735 3162; x_wconf 91' lang='lat' dir='ltr'><strong>De</strong></span> <span class='ocrx_word' id='word_1_346' title='bbox 760 3121 870 3177; x_wconf 88' lang='lat' dir='ltr'><strong>qua</strong></span> <span class='ocrx_word' id='word_1_347' title='bbox 911 3108 1050 3166; x_wconf 91' lang='lat' dir='ltr'><strong>bene</strong></span> <span class='ocrx_word' id='word_1_348' title='bbox 1078 3110 1325 3166; x_wconf 88' lang='lat' dir='ltr'><strong>subditur</strong></span> <span class='ocrx_word' id='word_1_349' title='bbox 1360 3131 1373 3166; x_wconf 87' lang='lat'><strong>:</strong></span> <span class='ocrx_word' id='word_1_350' title='bbox 1415 3112 1509 3168; x_wconf 88' lang='lat' dir='ltr'><strong>Vir</strong></span> <span class='ocrx_word' id='word_1_351' title='bbox 1537 3112 1690 3182; x_wconf 74' lang='lat' dir='ltr'><strong>a/fert</strong></span> <span class='ocrx_word' id='word_1_352' title='bbox 1716 3129 1810 3185; x_wconf 91' lang='lat' dir='ltr'><strong>pro</strong></span> 
     </span>
    </p>
   </div>
   <div class='ocr_carea' id='block_1_49' title="bbox 202 3194 1810 3276">
    <p class='ocr_par' dir='ltr' id='par_1_49' title="bbox 202 3194 1810 3276">
     <span class='ocr_line' id='line_1_49' title="bbox 202 3194 1810 3276; baseline 0.009 -30"><span class='ocrx_word' id='word_1_353' title='bbox 202 3194 393 3265; x_wconf 79' lang='lat' dir='ltr'><strong>[ructu</strong></span> <span class='ocrx_word' id='word_1_354' title='bbox 419 3197 530 3267; x_wconf 81' lang='lat' dir='ltr'><strong>ejus</strong></span> <span class='ocrx_word' id='word_1_355' title='bbox 558 3198 701 3253; x_wconf 88' lang='lat' dir='ltr'><strong>mille</strong></span> <span class='ocrx_word' id='word_1_356' title='bbox 726 3209 1015 3273; x_wconf 85' lang='lat' dir='ltr'><strong>argenteos.</strong></span> <span class='ocrx_word' id='word_1_357' title='bbox 1068 3202 1193 3259; x_wconf 71' lang='lat' dir='ltr'><strong>llazc</strong></span> <span class='ocrx_word' id='word_1_358' title='bbox 1221 3205 1372 3260; x_wconf 89' lang='lat' dir='ltr'><strong>vinea</strong></span> <span class='ocrx_word' id='word_1_359' title='bbox 1416 3204 1648 3261; x_wconf 85' lang='lat' dir='ltr'><strong>fructum</strong></span> <span class='ocrx_word' id='word_1_360' title='bbox 1679 3221 1810 3276; x_wconf 86' lang='lat' dir='ltr'><strong>pro-</strong></span> 
     </span>
    </p>
   </div>
   <div class='ocr_carea' id='block_1_50' title="bbox 1916 2008 3515 2080">
    <p class='ocr_par' dir='ltr' id='par_1_50' title="bbox 1916 2008 3515 2080">
     <span class='ocr_line' id='line_1_50' title="bbox 1916 2008 3515 2080; baseline -0.001 -14"><span class='ocrx_word' id='word_1_361' title='bbox 1916 2018 2106 2066; x_wconf 87' lang='lat' dir='ltr'><strong>centos</strong></span> <span class='ocrx_word' id='word_1_362' title='bbox 2128 2009 2498 2078; x_wconf 79' lang='lat' dir='ltr'><strong>intelligimus,</strong></span> <span class='ocrx_word' id='word_1_363' title='bbox 2514 2010 2616 2064; x_wconf 90' lang='lat' dir='ltr'><strong>nisi</strong></span> <span class='ocrx_word' id='word_1_364' title='bbox 2639 2008 2909 2080; x_wconf 87' lang='lat' dir='ltr'><strong>duplicem</strong></span> <span class='ocrx_word' id='word_1_365' title='bbox 2928 2008 3338 2063; x_wconf 86' lang='lat' dir='ltr'><strong>retributionem</strong></span> <span class='ocrx_word' id='word_1_366' title='bbox 3352 2024 3515 2079; x_wconf 85' lang='lat' dir='ltr'><strong>quam</strong></span> 
     </span>
    </p>
   </div>
   <div class='ocr_carea' id='block_1_51' title="bbox 1916 2096 3515 2169">
    <p class='ocr_par' dir='ltr' id='par_1_51' title="bbox 1916 2096 3515 2169">
     <span class='ocr_line' id='line_1_51' title="bbox 1916 2096 3515 2169; baseline -0.001 -15"><span class='ocrx_word' id='word_1_367' title='bbox 1916 2100 2269 2169; x_wconf 88' lang='lat' dir='ltr'><strong>acquirimus,</strong></span> <span class='ocrx_word' id='word_1_368' title='bbox 2323 2099 2450 2154; x_wconf 91' lang='lat' dir='ltr'><strong>dum</strong></span> <span class='ocrx_word' id='word_1_369' title='bbox 2475 2098 2502 2137; x_wconf 72' lang='grc' dir='ltr'><strong>ι’</strong></span> <span class='ocrx_word' id='word_1_370' title='bbox 2530 2115 2626 2155; x_wconf 90' lang='lat' dir='ltr'><strong>eos</strong></span> <span class='ocrx_word' id='word_1_371' title='bbox 2657 2099 2710 2153; x_wconf 87' lang='lat' dir='ltr'><strong>in</strong></span> <span class='ocrx_word' id='word_1_372' title='bbox 2751 2098 2857 2154; x_wconf 90' lang='lat' dir='ltr'><strong>hoc</strong></span> <span class='ocrx_word' id='word_1_373' title='bbox 2901 2097 3105 2152; x_wconf 88' lang='lat' dir='ltr'><strong>mundo</strong></span> <span class='ocrx_word' id='word_1_374' title='bbox 3135 2096 3374 2167; x_wconf 79' lang='lat' dir='ltr'><strong>perfecte</strong></span> <span class='ocrx_word' id='word_1_375' title='bbox 3416 2112 3515 2167; x_wconf 88' lang='lat' dir='ltr'><strong>pro</strong></span> 
     </span>
    </p>
   </div>
   <div class='ocr_carea' id='block_1_52' title="bbox 1916 2184 3519 2258">
    <p class='ocr_par' dir='ltr' id='par_1_52' title="bbox 1916 2184 3519 2258">
     <span class='ocr_line' id='line_1_52' title="bbox 1916 2184 3519 2258; baseline -0.002 -14"><span class='ocrx_word' id='word_1_376' title='bbox 1916 2190 2129 2245; x_wconf 85' lang='lat' dir='ltr'><strong>Christo</strong></span> <span class='ocrx_word' id='word_1_377' title='bbox 2158 2190 2592 2246; x_wconf 82' lang='lat' dir='ltr'><strong>contemnimus?</strong></span> <span class='ocrx_word' id='word_1_378' title='bbox 2630 2189 2775 2244; x_wconf 87' lang='lat' dir='ltr'><strong>Mille</strong></span> <span class='ocrx_word' id='word_1_379' title='bbox 2820 2202 2949 2258; x_wconf 84' lang='lat' dir='ltr'><strong>ergo</strong></span> <span class='ocrx_word' id='word_1_380' title='bbox 2980 2195 3037 2243; x_wconf 93' lang='lat' dir='ltr'><strong>et</strong></span> <span class='ocrx_word' id='word_1_381' title='bbox 3075 2186 3297 2241; x_wconf 88' lang='lat' dir='ltr'><strong>ducenti</strong></span> <span class='ocrx_word' id='word_1_382' title='bbox 3326 2184 3519 2242; x_wconf 86' lang='lat' dir='ltr'><strong>Eccle-</strong></span> 
     </span>
    </p>
   </div>
   <div class='ocr_carea' id='block_1_53' title="bbox 1912 2279 3517 2354">
    <p class='ocr_par' dir='ltr' id='par_1_53' title="bbox 1912 2279 3517 2354">
     <span class='ocr_line' id='line_1_53' title="bbox 1912 2279 3517 2354; baseline -0.005 -13"><span class='ocrx_word' id='word_1_383' title='bbox 1912 2283 2005 2341; x_wconf 64' lang='lat' dir='ltr'><strong>siae</strong></span> <span class='ocrx_word' id='word_1_384' title='bbox 2034 2284 2274 2354; x_wconf 84' lang='lat' dir='ltr'><strong>argentei</strong></span> <span class='ocrx_word' id='word_1_385' title='bbox 2303 2284 2562 2347; x_wconf 78' lang='lat' dir='ltr'><strong>existunt,</strong></span> <span class='ocrx_word' id='word_1_386' title='bbox 2588 2284 2711 2354; x_wconf 83' lang='lat' dir='ltr'><strong>quia</strong></span> <span class='ocrx_word' id='word_1_387' title='bbox 2739 2282 2866 2337; x_wconf 92' lang='lat' dir='ltr'><strong>dum</strong></span> <span class='ocrx_word' id='word_1_388' title='bbox 2891 2279 3080 2337; x_wconf 81' lang='lat' dir='ltr'><strong>ﬁdeles</strong></span> <span class='ocrx_word' id='word_1_389' title='bbox 3104 2282 3303 2352; x_wconf 89' lang='lat' dir='ltr'><strong>quique</strong></span> <span class='ocrx_word' id='word_1_390' title='bbox 3333 2279 3517 2335; x_wconf 89' lang='lat' dir='ltr'><strong>omnia</strong></span> 
     </span>
    </p>
   </div>
   <div class='ocr_carea' id='block_1_54' title="bbox 1914 2372 3518 2448">
    <p class='ocr_par' dir='ltr' id='par_1_54' title="bbox 1914 2372 3518 2448">
     <span class='ocr_line' id='line_1_54' title="bbox 1914 2372 3518 2448; baseline -0.004 -17"><span class='ocrx_word' id='word_1_391' title='bbox 1914 2392 2033 2448; x_wconf 79' lang='lat' dir='ltr'><strong>qua:</strong></span> <span class='ocrx_word' id='word_1_392' title='bbox 2062 2375 2442 2446; x_wconf 79' lang='lat' dir='ltr'><strong>possident,ex</strong></span> <span class='ocrx_word' id='word_1_393' title='bbox 2475 2383 2589 2430; x_wconf 92' lang='lat' dir='ltr'><strong>toto</strong></span> <span class='ocrx_word' id='word_1_394' title='bbox 2618 2375 2952 2443; x_wconf 85' lang='lat' dir='ltr'><strong>relinquunt,</strong></span> <span class='ocrx_word' id='word_1_395' title='bbox 2976 2382 3029 2428; x_wconf 90' lang='lat' dir='ltr'><strong>et</strong></span> <span class='ocrx_word' id='word_1_396' title='bbox 3050 2389 3241 2444; x_wconf 90' lang='lat' dir='ltr'><strong>pacem</strong></span> <span class='ocrx_word' id='word_1_397' title='bbox 3269 2372 3369 2426; x_wconf 87' lang='lat' dir='ltr'><strong>sibi</strong></span> <span class='ocrx_word' id='word_1_398' title='bbox 3395 2385 3518 2425; x_wconf 92' lang='lat' dir='ltr'><strong>cum</strong></span> 
     </span>
    </p>
   </div>
   <div class='ocr_carea' id='block_1_55' title="bbox 1917 2466 3519 2536">
    <p class='ocr_par' dir='ltr' id='par_1_55' title="bbox 1917 2466 3519 2536">
     <span class='ocr_line' id='line_1_55' title="bbox 1917 2466 3519 2536; baseline 0 -14"><span class='ocrx_word' id='word_1_399' title='bbox 1917 2468 2118 2523; x_wconf 87' lang='lat' dir='ltr'><strong>sanctis</strong></span> <span class='ocrx_word' id='word_1_400' title='bbox 2136 2466 2359 2531; x_wconf 78' lang='lat' dir='ltr'><strong>faciunt.</strong></span> <span class='ocrx_word' id='word_1_401' title='bbox 2380 2476 2434 2521; x_wconf 92' lang='lat' dir='ltr'><strong>et</strong></span> <span class='ocrx_word' id='word_1_402' title='bbox 2451 2467 2733 2536; x_wconf 61' lang='lat' dir='ltr'><strong>praesentis</strong></span> <span class='ocrx_word' id='word_1_403' title='bbox 2747 2467 2869 2521; x_wconf 76' lang='lat' dir='ltr'><strong>vita:</strong></span> <span class='ocrx_word' id='word_1_404' title='bbox 2889 2466 3374 2522; x_wconf 89' lang='lat' dir='ltr'><strong>remuneratiorem</strong></span> <span class='ocrx_word' id='word_1_405' title='bbox 3396 2480 3519 2522; x_wconf 85' lang='lat' dir='ltr'><strong>cum</strong></span> 
     </span>
    </p>
   </div>
   <div class='ocr_carea' id='block_1_56' title="bbox 1915 2557 3518 2631">
    <p class='ocr_par' dir='ltr' id='par_1_56' title="bbox 1915 2557 3518 2631">
     <span class='ocr_line' id='line_1_56' title="bbox 1915 2557 3518 2631; baseline -0.002 -14"><span class='ocrx_word' id='word_1_406' title='bbox 1915 2562 2123 2618; x_wconf 60' lang='lat' dir='ltr'><strong>caelesti</strong></span> <span class='ocrx_word' id='word_1_407' title='bbox 2172 2561 2492 2631; x_wconf 83' lang='lat' dir='ltr'><strong>percipiunt.</strong></span> <span class='ocrx_word' id='word_1_408' title='bbox 2549 2559 2617 2615; x_wconf 89' lang='lat' dir='ltr'><strong>Et</strong></span> <span class='ocrx_word' id='word_1_409' title='bbox 2666 2562 2773 2616; x_wconf 90' lang='lat' dir='ltr'><strong>hoc</strong></span> <span class='ocrx_word' id='word_1_410' title='bbox 2826 2570 2908 2616; x_wconf 88' lang='lat' dir='ltr'><strong>est</strong></span> <span class='ocrx_word' id='word_1_411' title='bbox 2955 2559 3100 2630; x_wconf 91' lang='lat' dir='ltr'><strong>quod</strong></span> <span class='ocrx_word' id='word_1_412' title='bbox 3156 2559 3415 2613; x_wconf 79' lang='lat' dir='ltr'><strong>Dominus</strong></span> <span class='ocrx_word' id='word_1_413' title='bbox 3465 2557 3518 2613; x_wconf 89' lang='lat' dir='ltr'><strong>in</strong></span> 
     </span>
    </p>
   </div>
   <div class='ocr_carea' id='block_1_57' title="bbox 1914 2646 3605 2723">
    <p class='ocr_par' dir='ltr' id='par_1_57' title="bbox 1914 2646 3605 2723">
     <span class='ocr_line' id='line_1_57' title="bbox 1914 2646 3605 2723; baseline -0.004 -15"><span class='ocrx_word' id='word_1_414' title='bbox 1914 2653 2209 2723; x_wconf 84' lang='lat' dir='ltr'><strong>Evangelio</strong></span> <span class='ocrx_word' id='word_1_415' title='bbox 2255 2655 2368 2709; x_wconf 89' lang='lat' dir='ltr'><strong>ait:</strong></span> <span class='ocrx_word' id='word_1_416' title='bbox 2407 2655 2569 2708; x_wconf 80' lang='lat' dir='ltr'><strong>Amen</strong></span> <span class='ocrx_word' id='word_1_417' title='bbox 2609 2670 2762 2707; x_wconf 83' lang='lat' dir='ltr'><strong>amen</strong></span> <span class='ocrx_word' id='word_1_418' title='bbox 2792 2654 2907 2708; x_wconf 85' lang='lat' dir='ltr'><strong>dico</strong></span> <span class='ocrx_word' id='word_1_419' title='bbox 2944 2651 3104 2713; x_wconf 78' lang='lat' dir='ltr'><strong>vobis,</strong></span> <span class='ocrx_word' id='word_1_420' title='bbox 3135 2667 3285 2705; x_wconf 87' lang='lat' dir='ltr'><strong>nemo</strong></span> <span class='ocrx_word' id='word_1_421' title='bbox 3312 2659 3389 2704; x_wconf 81' lang='lat' dir='ltr'><strong>est</strong></span> <span class='ocrx_word' id='word_1_422' title='bbox 3435 2666 3520 2722; x_wconf 73' lang='lat' dir='ltr'><strong>qui</strong></span> <span class='ocrx_word' id='word_1_423' title='bbox 3586 2646 3605 2667; x_wconf 68' lang='grc'><em>“”</em></span> 
     </span>
    </p>
   </div>
   <div class='ocr_carea' id='block_1_58' title="bbox 1914 2748 3519 2820">
    <p class='ocr_par' dir='ltr' id='par_1_58' title="bbox 1914 2748 3519 2820">
     <span class='ocr_line' id='line_1_58' title="bbox 1914 2748 3519 2820; baseline -0.005 -18"><span class='ocrx_word' id='word_1_424' title='bbox 1914 2750 2183 2820; x_wconf 83' lang='lat' dir='ltr'><strong>reliquerit</strong></span> <span class='ocrx_word' id='word_1_425' title='bbox 2205 2748 2432 2812; x_wconf 87' lang='lat' dir='ltr'><strong>domum,</strong></span> <span class='ocrx_word' id='word_1_426' title='bbox 2460 2756 2550 2800; x_wconf 88' lang='lat' dir='ltr'><strong>aut</strong></span> <span class='ocrx_word' id='word_1_427' title='bbox 2580 2749 2792 2818; x_wconf 80' lang='lat' dir='ltr'><strong>fratres,</strong></span> <span class='ocrx_word' id='word_1_428' title='bbox 2817 2753 2905 2798; x_wconf 86' lang='lat' dir='ltr'><strong>aut</strong></span> <span class='ocrx_word' id='word_1_429' title='bbox 2934 2760 3163 2809; x_wconf 83' lang='lat' dir='ltr'><strong>sorores,</strong></span> <span class='ocrx_word' id='word_1_430' title='bbox 3192 2752 3280 2795; x_wconf 84' lang='lat' dir='ltr'><strong>aut</strong></span> <span class='ocrx_word' id='word_1_431' title='bbox 3299 2751 3519 2811; x_wconf 87' lang='lat' dir='ltr'><strong>patrem,</strong></span> 
     </span>
    </p>
   </div>
   <div class='ocr_carea' id='block_1_59' title="bbox 1920 2841 3518 2911">
    <p class='ocr_par' dir='ltr' id='par_1_59' title="bbox 1920 2841 3518 2911">
     <span class='ocr_line' id='line_1_59' title="bbox 1920 2841 3518 2911; baseline -0.005 -15"><span class='ocrx_word' id='word_1_432' title='bbox 1920 2852 2010 2896; x_wconf 81' lang='lat' dir='ltr'><strong>aut</strong></span> <span class='ocrx_word' id='word_1_433' title='bbox 2040 2853 2281 2907; x_wconf 89' lang='lat' dir='ltr'><strong>matrem,</strong></span> <span class='ocrx_word' id='word_1_434' title='bbox 2316 2850 2402 2894; x_wconf 91' lang='lat' dir='ltr'><strong>aut</strong></span> <span class='ocrx_word' id='word_1_435' title='bbox 2431 2841 2593 2911; x_wconf 80' lang='lat' dir='ltr'><strong>ﬁlios,</strong></span> <span class='ocrx_word' id='word_1_436' title='bbox 2624 2849 2713 2892; x_wconf 90' lang='lat' dir='ltr'><strong>aut</strong></span> <span class='ocrx_word' id='word_1_437' title='bbox 2754 2856 2933 2910; x_wconf 85' lang='lat' dir='ltr'><strong>agros,</strong></span> <span class='ocrx_word' id='word_1_438' title='bbox 2964 2847 3173 2908; x_wconf 78' lang='lat' dir='ltr'><strong>propter</strong></span> <span class='ocrx_word' id='word_1_439' title='bbox 3199 2853 3281 2889; x_wconf 88' lang='lat' dir='ltr'><strong>me</strong></span> <span class='ocrx_word' id='word_1_440' title='bbox 3322 2845 3370 2889; x_wconf 90' lang='lat' dir='ltr'><strong>et</strong></span> <span class='ocrx_word' id='word_1_441' title='bbox 3396 2852 3518 2905; x_wconf 71' lang='lat' dir='ltr'><strong>pro~</strong></span> 
     </span>
    </p>
   </div>
   <div class='ocr_carea' id='block_1_60' title="bbox 1914 2929 3520 3003">
    <p class='ocr_par' dir='ltr' id='par_1_60' title="bbox 1914 2929 3520 3003">
     <span class='ocr_line' id='line_1_60' title="bbox 1914 2929 3520 3003; baseline -0.004 -16"><span class='ocrx_word' id='word_1_442' title='bbox 1914 2942 2029 3003; x_wconf 91' lang='lat' dir='ltr'><strong>pter</strong></span> <span class='ocrx_word' id='word_1_443' title='bbox 2050 2932 2517 3003; x_wconf 77' lang='lat' dir='ltr'><strong>Erongelium,qui</strong></span> <span class='ocrx_word' id='word_1_444' title='bbox 2544 2948 2648 2985; x_wconf 90' lang='lat' dir='ltr'><strong>non</strong></span> <span class='ocrx_word' id='word_1_445' title='bbox 2673 2931 2894 2999; x_wconf 83' lang='lat' dir='ltr'><strong>accipiat</strong></span> <span class='ocrx_word' id='word_1_446' title='bbox 2917 2929 3107 2982; x_wconf 85' lang='lat' dir='ltr'><strong>centies</strong></span> <span class='ocrx_word' id='word_1_447' title='bbox 3133 2936 3353 2995; x_wconf 84' lang='lat' dir='ltr'><strong>tantum,</strong></span> <span class='ocrx_word' id='word_1_448' title='bbox 3382 2942 3520 2981; x_wconf 80' lang='lat' dir='ltr'><strong>nunc</strong></span> 
     </span>
    </p>
   </div>
   <div class='ocr_carea' id='block_1_61' title="bbox 1914 3021 3518 3093">
    <p class='ocr_par' dir='ltr' id='par_1_61' title="bbox 1914 3021 3518 3093">
     <span class='ocr_line' id='line_1_61' title="bbox 1914 3021 3518 3093; baseline -0.006 -16"><span class='ocrx_word' id='word_1_449' title='bbox 1914 3023 1970 3077; x_wconf 88' lang='lat' dir='ltr'><strong>in</strong></span> <span class='ocrx_word' id='word_1_450' title='bbox 1995 3032 2221 3093; x_wconf 87' lang='lat' dir='ltr'><strong>tempore</strong></span> <span class='ocrx_word' id='word_1_451' title='bbox 2237 3022 2349 3088; x_wconf 84' lang='lat' dir='ltr'><strong>hoc,</strong></span> <span class='ocrx_word' id='word_1_452' title='bbox 2376 3021 2576 3088; x_wconf 89' lang='lat' dir='ltr'><strong>domos,</strong></span> <span class='ocrx_word' id='word_1_453' title='bbox 2599 3028 2647 3073; x_wconf 89' lang='lat' dir='ltr'><strong>et</strong></span> <span class='ocrx_word' id='word_1_454' title='bbox 2672 3022 2886 3090; x_wconf 77' lang='lat' dir='ltr'><strong>fratres,</strong></span> <span class='ocrx_word' id='word_1_455' title='bbox 2911 3026 2961 3071; x_wconf 85' lang='lat' dir='ltr'><strong>et</strong></span> <span class='ocrx_word' id='word_1_456' title='bbox 2982 3033 3209 3084; x_wconf 87' lang='lat' dir='ltr'><strong>sorores,</strong></span> <span class='ocrx_word' id='word_1_457' title='bbox 3232 3025 3281 3070; x_wconf 91' lang='lat' dir='ltr'><strong>et</strong></span> <span class='ocrx_word' id='word_1_458' title='bbox 3304 3025 3518 3081; x_wconf 85' lang='lat' dir='ltr'><strong>matres,</strong></span> 
     </span>
    </p>
   </div>
   <div class='ocr_carea' id='block_1_62' title="bbox 1916 3102 3520 3177">
    <p class='ocr_par' dir='ltr' id='par_1_62' title="bbox 1916 3102 3520 3177">
     <span class='ocr_line' id='line_1_62' title="bbox 1916 3102 3520 3177; baseline -0.003 -15"><span class='ocrx_word' id='word_1_459' title='bbox 1916 3116 1964 3162; x_wconf 90' lang='lat' dir='ltr'><strong>et</strong></span> <span class='ocrx_word' id='word_1_460' title='bbox 1994 3108 2154 3177; x_wconf 79' lang='lat' dir='ltr'><strong>filios,</strong></span> <span class='ocrx_word' id='word_1_461' title='bbox 2203 3116 2251 3162; x_wconf 88' lang='lat' dir='ltr'><strong>et</strong></span> <span class='ocrx_word' id='word_1_462' title='bbox 2282 3124 2461 3177; x_wconf 88' lang='lat' dir='ltr'><strong>agros,</strong></span> <span class='ocrx_word' id='word_1_463' title='bbox 2505 3122 2620 3159; x_wconf 87' lang='lat' dir='ltr'><strong>cum</strong></span> <span class='ocrx_word' id='word_1_464' title='bbox 2660 3103 3116 3175; x_wconf 86' lang='lat' dir='ltr'><strong>persecutionibus,</strong></span> <span class='ocrx_word' id='word_1_465' title='bbox 3166 3111 3215 3155; x_wconf 91' lang='lat' dir='ltr'><strong>et</strong></span> <span class='ocrx_word' id='word_1_466' title='bbox 3247 3102 3303 3155; x_wconf 90' lang='lat' dir='ltr'><strong>in</strong></span> <span class='ocrx_word' id='word_1_467' title='bbox 3336 3102 3520 3157; x_wconf 69' lang='lat' dir='ltr'><strong>scecule</strong></span> 
     </span>
    </p>
   </div>
   <div class='ocr_carea' id='block_1_63' title="bbox 1917 3193 3519 3273">
    <p class='ocr_par' dir='ltr' id='par_1_63' title="bbox 1917 3193 3519 3273">
     <span class='ocr_line' id='line_1_63' title="bbox 1917 3193 3519 3273; baseline -0.002 -19"><span class='ocrx_word' id='word_1_468' title='bbox 1917 3203 2090 3273; x_wconf 73' lang='lat' dir='ltr'><strong>futuro</strong></span> <span class='ocrx_word' id='word_1_469' title='bbox 2120 3200 2278 3254; x_wconf 85' lang='lat' dir='ltr'><strong>vitam</strong></span> <span class='ocrx_word' id='word_1_470' title='bbox 2307 3209 2557 3254; x_wconf 71' lang='lat' dir='ltr'><strong>aeternam</strong></span> <span class='ocrx_word' id='word_1_471' title='bbox 2600 3196 2795 3269; x_wconf 76' lang='lat' dir='ltr'><strong>(Marc.</strong></span> <span class='ocrx_word' id='word_1_472' title='bbox 2824 3212 2889 3260; x_wconf 81' lang='lat' dir='ltr'><strong>x,</strong></span> <span class='ocrx_word' id='word_1_473' title='bbox 2925 3194 3012 3262; x_wconf 73' lang='lat'><strong>29,</strong></span> <span class='ocrx_word' id='word_1_474' title='bbox 3045 3195 3159 3265; x_wconf 80' lang='lat'><strong>30).</strong></span> <span class='ocrx_word' id='word_1_475' title='bbox 3192 3193 3296 3249; x_wconf 87' lang='lat' dir='ltr'><strong>Sed</strong></span> <span class='ocrx_word' id='word_1_476' title='bbox 3328 3193 3519 3262; x_wconf 76' lang='lat' dir='ltr'><strong>quibus</strong></span> 
     </span>
    </p>
   </div>
   <div class='ocr_carea' id='block_1_64' title="bbox 202 3281 3518 3368">
    <p class='ocr_par' dir='ltr' id='par_1_64' title="bbox 202 3281 3518 3368">
     <span class='ocr_line' id='line_1_64' title="bbox 202 3281 3518 3368; baseline -0.001 -29"><span class='ocrx_word' id='word_1_477' title='bbox 202 3286 371 3352; x_wconf 83' lang='lat' dir='ltr'><strong>tulit,</strong></span> <span class='ocrx_word' id='word_1_478' title='bbox 424 3289 551 3357; x_wconf 91' lang='lat' dir='ltr'><strong>quia</strong></span> <span class='ocrx_word' id='word_1_479' title='bbox 591 3306 657 3345; x_wconf 83' lang='lat' dir='ltr'><strong>ex</strong></span> <span class='ocrx_word' id='word_1_480' title='bbox 687 3290 973 3364; x_wconf 85' lang='lat' dir='ltr'><strong>Synagoga</strong></span> <span class='ocrx_word' id='word_1_481' title='bbox 998 3294 1188 3351; x_wconf 90' lang='lat' dir='ltr'><strong>botrus</strong></span> <span class='ocrx_word' id='word_1_482' title='bbox 1217 3296 1308 3352; x_wconf 93' lang='lat' dir='ltr'><strong>ille</strong></span> <span class='ocrx_word' id='word_1_483' title='bbox 1353 3312 1580 3367; x_wconf 88' lang='lat' dir='ltr'><strong>magnus</strong></span> <span class='ocrx_word' id='word_1_484' title='bbox 1608 3298 1702 3368; x_wconf 91' lang='lat' dir='ltr'><strong>qui</strong></span> <span class='ocrx_word' id='word_1_485' title='bbox 1744 3298 1813 3353; x_wconf 88' lang='lat' dir='ltr'><strong>de</strong></span> <span class='ocrx_word' id='word_1_486' title='bbox 1842 3299 1887 3362; x_wconf 87' lang='lat' dir='ltr'><strong>C</strong></span> <span class='ocrx_word' id='word_1_487' title='bbox 1918 3292 2019 3348; x_wconf 89' lang='lat' dir='ltr'><strong>ista</strong></span> <span class='ocrx_word' id='word_1_488' title='bbox 2050 3281 2431 3346; x_wconf 29' lang='lat' dir='ltr'><strong>remuneratio.</strong></span> <span class='ocrx_word' id='word_1_489' title='bbox 2462 3290 2541 3346; x_wconf 91' lang='lat' dir='ltr'><strong>sic</strong></span> <span class='ocrx_word' id='word_1_490' title='bbox 2569 3288 2896 3359; x_wconf 89' lang='lat' dir='ltr'><strong>duplicatur,</strong></span> <span class='ocrx_word' id='word_1_491' title='bbox 2929 3288 3029 3341; x_wconf 84' lang='lat' dir='ltr'><strong>nisi</strong></span> <span class='ocrx_word' id='word_1_492' title='bbox 3082 3287 3165 3341; x_wconf 90' lang='lat' dir='ltr'><strong>his</strong></span> <span class='ocrx_word' id='word_1_493' title='bbox 3196 3286 3285 3355; x_wconf 88' lang='lat' dir='ltr'><strong>qui</strong></span> <span class='ocrx_word' id='word_1_494' title='bbox 3332 3292 3518 3339; x_wconf 61' lang='lat' dir='ltr'><strong>custoa</strong></span> 
     </span>
    </p>
   </div>
   <div class='ocr_carea' id='block_1_65' title="bbox 200 3379 1815 3451">
    <p class='ocr_par' dir='ltr' id='par_1_65' title="bbox 200 3379 1815 3451">
     <span class='ocr_line' id='line_1_65' title="bbox 200 3379 1815 3451; baseline 0.009 -20"><span class='ocrx_word' id='word_1_495' title='bbox 200 3384 365 3431; x_wconf 86' lang='lat' dir='ltr'><strong>terra</strong></span> <span class='ocrx_word' id='word_1_496' title='bbox 415 3379 786 3447; x_wconf 88' lang='lat' dir='ltr'><strong>promissionis</strong></span> <span class='ocrx_word' id='word_1_497' title='bbox 853 3385 1048 3441; x_wconf 88' lang='lat' dir='ltr'><strong>allatus</strong></span> <span class='ocrx_word' id='word_1_498' title='bbox 1096 3395 1205 3451; x_wconf 90' lang='lat' dir='ltr'><strong>est,</strong></span> <span class='ocrx_word' id='word_1_499' title='bbox 1277 3388 1523 3444; x_wconf 89' lang='lat' dir='ltr'><strong>Christus</strong></span> <span class='ocrx_word' id='word_1_500' title='bbox 1564 3389 1815 3445; x_wconf 86' lang='lat' dir='ltr'><strong>videlicet</strong></span> 
     </span>
    </p>
   </div>
   <div class='ocr_carea' id='block_1_66' title="bbox 199 3464 1815 3547">
    <p class='ocr_par' dir='ltr' id='par_1_66' title="bbox 199 3464 1815 3547">
     <span class='ocr_line' id='line_1_66' title="bbox 199 3464 1815 3547; baseline 0.009 -26"><span class='ocrx_word' id='word_1_501' title='bbox 199 3464 407 3537; x_wconf 85' lang='lat' dir='ltr'><strong>Jesus,</strong></span> <span class='ocrx_word' id='word_1_502' title='bbox 460 3485 555 3540; x_wconf 90' lang='lat' dir='ltr'><strong>per</strong></span> <span class='ocrx_word' id='word_1_503' title='bbox 603 3472 998 3530; x_wconf 86' lang='lat' dir='ltr'><strong>humanitatem</strong></span> <span class='ocrx_word' id='word_1_504' title='bbox 1046 3479 1328 3545; x_wconf 90' lang='lat' dir='ltr'><strong>processit.</strong></span> <span class='ocrx_word' id='word_1_505' title='bbox 1364 3480 1440 3534; x_wconf 91' lang='lat' dir='ltr'><strong>De</strong></span> <span class='ocrx_word' id='word_1_506' title='bbox 1480 3495 1589 3547; x_wconf 91' lang='lat' dir='ltr'><strong>quo</strong></span> <span class='ocrx_word' id='word_1_507' title='bbox 1638 3480 1815 3535; x_wconf 86' lang='lat' dir='ltr'><strong>fructu</strong></span> 
     </span>
    </p>
   </div>
   <div class='ocr_carea' id='block_1_67' title="bbox 199 3558 1816 3642">
    <p class='ocr_par' dir='ltr' id='par_1_67' title="bbox 199 3558 1816 3642">
     <span class='ocr_line' id='line_1_67' title="bbox 199 3558 1816 3642; baseline 0.009 -29"><span class='ocrx_word' id='word_1_508' title='bbox 199 3558 384 3615; x_wconf 85' lang='lat' dir='ltr'><strong>Pater</strong></span> <span class='ocrx_word' id='word_1_509' title='bbox 413 3561 483 3615; x_wconf 88' lang='lat' dir='ltr'><strong>ad</strong></span> <span class='ocrx_word' id='word_1_510' title='bbox 507 3562 673 3616; x_wconf 87' lang='lat' dir='ltr'><strong>David</strong></span> <span class='ocrx_word' id='word_1_511' title='bbox 703 3564 779 3618; x_wconf 88' lang='lat' dir='ltr'><strong>ait</strong></span> <span class='ocrx_word' id='word_1_512' title='bbox 803 3582 815 3618; x_wconf 92' lang='lat'><strong>:</strong></span> <span class='ocrx_word' id='word_1_513' title='bbox 840 3564 921 3620; x_wconf 90' lang='lat' dir='ltr'><strong>De</strong></span> <span class='ocrx_word' id='word_1_514' title='bbox 946 3568 1118 3638; x_wconf 78' lang='lat' dir='ltr'><strong>fructu</strong></span> <span class='ocrx_word' id='word_1_515' title='bbox 1144 3571 1332 3624; x_wconf 85' lang='lat' dir='ltr'><strong>uentris</strong></span> <span class='ocrx_word' id='word_1_516' title='bbox 1352 3574 1423 3625; x_wconf 89' lang='lat' dir='ltr'><strong>tui</strong></span> <span class='ocrx_word' id='word_1_517' title='bbox 1451 3589 1643 3642; x_wconf 88' lang='lat' dir='ltr'><strong>ponam</strong></span> <span class='ocrx_word' id='word_1_518' title='bbox 1662 3590 1816 3642; x_wconf 83' lang='lat' dir='ltr'><strong>super</strong></span> 
     </span>
    </p>
   </div>
   <div class='ocr_carea' id='block_1_68' title="bbox 197 3652 1817 3733">
    <p class='ocr_par' dir='ltr' id='par_1_68' title="bbox 197 3652 1817 3733">
     <span class='ocr_line' id='line_1_68' title="bbox 197 3652 1817 3733; baseline 0.006 -25"><span class='ocrx_word' id='word_1_519' title='bbox 197 3652 393 3708; x_wconf 82' lang='lat' dir='ltr'><strong>sedem</strong></span> <span class='ocrx_word' id='word_1_520' title='bbox 431 3662 572 3707; x_wconf 90' lang='lat' dir='ltr'><strong>tuam</strong></span> <span class='ocrx_word' id='word_1_521' title='bbox 621 3653 795 3725; x_wconf 84' lang='lat' dir='ltr'><strong>(Psal.</strong></span> <span class='ocrx_word' id='word_1_522' title='bbox 827 3673 1018 3723; x_wconf 81' lang='lat' dir='ltr'><strong>cxxxt,</strong></span> <span class='ocrx_word' id='word_1_523' title='bbox 1053 3658 1165 3731; x_wconf 89' lang='lat'><strong>11).</strong></span> <span class='ocrx_word' id='word_1_524' title='bbox 1213 3661 1376 3733; x_wconf 69' lang='grc'><strong>460</strong></span> <span class='ocrx_word' id='word_1_525' title='bbox 1406 3661 1559 3718; x_wconf 89' lang='lat' dir='ltr'><strong>Unde</strong></span> <span class='ocrx_word' id='word_1_526' title='bbox 1588 3671 1643 3718; x_wconf 91' lang='lat' dir='ltr'><strong>et</strong></span> <span class='ocrx_word' id='word_1_527' title='bbox 1670 3664 1817 3733; x_wconf 85' lang='lat' dir='ltr'><strong>Apo-</strong></span> 
     </span>
    </p>
   </div>
   <div class='ocr_carea' id='block_1_69' title="bbox 198 3742 1815 3823">
    <p class='ocr_par' dir='ltr' id='par_1_69' title="bbox 198 3742 1815 3823">
     <span class='ocr_line' id='line_1_69' title="bbox 198 3742 1815 3823; baseline 0.008 -25"><span class='ocrx_word' id='word_1_528' title='bbox 198 3742 391 3799; x_wconf 80' lang='lat' dir='ltr'><strong>stolus</strong></span> <span class='ocrx_word' id='word_1_529' title='bbox 420 3744 644 3799; x_wconf 85' lang='lat' dir='ltr'><strong>scribit:</strong></span> <span class='ocrx_word' id='word_1_530' title='bbox 681 3748 908 3812; x_wconf 85' lang='lat' dir='ltr'><strong>Quorum</strong></span> <span class='ocrx_word' id='word_1_531' title='bbox 927 3759 1118 3820; x_wconf 86' lang='lat' dir='ltr'><strong>patres,</strong></span> <span class='ocrx_word' id='word_1_532' title='bbox 1167 3759 1216 3806; x_wconf 92' lang='lat' dir='ltr'><strong>et</strong></span> <span class='ocrx_word' id='word_1_533' title='bbox 1258 3770 1322 3807; x_wconf 75' lang='lat' dir='ltr'><strong>ea:</strong></span> <span class='ocrx_word' id='word_1_534' title='bbox 1362 3756 1542 3823; x_wconf 86' lang='lat' dir='ltr'><strong>quibus</strong></span> <span class='ocrx_word' id='word_1_535' title='bbox 1583 3756 1815 3811; x_wconf 79' lang='lat' dir='ltr'><strong>Christus</strong></span> 
     </span>
    </p>
   </div>
   <div class='ocr_carea' id='block_1_70' title="bbox 202 3834 1814 3912">
    <p class='ocr_par' dir='ltr' id='par_1_70' title="bbox 202 3834 1814 3912">
     <span class='ocr_line' id='line_1_70' title="bbox 202 3834 1814 3912; baseline 0.011 -25"><span class='ocrx_word' id='word_1_536' title='bbox 202 3834 399 3907; x_wconf 85' lang='lat' dir='ltr'><strong>(Rom.</strong></span> <span class='ocrx_word' id='word_1_537' title='bbox 426 3835 591 3908; x_wconf 84' lang='lat' dir='ltr'><strong>tx,5).</strong></span> <span class='ocrx_word' id='word_1_538' title='bbox 624 3837 729 3894; x_wconf 87' lang='lat' dir='ltr'><strong>Per</strong></span> <span class='ocrx_word' id='word_1_539' title='bbox 756 3852 1041 3912; x_wconf 89' lang='lat' dir='ltr'><strong>argenteos</strong></span> <span class='ocrx_word' id='word_1_540' title='bbox 1072 3861 1201 3901; x_wconf 88' lang='lat' dir='ltr'><strong>vero</strong></span> <span class='ocrx_word' id='word_1_541' title='bbox 1232 3847 1285 3902; x_wconf 93' lang='lat' dir='ltr'><strong>in</strong></span> <span class='ocrx_word' id='word_1_542' title='bbox 1318 3847 1423 3903; x_wconf 91' lang='lat' dir='ltr'><strong>hoc</strong></span> <span class='ocrx_word' id='word_1_543' title='bbox 1451 3848 1571 3905; x_wconf 89' lang='lat' dir='ltr'><strong>loco</strong></span> <span class='ocrx_word' id='word_1_544' title='bbox 1596 3866 1814 3905; x_wconf 89' lang='lat' dir='ltr'><strong>omnem</strong></span> 
     </span>
    </p>
   </div>
   <div class='ocr_carea' id='block_1_71' title="bbox 202 3928 1814 4008">
    <p class='ocr_par' dir='ltr' id='par_1_71' title="bbox 202 3928 1814 4008">
     <span class='ocr_line' id='line_1_71' title="bbox 202 3928 1814 4008; baseline 0.01 -28"><span class='ocrx_word' id='word_1_545' title='bbox 202 3933 492 3981; x_wconf 81' lang='lat' dir='ltr'><strong>terrenam</strong></span> <span class='ocrx_word' id='word_1_546' title='bbox 544 3928 903 3987; x_wconf 89' lang='lat' dir='ltr'><strong>substantiam</strong></span> <span class='ocrx_word' id='word_1_547' title='bbox 949 3934 1323 4005; x_wconf 85' lang='lat' dir='ltr'><strong>intelligimus,</strong></span> <span class='ocrx_word' id='word_1_548' title='bbox 1374 3937 1442 3993; x_wconf 90' lang='lat' dir='ltr'><strong>de</strong></span> <span class='ocrx_word' id='word_1_549' title='bbox 1488 3954 1591 4008; x_wconf 91' lang='lat' dir='ltr'><strong>qua</strong></span> <span class='ocrx_word' id='word_1_550' title='bbox 1623 3940 1814 3996; x_wconf 87' lang='lat' dir='ltr'><strong>Petrus</strong></span> 
     </span>
    </p>
   </div>
   <div class='ocr_carea' id='block_1_72' title="bbox 204 4019 1815 4103">
    <p class='ocr_par' dir='ltr' id='par_1_72' title="bbox 204 4019 1815 4103">
     <span class='ocr_line' id='line_1_72' title="bbox 204 4019 1815 4103; baseline 0.007 -28"><span class='ocrx_word' id='word_1_551' title='bbox 204 4019 618 4093; x_wconf 86' lang='lat' dir='ltr'><strong>eleemosynam</strong></span> <span class='ocrx_word' id='word_1_552' title='bbox 658 4025 865 4094; x_wconf 89' lang='lat' dir='ltr'><strong>petenti</strong></span> <span class='ocrx_word' id='word_1_553' title='bbox 911 4027 1106 4089; x_wconf 86' lang='lat' dir='ltr'><strong>claudo</strong></span> <span class='ocrx_word' id='word_1_554' title='bbox 1158 4029 1373 4084; x_wconf 83' lang='lat' dir='ltr'><strong>dicebat</strong></span> <span class='ocrx_word' id='word_1_555' title='bbox 1408 4047 1421 4084; x_wconf 77' lang='grc' dir='ltr'>ε</span> <span class='ocrx_word' id='word_1_556' title='bbox 1454 4032 1736 4103; x_wconf 85' lang='lat' dir='ltr'><strong>Argentum</strong></span> <span class='ocrx_word' id='word_1_557' title='bbox 1764 4042 1815 4087; x_wconf 89' lang='lat' dir='ltr'><strong>et</strong></span> 
     </span>
    </p>
   </div>
   <div class='ocr_carea' id='block_1_73' title="bbox 206 4116 1817 4193">
    <p class='ocr_par' dir='ltr' id='par_1_73' title="bbox 206 4116 1817 4193">
     <span class='ocr_line' id='line_1_73' title="bbox 206 4116 1817 4193; baseline 0.011 -28"><span class='ocrx_word' id='word_1_558' title='bbox 206 4126 408 4165; x_wconf 87' lang='lat' dir='ltr'><strong>aurum</strong></span> <span class='ocrx_word' id='word_1_559' title='bbox 430 4128 534 4168; x_wconf 89' lang='lat' dir='ltr'><strong>non</strong></span> <span class='ocrx_word' id='word_1_560' title='bbox 558 4123 635 4169; x_wconf 86' lang='lat' dir='ltr'><strong>est</strong></span> <span class='ocrx_word' id='word_1_561' title='bbox 659 4116 786 4170; x_wconf 91' lang='lat' dir='ltr'><strong>mihi</strong></span> <span class='ocrx_word' id='word_1_562' title='bbox 830 4118 967 4189; x_wconf 84' lang='lat' dir='ltr'><strong>(Aet.</strong></span> <span class='ocrx_word' id='word_1_563' title='bbox 1003 4135 1087 4187; x_wconf 85' lang='lat' dir='ltr'><strong>tn,</strong></span> <span class='ocrx_word' id='word_1_564' title='bbox 1127 4120 1201 4191; x_wconf 87' lang='grc'><strong>6).</strong></span> <span class='ocrx_word' id='word_1_565' title='bbox 1236 4120 1340 4178; x_wconf 88' lang='lat' dir='ltr'><strong>Pro</strong></span> <span class='ocrx_word' id='word_1_566' title='bbox 1370 4123 1546 4179; x_wconf 85' lang='lat' dir='ltr'><strong>fructu</strong></span> <span class='ocrx_word' id='word_1_567' title='bbox 1575 4139 1705 4193; x_wconf 84' lang='lat' dir='ltr'><strong>ergo</strong></span> <span class='ocrx_word' id='word_1_568' title='bbox 1733 4127 1817 4181; x_wconf 83' lang='lat' dir='ltr'><strong>vi-</strong></span> 
     </span>
    </p>
   </div>
   <div class='ocr_carea' id='block_1_74' title="bbox 206 4202 1806 4287">
    <p class='ocr_par' dir='ltr' id='par_1_74' title="bbox 206 4202 1806 4287">
     <span class='ocr_line' id='line_1_74' title="bbox 206 4202 1806 4287; baseline 0.013 -32"><span class='ocrx_word' id='word_1_569' title='bbox 206 4216 339 4257; x_wconf 75' lang='lat' dir='ltr'><strong>nea:</strong></span> <span class='ocrx_word' id='word_1_570' title='bbox 364 4202 445 4258; x_wconf 90' lang='lat' dir='ltr'><strong>vir</strong></span> <span class='ocrx_word' id='word_1_571' title='bbox 463 4206 611 4262; x_wconf 88' lang='lat' dir='ltr'><strong>mille</strong></span> <span class='ocrx_word' id='word_1_572' title='bbox 639 4219 925 4279; x_wconf 89' lang='lat' dir='ltr'><strong>argenteos</strong></span> <span class='ocrx_word' id='word_1_573' title='bbox 948 4212 1131 4280; x_wconf 77' lang='lat' dir='ltr'><strong>alfert;</strong></span> <span class='ocrx_word' id='word_1_574' title='bbox 1162 4215 1286 4283; x_wconf 88' lang='lat' dir='ltr'><strong>quia</strong></span> <span class='ocrx_word' id='word_1_575' title='bbox 1309 4217 1553 4287; x_wconf 90' lang='lat' dir='ltr'><strong>quisquis</strong></span> <span class='ocrx_word' id='word_1_576' title='bbox 1583 4220 1806 4276; x_wconf 87' lang='lat' dir='ltr'><strong>viriliter</strong></span> 
     </span>
    </p>
   </div>
   <div class='ocr_carea' id='block_1_75' title="bbox 206 4292 1814 4371">
    <p class='ocr_par' dir='ltr' id='par_1_75' title="bbox 206 4292 1814 4371">
     <span class='ocr_line' id='line_1_75' title="bbox 206 4292 1814 4371; baseline 0.013 -24"><span class='ocrx_word' id='word_1_577' title='bbox 206 4292 269 4347; x_wconf 88' lang='lat' dir='ltr'><strong>in</strong></span> <span class='ocrx_word' id='word_1_578' title='bbox 306 4292 411 4348; x_wconf 86' lang='lat' dir='ltr'><strong>tlde</strong></span> <span class='ocrx_word' id='word_1_579' title='bbox 454 4309 617 4364; x_wconf 87' lang='lat' dir='ltr'><strong>quam</strong></span> <span class='ocrx_word' id='word_1_580' title='bbox 662 4302 930 4371; x_wconf 87' lang='lat' dir='ltr'><strong>suscepit,</strong></span> <span class='ocrx_word' id='word_1_581' title='bbox 982 4318 1042 4358; x_wconf 90' lang='lat' dir='ltr'><strong>se</strong></span> <span class='ocrx_word' id='word_1_582' title='bbox 1087 4304 1281 4370; x_wconf 88' lang='lat' dir='ltr'><strong>habet,</strong></span> <span class='ocrx_word' id='word_1_583' title='bbox 1324 4308 1511 4363; x_wconf 89' lang='lat' dir='ltr'><strong>libenti</strong></span> <span class='ocrx_word' id='word_1_584' title='bbox 1547 4320 1730 4367; x_wconf 89' lang='lat' dir='ltr'><strong>mente</strong></span> <span class='ocrx_word' id='word_1_585' title='bbox 1757 4322 1814 4368; x_wconf 92' lang='lat' dir='ltr'><strong>et</strong></span> 
     </span>
    </p>
   </div>
   <div class='ocr_carea' id='block_1_76' title="bbox 206 4388 1814 4471">
    <p class='ocr_par' dir='ltr' id='par_1_76' title="bbox 206 4388 1814 4471">
     <span class='ocr_line' id='line_1_76' title="bbox 206 4388 1814 4471; baseline 0.013 -28"><span class='ocrx_word' id='word_1_586' title='bbox 206 4388 458 4461; x_wconf 86' lang='lat' dir='ltr'><strong>perfecte</strong></span> <span class='ocrx_word' id='word_1_587' title='bbox 487 4394 668 4450; x_wconf 89' lang='lat' dir='ltr'><strong>omnia</strong></span> <span class='ocrx_word' id='word_1_588' title='bbox 700 4403 915 4453; x_wconf 89' lang='lat' dir='ltr'><strong>terrena</strong></span> <span class='ocrx_word' id='word_1_589' title='bbox 943 4400 1184 4471; x_wconf 91' lang='lat' dir='ltr'><strong>dimittit,</strong></span> <span class='ocrx_word' id='word_1_590' title='bbox 1216 4413 1274 4457; x_wconf 92' lang='lat' dir='ltr'><strong>ut</strong></span> <span class='ocrx_word' id='word_1_591' title='bbox 1312 4402 1578 4459; x_wconf 88' lang='lat' dir='ltr'><strong>Christum</strong></span> <span class='ocrx_word' id='word_1_592' title='bbox 1607 4409 1814 4465; x_wconf 87' lang='lat' dir='ltr'><strong>veraci-</strong></span> 
     </span>
    </p>
   </div>
   <div class='ocr_carea' id='block_1_77' title="bbox 209 4482 1811 4573">
    <p class='ocr_par' dir='ltr' id='par_1_77' title="bbox 209 4482 1811 4573">
     <span class='ocr_line' id='line_1_77' title="bbox 209 4482 1811 4573; baseline 0.016 -38"><span class='ocrx_word' id='word_1_593' title='bbox 209 4488 305 4537; x_wconf 89' lang='lat' dir='ltr'><strong>ter</strong></span> <span class='ocrx_word' id='word_1_594' title='bbox 331 4482 548 4540; x_wconf 86' lang='lat' dir='ltr'><strong>habeat.</strong></span> <span class='ocrx_word' id='word_1_595' title='bbox 584 4486 913 4546; x_wconf 84' lang='lat' dir='ltr'><strong>Millenarius</strong></span> <span class='ocrx_word' id='word_1_596' title='bbox 943 4496 1087 4548; x_wconf 88' lang='lat' dir='ltr'><strong>enim</strong></span> <span class='ocrx_word' id='word_1_597' title='bbox 1115 4495 1385 4565; x_wconf 91' lang='lat' dir='ltr'><strong>perfectus</strong></span> <span class='ocrx_word' id='word_1_598' title='bbox 1415 4507 1497 4555; x_wconf 88' lang='lat' dir='ltr'><strong>est</strong></span> <span class='ocrx_word' id='word_1_599' title='bbox 1521 4517 1776 4560; x_wconf 89' lang='lat' dir='ltr'><strong>numerus</strong></span> <span class='ocrx_word' id='word_1_600' title='bbox 1795 4545 1811 4573; x_wconf 94' lang='lat'><strong>,</strong></span> 
     </span>
    </p>
   </div>
   <div class='ocr_carea' id='block_1_78' title="bbox 208 4573 1809 4656">
    <p class='ocr_par' dir='ltr' id='par_1_78' title="bbox 208 4573 1809 4656">
     <span class='ocr_line' id='line_1_78' title="bbox 208 4573 1809 4656; baseline 0.014 -27"><span class='ocrx_word' id='word_1_601' title='bbox 208 4573 341 4629; x_wconf 91' lang='lat' dir='ltr'><strong>ideo</strong></span> <span class='ocrx_word' id='word_1_602' title='bbox 369 4591 468 4645; x_wconf 88' lang='lat' dir='ltr'><strong>per</strong></span> <span class='ocrx_word' id='word_1_603' title='bbox 490 4593 614 4634; x_wconf 88' lang='lat' dir='ltr'><strong>eum</strong></span> <span class='ocrx_word' id='word_1_604' title='bbox 653 4580 912 4651; x_wconf 80' lang='lat' dir='ltr'><strong>perfectio</strong></span> <span class='ocrx_word' id='word_1_605' title='bbox 940 4586 1017 4641; x_wconf 91' lang='lat' dir='ltr'><strong>rei</strong></span> <span class='ocrx_word' id='word_1_606' title='bbox 1059 4587 1347 4656; x_wconf 88' lang='lat' dir='ltr'><strong>cujuslibet</strong></span> <span class='ocrx_word' id='word_1_607' title='bbox 1393 4590 1809 4651; x_wconf 88' lang='lat' dir='ltr'><strong>demonstratur.</strong></span> 
     </span>
    </p>
   </div>
   <div class='ocr_carea' id='block_1_79' title="bbox 1917 3376 3516 3450">
    <p class='ocr_par' dir='ltr' id='par_1_79' title="bbox 1917 3376 3516 3450">
     <span class='ocr_line' id='line_1_79' title="bbox 1917 3376 3516 3450; baseline -0.006 -13"><span class='ocrx_word' id='word_1_608' title='bbox 1917 3383 2071 3438; x_wconf 90' lang='lat' dir='ltr'><strong>diunt</strong></span> <span class='ocrx_word' id='word_1_609' title='bbox 2096 3382 2300 3437; x_wconf 91' lang='lat' dir='ltr'><strong>fructus</strong></span> <span class='ocrx_word' id='word_1_610' title='bbox 2320 3381 2473 3450; x_wconf 87' lang='lat' dir='ltr'><strong>ejus?</strong></span> <span class='ocrx_word' id='word_1_611' title='bbox 2502 3379 2603 3447; x_wconf 88' lang='lat' dir='ltr'><strong>Qui</strong></span> <span class='ocrx_word' id='word_1_612' title='bbox 2632 3387 2759 3434; x_wconf 86' lang='lat' dir='ltr'><strong>sunt</strong></span> <span class='ocrx_word' id='word_1_613' title='bbox 2784 3388 2967 3432; x_wconf 88' lang='lat' dir='ltr'><strong>autem</strong></span> <span class='ocrx_word' id='word_1_614' title='bbox 2994 3378 3085 3447; x_wconf 92' lang='lat' dir='ltr'><strong>qui</strong></span> <span class='ocrx_word' id='word_1_615' title='bbox 3116 3378 3322 3432; x_wconf 87' lang='lat' dir='ltr'><strong>fructus</strong></span> <span class='ocrx_word' id='word_1_616' title='bbox 3344 3376 3516 3429; x_wconf 67' lang='lat' dir='ltr'><strong>vineae</strong></span> 
     </span>
    </p>
   </div>
   <div class='ocr_carea' id='block_1_80' title="bbox 1917 3466 3514 3540">
    <p class='ocr_par' dir='ltr' id='par_1_80' title="bbox 1917 3466 3514 3540">
     <span class='ocr_line' id='line_1_80' title="bbox 1917 3466 3514 3540; baseline -0.006 -10"><span class='ocrx_word' id='word_1_617' title='bbox 1917 3472 2249 3540; x_wconf 86' lang='lat' dir='ltr'><strong>custodiunt,</strong></span> <span class='ocrx_word' id='word_1_618' title='bbox 2281 3471 2382 3525; x_wconf 91' lang='lat' dir='ltr'><strong>nisi</strong></span> <span class='ocrx_word' id='word_1_619' title='bbox 2413 3470 2487 3525; x_wconf 89' lang='lat' dir='ltr'><strong>illi</strong></span> <span class='ocrx_word' id='word_1_620' title='bbox 2513 3470 2603 3538; x_wconf 91' lang='lat' dir='ltr'><strong>qui</strong></span> <span class='ocrx_word' id='word_1_621' title='bbox 2634 3469 2686 3523; x_wconf 91' lang='lat' dir='ltr'><strong>in</strong></span> <span class='ocrx_word' id='word_1_622' title='bbox 2716 3479 2901 3524; x_wconf 87' lang='lat' dir='ltr'><strong>sancto</strong></span> <span class='ocrx_word' id='word_1_623' title='bbox 2929 3483 3097 3538; x_wconf 87' lang='lat' dir='ltr'><strong>opere.</strong></span> <span class='ocrx_word' id='word_1_624' title='bbox 3119 3466 3262 3535; x_wconf 89' lang='lat' dir='ltr'><strong>quod</strong></span> <span class='ocrx_word' id='word_1_625' title='bbox 3288 3467 3514 3534; x_wconf 69' lang='lat' dir='ltr'><strong>incepeo</strong></span> 
     </span>
    </p>
   </div>
   <div class='ocr_carea' id='block_1_81' title="bbox 1918 3558 3518 3633">
    <p class='ocr_par' dir='ltr' id='par_1_81' title="bbox 1918 3558 3518 3633">
     <span class='ocr_line' id='line_1_81' title="bbox 1918 3558 3518 3633; baseline -0.003 -15"><span class='ocrx_word' id='word_1_626' title='bbox 1918 3572 2066 3629; x_wconf 86' lang='lat' dir='ltr'><strong>runt,</strong></span> <span class='ocrx_word' id='word_1_627' title='bbox 2093 3568 2503 3633; x_wconf 90' lang='lat' dir='ltr'><strong>perseverantes</strong></span> <span class='ocrx_word' id='word_1_628' title='bbox 2523 3561 2797 3617; x_wconf 80' lang='lat' dir='ltr'><strong>existunt?</strong></span> <span class='ocrx_word' id='word_1_629' title='bbox 2818 3558 2966 3629; x_wconf 88' lang='lat' dir='ltr'><strong>Opus</strong></span> <span class='ocrx_word' id='word_1_630' title='bbox 2990 3562 3131 3614; x_wconf 90' lang='lat' dir='ltr'><strong>enim</strong></span> <span class='ocrx_word' id='word_1_631' title='bbox 3157 3558 3302 3629; x_wconf 89' lang='lat' dir='ltr'><strong>quod</strong></span> <span class='ocrx_word' id='word_1_632' title='bbox 3329 3564 3518 3613; x_wconf 86' lang='lat' dir='ltr'><strong>sancto</strong></span> 
     </span>
    </p>
   </div>
   <div class='ocr_carea' id='block_1_82' title="bbox 1918 3650 3519 3722">
    <p class='ocr_par' dir='ltr' id='par_1_82' title="bbox 1918 3650 3519 3722">
     <span class='ocr_line' id='line_1_82' title="bbox 1918 3650 3519 3722; baseline 0.001 -13"><span class='ocrx_word' id='word_1_633' title='bbox 1918 3653 2193 3709; x_wconf 90' lang='lat' dir='ltr'><strong>desiderio</strong></span> <span class='ocrx_word' id='word_1_634' title='bbox 2243 3652 2513 3722; x_wconf 87' lang='lat' dir='ltr'><strong>incipitur,</strong></span> <span class='ocrx_word' id='word_1_635' title='bbox 2568 3653 2613 3707; x_wconf 89' lang='lat' dir='ltr'><strong>si</strong></span> <span class='ocrx_word' id='word_1_636' title='bbox 2659 3653 2965 3707; x_wconf 86' lang='lat' dir='ltr'><strong>constantia</strong></span> <span class='ocrx_word' id='word_1_637' title='bbox 3012 3651 3211 3706; x_wconf 89' lang='lat' dir='ltr'><strong>mentis</strong></span> <span class='ocrx_word' id='word_1_638' title='bbox 3240 3666 3409 3722; x_wconf 87' lang='lat' dir='ltr'><strong>usque</strong></span> <span class='ocrx_word' id='word_1_639' title='bbox 3450 3650 3519 3710; x_wconf 79' lang='lat' dir='ltr'><strong>ad</strong></span> 
     </span>
    </p>
   </div>
   <div class='ocr_carea' id='block_1_83' title="bbox 1918 3743 3517 3812">
    <p class='ocr_par' dir='ltr' id='par_1_83' title="bbox 1918 3743 3517 3812">
     <span class='ocr_line' id='line_1_83' title="bbox 1918 3743 3517 3812; baseline 0 -15"><span class='ocrx_word' id='word_1_640' title='bbox 1918 3743 2079 3799; x_wconf 84' lang='lat' dir='ltr'><strong>ﬁnem</strong></span> <span class='ocrx_word' id='word_1_641' title='bbox 2104 3760 2214 3799; x_wconf 91' lang='lat' dir='ltr'><strong>non</strong></span> <span class='ocrx_word' id='word_1_642' title='bbox 2251 3751 2483 3811; x_wconf 90' lang='lat' dir='ltr'><strong>tenetur,</strong></span> <span class='ocrx_word' id='word_1_643' title='bbox 2514 3743 2630 3799; x_wconf 89' lang='lat' dir='ltr'><strong>sine</strong></span> <span class='ocrx_word' id='word_1_644' title='bbox 2656 3743 2831 3798; x_wconf 77' lang='lat' dir='ltr'><strong>fructu</strong></span> <span class='ocrx_word' id='word_1_645' title='bbox 2875 3744 3130 3810; x_wconf 88' lang='lat' dir='ltr'><strong>habetur;</strong></span> <span class='ocrx_word' id='word_1_646' title='bbox 3175 3743 3298 3812; x_wconf 90' lang='lat' dir='ltr'><strong>quia</strong></span> <span class='ocrx_word' id='word_1_647' title='bbox 3330 3744 3517 3797; x_wconf 87' lang='lat' dir='ltr'><strong>imma-</strong></span> 
     </span>
    </p>
   </div>
   <div class='ocr_carea' id='block_1_84' title="bbox 1918 3835 3517 3907">
    <p class='ocr_par' dir='ltr' id='par_1_84' title="bbox 1918 3835 3517 3907">
     <span class='ocr_line' id='line_1_84' title="bbox 1918 3835 3517 3907; baseline 0.003 -16"><span class='ocrx_word' id='word_1_648' title='bbox 1918 3845 2041 3891; x_wconf 90' lang='lat' dir='ltr'><strong>ture</strong></span> <span class='ocrx_word' id='word_1_649' title='bbox 2072 3837 2139 3891; x_wconf 90' lang='lat' dir='ltr'><strong>ab</strong></span> <span class='ocrx_word' id='word_1_650' title='bbox 2163 3836 2267 3891; x_wconf 91' lang='lat' dir='ltr'><strong>hoc</strong></span> <span class='ocrx_word' id='word_1_651' title='bbox 2290 3837 2434 3891; x_wconf 89' lang='lat' dir='ltr'><strong>unde</strong></span> <span class='ocrx_word' id='word_1_652' title='bbox 2464 3845 2807 3907; x_wconf 85' lang='lat' dir='ltr'><strong>processerat</strong></span> <span class='ocrx_word' id='word_1_653' title='bbox 2836 3846 3115 3892; x_wconf 86' lang='lat' dir='ltr'><strong>vacuatur.</strong></span> <span class='ocrx_word' id='word_1_654' title='bbox 3144 3835 3384 3905; x_wconf 86' lang='lat' dir='ltr'><strong>Ideoque</strong></span> <span class='ocrx_word' id='word_1_655' title='bbox 3410 3836 3517 3895; x_wconf 88' lang='lat' dir='ltr'><strong>Do-</strong></span> 
     </span>
    </p>
   </div>
   <div class='ocr_carea' id='block_1_85' title="bbox 1916 3928 3518 4003">
    <p class='ocr_par' dir='ltr' id='par_1_85' title="bbox 1916 3928 3518 4003">
     <span class='ocr_line' id='line_1_85' title="bbox 1916 3928 3518 4003; baseline 0 -18"><span class='ocrx_word' id='word_1_656' title='bbox 1916 3930 2099 3985; x_wconf 89' lang='lat' dir='ltr'><strong>minus</strong></span> <span class='ocrx_word' id='word_1_657' title='bbox 2143 3930 2196 3983; x_wconf 89' lang='lat' dir='ltr'><strong>in</strong></span> <span class='ocrx_word' id='word_1_658' title='bbox 2240 3928 2533 4000; x_wconf 84' lang='lat' dir='ltr'><strong>Evangelio</strong></span> <span class='ocrx_word' id='word_1_659' title='bbox 2564 3931 2640 3985; x_wconf 88' lang='lat' dir='ltr'><strong>ait</strong></span> <span class='ocrx_word' id='word_1_660' title='bbox 2673 3948 2686 3983; x_wconf 92' lang='lat'><strong>:</strong></span> <span class='ocrx_word' id='word_1_661' title='bbox 2720 3928 2822 3994; x_wconf 84' lang='lat' dir='ltr'><strong>Qui</strong></span> <span class='ocrx_word' id='word_1_662' title='bbox 2851 3932 3252 4001; x_wconf 81' lang='lat' dir='ltr'><strong>perseveraverit</strong></span> <span class='ocrx_word' id='word_1_663' title='bbox 3280 3947 3437 4003; x_wconf 75' lang='lat' dir='ltr'><strong>usque</strong></span> <span class='ocrx_word' id='word_1_664' title='bbox 3464 3931 3518 3986; x_wconf 79' lang='lat' dir='ltr'><strong>its</strong></span> 
     </span>
    </p>
   </div>
   <div class='ocr_carea' id='block_1_86' title="bbox 1915 4020 3516 4094">
    <p class='ocr_par' dir='ltr' id='par_1_86' title="bbox 1915 4020 3516 4094">
     <span class='ocr_line' id='line_1_86' title="bbox 1915 4020 3516 4094; baseline 0 -18"><span class='ocrx_word' id='word_1_665' title='bbox 1915 4022 2093 4094; x_wconf 83' lang='lat' dir='ltr'><strong>ﬁnem.</strong></span> <span class='ocrx_word' id='word_1_666' title='bbox 2115 4022 2196 4077; x_wconf 88' lang='lat' dir='ltr'><strong>hic</strong></span> <span class='ocrx_word' id='word_1_667' title='bbox 2218 4022 2388 4077; x_wconf 79' lang='lat' dir='ltr'><strong>salvus</strong></span> <span class='ocrx_word' id='word_1_668' title='bbox 2405 4022 2503 4077; x_wconf 89' lang='lat' dir='ltr'><strong>erit</strong></span> <span class='ocrx_word' id='word_1_669' title='bbox 2528 4021 2607 4094; x_wconf 70' lang='grc'><strong>(11</strong></span> <span class='ocrx_word' id='word_1_670' title='bbox 2613 4024 2745 4077; x_wconf 85' lang='lat' dir='ltr'><strong>attlt.</strong></span> <span class='ocrx_word' id='word_1_671' title='bbox 2762 4020 2946 4093; x_wconf 76' lang='lat' dir='ltr'><strong>x,22).</strong></span> <span class='ocrx_word' id='word_1_672' title='bbox 2974 4022 3230 4091; x_wconf 85' lang='lat' dir='ltr'><strong>Sequitur</strong></span> <span class='ocrx_word' id='word_1_673' title='bbox 3258 4021 3516 4091; x_wconf 83' lang='lat' dir='ltr'><strong>Sponsus,</strong></span> 
     </span>
    </p>
   </div>
   <div class='ocr_carea' id='block_1_87' title="bbox 1916 4114 2180 4170">
    <p class='ocr_par' dir='ltr' id='par_1_87' title="bbox 1916 4114 2180 4170">
     <span class='ocr_line' id='line_1_87' title="bbox 1916 4114 2180 4170; baseline -0.008 -1"><span class='ocrx_word' id='word_1_674' title='bbox 1916 4120 1973 4169; x_wconf 89' lang='lat' dir='ltr'><strong>et</strong></span> <span class='ocrx_word' id='word_1_675' title='bbox 2001 4114 2135 4170; x_wconf 90' lang='lat' dir='ltr'><strong>dicit</strong></span> <span class='ocrx_word' id='word_1_676' title='bbox 2167 4131 2180 4167; x_wconf 88' lang='lat'>:</span> 
     </span>
    </p>
   </div>
   <div class='ocr_carea' id='block_1_88' title="bbox 1990 4212 3514 4299">
    <p class='ocr_par' dir='ltr' id='par_1_88' title="bbox 1990 4212 3514 4299">
     <span class='ocr_line' id='line_1_88' title="bbox 1990 4212 3514 4299; baseline 0 -19"><span class='ocrx_word' id='word_1_677' title='bbox 1990 4225 2164 4297; x_wconf 85' lang='lat' dir='ltr'><strong>(Vers.</strong></span> <span class='ocrx_word' id='word_1_678' title='bbox 2192 4226 2304 4299; x_wconf 81' lang='lat'><strong>15.)</strong></span> <span class='ocrx_word' id='word_1_679' title='bbox 2332 4226 2460 4292; x_wconf 75' lang='lat' dir='ltr'><strong>Qua:</strong></span> <span class='ocrx_word' id='word_1_680' title='bbox 2482 4227 2684 4282; x_wconf 86' lang='lat' dir='ltr'><strong>habitas</strong></span> <span class='ocrx_word' id='word_1_681' title='bbox 2714 4229 2768 4282; x_wconf 90' lang='lat' dir='ltr'><strong>in</strong></span> <span class='ocrx_word' id='word_1_682' title='bbox 2790 4228 2974 4296; x_wconf 86' lang='lat' dir='ltr'><strong>hortis,</strong></span> <span class='ocrx_word' id='word_1_683' title='bbox 3002 4227 3155 4281; x_wconf 89' lang='lat' dir='ltr'><strong>amici</strong></span> <span class='ocrx_word' id='word_1_684' title='bbox 3182 4212 3514 4295; x_wconf 73' lang='lat' dir='ltr'><strong>auscultant;</strong></span> 
     </span>
    </p>
   </div>
   <div class='ocr_carea' id='block_1_89' title="bbox 1917 4318 2729 4389">
    <p class='ocr_par' dir='ltr' id='par_1_89' title="bbox 1917 4318 2729 4389">
     <span class='ocr_line' id='line_1_89' title="bbox 1917 4318 2729 4389; baseline 0 -17"><span class='ocrx_word' id='word_1_685' title='bbox 1917 4318 2003 4389; x_wconf 71' lang='grc' dir='ltr'><strong>[αθ</strong></span> <span class='ocrx_word' id='word_1_686' title='bbox 2032 4336 2112 4374; x_wconf 90' lang='lat' dir='ltr'><strong>me</strong></span> <span class='ocrx_word' id='word_1_687' title='bbox 2140 4321 2324 4375; x_wconf 87' lang='lat' dir='ltr'><strong>audire</strong></span> <span class='ocrx_word' id='word_1_688' title='bbox 2362 4337 2536 4376; x_wconf 82' lang='lat' dir='ltr'><strong>vocem</strong></span> <span class='ocrx_word' id='word_1_689' title='bbox 2568 4329 2729 4373; x_wconf 89' lang='lat' dir='ltr'><strong>tuam.</strong></span> 
     </span>
    </p>
   </div>
   <div class='ocr_carea' id='block_1_90' title="bbox 1988 4417 3512 4503">
    <p class='ocr_par' dir='ltr' id='par_1_90' title="bbox 1988 4417 3512 4503">
     <span class='ocr_line' id='line_1_90' title="bbox 1988 4417 3512 4503; baseline 0.005 -19"><span class='ocrx_word' id='word_1_690' title='bbox 1988 4431 2075 4486; x_wconf 86' lang='lat'><strong>17.</strong></span> <span class='ocrx_word' id='word_1_691' title='bbox 2110 4432 2316 4503; x_wconf 88' lang='lat' dir='ltr'><strong>Sponsa</strong></span> <span class='ocrx_word' id='word_1_692' title='bbox 2348 4432 2401 4487; x_wconf 91' lang='lat' dir='ltr'><strong>in</strong></span> <span class='ocrx_word' id='word_1_693' title='bbox 2449 4432 2622 4487; x_wconf 85' lang='lat' dir='ltr'><strong>hortis</strong></span> <span class='ocrx_word' id='word_1_694' title='bbox 2652 4417 2889 4501; x_wconf 58' lang='lat' dir='ltr'><strong>habitdt,</strong></span> <span class='ocrx_word' id='word_1_695' title='bbox 2938 4434 3062 4502; x_wconf 87' lang='lat' dir='ltr'><strong>quia</strong></span> <span class='ocrx_word' id='word_1_696' title='bbox 3094 4443 3281 4491; x_wconf 90' lang='lat' dir='ltr'><strong>sancta</strong></span> <span class='ocrx_word' id='word_1_697' title='bbox 3316 4433 3512 4492; x_wconf 80' lang='lat' dir='ltr'><strong>Eccle-</strong></span> 
     </span>
    </p>
   </div>
   <div class='ocr_carea' id='block_1_91' title="bbox 1916 4522 3510 4593">
    <p class='ocr_par' dir='ltr' id='par_1_91' title="bbox 1916 4522 3510 4593">
     <span class='ocr_line' id='line_1_91' title="bbox 1916 4522 3510 4593; baseline 0.004 -17"><span class='ocrx_word' id='word_1_698' title='bbox 1916 4522 2025 4587; x_wconf 90' lang='lat' dir='ltr'><strong>sia,</strong></span> <span class='ocrx_word' id='word_1_699' title='bbox 2076 4524 2160 4578; x_wconf 93' lang='lat' dir='ltr'><strong>vel</strong></span> <span class='ocrx_word' id='word_1_700' title='bbox 2189 4523 2443 4593; x_wconf 69' lang='lat' dir='ltr'><strong>quaelibet</strong></span> <span class='ocrx_word' id='word_1_701' title='bbox 2496 4532 2679 4578; x_wconf 88' lang='lat' dir='ltr'><strong>sancta</strong></span> <span class='ocrx_word' id='word_1_702' title='bbox 2725 4523 2903 4578; x_wconf 82' lang='lat' dir='ltr'><strong>anima</strong></span> <span class='ocrx_word' id='word_1_703' title='bbox 2952 4525 3003 4579; x_wconf 92' lang='lat' dir='ltr'><strong>in</strong></span> <span class='ocrx_word' id='word_1_704' title='bbox 3043 4523 3510 4583; x_wconf 80' lang='lat' dir='ltr'><strong>fructilicationem</strong></span> 
     </span>
    </p>
   </div>
   <div class='ocr_carea' id='block_1_92' title="bbox 1917 4611 3513 4688">
    <p class='ocr_par' dir='ltr' id='par_1_92' title="bbox 1917 4611 3513 4688">
     <span class='ocr_line' id='line_1_92' title="bbox 1917 4611 3513 4688; baseline 0.006 -24"><span class='ocrx_word' id='word_1_705' title='bbox 1917 4611 2076 4681; x_wconf 62' lang='grc' dir='ltr'><strong>ἀει</strong></span> <span class='ocrx_word' id='word_1_706' title='bbox 2105 4611 2363 4671; x_wconf 87' lang='lat' dir='ltr'><strong>virtutum</strong></span> <span class='ocrx_word' id='word_1_707' title='bbox 2389 4619 2628 4667; x_wconf 86' lang='lat' dir='ltr'><strong>mentem</strong></span> <span class='ocrx_word' id='word_1_708' title='bbox 2649 4622 2850 4668; x_wconf 87' lang='lat' dir='ltr'><strong>versat.</strong></span> <span class='ocrx_word' id='word_1_709' title='bbox 2877 4613 3044 4683; x_wconf 88' lang='lat' dir='ltr'><strong>Cujus</strong></span> <span class='ocrx_word' id='word_1_710' title='bbox 3070 4632 3259 4672; x_wconf 86' lang='lat' dir='ltr'><strong>vocem</strong></span> <span class='ocrx_word' id='word_1_711' title='bbox 3283 4632 3513 4688; x_wconf 78' lang='lat' dir='ltr'><strong>sponsus</strong></span> 
     </span>
    </p>
   </div>
   <div class='ocr_carea' id='block_1_93' title="bbox 207 4663 3513 4779">
    <p class='ocr_par' dir='ltr' id='par_1_93' title="bbox 207 4663 3513 4779">
     <span class='ocr_line' id='line_1_93' title="bbox 207 4663 3513 4779; baseline 0.005 -34"><span class='ocrx_word' id='word_1_712' title='bbox 207 4663 490 4779; x_wconf 45' lang='grc' dir='ltr'><strong>ξοδ-εξεο</strong></span> <span class='ocrx_word' id='word_1_713' title='bbox 519 4680 808 4779; x_wconf 59' lang='grc' dir='ltr'><strong>³¹ξξθηξεοξ</strong></span> <span class='ocrx_word' id='word_1_714' title='bbox 937 4677 1206 4779; x_wconf 59' lang='grc' dir='ltr'><strong>Ρτίῐξιίῐίνθ</strong></span> <span class='ocrx_word' id='word_1_715' title='bbox 1240 4680 1478 4739; x_wconf 70' lang='grc' dir='ltr'><strong>Εοοιοδὶθ</strong></span> <span class='ocrx_word' id='word_1_716' title='bbox 1510 4685 1585 4740; x_wconf 72' lang='lat' dir='ltr'><strong>illi</strong></span> <span class='ocrx_word' id='word_1_717' title='bbox 1614 4687 1812 4745; x_wconf 68' lang='grc' dir='ltr'><strong>οίΐεΐθ-</strong></span> <span class='ocrx_word' id='word_1_718' title='bbox 1844 4676 1894 4735; x_wconf 79' lang='lat' dir='ltr'><strong>D</strong></span> <span class='ocrx_word' id='word_1_719' title='bbox 1917 4663 2110 4756; x_wconf 48' lang='lat' dir='ltr'><strong>a&#39;u‘di‘i&#39;e</strong></span> <span class='ocrx_word' id='word_1_720' title='bbox 2140 4668 2440 4768; x_wconf 84' lang='lat' dir='ltr'><strong>desiderat,</strong></span> <span class='ocrx_word' id='word_1_721' title='bbox 2475 4704 2599 4773; x_wconf 89' lang='lat' dir='ltr'><strong>quia</strong></span> <span class='ocrx_word' id='word_1_722' title='bbox 2630 4705 2735 4760; x_wconf 89' lang='lat' dir='ltr'><strong>hoc</strong></span> <span class='ocrx_word' id='word_1_723' title='bbox 2778 4663 3119 4778; x_wconf 60' lang='lat' dir='ltr'><strong>summhpere</strong></span> <span class='ocrx_word' id='word_1_724' title='bbox 3149 4663 3362 4765; x_wconf 41' lang='lat' dir='ltr'><strong>Chrisi&#39;o</strong></span> <span class='ocrx_word' id='word_1_725' title='bbox 3393 4710 3513 4779; x_wconf 88' lang='lat' dir='ltr'><strong>pla-</strong></span> 
     </span>
    </p>
   </div>
   <div class='ocr_carea' id='block_1_94' title="bbox 209 4758 1807 4846">
    <p class='ocr_par' dir='ltr' id='par_1_94' title="bbox 209 4758 1807 4846">
     <span class='ocr_line' id='line_1_94' title="bbox 209 4758 1807 4846; baseline 0.014 -35"><span class='ocrx_word' id='word_1_726' title='bbox 209 4758 371 4828; x_wconf 89' lang='lat' dir='ltr'><strong>bant,</strong></span> <span class='ocrx_word' id='word_1_727' title='bbox 397 4760 463 4815; x_wconf 90' lang='lat' dir='ltr'><strong>de</strong></span> <span class='ocrx_word' id='word_1_728' title='bbox 491 4763 683 4833; x_wconf 79' lang='lat' dir='ltr'><strong>quibus</strong></span> <span class='ocrx_word' id='word_1_729' title='bbox 700 4764 752 4819; x_wconf 90' lang='lat' dir='ltr'><strong>in</strong></span> <span class='ocrx_word' id='word_1_730' title='bbox 778 4766 995 4823; x_wconf 83' lang='lat' dir='ltr'><strong>Actibus</strong></span> <span class='ocrx_word' id='word_1_731' title='bbox 1022 4771 1401 4839; x_wconf 88' lang='lat' dir='ltr'><strong>Apostolorum</strong></span> <span class='ocrx_word' id='word_1_732' title='bbox 1419 4777 1678 4846; x_wconf 90' lang='lat' dir='ltr'><strong>scriptum</strong></span> <span class='ocrx_word' id='word_1_733' title='bbox 1696 4788 1807 4834; x_wconf 87' lang='lat' dir='ltr'><strong>est:</strong></span> 
     </span>
    </p>
   </div>
   <div class='ocr_carea' id='block_1_95' title="bbox 214 4846 1812 4932">
    <p class='ocr_par' dir='ltr' id='par_1_95' title="bbox 214 4846 1812 4932">
     <span class='ocr_line' id='line_1_95' title="bbox 214 4846 1812 4932; baseline 0.015 -32"><span class='ocrx_word' id='word_1_734' title='bbox 214 4846 485 4921; x_wconf 79' lang='lat' dir='ltr'><strong>Quotquot</strong></span> <span class='ocrx_word' id='word_1_735' title='bbox 531 4864 703 4911; x_wconf 86' lang='lat' dir='ltr'><strong>autem</strong></span> <span class='ocrx_word' id='word_1_736' title='bbox 752 4874 1073 4927; x_wconf 85' lang='lat' dir='ltr'><strong>possessores</strong></span> <span class='ocrx_word' id='word_1_737' title='bbox 1111 4878 1355 4932; x_wconf 87' lang='lat' dir='ltr'><strong>agrorum</strong></span> <span class='ocrx_word' id='word_1_738' title='bbox 1402 4873 1494 4920; x_wconf 88' lang='lat' dir='ltr'><strong>aut</strong></span> <span class='ocrx_word' id='word_1_739' title='bbox 1542 4867 1812 4923; x_wconf 87' lang='lat' dir='ltr'><strong>domorum</strong></span> 
     </span>
    </p>
   </div>
   <div class='ocr_carea' id='block_1_96' title="bbox 207 4943 1810 5029">
    <p class='ocr_par' dir='ltr' id='par_1_96' title="bbox 207 4943 1810 5029">
     <span class='ocr_line' id='line_1_96' title="bbox 207 4943 1810 5029; baseline 0.014 -38"><span class='ocrx_word' id='word_1_740' title='bbox 207 4947 389 5005; x_wconf 82' lang='lat' dir='ltr'><strong>erant,</strong></span> <span class='ocrx_word' id='word_1_741' title='bbox 415 4943 718 5014; x_wconf 78' lang='lat' dir='ltr'><strong>vendebant,</strong></span> <span class='ocrx_word' id='word_1_742' title='bbox 751 4956 799 5001; x_wconf 88' lang='lat' dir='ltr'><strong>et</strong></span> <span class='ocrx_word' id='word_1_743' title='bbox 828 4949 1103 5018; x_wconf 70' lang='lat' dir='ltr'><strong>afferentes</strong></span> <span class='ocrx_word' id='word_1_744' title='bbox 1122 4954 1383 5021; x_wconf 89' lang='lat' dir='ltr'><strong>ponebant</strong></span> <span class='ocrx_word' id='word_1_745' title='bbox 1408 4957 1478 5010; x_wconf 87' lang='lat' dir='ltr'><strong>ad</strong></span> <span class='ocrx_word' id='word_1_746' title='bbox 1499 4959 1656 5025; x_wconf 87' lang='lat' dir='ltr'><strong>pedes</strong></span> <span class='ocrx_word' id='word_1_747' title='bbox 1684 4978 1810 5029; x_wconf 79' lang='lat' dir='ltr'><strong>apo-</strong></span> 
     </span>
    </p>
   </div>
   <div class='ocr_carea' id='block_1_97' title="bbox 208 5031 1806 5121">
    <p class='ocr_par' dir='ltr' id='par_1_97' title="bbox 208 5031 1806 5121">
     <span class='ocr_line' id='line_1_97' title="bbox 208 5031 1806 5121; baseline 0.014 -38"><span class='ocrx_word' id='word_1_748' title='bbox 208 5031 472 5121; x_wconf 75' lang='lat' dir='ltr'><strong>stolorum</strong></span> <span class='ocrx_word' id='word_1_749' title='bbox 508 5041 674 5107; x_wconf 88' lang='lat' dir='ltr'><strong>pretia</strong></span> <span class='ocrx_word' id='word_1_750' title='bbox 719 5058 894 5097; x_wconf 85' lang='lat' dir='ltr'><strong>eorum</strong></span> <span class='ocrx_word' id='word_1_751' title='bbox 931 5060 1047 5115; x_wconf 80' lang='lat' dir='ltr'><strong>qute</strong></span> <span class='ocrx_word' id='word_1_752' title='bbox 1085 5044 1371 5100; x_wconf 85' lang='lat' dir='ltr'><strong>vendebant</strong></span> <span class='ocrx_word' id='word_1_753' title='bbox 1421 5048 1558 5120; x_wconf 86' lang='lat' dir='ltr'><strong>(Act.</strong></span> <span class='ocrx_word' id='word_1_754' title='bbox 1582 5065 1669 5117; x_wconf 86' lang='lat' dir='ltr'><strong>tv,</strong></span> <span class='ocrx_word' id='word_1_755' title='bbox 1693 5050 1806 5121; x_wconf 69' lang='grc'><strong>54).</strong></span> 
     </span>
    </p>
   </div>
   <div class='ocr_carea' id='block_1_98' title="bbox 208 5119 1809 5206">
    <p class='ocr_par' dir='ltr' id='par_1_98' title="bbox 208 5119 1809 5206">
     <span class='ocr_line' id='line_1_98' title="bbox 208 5119 1809 5206; baseline 0.016 -30"><span class='ocrx_word' id='word_1_756' title='bbox 208 5119 317 5178; x_wconf 86' lang='lat' dir='ltr'><strong>Isti</strong></span> <span class='ocrx_word' id='word_1_757' title='bbox 348 5131 657 5199; x_wconf 88' lang='lat' dir='ltr'><strong>congregati</strong></span> <span class='ocrx_word' id='word_1_758' title='bbox 686 5133 845 5189; x_wconf 88' lang='lat' dir='ltr'><strong>aliam</strong></span> <span class='ocrx_word' id='word_1_759' title='bbox 876 5136 1117 5206; x_wconf 89' lang='lat' dir='ltr'><strong>vineam,</strong></span> <span class='ocrx_word' id='word_1_760' title='bbox 1151 5138 1406 5196; x_wconf 89' lang='lat' dir='ltr'><strong>videlicet</strong></span> <span class='ocrx_word' id='word_1_761' title='bbox 1432 5119 1672 5198; x_wconf 88' lang='lat' dir='ltr'><strong>sanctam</strong></span> <span class='ocrx_word' id='word_1_762' title='bbox 1705 5119 1809 5200; x_wconf 85' lang='lat' dir='ltr'><strong>Ec—</strong></span> 
     </span>
    </p>
   </div>
   <div class='ocr_carea' id='block_1_99' title="bbox 1921 4793 3514 4870">
    <p class='ocr_par' dir='ltr' id='par_1_99' title="bbox 1921 4793 3514 4870">
     <span class='ocr_line' id='line_1_99' title="bbox 1921 4793 3514 4870; baseline 0.004 -21"><span class='ocrx_word' id='word_1_763' title='bbox 1921 4803 2026 4859; x_wconf 90' lang='lat' dir='ltr'><strong>cet,</strong></span> <span class='ocrx_word' id='word_1_764' title='bbox 2062 4801 2120 4847; x_wconf 91' lang='lat' dir='ltr'><strong>ut</strong></span> <span class='ocrx_word' id='word_1_765' title='bbox 2141 4793 2412 4863; x_wconf 83' lang='lat' dir='ltr'><strong>perfectus</strong></span> <span class='ocrx_word' id='word_1_766' title='bbox 2440 4796 2663 4866; x_wconf 87' lang='lat' dir='ltr'><strong>quilibet</strong></span> <span class='ocrx_word' id='word_1_767' title='bbox 2691 4797 2773 4851; x_wconf 92' lang='lat' dir='ltr'><strong>vir</strong></span> <span class='ocrx_word' id='word_1_768' title='bbox 2811 4799 3051 4855; x_wconf 81' lang='lat' dir='ltr'><strong>inﬁrmos</strong></span> <span class='ocrx_word' id='word_1_769' title='bbox 3076 4815 3320 4870; x_wconf 89' lang='lat' dir='ltr'><strong>quosque</strong></span> <span class='ocrx_word' id='word_1_770' title='bbox 3348 4802 3514 4855; x_wconf 84' lang='lat' dir='ltr'><strong>verbo</strong></span> 
     </span>
    </p>
   </div>
   <div class='ocr_carea' id='block_1_100' title="bbox 1921 4884 3514 4954">
    <p class='ocr_par' dir='ltr' id='par_1_100' title="bbox 1921 4884 3514 4954">
     <span class='ocr_line' id='line_1_100' title="bbox 1921 4884 3514 4954; baseline 0.004 -16"><span class='ocrx_word' id='word_1_771' title='bbox 1921 4891 2121 4939; x_wconf 70' lang='lat' dir='ltr'><strong>sancta:</strong></span> <span class='ocrx_word' id='word_1_772' title='bbox 2151 4884 2555 4954; x_wconf 68' lang='lat' dir='ltr'><strong>prmdicaticnis</strong></span> <span class='ocrx_word' id='word_1_773' title='bbox 2585 4887 2894 4944; x_wconf 87' lang='lat' dir='ltr'><strong>admoneat.</strong></span> <span class='ocrx_word' id='word_1_774' title='bbox 2928 4890 3102 4944; x_wconf 82' lang='lat' dir='ltr'><strong>Amici</strong></span> <span class='ocrx_word' id='word_1_775' title='bbox 3130 4892 3272 4945; x_wconf 88' lang='lat' dir='ltr'><strong>enim</strong></span> <span class='ocrx_word' id='word_1_776' title='bbox 3302 4889 3514 4944; x_wconf 82' lang='lat' dir='ltr'><strong>auscul-</strong></span> 
     </span>
    </p>
   </div>
   <div class='ocr_carea' id='block_1_101' title="bbox 1921 4976 3514 5051">
    <p class='ocr_par' dir='ltr' id='par_1_101' title="bbox 1921 4976 3514 5051">
     <span class='ocr_line' id='line_1_101' title="bbox 1921 4976 3514 5051; baseline 0.004 -21"><span class='ocrx_word' id='word_1_777' title='bbox 1921 4983 2058 5041; x_wconf 90' lang='lat' dir='ltr'><strong>tant,</strong></span> <span class='ocrx_word' id='word_1_778' title='bbox 2087 4976 2214 5045; x_wconf 89' lang='lat' dir='ltr'><strong>quia</strong></span> <span class='ocrx_word' id='word_1_779' title='bbox 2246 4976 2430 5035; x_wconf 81' lang='lat' dir='ltr'><strong>fideles</strong></span> <span class='ocrx_word' id='word_1_780' title='bbox 2458 4980 2512 5034; x_wconf 88' lang='lat' dir='ltr'><strong>in</strong></span> <span class='ocrx_word' id='word_1_781' title='bbox 2553 4977 2822 5047; x_wconf 85' lang='lat' dir='ltr'><strong>Ecclesia,</strong></span> <span class='ocrx_word' id='word_1_782' title='bbox 2857 4989 2917 5034; x_wconf 90' lang='lat' dir='ltr'><strong>ut</strong></span> <span class='ocrx_word' id='word_1_783' title='bbox 2964 4981 3171 5036; x_wconf 89' lang='lat' dir='ltr'><strong>amicus</strong></span> <span class='ocrx_word' id='word_1_784' title='bbox 3199 4980 3384 5051; x_wconf 83' lang='lat' dir='ltr'><strong>sponsi</strong></span> <span class='ocrx_word' id='word_1_785' title='bbox 3428 4980 3514 5036; x_wconf 81' lang='lat' dir='ltr'><strong>lo-</strong></span> 
     </span>
    </p>
   </div>
   <div class='ocr_carea' id='block_1_102' title="bbox 1922 5068 3514 5145">
    <p class='ocr_par' dir='ltr' id='par_1_102' title="bbox 1922 5068 3514 5145">
     <span class='ocr_line' id='line_1_102' title="bbox 1922 5068 3514 5145; baseline 0.007 -24"><span class='ocrx_word' id='word_1_786' title='bbox 1922 5078 2139 5138; x_wconf 87' lang='lat' dir='ltr'><strong>quatur,</strong></span> <span class='ocrx_word' id='word_1_787' title='bbox 2174 5068 2265 5141; x_wconf 87' lang='lat' dir='ltr'><strong>pio</strong></span> <span class='ocrx_word' id='word_1_788' title='bbox 2290 5069 2560 5126; x_wconf 82' lang='lat' dir='ltr'><strong>desiderio</strong></span> <span class='ocrx_word' id='word_1_789' title='bbox 2589 5080 2923 5143; x_wconf 81' lang='lat' dir='ltr'><strong>exspectant.</strong></span> <span class='ocrx_word' id='word_1_790' title='bbox 2951 5071 3019 5127; x_wconf 86' lang='lat' dir='ltr'><strong>Et</strong></span> <span class='ocrx_word' id='word_1_791' title='bbox 3048 5073 3337 5127; x_wconf 84' lang='lat' dir='ltr'><strong>netaudutn</strong></span> <span class='ocrx_word' id='word_1_792' title='bbox 3369 5073 3514 5145; x_wconf 85' lang='lat' dir='ltr'><strong>quod</strong></span> 
     </span>
    </p>
   </div>
   <div class='ocr_carea' id='block_1_103' title="bbox 1922 5157 3516 5233">
    <p class='ocr_par' dir='ltr' id='par_1_103' title="bbox 1922 5157 3516 5233">
     <span class='ocr_line' id='line_1_103' title="bbox 1922 5157 3516 5233; baseline 0.005 -23"><span class='ocrx_word' id='word_1_793' title='bbox 1922 5157 2129 5213; x_wconf 85' lang='lat' dir='ltr'><strong>amicus</strong></span> <span class='ocrx_word' id='word_1_794' title='bbox 2158 5166 2240 5214; x_wconf 90' lang='lat' dir='ltr'><strong>est</strong></span> <span class='ocrx_word' id='word_1_795' title='bbox 2270 5159 2364 5230; x_wconf 91' lang='lat' dir='ltr'><strong>qui</strong></span> <span class='ocrx_word' id='word_1_796' title='bbox 2403 5163 2704 5231; x_wconf 88' lang='lat' dir='ltr'><strong>auscultat;</strong></span> <span class='ocrx_word' id='word_1_797' title='bbox 2735 5164 2860 5233; x_wconf 88' lang='lat' dir='ltr'><strong>quia</strong></span> <span class='ocrx_word' id='word_1_798' title='bbox 2889 5164 2979 5233; x_wconf 90' lang='lat' dir='ltr'><strong>qui</strong></span> <span class='ocrx_word' id='word_1_799' title='bbox 3010 5162 3177 5217; x_wconf 90' lang='lat' dir='ltr'><strong>Deum</strong></span> <span class='ocrx_word' id='word_1_800' title='bbox 3209 5172 3389 5218; x_wconf 86' lang='lat' dir='ltr'><strong>mente</strong></span> <span class='ocrx_word' id='word_1_801' title='bbox 3434 5164 3516 5218; x_wconf 83' lang='lat' dir='ltr'><strong>in-</strong></span> 
     </span>
    </p>
   </div>
   <div class='ocr_carea' id='block_1_104' title="bbox 208 5212 3514 5326">
    <p class='ocr_par' dir='ltr' id='par_1_104' title="bbox 208 5212 3514 5326">
     <span class='ocr_line' id='line_1_104' title="bbox 208 5212 3514 5326; baseline 0.01 -48"><span class='ocrx_word' id='word_1_802' title='bbox 208 5212 472 5326; x_wconf 51' lang='grc' dir='ltr'><strong>ἓεείξιιη,</strong></span> <span class='ocrx_word' id='word_1_803' title='bbox 503 5236 572 5326; x_wconf 76' lang='lat' dir='ltr'><strong>ex</strong></span> <span class='ocrx_word' id='word_1_804' title='bbox 592 5223 784 5295; x_wconf 90' lang='lat' dir='ltr'><strong>seipsis</strong></span> <span class='ocrx_word' id='word_1_805' title='bbox 812 5236 1261 5299; x_wconf 80' lang='lat' dir='ltr'><strong>construxerunt,</strong></span> <span class='ocrx_word' id='word_1_806' title='bbox 1286 5241 1342 5289; x_wconf 89' lang='lat' dir='ltr'><strong>et</strong></span> <span class='ocrx_word' id='word_1_807' title='bbox 1368 5241 1428 5290; x_wconf 93' lang='lat' dir='ltr'><strong>ut</strong></span> <span class='ocrx_word' id='word_1_808' title='bbox 1454 5234 1581 5290; x_wconf 87' lang='lat' dir='ltr'><strong>boni</strong></span> <span class='ocrx_word' id='word_1_809' title='bbox 1610 5238 1819 5308; x_wconf 55' lang='lat' dir='ltr'><strong>agricm</strong></span> <span class='ocrx_word' id='word_1_810' title='bbox 1921 5254 2073 5318; x_wconf 82' lang='lat' dir='ltr'><strong>tegra</strong></span> <span class='ocrx_word' id='word_1_811' title='bbox 2106 5212 2306 5320; x_wconf 60' lang='lat' dir='ltr'><strong>diligit:</strong></span> <span class='ocrx_word' id='word_1_812' title='bbox 2338 5212 2722 5321; x_wconf 72' lang='lat' dir='ltr'><strong>prmdicantem</strong></span> <span class='ocrx_word' id='word_1_813' title='bbox 2741 5212 3119 5325; x_wconf 40' lang='lat' dir='ltr'><strong>1quodjdiligit,</strong></span> <span class='ocrx_word' id='word_1_814' title='bbox 3160 5255 3392 5311; x_wconf 89' lang='lat' dir='ltr'><strong>libenter</strong></span> <span class='ocrx_word' id='word_1_815' title='bbox 3420 5270 3514 5310; x_wconf 72' lang='lat' dir='ltr'><strong>au~</strong></span> 
     </span>
    </p>
   </div>
   <div class='ocr_carea' id='block_1_105' title="bbox 208 5305 1813 5416">
    <p class='ocr_par' dir='ltr' id='par_1_105' title="bbox 208 5305 1813 5416">
     <span class='ocr_line' id='line_1_105' title="bbox 208 5305 1813 5416; baseline 0.019 -55"><span class='ocrx_word' id='word_1_816' title='bbox 208 5305 319 5375; x_wconf 72' lang='lat'><strong>1:2,</strong></span> <span class='ocrx_word' id='word_1_817' title='bbox 350 5314 612 5416; x_wconf 64' lang='lat' dir='ltr'><strong>sanguine</strong></span> <span class='ocrx_word' id='word_1_818' title='bbox 639 5331 741 5373; x_wconf 89' lang='lat' dir='ltr'><strong>suo</strong></span> <span class='ocrx_word' id='word_1_819' title='bbox 772 5333 1230 5394; x_wconf 85' lang='lat' dir='ltr'><strong>propagaverunt,</strong></span> <span class='ocrx_word' id='word_1_820' title='bbox 1269 5333 1322 5383; x_wconf 91' lang='lat' dir='ltr'><strong>et</strong></span> <span class='ocrx_word' id='word_1_821' title='bbox 1349 5305 1813 5400; x_wconf 64' lang='lat' dir='ltr'><strong>praedicationibus</strong></span> 
     </span>
    </p>
   </div>
   <div class='ocr_carea' id='block_1_106' title="bbox 1926 5305 3514 5416">
    <p class='ocr_par' dir='ltr' id='par_1_106' title="bbox 1926 5305 3514 5416">
     <span class='ocr_line' id='line_1_106' title="bbox 1926 5305 3514 5416; baseline 0.004 -18"><span class='ocrx_word' id='word_1_822' title='bbox 1926 5342 2019 5398; x_wconf 84' lang='lat' dir='ltr'><strong>dit.</strong></span> <span class='ocrx_word' id='word_1_823' title='bbox 2045 5341 2197 5399; x_wconf 88' lang='lat' dir='ltr'><strong>Unde</strong></span> <span class='ocrx_word' id='word_1_824' title='bbox 2225 5344 2277 5398; x_wconf 93' lang='lat' dir='ltr'><strong>in</strong></span> <span class='ocrx_word' id='word_1_825' title='bbox 2307 5342 2600 5416; x_wconf 88' lang='lat' dir='ltr'><strong>Evangelio</strong></span> <span class='ocrx_word' id='word_1_826' title='bbox 2628 5305 2856 5402; x_wconf 59' lang='lat' dir='ltr'><strong>dicithr:</strong></span> <span class='ocrx_word' id='word_1_827' title='bbox 2885 5346 2983 5412; x_wconf 88' lang='lat' dir='ltr'><strong>Qui</strong></span> <span class='ocrx_word' id='word_1_828' title='bbox 3012 5305 3078 5403; x_wconf 58' lang='grc' dir='ltr'><strong>ἔτ</strong></span> <span class='ocrx_word' id='word_1_829' title='bbox 3097 5348 3209 5405; x_wconf 87' lang='lat' dir='ltr'><strong>Deo</strong></span> <span class='ocrx_word' id='word_1_830' title='bbox 3233 5359 3329 5414; x_wconf 89' lang='lat' dir='ltr'><strong>est,</strong></span> <span class='ocrx_word' id='word_1_831' title='bbox 3360 5346 3514 5405; x_wconf 79' lang='lat' dir='ltr'><strong>verba</strong></span> 
     </span>
    </p>
   </div>
   <div class='ocr_carea' id='block_1_107' title="bbox 209 5404 1814 5492">
    <p class='ocr_par' dir='ltr' id='par_1_107' title="bbox 209 5404 1814 5492">
     <span class='ocr_line' id='line_1_107' title="bbox 209 5404 1814 5492; baseline 0.018 -39"><span class='ocrx_word' id='word_1_832' title='bbox 209 5414 392 5470; x_wconf 87' lang='lat' dir='ltr'><strong>usque</strong></span> <span class='ocrx_word' id='word_1_833' title='bbox 422 5404 488 5461; x_wconf 86' lang='lat' dir='ltr'><strong>ad</strong></span> <span class='ocrx_word' id='word_1_834' title='bbox 518 5405 654 5465; x_wconf 80' lang='lat' dir='ltr'><strong>fines</strong></span> <span class='ocrx_word' id='word_1_835' title='bbox 684 5418 845 5468; x_wconf 75' lang='lat' dir='ltr'><strong>terra:</strong></span> <span class='ocrx_word' id='word_1_836' title='bbox 871 5413 1266 5487; x_wconf 87' lang='lat' dir='ltr'><strong>dilataverunt;</strong></span> <span class='ocrx_word' id='word_1_837' title='bbox 1318 5428 1378 5476; x_wconf 93' lang='lat' dir='ltr'><strong>ut</strong></span> <span class='ocrx_word' id='word_1_838' title='bbox 1412 5422 1526 5492; x_wconf 90' lang='lat' dir='ltr'><strong>jam</strong></span> <span class='ocrx_word' id='word_1_839' title='bbox 1555 5425 1814 5483; x_wconf 89' lang='lat' dir='ltr'><strong>mundum</strong></span> 
     </span>
    </p>
   </div>
   <div class='ocr_carea' id='block_1_108' title="bbox 209 5496 1813 5586">
    <p class='ocr_par' dir='ltr' id='par_1_108' title="bbox 209 5496 1813 5586">
     <span class='ocr_line' id='line_1_108' title="bbox 209 5496 1813 5586; baseline 0.02 -41"><span class='ocrx_word' id='word_1_840' title='bbox 209 5504 363 5586; x_wconf 70' lang='lat' dir='ltr'><strong>pene</strong></span> <span class='ocrx_word' id='word_1_841' title='bbox 390 5496 703 5559; x_wconf 59' lang='lat' dir='ltr'><strong>uniuersum</strong></span> <span class='ocrx_word' id='word_1_842' title='bbox 737 5504 989 5575; x_wconf 89' lang='lat' dir='ltr'><strong>impleat,</strong></span> <span class='ocrx_word' id='word_1_843' title='bbox 1022 5517 1078 5564; x_wconf 90' lang='lat' dir='ltr'><strong>et</strong></span> <span class='ocrx_word' id='word_1_844' title='bbox 1120 5510 1351 5568; x_wconf 89' lang='lat' dir='ltr'><strong>fructum</strong></span> <span class='ocrx_word' id='word_1_845' title='bbox 1396 5525 1606 5586; x_wconf 88' lang='lat' dir='ltr'><strong>gratutu</strong></span> <span class='ocrx_word' id='word_1_846' title='bbox 1637 5519 1813 5577; x_wconf 87' lang='lat' dir='ltr'><strong>locata</strong></span> 
     </span>
    </p>
   </div>
   <div class='ocr_carea' id='block_1_109' title="bbox 211 5578 1813 5687">
    <p class='ocr_par' dir='ltr' id='par_1_109' title="bbox 211 5578 1813 5687">
     <span class='ocr_line' id='line_1_109' title="bbox 211 5578 1813 5687; baseline 0.023 -50"><span class='ocrx_word' id='word_1_847' title='bbox 211 5578 632 5687; x_wconf 40' lang='lat' dir='ltr'><strong>agricolistsuis</strong></span> <span class='ocrx_word' id='word_1_848' title='bbox 658 5600 994 5668; x_wconf 88' lang='lat' dir='ltr'><strong>temporibus</strong></span> <span class='ocrx_word' id='word_1_849' title='bbox 1022 5603 1232 5659; x_wconf 88' lang='lat' dir='ltr'><strong>reddat.</strong></span> <span class='ocrx_word' id='word_1_850' title='bbox 1261 5578 1423 5664; x_wconf 68' lang='lat' dir='ltr'><strong>Unde</strong></span> <span class='ocrx_word' id='word_1_851' title='bbox 1441 5611 1492 5666; x_wconf 90' lang='lat' dir='ltr'><strong>in</strong></span> <span class='ocrx_word' id='word_1_852' title='bbox 1520 5611 1813 5687; x_wconf 88' lang='lat' dir='ltr'><strong>Evangelio</strong></span> 
     </span>
    </p>
   </div>
   <div class='ocr_carea' id='block_1_110' title="bbox 211 5674 1815 5768">
    <p class='ocr_par' dir='ltr' id='par_1_110' title="bbox 211 5674 1815 5768">
     <span class='ocr_line' id='line_1_110' title="bbox 211 5674 1815 5768; baseline 0.022 -35"><span class='ocrx_word' id='word_1_853' title='bbox 211 5674 456 5738; x_wconf 81' lang='lat' dir='ltr'><strong>dieitur:</strong></span> <span class='ocrx_word' id='word_1_854' title='bbox 485 5681 663 5744; x_wconf 68' lang='lat' dir='ltr'><strong>Italos</strong></span> <span class='ocrx_word' id='word_1_855' title='bbox 690 5691 827 5747; x_wconf 85' lang='lat' dir='ltr'><strong>male</strong></span> <span class='ocrx_word' id='word_1_856' title='bbox 853 5694 1054 5766; x_wconf 84' lang='lat' dir='ltr'><strong>perdet,</strong></span> <span class='ocrx_word' id='word_1_857' title='bbox 1097 5706 1148 5752; x_wconf 86' lang='lat' dir='ltr'><strong>et</strong></span> <span class='ocrx_word' id='word_1_858' title='bbox 1184 5699 1388 5756; x_wconf 75' lang='lat' dir='ltr'><strong>vineam</strong></span> <span class='ocrx_word' id='word_1_859' title='bbox 1429 5720 1578 5762; x_wconf 83' lang='lat' dir='ltr'><strong>suam</strong></span> <span class='ocrx_word' id='word_1_860' title='bbox 1624 5674 1815 5768; x_wconf 52' lang='lat' dir='ltr'><strong>lobabit</strong></span> 
     </span>
    </p>
   </div>
   <div class='ocr_carea' id='block_1_111' title="bbox 296 5858 1513 5971">
    <p class='ocr_par' dir='ltr' id='par_1_111' title="bbox 296 5858 1513 5971">
     <span class='ocr_line' id='line_1_111' title="bbox 296 5858 1513 5971; baseline 0.003 0"><span class='ocrx_word' id='word_1_861' title='bbox 296 5858 911 5971; x_wconf 59' lang='lat' dir='ltr'><strong>iiti‘;.3‘:&#39;:&#39;e:22§:_e</strong></span> <span class='ocrx_word' id='word_1_862' title='bbox 940 5877 1164 5971; x_wconf 63' lang='grc' dir='ltr'><strong>ξίεεαξέε</strong></span> <span class='ocrx_word' id='word_1_863' title='bbox 1182 5878 1513 5971; x_wconf 39' lang='lat' dir='ltr'><strong>cmmode.</strong></span> 
     </span>
    </p>
   </div>
   <div class='ocr_carea' id='block_1_112' title="bbox 363 5932 1815 6028">
    <p class='ocr_par' dir='ltr' id='par_1_112' title="bbox 363 5932 1815 6028">
     <span class='ocr_line' id='line_1_112' title="bbox 363 5932 1815 6028; baseline 0.021 -37"><span class='ocrx_word' id='word_1_864' title='bbox 363 5932 444 5994; x_wconf 84' lang='lat' dir='ltr'><strong>Ita</strong></span> <span class='ocrx_word' id='word_1_865' title='bbox 473 5938 654 6011; x_wconf 78' lang='lat' dir='ltr'><strong>legere</strong></span> <span class='ocrx_word' id='word_1_866' title='bbox 700 5932 905 6016; x_wconf 76' lang='lat' dir='ltr'><strong>cogunt</strong></span> <span class='ocrx_word' id='word_1_867' title='bbox 940 5932 1149 6009; x_wconf 71' lang='lat' dir='ltr'><strong>omnes</strong></span> <span class='ocrx_word' id='word_1_868' title='bbox 1577 5954 1815 6021; x_wconf 81' lang='lat' dir='ltr'><strong>editores</strong></span> 
     </span>
    </p>
   </div>
   <div class='ocr_carea' id='block_1_113' title="bbox 1921 5433 3513 5511">
    <p class='ocr_par' dir='ltr' id='par_1_113' title="bbox 1921 5433 3513 5511">
     <span class='ocr_line' id='line_1_113' title="bbox 1921 5433 3513 5511; baseline 0.006 -23"><span class='ocrx_word' id='word_1_869' title='bbox 1921 5433 2020 5489; x_wconf 87' lang='lat' dir='ltr'><strong>Dei</strong></span> <span class='ocrx_word' id='word_1_870' title='bbox 2051 5435 2195 5490; x_wconf 89' lang='lat' dir='ltr'><strong>audit</strong></span> <span class='ocrx_word' id='word_1_871' title='bbox 2225 5435 2543 5509; x_wconf 62' lang='lat' dir='ltr'><strong>(Joannuu,</strong></span> <span class='ocrx_word' id='word_1_872' title='bbox 2572 5437 2807 5511; x_wconf 69' lang='lat' dir='ltr'><strong>47).Sed</strong></span> <span class='ocrx_word' id='word_1_873' title='bbox 2838 5441 2961 5510; x_wconf 90' lang='lat' dir='ltr'><strong>quia</strong></span> <span class='ocrx_word' id='word_1_874' title='bbox 2994 5441 3117 5496; x_wconf 90' lang='lat' dir='ltr'><strong>dum</strong></span> <span class='ocrx_word' id='word_1_875' title='bbox 3147 5440 3386 5496; x_wconf 86' lang='lat' dir='ltr'><strong>Ecclesia</strong></span> <span class='ocrx_word' id='word_1_876' title='bbox 3415 5455 3513 5498; x_wconf 83' lang='lat' dir='ltr'><strong>ve-</strong></span> 
     </span>
    </p>
   </div>
   <div class='ocr_carea' id='block_1_114' title="bbox 1921 5526 3512 5602">
    <p class='ocr_par' dir='ltr' id='par_1_114' title="bbox 1921 5526 3512 5602">
     <span class='ocr_line' id='line_1_114' title="bbox 1921 5526 3512 5602; baseline 0.004 -22"><span class='ocrx_word' id='word_1_877' title='bbox 1921 5526 2139 5581; x_wconf 87' lang='lat' dir='ltr'><strong>ritatem</strong></span> <span class='ocrx_word' id='word_1_878' title='bbox 2170 5527 2458 5597; x_wconf 68' lang='lat' dir='ltr'><strong>praedicat,</strong></span> <span class='ocrx_word' id='word_1_879' title='bbox 2503 5528 2661 5584; x_wconf 88' lang='lat' dir='ltr'><strong>multi</strong></span> <span class='ocrx_word' id='word_1_880' title='bbox 2690 5545 2799 5585; x_wconf 90' lang='lat' dir='ltr'><strong>non</strong></span> <span class='ocrx_word' id='word_1_881' title='bbox 2827 5531 3151 5602; x_wconf 87' lang='lat' dir='ltr'><strong>intelligunt,</strong></span> <span class='ocrx_word' id='word_1_882' title='bbox 3184 5532 3337 5586; x_wconf 90' lang='lat' dir='ltr'><strong>multi</strong></span> <span class='ocrx_word' id='word_1_883' title='bbox 3367 5528 3512 5602; x_wconf 87' lang='lat' dir='ltr'><strong>quod</strong></span> 
     </span>
    </p>
   </div>
   <div class='ocr_carea' id='block_1_115' title="bbox 1919 5619 3599 5691">
    <p class='ocr_par' dir='ltr' id='par_1_115' title="bbox 1919 5619 3599 5691">
     <span class='ocr_line' id='line_1_115' title="bbox 1919 5619 3599 5691; baseline 0.004 -16"><span class='ocrx_word' id='word_1_884' title='bbox 1919 5619 2247 5690; x_wconf 90' lang='lat' dir='ltr'><strong>percipiunt,</strong></span> <span class='ocrx_word' id='word_1_885' title='bbox 2279 5635 2446 5690; x_wconf 91' lang='lat' dir='ltr'><strong>pravo</strong></span> <span class='ocrx_word' id='word_1_886' title='bbox 2477 5620 2755 5677; x_wconf 89' lang='lat' dir='ltr'><strong>intellectu</strong></span> <span class='ocrx_word' id='word_1_887' title='bbox 2794 5623 3142 5691; x_wconf 81' lang='lat' dir='ltr'><strong>subvertant;</strong></span> <span class='ocrx_word' id='word_1_888' title='bbox 3174 5625 3296 5680; x_wconf 89' lang='lat' dir='ltr'><strong>ideo</strong></span> <span class='ocrx_word' id='word_1_889' title='bbox 3324 5624 3511 5681; x_wconf 81' lang='lat' dir='ltr'><strong>admo-</strong></span> <span class='ocrx_word' id='word_1_890' title='bbox 3596 5666 3599 5669; x_wconf 49' lang='grc' dir='ltr'><strong><em>λ</em></strong></span> 
     </span>
    </p>
   </div>
   <div class='ocr_carea' id='block_1_116' title="bbox 1920 5710 3328 5787">
    <p class='ocr_par' dir='ltr' id='par_1_116' title="bbox 1920 5710 3328 5787">
     <span class='ocr_line' id='line_1_116' title="bbox 1920 5710 3328 5787; baseline 0.004 -20"><span class='ocrx_word' id='word_1_891' title='bbox 1920 5711 2073 5768; x_wconf 86' lang='lat' dir='ltr'><strong>neuti</strong></span> <span class='ocrx_word' id='word_1_892' title='bbox 2100 5719 2159 5766; x_wconf 89' lang='lat' dir='ltr'><strong>ut</strong></span> <span class='ocrx_word' id='word_1_893' title='bbox 2186 5710 2465 5782; x_wconf 70' lang='lat' dir='ltr'><strong>praedicet,</strong></span> <span class='ocrx_word' id='word_1_894' title='bbox 2495 5712 2792 5784; x_wconf 83' lang='lat' dir='ltr'><strong>respondet</strong></span> <span class='ocrx_word' id='word_1_895' title='bbox 2818 5730 3039 5787; x_wconf 84' lang='lat' dir='ltr'><strong>sponsa.</strong></span> <span class='ocrx_word' id='word_1_896' title='bbox 3070 5725 3126 5773; x_wconf 88' lang='lat' dir='ltr'><strong>et</strong></span> <span class='ocrx_word' id='word_1_897' title='bbox 3153 5716 3282 5773; x_wconf 88' lang='lat' dir='ltr'><strong>dicit</strong></span> <span class='ocrx_word' id='word_1_898' title='bbox 3312 5732 3328 5772; x_wconf 87' lang='lat'><strong>:</strong></span> 
     </span>
    </p>
   </div>
   <div class='ocr_carea' id='block_1_117' title="bbox 1922 5888 3507 5969">
    <p class='ocr_par' dir='ltr' id='par_1_117' title="bbox 1922 5888 3507 5969">
     <span class='ocr_line' id='line_1_117' title="bbox 1922 5888 3507 5969; baseline 0.003 -23"><span class='ocrx_word' id='word_1_899' title='bbox 1922 5888 2000 5946; x_wconf 87' lang='lat' dir='ltr'><strong>ita</strong></span> <span class='ocrx_word' id='word_1_900' title='bbox 2025 5889 2340 5969; x_wconf 66' lang='lat' dir='ltr'><strong>mutandum</strong></span> <span class='ocrx_word' id='word_1_901' title='bbox 2369 5897 2627 5969; x_wconf 81' lang='lat' dir='ltr'><strong>putarunt</strong></span> <span class='ocrx_word' id='word_1_902' title='bbox 2655 5908 2670 5947; x_wconf 89' lang='lat'><strong>:</strong></span> <span class='ocrx_word' id='word_1_903' title='bbox 2694 5889 2832 5949; x_wconf 87' lang='lat' dir='ltr'><strong>Dum</strong></span> <span class='ocrx_word' id='word_1_904' title='bbox 2863 5893 2917 5948; x_wconf 93' lang='lat' dir='ltr'><strong>in</strong></span> <span class='ocrx_word' id='word_1_905' title='bbox 2948 5894 3042 5969; x_wconf 85' lang='lat' dir='ltr'><strong>hoc</strong></span> <span class='ocrx_word' id='word_1_906' title='bbox 3066 5894 3259 5954; x_wconf 85' lang='lat' dir='ltr'><strong>mundo</strong></span> <span class='ocrx_word' id='word_1_907' title='bbox 3284 5894 3507 5969; x_wconf 69' lang='lat' dir='ltr'><strong>perfecte</strong></span> 
     </span>
    </p>
   </div>
   <div class='ocr_carea' id='block_1_118' title="bbox 1921 5958 3094 6033">
    <p class='ocr_par' dir='ltr' id='par_1_118' title="bbox 1921 5958 3094 6033">
     <span class='ocr_line' id='line_1_118' title="bbox 1921 5958 3094 6033; baseline 0.006 -14"><span class='ocrx_word' id='word_1_908' title='bbox 1921 5978 2017 6033; x_wconf 87' lang='lat' dir='ltr'><strong>pro</strong></span> <span class='ocrx_word' id='word_1_909' title='bbox 2044 5958 2250 6023; x_wconf 78' lang='lat' dir='ltr'><strong>Christo</strong></span> <span class='ocrx_word' id='word_1_910' title='bbox 2272 5958 2450 6025; x_wconf 65' lang='lat' dir='ltr'><strong>comitia</strong></span> <span class='ocrx_word' id='word_1_911' title='bbox 2475 5971 2682 6026; x_wconf 79' lang='lat' dir='ltr'><strong>terrena</strong></span> <span class='ocrx_word' id='word_1_912' title='bbox 2701 5968 3094 6027; x_wconf 82' lang='lat' dir='ltr'><strong>contemnimus.</strong></span> 
     </span>
    </p>
   </div>
  </div>
