4038 6338
410 316 550 423 "sa

1656 351 1901 415 SANCTl
1940 348 2273 413 GREGORll
2310 354 2526 416 MAGN!

3640 361 3749 419 $52

443 475 732 553 prostravit
758 517 774 546 ,
811 480 868 533 et
892 472 1092 533 Gentes
1119 470 1429 533 innumeras
1466 473 1673 547 imperii
1719 475 1803 531 sui
1849 472 2038 530 ditioni
2066 471 2119 532 A
2140 486 2364 529 suavem
2376 474 2441 529 ad
2458 488 2617 529 aures
2644 472 3009 531 misericordis
3030 468 3125 531 Dei
3152 488 3347 532 vocem
3374 475 3748 535 exsultationis

444 569 655 641 subegit
685 566 736 640 (l
768 567 899 639 Reg.
927 568 1086 638 xvn);
1120 584 1226 624 non
1256 567 1550 637 incongrue
1592 567 1781 624 eodem
1824 568 2041 623 nomine

443 672 686 723 unctam
715 662 948 717 animam
976 661 1289 731 accipimus,
1316 676 1435 733 qua:
1462 662 1633 731 illum,
1659 662 1751 733 qui
1778 661 1932 733 quasi
1956 662 2042 718 leo

444 757 664 826 rugiens
708 755 899 812 circuit
942 770 1188 824 quaerens
1232 770 1395 825 quem
1440 754 1684 822 devoret,
1728 754 1782 809 in
1829 768 1888 809 se
1927 752 2043 822 ipsa

444 848 716 907 interfecit
752 846 807 920 (ι
849 846 990 901 Petr.
1037 848 1117 917 v).
1151 845 1215 900 Et
1244 846 1289 902 si
1318 846 1536 917 quando
1567 862 1684 902 eam
1714 846 1852 902 sicut
1889 844 2044 903 fortis

447 948 685 996 armatus
728 948 917 1010 aperto
945 939 1241 994 certamine
1267 938 1593 1009 aggreditur,
1640 938 1853 1009 lapidis,
1883 953 2045 1007 quem

443 1032 872 1102 reprobaverunt
896 1030 1243 1097 mdiﬁcantes,
1274 1030 1423 1085 illum
1452 1031 1562 1086 ictu
1590 1032 1899 1100 prosternit,
1925 1047 2047 1086 cor-

442 1128 592 1197 poris
622 1127 967 1183 nihilominus
996 1127 1272 1197 passiones
1298 1127 1516 1195 subigit,
1560 1136 1722 1195 atque
1769 1126 1834 1181 ad
1878 1112 2047 1181 virtu—

444 1225 558 1273 tum
588 1218 766 1274 ofﬁcia
793 1218 1059 1274 convertit
1090 1217 1239 1289 (Luc.
1267 1234 1343 1285 χι,
1376 1216 1403 1271 Ι
1432 1216 1580 1272 Patr.
1611 1217 1695 1289 ιι).
1727 1215 2047 1273 Psalterium

445 1322 664 1379 quoque
706 1308 949 1365 eamdem
992 1309 1225 1364 animam
1268 1308 1600 1378 spiritalibus
1643 1308 1914 1364 exercitiis
1961 1324 2049 1364 as-

442 1409 656 1457 suetam
692 1417 800 1456 non
838 1401 1276 1457 inconvenienter
1314 1401 1669 1457 nominamus.
1717 1400 1869 1458 Sicut
1905 1402 2047 1457 enim

443 1493 710 1550 musicum
732 1492 861 1549 illud
884 1494 1297 1549 instrumentum
1324 1495 1648 1569 triangulum
1673 1495 1863 1551 decem
1885 1496 2047 1551 chor-

446 1587 637 1645 darum
667 1588 887 1645 inferius
913 1588 1132 1662 quidem
1161 1590 1476 1660 percutitur,
1509 1591 1758 1661 superius
1786 1606 1915 1646 vero
1954 1604 2045 1645 so-

444 1695 575 1738 nare
594 1682 832 1749 videtur;
858 1683 931 1738 ita
953 1683 1131 1737 anima
1154 1693 1353 1739 sancta:
1374 1682 1653 1740 Trinitatis
1674 1682 1777 1740 ﬁde
1796 1681 2045 1751 formata,

445 1780 630 1836 decem
660 1778 819 1848 Legis
846 1778 1132 1849 praeceptis
1160 1778 1419 1833 instructa
1446 1821 1461 1845 ,
1502 1777 1723 1833 inferius
1750 1775 2048 1847 percutitur

2144 569 2339 625 reddit.
2371 568 2542 639 Majus
2589 578 2671 625 est
2699 570 2842 626 enim
2872 570 3074 641 angelis
3101 569 3195 625 Dei
3235 586 3397 641 super
3423 586 3533 627 uno
3559 586 3752 643 pecca-

2146 669 2265 718 tore
2310 663 2606 731 pmnitente
2651 662 2924 732 gaudium,
2965 678 3128 733 quam
3162 662 3229 717 de
3258 664 3751 732 nonagintanovem

2144 756 2543 827 perseverantia
2568 756 2838 827 justorum
2890 755 3041 827 (Luc.
3091 757 3204 827 xv).
3235 752 3301 810 Et
3326 755 3416 826 qui
3445 772 3547 827 pro
3577 757 3755 811 indul-

2146 848 2339 920 gentiae
2365 847 2633 905 desiderio
2660 849 2972 919 iniquitates
2995 864 3120 905 suas
3149 849 3454 915 annuntiat,
3486 848 3543 903 in
3572 850 3754 905 taber-

2147 940 2354 995 naculis
2398 939 2667 1009 jnstorum
2714 940 2943 997 dulciter
2971 942 3265 1013 hymnizat.
3298 941 3464 1013 468
3492 940 3757 1010 Loquitur

2146 1047 2275 1104 ergo
2315 1036 2368 1089 in
2403 1035 2507 1091 hoc
2546 1035 2753 1105 psalmo
2784 1033 2953 1091 ﬁdelis
2982 1037 3179 1101 anima,
3214 1043 3462 1092 octavam
3502 1035 3675 1103 illam,
3707 1036 3758 1091 id

2147 1136 2230 1183 est
2251 1128 2391 1184 diem
2415 1127 2601 1197 judicii
2630 1128 2962 1185 tremendam
2989 1128 3358 1195 considerans,
3383 1136 3758 1198 terroremque

2146 1217 2499 1274 districtionis
2523 1219 2717 1274 divinae
2738 1228 2793 1275 et
2813 1220 3167 1289 reproborum
3199 1218 3607 1276 damnationem
3635 1235 3757 1290 per-
3799 1216 3806 1236 "

2146 1320 2366 1384 petuam
2411 1313 2711 1384 prudentia:
2750 1313 2943 1368 intuitu
2973 1313 3370 1383 contemplans.
3417 1312 3483 1367 Et
3526 1314 3656 1384 quia
3693 1312 3762 1368 de

2146 1406 2261 1462 suis
2287 1406 2497 1464 meritis
2524 1406 2771 1462 difﬁdens
2796 1450 2811 1473 ,
2845 1406 2898 1462 in
2926 1422 2986 1463 se
3012 1407 3247 1477 qualiter
3274 1408 3327 1461 in
3356 1406 3447 1461 illo
3476 1405 3757 1461 tremendo

2148 1501 2399 1557 examine
2440 1501 2577 1557 iram
2620 1500 2845 1557 ultionis
2887 1500 3083 1557 divinae
3123 1500 3361 1570 effugere
3405 1500 3599 1571 possit,
3651 1515 3760 1554 non

2148 1590 2383 1659 invenit;
2414 1592 2674 1649 audacter
2700 1593 2941 1664 quidem,
2971 1593 3067 1649 sed
3094 1593 3429 1649 conﬁdenter
3453 1592 3522 1647 ad
3552 1591 3757 1647 fontem

2148 1682 2552 1751 misericordiae,
2586 1685 2780 1742 faciem
2809 1686 2929 1757 ejus
2957 1700 3342 1756 prreoccupans
3370 1683 3603 1750 accedit,
3646 1700 3758 1738 ma-

2148 1773 2267 1835 lens
2294 1776 2349 1831 in
2378 1776 2480 1833 hac
2509 1778 2619 1834 vita
2668 1795 2767 1850 per
2802 1781 3175 1852 pmnitentiam
3205 1789 3261 1835 et
3288 1779 3499 1849 flagella
3526 1779 3759 1845 conteri,

445 1880 502 1928 et
543 1872 787 1942 superius
827 1871 1068 1936 auditur;
1117 1870 1245 1940 quia
1280 1886 1402 1925 cum
1444 1886 1662 1925 carnem
1700 1868 1891 1936 aliquis
1925 1882 2049 1936 per-
2078 1864 2128 1925 B
2151 1881 2313 1938 quam
2364 1870 2416 1925 in
2466 1870 2648 1928 futuro
2695 1873 2984 1929 horrendis
3019 1874 3409 1945 suppliciorum
3436 1874 3762 1928 cruciatibus

442 1964 583 2021 fecte
624 1962 909 2032 amixerit,
948 1970 1078 2017 tunc
1115 1962 1492 2018 suavissimum
1535 1962 1646 2016 Deo
1685 1960 1736 2013 in
1767 1957 2052 2015 dulcedine

443 2057 612 2112 melos
666 2055 861 2112 reddit.
904 2052 1009 2111 Per
1044 2053 1311 2126 psalmum
1359 2067 1487 2123 ergo
1512 2093 1527 2120 ,
1580 2051 1958 2108 meditationes
1999 2058 2055 2106 et

444 2144 633 2202 laudes
661 2153 717 2202 et
744 2146 939 2217 gaudia
967 2146 1036 2202 de
1075 2145 1189 2202 Deo
1229 2146 1284 2201 in
1327 2146 1510 2201 animo
1551 2152 1814 2215 concepta
1849 2142 2051 2214 accipi-

444 2252 589 2307 mus,
618 2238 758 2293 sicut
784 2245 997 2293 cantum
1028 2238 1171 2293 illius
1195 2237 1385 2293 musici
1414 2236 1755 2293 instrumenti
1784 2235 2050 2305 psalmum

445 2344 721 2384 vocamus.
756 2326 1004 2384 Psalmus
1045 2344 1174 2400 ergo
1212 2330 1345 2396 iste,
1394 2328 1447 2384 id
1477 2335 1561 2384 est
1591 2328 1706 2383 hmo
1733 2327 2049 2396 meditatio,

444 2418 652 2487 David,
704 2420 755 2475 id
795 2427 879 2475 est
924 2418 1066 2475 ﬁdeli
1113 2420 1307 2474 anima:
1336 2418 1623 2474 virtutibus
1670 2428 1697 2457 ι
1742 2418 2053 2474 exercitatas

447 2515 791 2582 attribuitur;
841 2516 1034 2572 animae
1071 2516 1278 2572 scilicet
1323 2516 1561 2573 tendenti
1591 2518 1645 2572 in
1675 2514 1854 2583 ﬁnem,
1886 2515 1941 2572 id
1969 2521 2053 2573 est

444 2601 499 2660 in
536 2606 809 2664 Christum
836 2650 851 2675 ,
896 2609 992 2679 qui
1033 2617 1118 2665 est
1162 2609 1370 2665 initium
1425 2617 1481 2665 et
1522 2608 1641 2665 ﬁnis
1689 2608 1873 2680 (Apoc.
1914 2606 2048 2679 xxi).

445 2698 691 2756 Christus
721 2699 842 2757 ﬁnis
873 2702 1073 2758 dicitur
1096 2744 1112 2769 ,
1143 2703 1228 2759 vel
1256 2702 1381 2775 quia
1410 2710 1496 2760 est
1523 2701 1919 2759 consummatio
1949 2700 2054 2757 Le-

444 2792 527 2861 gis
546 2803 601 2848 et
621 2793 1031 2866 Pr0phetarum,
1060 2796 1203 2852 sicut
1232 2797 1346 2866 ipse
1372 2796 1615 2867 pendens
1636 2795 1691 2851 in
1712 2809 1875 2850 cruce
1892 2801 2053 2849 testa-

447 2893 531 2941 tus
562 2897 663 2955 est,
695 2905 816 2945 cum
846 2899 1002 2946 aceto
1032 2898 1088 2946 et
1111 2889 1236 2946 felle
1273 2899 1492 2961 potatus
1521 2892 1656 2947 dixit
1683 2909 1694 2945 :
1720 2890 1876 2962 467
1910 2889 2051 2946 Con-

444 2992 755 3037 summatum
800 2993 877 3037 est
926 2983 1104 3055 (Joan.
1158 3001 1270 3052 xu,
1314 2984 1430 3057 50).
1482 2984 1579 3040 Vel
1618 2986 1743 3055 quia
1783 2986 2048 3042 bonorum

446 3076 686 3129 omnium
732 3075 994 3147 perfectio
1041 3084 1163 3138 est.
1212 3078 1339 3147 quia
1386 3077 1592 3133 nullum
1639 3078 1840 3133 bonum
1884 3077 2051 3148 perﬁ-

449 3165 627 3235 citur,
678 3166 779 3221 nisi
832 3166 975 3236 quod
1023 3168 1075 3222 in
1126 3183 1336 3224 summo
1381 3168 1527 3224 bono
1570 3168 1847 3224 solidatur.
1900 3168 2052 3225 Sicut

2155 1962 2338 2033 aflligi.
2378 1963 2518 2031 Quid
2560 1980 2689 2037 ergo
2725 1967 2869 2023 dicat
2900 1968 3202 2035 audiamus,
3242 1976 3296 2023 et
3343 1968 3485 2022 illius
3513 1966 3762 2037 exemplo

2154 2070 2278 2112 cum
2307 2055 2502 2114 ﬁducia
2530 2059 2599 2113 ad
2631 2059 2882 2116 thronum
2911 2061 3096 2131 glorim
3128 2062 3219 2117 Dei
3247 2060 3521 2117 adeamus.

2741 2152 3180 2209 EXPLANATIO

2530 2260 2716 2301 PSALII
2755 2262 2899 2302 PR]!!!
2938 2262 3385 2303 Ρωκιτεκτμιιε.

2227 2334 2393 2409 (Psal.
2425 2337 2765 2394 vn—Vers.
2795 2338 2870 2409 1.)
2908 2336 3151 2405 Domine,
3177 2356 3243 2393 ne
3271 2341 3325 2393 in
3356 2340 3536 2412 furore
3564 2350 3651 2397 tuo
3680 2356 3765 2395 or-

2155 2446 2286 2501 guas
2315 2447 2395 2484 me
2414 2471 2430 2499 ,
2461 2446 2624 2501 neque
2648 2431 2811 2485 inira
2848 2439 2936 2485 tua
2966 2431 3222 2498 corripias
3248 2449 3348 2487 me.

2228 2521 2279 2576 1.
2326 2520 2482 2577 Vides
2511 2537 2675 2592 quam
2703 2523 2904 2578 bonum
2934 2523 3276 2594 principium,
3308 2540 3471 2595 quam
3499 2523 3763 2581 affectuo-

2151 2628 2294 2678 sum,
2320 2628 2481 2683 quam
2504 2612 2691 2683 gratiae
2712 2614 2952 2684 plenum.
2976 2612 3035 2669 ln
3056 2629 3123 2670 eo
3144 2615 3286 2670 enim
3310 2615 3457 2686 quod
3474 2616 3765 2674 Dominum

2154 2721 2280 2762 eum
2324 2705 2559 2770 vocavit,
2609 2705 2757 2776 quod
2784 2707 2867 2762 sui
2890 2707 3014 2777 jure
3052 2707 3296 2764 misereri
3325 2706 3551 2764 deberet
3578 2719 3764 2765 osten-

2153 2797 2255 2854 dit.
2286 2796 2640 2853 Dominorum
2670 2798 2815 2854 enim
2845 2807 2946 2865 est,
2978 2812 3166 2855 servos
3203 2799 3347 2856 alere
3370 2839 3386 2867 ,
3440 2816 3551 2856 non
3596 2800 3764 2870 negli-

2153 2903 2321 2960 gere;
2350 2889 2722 2962 delinquentes
2751 2893 3044 2961 corrigere,
3084 2908 3193 2949 non
3222 2907 3449 2961 necare;
3498 2894 3764 2961 fugientes

2153 2978 2453 3050 requirere,
2500 2996 2608 3036 non
2652 2980 2920 3037 abdicare.
2953 2980 3196 3049 Domine,
3248 3000 3312 3038 ne
3356 2984 3409 3038 in
3448 2985 3631 3054 furore
3658 2993 3762 3039 tuo.

2153 3069 2306 3125 Solet
2334 3069 2472 3136 ﬁeri,
2506 3079 2564 3125 ut
2592 3072 2682 3142 qui
2707 3071 3050 3127 dominorum
3096 3073 3230 3129 iram
3260 3074 3560 3139 incurrunt,
3596 3075 3644 3129 si
3689 3075 3765 3130 eis

2154 3162 2498 3217 reconciliari
2548 3171 2828 3234 appetunt,
2877 3172 3137 3235 patronos
3186 3176 3451 3236 quaerant,
3483 3167 3767 3223 interven-

447 3261 589 3317 euim
619 3263 773 3319 nobis
816 3277 926 3318 non
969 3261 1170 3319 sufﬁcit
1198 3261 1333 3320 alios
1358 3262 1532 3320 honos
1560 3278 1822 3333 quaerere,
1854 3263 1956 3318 nisi
1983 3260 2051 3318 ad
2072 3245 2125 3311 Ο
2155 3263 2301 3312 tores
2321 3256 2631 3325 adhibeant,
2656 3257 2949 3315 advocatos
2973 3258 3296 3317 adsciscam.
3321 3260 3428 3317 Sed
3448 3261 3557 3315 haec
3576 3261 3761 3316 anima

444 3353 560 3424 ejus
583 3356 896 3413 studeamus
924 3356 1258 3427 agnitionem
1288 3358 1603 3429 pervenire:
1636 3357 1712 3413 ita
1732 3373 1799 3414 eo
1828 3357 2047 3413 invento

448 3446 625 3503 nullus
650 3447 759 3518 jam
789 3448 987 3505 melior
1011 3451 1284 3520 quaeritur,
1323 3450 1448 3520 quia
1476 3448 1653 3506 omnis
1681 3456 1929 3505 creatura
1957 3464 2045 3514 eo,

443 3538 545 3596 Sub
574 3539 723 3610 cujus
752 3542 978 3613 pedibus
1007 3557 1039 3597 a
1069 3540 1230 3599 Patre
1258 3544 1438 3599 omnia
1467 3551 1594 3600 sunt
1624 3544 1885 3613 subjecta,
1916 3543 2051 3600 infe-

448 3632 558 3687 rior
587 3632 875 3689 invenitur.
908 3633 1014 3689 Pro
1043 3632 1070 3673 δ
1102 3644 1293 3691 octava
1323 3651 1454 3692 vero
1482 3636 1724 3707 psalmus
1751 3637 1853 3692 iste
1878 3635 2049 3692 factus

449 3723 725 3787 asseritur,
752 3725 877 3794 quia
904 3740 1002 3795 pro
1025 3726 1454 3784 consideratione
1479 3729 1671 3785 futurae
1697 3730 2050 3785 resurrectio-

450 3816 532 3872 nis
560 3814 786 3871 Domino
812 3815 1145 3871 decantatur.
1177 3817 1346 3875 Omne
1378 3821 1657 3890 praesentis
1686 3821 1807 3876 vitae
1838 3829 2049 3890 tempus

448 3914 654 3975 septem
705 3906 893 3962 diebus
920 3908 1215 3977 evolvitur;
1267 3919 1322 3966 et
1369 3911 1491 3966 ideo
1519 3922 1720 3969 mterna
1748 3912 1882 3979 dies,
1932 3928 2051 3983 qua:

449 3999 659 4069 erpleta
685 3999 877 4055 horum
907 4000 1116 4058 dierum
1143 4003 1508 4059 vicissitudine
1530 4004 1704 4059 futura
1726 4015 1828 4069 est,
1856 4014 2049 4061 octava

447 4098 687 4147 vocatur.
722 4091 787 4146 Et
830 4094 953 4164 quia
986 4111 1083 4165 pro
1129 4096 1560 4153 consideratione
1588 4098 1815 4154 extremi
1856 4099 2050 4170 judicii

447 4186 683 4256 psalmus
712 4188 814 4246 iste
842 4189 1163 4257 concinitur,
1196 4198 1346 4247 recte
1375 4206 1473 4262 pro
1502 4200 1692 4247 octava
1722 4193 2046 4251 intitulatur.

448 4275 545 4332 Vel
572 4279 695 4348 quia
725 4281 966 4349 sequitur
994 4279 1156 4337 ﬁnem
1185 4283 1418 4338 carnalis
1448 4292 1505 4339 et
1536 4285 1789 4355 spiritalis
1819 4300 2049 4355 genera-

451 4366 632 4435 tionis,
665 4368 790 4425 ideo
817 4380 1007 4426 octava
1046 4371 1245 4429 dicitur
1272 4377 1705 4435 resurrectionis.
1736 4375 1876 4434 Caro
1906 4378 2048 4433 enim

449 4474 515 4514 ex
544 4470 776 4531 quatuor
801 4472 1015 4520 constat
1038 4465 1341 4536 elementis,
1368 4468 1545 4523 anima
1574 4470 1744 4526 tribus
1768 4478 2051 4539 vegetatur

449 4554 674 4608 naturis.
705 4552 804 4610 Est
830 4557 974 4612 enim
1000 4558 1275 4613 rationalis
1297 4558 1365 4615 ad
1385 4559 1823 4629 discernendum,
1849 4576 2049 4617 concu-

2152 3348 2295 3404 illius
2335 3348 2587 3405 terribilis
2624 3349 2811 3418 judicii
2851 3358 3059 3407 terrore
3107 3352 3386 3422 perculsa,
3429 3353 3628 3408 amoris
3666 3352 3765 3408 Dei

2152 3440 2441 3498 desiderio'
2472 3456 2740 3509 accensa,
2787 3457 2970 3498 moras
3017 3458 3126 3499 non
3175 3444 3399 3515 patitur,
3447 3445 3764 3502 dilationem

2153 3544 2468 3603 aversatur;
2501 3544 2555 3591 et
2575 3535 2620 3593 si
2649 3534 2715 3591 ad
2744 3535 2936 3593 horam
2961 3536 3132 3593 Deum
3158 3538 3451 3595 convenire
3471 3538 3767 3619 distulerit.

2152 3624 2557 3683 damnationem
2602 3642 2663 3684 se
2702 3628 2934 3685 evadere
2964 3646 3074 3687 non
3103 3632 3618 3701 posse-arbitratur.
3665 3633 3765 3689 De-

2151 3719 2407 3776 siderium
2436 3721 2718 3777 enimnon
2757 3724 3005 3789 sustinet,
3058 3733 3113 3780 et
3157 3726 3210 3781 in
3256 3726 3517 3797 patientia
3547 3729 3767 3784 modum

2151 3826 2260 3866 non
2290 3812 2475 3867 habet.
2508 3812 2662 3869 Vires
2688 3830 2818 3885 ergo
2848 3816 3074 3885 colligit,
3108 3818 3175 3874 de
3221 3818 3595 3875 misericordia
3626 3819 3766 3876 Con-

2151 3902 2343 3960 ditoris
2374 3902 2618 3971 conlidit,
2664 3915 2720 3961 et
2746 3908 2898 3977 quasi
2928 3923 3052 3963 eum
3084 3920 3404 3979 praesentem
3432 3913 3641 3981 videat,
3689 3915 3768 3969 lo-

2151 3996 2244 4065 qui
2289 3996 2586 4065 praasumit.
2639 3997 2717 4053 Ac
2764 3998 2811 4052 si
2865 3998 3204 4056 dicat:Scio
3256 4002 3472 4071 quidem
3520 4004 3649 4072 quia
3700 4004 3768 4059 ab

2152 4085 2323 4141 oculis
2356 4087 2481 4156 tuis,
2527 4087 2664 4144 meis
2690 4089 2949 4145 excludor
2978 4091 3219 4159 meritis;
3250 4093 3345 4148 sed
3379 4102 3560 4149 tamen
3589 4096 3767 4150 minor

2151 4194 2269 4235 sum
2296 4180 2506 4237 cunctis
2534 4183 2969 4241 miserationibus
3015 4186 3139 4242 tuis.
3186 4185 3265 4242 Tu
3292 4188 3478 4257 igitur,
3511 4189 3761 4253 Domine,

2152 4272 2305 4342 cujus
2346 4289 2434 4331 me
2477 4291 2693 4333 servum
2721 4293 2842 4334 esse
2868 4294 2979 4334 non
3028 4279 3274 4349 abnego,
3323 4281 3476 4350 cujus
3523 4281 3768 4351 imperiis

2151 4365 2529 4437 obtemperare
2556 4369 2829 4440 desidero,
2877 4369 3033 4441 cujus
3064 4388 3231 4427 suave
3256 4376 3445 4443 jugum
3491 4373 3640 4429 ferre
3670 4390 3765 4431 ne-

2151 4473 2419 4529 quaquam
2449 4476 2660 4529 recuso,
2689 4478 2754 4517 ne
2795 4480 2986 4535 arguas
3015 4480 3096 4518 me
3123 4465 3178 4519 in
3205 4465 3381 4535 furore
3408 4474 3515 4518 tuo.
3548 4464 3651 4520 llic
3677 4481 3766 4521 me

2152 4554 2331 4623 potius
2368 4569 2565 4624 argue;
2616 4555 2743 4611 dum
2795 4565 3006 4627 tempus
3053 4565 3138 4613 est
3183 4557 3587 4623 misericordite,
3642 4574 3764 4613 coro

447 4643 705 4715 piscibilis
731 4644 801 4702 ad
835 4648 1061 4705 virtutes
1091 4651 1467 4721 appetendum,
1499 4652 1781 4709 irascibilis
1807 4652 1873 4707 ad
1922 4653 2047 4709 vitia

2152 4646 2301 4717 ripe;
2350 4647 2475 4702 dum
2511 4648 2625 4704 dies
2658 4650 2847 4706 salutis
2884 4658 2985 4718 est,
3019 4665 3237 4705 exerce.
3270 4649 3523 4721 Quisquis
3562 4651 3617 4705 in
3658 4652 3761 4707 hac

449 4740 825 4796 aversandum.
874 4742 949 4797 De
992 4743 1093 4799 hac
1133 4744 1277 4800 enim
1303 4744 1383 4800 ira
1410 4760 1508 4816 per
1531 4744 1783 4801 eumdem
1813 4747 2048 4816 prophe-

450 4837 560 4885 tam
585 4832 820 4887 dicitur:
853 4831 1179 4902 Irascimini,
1221 4843 1271 4889 et
1310 4836 1467 4891 nolite
1496 4853 1709 4906 peccare
1755 4837 1943 4907 (Psal.
1975 4855 2047 4906 tv,

450 4921 525 4995 5).
564 4925 716 4992 Quod
755 4927 899 4983 enim
940 4942 999 4983 se
1036 4936 1225 4983 contra
1256 4929 1492 4998 seipsum
1530 4929 1803 4997 erexerit,
1848 4938 1902 4986 et
1931 4931 2049 4986 zelo

446 5018 782 5075 rectitudinis
808 5019 1184 5088 inflammatus,
1206 5028 1395 5076 contra
1420 5022 1671 5076 vitiorum
1699 5037 1758 5077 se
1782 5022 2047 5093 importu-

448 5108 643 5165 nitates
667 5112 892 5167 viriliter
920 5115 1290 5179 commoverit,
1327 5113 1381 5167 in
1410 5122 1703 5184 conspectu
1734 5115 1927 5170 interni
1952 5116 2045 5185 ju-

446 5202 578 5259 dicis
617 5220 956 5275 nequaquam
1001 5206 1244 5277 deliquit.
1296 5205 1395 5263 Vel
1440 5208 1734 5264 secundum
1781 5212 2041 5279 quosdam

448 5303 639 5352 octava
668 5295 865 5354 dicitur
885 5339 901 5366 ,
951 5299 1074 5368 quia
1121 5299 1363 5369 sequitur
1388 5315 1483 5355 sex
1510 5310 1698 5358 anates
1725 5303 1779 5358 in
1810 5303 1914 5360 hoc
1938 5319 2041 5360 sa:-

446 5388 569 5442 culo
594 5389 908 5459 viventium,
954 5399 1010 5445 et
1032 5391 1314 5462 septimam
1342 5392 1724 5451 dormientium
1749 5396 2039 5466 justorum.

447 5474 599 5533 Hunc
636 5488 811 5536 autem
850 5480 1113 5552 psalmum
1159 5483 1213 5539 in
1253 5484 1465 5557 hymnis
1502 5484 1808 5544 habendum
1860 5489 2040 5547 titulus

446 5568 697 5637 adstruit;
745 5573 870 5642 quia
918 5574 1009 5644 qui
1056 5584 1232 5633 tactus
1257 5577 1446 5635 dolore
1494 5581 1673 5637 cordis
1719 5582 2041 5639 intrinsecus

448 5670 699 5733 pecccata
735 5679 832 5721 sua
872 5667 1135 5726 conﬁtens
1200 5686 1297 5728 cor
1335 5672 1392 5728 in
1432 5674 1749 5745 poenitentia
1786 5677 2036 5743 conterit,

519 5873 545 5904 ι
583 5865 783 5951 Alludit
821 5867 889 5951 ad
923 5870 1136 5951 p_salmi_
1162 5874 1406 5951 titu.um_.
1454 5877 1664 5951 iniquo
1709 5878 2037 5950 regnum!!!

450 5935 607 6004 ﬁnem
633 5938 687 5995 in
714 5935 1060 6012 Carminibus,
1092 5943 1338 6003 Psalmus
1365 5935 1556 6020 David,
1574 5935 1679 6024 'pro
1701 5935 1902 6011 octava.

2147 4740 2259 4796 vita
2288 4738 2512 4811 ﬂagellis
2556 4744 2825 4812 atteritur,
2877 4744 2931 4799 in
2979 4744 3390 4800 mansuetudine
3433 4744 3756 4815 corripitur;

2146 4837 2273 4905 quia
2319 4840 2749 4909 correptionibus
2796 4841 3131 4897 emendatur.
3172 4840 3231 4895 lu
3279 4840 3373 4895 illo
3419 4849 3594 4894 autem
3644 4835 3762 4895 tri:-

2147 4932 2344 4988 mendo
2384 4934 2633 4992 examine
2680 4935 2895 5006 iniquus
2930 4936 3104 4992 omnis
3149 4935 3204 4991 in
3245 4934 3429 4990 furore
3476 4933 3754 5002 arguitur;

2151 5025 2277 5094 quia
2316 5041 2530 5096 pmnam
2574 5026 3024 5085 interminabilem
3069 5028 3225 5085 venia
3262 5027 3409 5082 nulla
3440 5027 3751 5081 comitatur.

2149 5117 2306 5172 Absit
2330 5126 2391 5172 ut
2418 5119 2469 5175 in
2499 5116 2611 5175 Deo
2637 5120 2873 5176 furorem
2902 5120 3208 5177 credamus.
3252 5117 3373 5175 Non
3420 5117 3566 5174 enim
3613 5124 3757 5172 esset

2149 5209 2623 5281 incommutabilis,
2668 5214 2713 5269 si
2758 5229 2880 5269 eum
2928 5227 3276 5269 commovere
3302 5222 3485 5283 posset
3526 5211 3754 5280 alicujus

2147 5304 2441 5360 necessitas
2487 5305 2769 5375 passionis.
2820 5304 2928 5360 Sed
2972 5304 3100 5374 quia
3146 5303 3305 5360 aliter
3350 5306 3419 5359 de
3460 5301 3575 5359 Deo
3601 5344 3618 5371 ,
3649 5299 3751 5355 nisi

2144 5397 2441 5452 secundum
2487 5397 2776 5455 humanum
2823 5415 3032 5456 morem
3073 5400 3222 5473 loqui
3272 5416 3377 5456 non
3426 5412 3748 5470 possumus,

2145 5488 2369 5547 inﬁnita:
2404 5490 2765 5550 damnationis
2799 5494 3124 5550 sententiam
3145 5536 3161 5563 ,
3193 5493 3428 5550 furorem
3466 5501 3747 5547 vocamus.

2147 5582 2264 5641 Non
2311 5594 2371 5640 ut
2415 5584 2472 5640 in
2518 5584 2608 5640 illa
2650 5584 2867 5655 jnstitia:
2911 5585 3239 5653 severitate,
3300 5584 3476 5655 aliqua
3525 5598 3749 5641 omnino

2144 5677 2552 5749 perturbatione
2581 5676 2722 5733 Deus
2748 5686 3030 5737 moveatur
3053 5718 3071 5747 ,
3120 5680 3215 5737 sed
3258 5678 3385 5752 quia
3425 5677 3483 5736 in
3528 5692 3627 5736 eos
3654 5674 3749 5748 qui

2213 5882 2242 5924 ιι
2283 5884 2418 5944 Vide
2448 5887 2784 5959 superiorem
2815 5890 3013 5944 notam.
