4038 6338
286 400 393 461 553

1036 394 1102 453 IN
1142 392 1417 455 SEPTEM
1454 392 1704 454 PSALM.
1743 383 2006 453 ΡίῈΝΙΤ.
2046 386 2429 452 EXPOSITIO.
2468 420 2541 437 -
2578 392 2774 453 PSAL.
2816 390 2865 449 l.‘

3477 395 3590 456 554

283 515 488 591 duplici
513 520 639 574 sunt
663 510 989 570 contritione
1013 509 1329 566 conterendi
1353 549 1371 577 ,
1416 509 1885 566 irremediabiliter
1908 511 1962 571 Α
1987 521 2102 564 mas
2128 509 2418 565 verborum
2446 508 2544 566 Dei
2572 509 2787 582 epulas,
2815 506 3011 580 quibus
3039 508 3265 568 interius
3311 510 3596 572 reﬁcieba-

284 608 646 666 vindicantur.
665 604 754 661 Ne
771 620 964 675 arguas
981 618 1064 657 me
1089 603 1143 657 in
1167 604 1345 674 furore
1366 612 1483 660 tuo:
1502 618 1607 658 non
1637 603 1892 662 humano.

279 717 394 760 non
424 696 756 755 transitoria.
796 693 971 750 Furor
1012 693 1280 750 humanus
1310 694 1452 750 sicut
1478 694 1587 751 cito
1632 695 1892 765 prmterit,

280 792 363 849 ita
390 805 502 848 suae
527 790 770 860 vigorem
798 785 1083 857 potestatis
1110 785 1325 841 nonnisi
1354 786 1409 842 in
1435 786 1754 858 corporibus
1797 801 1897 843 ex-

279 881 487 948 tendit;
518 879 713 936 divina:
732 892 863 934 vero
884 877 1107 934 ultionis
1127 877 1548 945 animadversio,
1579 894 1687 934 non
1716 878 1894 935 solum

280 990 477 1047 pmnas
504 973 561 1030 in
588 987 818 1044 corpore
844 979 901 1028 et
927 970 1107 1027 anima
1135 970 1494 1043 multiplicat,
1542 972 1894 1029 verumetiam

281 1069 341 1124 in
372 1067 644 1123 damnatis
671 1064 1022 1122 immobiliter
1047 1074 1379 1138 perseverat.
1411 1064 1597 1140 Neque
1621 1068 1676 1123 in
1702 1069 1785 1123 ira
1807 1077 1896 1123 tua

278 1160 544 1229 corripias
580 1174 684 1213 me.
730 1157 883 1213 Sicut
929 1155 1103 1227 major
1143 1165 1228 1213 est
1264 1159 1416 1215 furor
1458 1174 1621 1231 quam
1669 1160 1782 1227 ira,
1820 1160 1894 1216 ita

280 1260 519 1317 arguere
544 1246 721 1317 majus
748 1253 833 1303 est
857 1262 1017 1319 quam
1056 1247 1354 1319 corripere.
1402 1246 1511 1304 Eos
1553 1249 1892 1320 corripimus,

283 1354 429 1411 quos
473 1345 720 1395 amantes
771 1339 1144 1396 emendamus.
1195 1338 1265 1395 Et
1316 1340 1444 1410 quia
1489 1347 1613 1412 post
1662 1348 1896 1397 mortem

282 1429 469 1487 carnis
495 1428 588 1484 alii
616 1429 834 1484 aeternis
870 1429 1201 1503 deputantur
1242 1430 1541 1504 suppliciis,
1591 1438 1647 1487 et
1691 1430 1782 1486 alii
1827 1429 1896 1487 ad

285 1520 454 1576 vitam
480 1534 579 1591 per
604 1520 783 1592 ignem
814 1530 1098 1578 transeunt
1125 1523 1494 1593 purgationis;
1546 1522 1711 1596 569
1754 1521 1895 1580 ﬁde-

283 1609 355 1668 lis
381 1613 563 1667 anima
593 1626 703 1667 non
730 1612 909 1669 solum
942 1612 1180 1669 furorem
1210 1614 1387 1681 timet,
1416 1614 1516 1671 sed
1553 1616 1715 1671 etiam
1758 1616 1895 1673 iram

284 1700 567 1767 abhorret,
596 1709 735 1757 teste
770 1701 933 1758 beato
961 1703 1293 1772 Augustino:
1318 1702 1386 1759 Hi
1431 1719 1621 1762 omnes
1666 1706 1759 1777 qui
1787 1722 1893 1764 non

284 1801 590 1867 posuerunt
636 1793 740 1849 sibi
791 1792 1199 1852 fundamentum
1246 1796 1519 1854 Christum
1542 1839 1559 1867 ,
1610 1799 1667 1856 in
1710 1800 1896 1859 furore

2002 608 2109 669 tur,
2156 601 2364 668 amisit;
2408 600 2594 657 oculos
2638 601 2817 657 carnis
2845 600 2912 656 ad
2940 601 3177 659 obscena
3206 610 3261 658 et
3292 605 3467 676 turpia
3513 608 3598 664 vi-

1999 692 2172 749 denda
2211 693 2443 763 aperuit,
2474 692 2566 763 qui
2608 693 2762 764 prius
2807 692 2979 748 aciem
3025 694 3257 761 mentis,
3304 707 3412 767 qua
3461 698 3601 757 lucis

1998 799 2221 840 summa:
2248 785 2424 856 fulgor
2449 785 2774 852 intuebatur,
2800 785 3128 843 obscuravit.

2073 875 2252 943 (Vers.
2283 875 2364 949 ὅ.)
2402 875 2475 931 Ει
2500 877 2678 933 anima
2704 893 2820 934 mea
2850 878 3057 934 turbata
3083 885 3161 936 est
3186 880 3336 936 valde
3357 895 3378 937 :
3402 881 3491 937 sed
3520 887 3599 952 tu,

1998 967 2241 1035 Domine,
2269 971 2571 1043 usquequo?

2070 1059 2125 1115 5.
2166 1060 2236 1116 Et
2280 1063 2405 1133 quia
2452 1078 2542 1119 me
2586 1062 2859 1121 inﬁrmum
2904 1067 3103 1134 sentio,
3156 1068 3282 1139 quia
3310 1083 3433 1127 ossa
3475 1084 3606 1129 mea

1998 1152 2317 1208 conturbata
2366 1168 2622 1225 agnosco,
2677 1155 2855 1210 anima
2902 1173 3039 1228 mea,
3090 1158 3296 1217 scilicet
3342 1175 3410 1218 eo
3456 1161 3609 1233 quod

1997 1262 2118 1303 mea
2166 1255 2271 1314 est,
2316 1248 2463 1319 quod
2490 1263 2589 1321 per
2616 1263 2707 1306 me
2750 1259 3003 1322 corrupta
3033 1259 3135 1323 est,
3183 1253 3328 1324 quod
3376 1270 3475 1327 per
3517 1270 3610 1314 me

1998 1338 2191 1395 debilis
2233 1346 2289 1395 et
2330 1354 2473 1412 aegra
2520 1340 2667 1396 facta
2697 1348 2800 1409 est,
2830 1342 3043 1398 turbata
3082 1352 3166 1401 est
3204 1346 3273 1401 ad
3310 1348 3605 1417 gemitum,

1999 1440 2271 1489 commota
2316 1441 2401 1489 est
2446 1433 2514 1489 ad
2557 1434 3033 1504 compunctionem
3063 1442 3119 1490 et
3147 1437 3403 1506 lamenta,
3429 1439 3609 1496 fvalde

1996 1537 2194 1594 magna
2242 1524 2452 1582 scilicet
2499 1533 2554 1581 et
2601 1526 2920 1582 multimoda
2958 1528 3285 1585 turbatione.
3334 1530 3609 1589 Turbatur

1997 1621 2165 1687 enim,
2194 1619 2323 1690 quia
2347 1620 2597 1691 peccavit
2642 1620 2771 1691 quia
2798 1621 3001 1679 bonum
3048 1622 3334 1680 Dominum
3362 1624 3613 1697 offendit,-

2001 1720 2027 1751 ο
2057 1712 2183 1784 quia
2211 1712 2380 1767 vitam
2408 1711 2661 1784 perdidit,
2688 1722 2921 1769 mortem
2948 1713 3195 1772 incurrit.
3230 1714 3339 1771 Sed
3378 1723 3455 1780 tu,
3495 1713 3611 1771 Do-

1997 1806 2156 1873 mine,
2186 1820 2446 1878 usquequo
2492 1805 2728 1863 turbaris
2774 1813 2965 1863 contra
3012 1822 3139 1875 me,
3189 1808 3315 1879 quia
3364 1808 3611 1880 peccavi,

285 1894 608 1957 arguuntur,
656 1886 782 1956 quia
829 1894 1035 1943 aeterno
1075 1887 1199 1958 igne
1223 1890 1553 1947 cruciantur.
1584 1890 1687 1959 Qui
1715 1900 1897 1951 autem
1925 1902 1974 1963 Β
1998 1898 2128 1969 quia
2154 1905 2211 1955 te
2240 1898 2309 1953 ad
2335 1898 2667 1955 iracundiam
2712 1898 3075 1971 delinquendo
3120 1901 3452 1972 provocavi?
3487 1900 3614 1969 Vel,

286 1978 467 2035 eidem
515 1977 866 2036 fundamento
902 1990 1368 2052 superposuerunt
1418 1984 1643 2055 lignum,
1692 1984 1895 2057 fenum,

287 2068 569 2140 stipulam,
618 2069 675 2126 in
721 2069 804 2126 ira
832 2071 1233 2143 corripiuntur;
1263 2074 1390 2144 quia
1418 2075 1544 2145 igne
1567 2078 1801 2148 purgati,
1832 2078 1901 2135 ad

288 2160 641 2221 beatitudinis
664 2162 910 2233 requiem
941 2172 967 2201 ο
993 2162 1334 2221 deducuntur
1363 2164 1420 2237 (1
1448 2167 1569 2223 Cor.
1601 2168 1705 2239 ιιι).
1746 2168 1904 2225 Dicat

288 2268 424 2325 ergo
454 2252 627 2310 ﬁdelis
654 2253 857 2321 anima,
908 2253 1041 2324 quid
1084 2254 1212 2312 fecit
1256 2257 1629 2328 considerans,
1677 2268 1733 2316 et
1774 2260 1903 2331 quid

290 2347 363 2404 sit
388 2353 675 2418 receptura
705 2346 1121 2419 contemplans:
1150 2348 1396 2418 Domine,
1442 2368 1507 2406 ne
1534 2351 1587 2406 in
1614 2354 1792 2424 furore
1818 2363 1903 2410 tuo

290 2454 484 2515 arguas
504 2454 603 2503 me,
636 2453 799 2511 neque
825 2437 881 2492 in
905 2438 990 2493 ira
1017 2448 1106 2493 tua
1129 2441 1382 2510 corripias
1412 2458 1514 2497 me.
1540 2441 1620 2498 Ac
1648 2444 1695 2499 si
1718 2453 1905 2515 aperte

290 2514 482 2583 dicat:
522 2525 639 2584 Hoc
678 2527 856 2584 solum
901 2536 1018 2584 tota
1064 2529 1242 2586 cordis
1280 2531 1579 2589 intentione
1626 2514 1903 2606 efﬂagito,

292 2627 402 2685 hoc
445 2624 816 2683 indesinenter
841 2625 985 2682 votis
1012 2626 1265 2683 omnibus
1313 2629 1663 2699 concupisco,
1713 2646 1782 2687 ne
1818 2645 1908 2688 me

295 2717 353 2779 in
395 2719 490 2777 illo
535 2719 817 2777 tremendo
854 2721 1107 2778 examine
1145 2722 1232 2778 vel
1270 2738 1393 2779 cum
1433 2725 1680 2796 reprobis
1720 2726 1904 2794 ferias,

297 2812 389 2870 vel
416 2828 541 2870 eum
569 2811 881 2885 purgandis,
926 2811 1157 2870 ﬂammis
1182 2813 1465 2874 ultricibus
1504 2814 1729 2889 amigas.
1758 2817 1825 2874 Et
1849 2828 1910 2876 ut

298 2903 408 2961 hoc
436 2904 568 2961 ﬁat:

374 2997 553 3071 (Vers.
585 2997 665 3070 Ξ.)
686 2998 938 3057 Miserere
964 2999 1085 3067 mei,
1116 2997 1362 3071 Domine,
1390 3003 1635 3075 quoniam
1671 3004 1912 3075 inﬁmus

300 3110 418 3152 sum
438 3109 458 3150 :
482 3110 612 3150 sana
639 3111 743 3165 me,
773 3092 1017 3164 Domine,
1044 3094 1289 3166 quoniam
1318 3097 1625 3153 conturbata
1650 3107 1772 3155 sunt
1793 3115 1915 3157 ossa

2006 1996 2071 2044 tu
2089 1988 2332 2045 Domine.
2361 1989 2645 2047 Daemones
2671 1990 2889 2063 quidem
2915 1992 3216 2057 invasores,
3246 2009 3356 2049 non
3384 1992 3617 2063 domini,

2007 2083 2325 2139 naturaliter
2352 2084 2561 2140 malunt
2578 2099 2757 2140 meam
2782 2085 3139 2156 perditionem
3162 2100 3327 2155 quam
3352 2086 3616 2159 salutem;

2007 2175 2103 2231 sed
2130 2184 2208 2242 tu,
2239 2175 2486 2244 Domine,
2508 2177 2597 2249 qui
2618 2193 2723 2233 non
2748 2177 2823 2232 vis
2838 2188 3055 2232 mortem
3081 2178 3368 2249 peccatoris
3396 2177 3647 2248 (Ezech;

2008 2267 2203 2339 xxxm)
2234 2285 2247 2322 :
2282 2268 2631 2338 singulariter
2660 2269 2905 2336 Domine,
2944 2284 3054 2325 non
3092 2268 3335 2338 abusive,
3366 2269 3462 2324 sed
3490 2282 3623 2340 pro-

2004 2358 2127 2431 prie
2154 2376 2168 2412 :
2192 2374 2474 2432 usquequo,
2516 2360 2571 2416 id
2599 2368 2681 2417 est
2710 2360 2948 2431 quandiu
2993 2359 3177 2418 diﬁers
3214 2362 3449 2417 sanare?
3477 2359 3624 2417 Ecce

2010 2448 2067 2505 in
2097 2457 2395 2520 conspectu
2440 2450 2569 2506 boni
2614 2450 2810 2507 medici
2860 2458 2917 2507 et
2961 2464 3157 2508 curare
3203 2450 3433 2507 valentis
3457 2449 3625 2523 47o

2011 2542 2229 2610 assisto,
2273 2542 2497 2600 vulnera
2539 2541 2758 2615 detego,
2799 2557 2991 2617 preces
3031 2544 3242 2611 emitto,
3275 2544 3492 2601 dolores
3520 2558 3625 2600 ana

2010 2650 2153 2707 geo,
2206 2637 2471 2709 lacrymas
2522 2635 2760 2693 effunde.
2807 2635 2919 2694 Cur
2953 2650 3084 2709 ergo
3131 2636 3457 2704 dissimulas,
3499 2649 3627 2692 cum

2011 2743 2122 2784 non
2156 2728 2225 2785 sit
2266 2730 2362 2784 tibi
2396 2730 2574 2785 minor
2615 2729 2894 2801 potentia,
2934 2744 3097 2800 quam
3134 2729 3432 2786 voluntas?
3472 2727 3628 2785 Licet

2014 2818 2121 2875 hoc
2165 2819 2308 2875 celes
2337 2819 2390 2875 in
2421 2821 2588 2876 corde
2626 2828 2751 2887 tuo;
2802 2827 2987 2875 tamen
3013 2820 3153 2887 scio,
3184 2820 3309 2889 quia
3339 2818 3628 2874 universo-

2014 2925 2135 2967 rum
2168 2911 2497 2968 memineris.
2545 2909 2730 2967 Omnis
2756 2912 2968 2968 curatio
2999 2918 3205 2983 quanto
3233 2909 3504 2966 difﬁcilius
3532 2922 3629 2966 ac-

2017 3003 2270 3076 quiritur,
2300 3012 2452 3061 tanto
2483 3005 2744 3076 acquisita
2773 3004 2983 3062 cautius
3018 3005 3340 3061 custoditur.

2009 3148 2015 3154 .
2091 3095 2275 3167 (Vers.
2324 3095 2405 3167 4.)
2447 3095 2777 3166 Convertere,
2810 3095 3067 3161 Domine,
3117 3106 3168 3149 et
3211 3096 3353 3165 eripe
3398 3095 3631 3149 animam

1974 3188 1983 3198 '
2018 3203 2232 3243 meam:
2262 3188 2461 3244 salvum
2491 3205 2571 3243 me
2599 3190 2684 3260 fac
2711 3197 2923 3260 propter
2948 3188 3365 3243 misericordiam
3395 3196 3558 3241 luam.
3605 3223 3631 3237 -

376 3278 431 3336 2.
471 3279 531 3337 In
579 3295 648 3339 eo
697 3280 840 3352 quod
879 3296 1081 3341 nomen
1109 3286 1481 3343 venerandum
1528 3286 1765 3360 repetit,
1812 3288 1916 3360 pia;
1939 3298 1989 3361 ε
2090 3280 2147 3336 4.
2186 3279 2267 3336 Ne
2292 3281 2465 3349 magis
2492 3280 2747 3347 turberis,
2772 3280 3059 3353 supplico;
3101 3294 3171 3334 ne
3200 3280 3341 3335 ultra
3378 3279 3632 3336 misereri

303 3374 483 3446 precis
509 3373 760 3431 allectum
787 3391 847 3434 se
873 3376 1077 3435 habere
1103 3379 1362 3436 ostendit.
1406 3381 1571 3448 Quasi
1617 3381 1763 3437 dicat
1793 3399 1807 3436 :
1832 3382 1914 3438 Tu

304 3466 555 3535 Domine,
587 3483 749 3539 quem
772 3484 939 3525 suave
962 3470 1178 3527 videtur
1203 3472 1338 3529 mihi
1365 3474 1561 3545 saepius
1589 3473 1615 3513 ι)
1638 3475 1915 3542 invocare,

304 3558 571 3616 miserere
599 3560 705 3615 mei
732 3560 859 3615 dum
885 3568 1097 3632 tempus
1140 3570 1225 3620 est
1263 3564 1669 3621 misericordiae.
1701 3563 1803 3622 Hic
1832 3580 1921 3622 me

304 3650 737 3709 misericorditer
762 3653 1009 3724 arripe;
1049 3655 1139 3712 hic
1165 3670 1265 3726 per
1291 3655 1503 3728 flagella
1531 3666 1791 3727 contere;
1833 3660 1924 3716 hic

306 3758 439 3819 igne
467 3744 831 3801 tribulationis
857 3760 1047 3803 exure.
1078 3745 1148 3801 Et
1175 3760 1246 3805 ne
1270 3747 1400 3819 quid
1421 3748 1475 3804 in
1504 3762 1593 3806 me
1619 3758 1744 3821 post
1766 3749 1927 3820 hujus

308 3835 434 3893 vitae
484 3834 775 3891 terminum
819 3834 1200 3893 vindicandum
1244 3836 1526 3906 invenias,
1576 3853 1677 3896 oro
1720 3847 1782 3896 ut
1826 3854 1927 3911 per

311 3931 494 3998 ignem
522 3925 603 3983 tui
630 3927 830 3985 amoris
856 3942 1075 3985 onmem
1118 3928 1175 3984 in
1214 3944 1306 3986 me
1331 3929 1587 3987 vitiorum
1616 3931 1921 4002 rubiginem

312 4034 624 4079 consumas.
653 4018 723 4077 Et
745 4020 851 4078 hoc
879 4036 1015 4093 opus
1046 4029 1131 4079 est
1156 4029 1218 4079 ut
1241 4022 1409 4081 facias
1428 4065 1444 4092 ,
1492 4024 1743 4097 quoniam
1766 4024 1926 4096 inﬁr-

315 4127 432 4168 mus
459 4127 595 4169 sum.
621 4110 705 4169 Ex
731 4121 960 4185 peccato
983 4113 1143 4185 primi
1168 4116 1413 4187 parentis
1440 4131 1657 4187 poenam
1682 4117 1930 4174 contraxi

317 4215 527 4275 magna:
563 4202 890 4262 inﬁrmitatis
919 4204 1101 4276 (Rom.
1133 4208 1263 4279 vn):
1295 4223 1404 4264 non
1433 4209 1578 4265 enim
1607 4209 1752 4280 quod
1779 4209 1927 4279 volo,

319 4309 461 4367 ago;
491 4296 586 4355 sed
614 4296 759 4367 quod
788 4295 879 4352 odi
912 4300 1132 4365 malum,
1164 4303 1295 4358 illud
1324 4302 1482 4359 facio.
1513 4302 1766 4375 Inﬁrmus
1794 4320 1931 4376 sum,

323 4388 455 4459 quia
484 4387 553 4444 ad
578 4387 778 4444 malum
809 4403 1013 4460 pronus
1038 4404 1179 4445 sum.
1209 4388 1317 4445 Sed
1338 4396 1417 4457 tu,
1446 4389 1696 4457 Domine,
1724 4396 1934 4446 anlma-

321 4495 445 4538 rum
472 4479 725 4537 debilium
744 4480 908 4537 velox
934 4480 1165 4549 medice,
1189 4498 1323 4537 sana
1342 4497 1445 4551 me,
1474 4481 1682 4537 scilicet
1709 4482 1937 4538 interius

321 4572 473 4629 omni
500 4573 754 4629 vitiorum
779 4572 904 4631 labe
930 4573 1162 4629 emunda
1182 4590 1198 4629 :
1220 4574 1462 4645 quoniam
1483 4572 1790 4629 conturbata
1818 4581 1939 4628 sunt

2018 3372 2237 3429 differas
2261 3379 2423 3443 peto;
2458 3372 2625 3429 immo
2649 3380 2942 3428 convertere
2958 3411 2974 3437 ,
3002 3370 3247 3425 Domine.
3274 3372 3427 3427 Sicut
3452 3370 3634 3429 anima

2019 3477 2143 3519 mea
2169 3476 2435 3519 conversa
2462 3470 2545 3517 est
2574 3462 2641 3518 ad
2665 3469 2720 3518 te
2744 3462 3235 3532 perturbationem
3265 3460 3635 3533 paenitudinis,

2022 3554 2100 3611 ita
2127 3560 2188 3609 tu
2211 3562 2532 3610 convertere
2557 3554 2625 3609 ad
2655 3568 2778 3610 eam
2818 3569 2919 3626 per
2947 3554 3297 3611 serenitatem
3326 3554 3637 3612 miseratio-

2025 3643 2130 3700 nis.
2177 3642 2250 3697 Et
2278 3657 2604 3712 conversus,
2652 3644 2797 3715 eripe
2825 3644 3058 3699 animam
3087 3660 3280 3702 meam.
3332 3643 3638 3715 Impediunt

2026 3750 2150 3792 eam
2175 3749 2371 3807 vepres
2397 3736 2697 3793 carnalium
2727 3735 3178 3805 delectationum,
3207 3738 3457 3795 detinent
3484 3738 3639 3796 illam

2027 3832 2369 3889 saecularium
2419 3831 2689 3889 illecebrae
2722 3832 3117 3904 cupiditatum;
3163 3834 3261 3891 sed
3292 3842 3373 3904 tu,
3419 3834 3512 3905 qui
3538 3849 3641 3906 po-

2029 3932 2152 3981 tens
2180 3940 2241 3981 es
2262 3924 2445 3981 omnia
2469 3924 2652 3981 facere
2679 3925 3190 3996 superabundanter
3215 3940 3379 3996 quam
3403 3926 3643 3996 petimus

2031 4024 2129 4072 aut
2176 4015 2527 4085 intelligimus
2574 4015 2797 4087 (Ephes.
2848 4018 2953 4088 ιιι),
3005 4032 3127 4072 eam
3158 4016 3344 4086 eripe;
3393 4016 3517 4085 igne
3558 4017 3641 4074 tui

2032 4107 2255 4175 amoris,
2282 4117 2620 4163 terrenarum
2650 4108 2871 4163 dumeta
2900 4107 3258 4177 voluptatum,
3288 4106 3483 4177 quibus
3504 4106 3644 4164 irre-

2033 4200 2187 4269 titur,
2231 4200 2431 4267 adure;
2462 4210 2617 4256 extra
2646 4214 2863 4255 omnem
2897 4198 3111 4269 peccati
3141 4190 3451 4268 appetitum
3488 4198 3641 4256 illam

2036 4302 2144 4350 tua:
2179 4309 2343 4349 manu
2370 4292 2705 4350 fortitudinis
2729 4292 2904 4346 trahe.
2956 4291 3173 4348 Salvum
3200 4306 3281 4345 me
3311 4293 3396 4362 {ac
3428 4300 3643 4364 propter

2037 4387 2449 4438 misericordiam
2493 4394 2653 4435 tuam.
2701 4384 2899 4436 Parum
2929 4389 3013 4439 est
3044 4390 3106 4439 ut
3133 4385 3368 4441 animam
3401 4401 3577 4442 meam
3607 4400 3643 4445 a

2039 4479 2227 4535 mundi
2256 4476 2625 4547 voluptatibus
2655 4474 2853 4533 liberes
2871 4516 2888 4544 ,
2917 4478 3020 4534 nisi
3048 4493 3137 4535 me
3164 4479 3232 4535 ab
3260 4479 3495 4537 hostium
3520 4490 3644 4538 ten-

2040 4571 2338 4627 tationibus
2372 4568 2585 4624 virtutis
2612 4576 2720 4623 tua:
2763 4572 3106 4640 protectione
3136 4587 3446 4629 conserves.
3502 4570 3642 4630 Boni

324 4664 502 4721 omnia
553 4681 675 4721 ossa
719 4681 861 4735 mea,
912 4666 970 4721 id
1014 4672 1118 4733 est,
1164 4664 1391 4722 virtutes
1416 4666 1610 4722 animze
1637 4665 1939 4723 obscuratae
1966 4663 2245 4757 Dmedici
2290 4661 2530 4718 ofﬁcium
2572 4669 2676 4729 est,
2720 4677 2829 4717 non
2872 4664 3048 4719 solum
3077 4664 3307 4721 salutem
3330 4664 3643 4731 restituere,

324 4763 485 4823 sunt,
523 4762 582 4811 et
619 4763 926 4813 extenuatae
964 4756 1192 4814 virtutes
1231 4757 1391 4814 simul
1418 4757 1756 4815 conturbata:
1784 4765 1933 4815 sunt.

326 4847 582 4905 Charitas
628 4848 773 4903 enim
816 4847 1201 4917 confunditur,
1253 4849 1526 4906 humilitas
1577 4849 1932 4921 impingitur,

329 4938 593 4996 fortitudo
640 4938 891 5010 dejicitur
913 4980 932 5010 ,
981 4940 1204 4995 castitas
1252 4941 1613 5011 impugnatur.
1668 4938 1774 4997 Per
1809 4954 1933 4997 ossa

331 5032 563 5089 virtutes
590 5034 882 5105 accipimus
904 5074 920 5102 ,
952 5048 1051 5106 per
1091 5047 1227 5104 quas
1252 5031 1504 5087 nimirum
1543 5031 1777 5086 animam
1818 5047 1937 5088 sus-

333 5128 628 5183 tentamus.
658 5125 813 5183 Sicut
837 5125 982 5182 enim
1010 5124 1068 5181 in
1093 5123 1309 5181 ossibus
1333 5132 1418 5179 est
1442 5122 1703 5181 fortitudo
1745 5138 1941 5196 corpo-

331 5230 479 5284 rum,
511 5216 586 5273 ita
610 5217 666 5274 in
692 5218 979 5275 virtutibus
1002 5218 1170 5275 robur
1194 5217 1466 5274 invenitur
1502 5216 1826 5274 animarum.
1875 5218 1944 5275 Et

333 5308 499 5382 plane
527 5307 720 5366 debilis
747 5311 925 5367 omnis
949 5311 1424 5383 comprehenditur
1449 5311 1648 5379 anima,
1692 5312 1795 5369 nisi
1822 5326 1943 5383 qua:

336 5404 505 5461 fuerit
531 5405 794 5461 virtutum
822 5405 1139 5462 fortitudine
1186 5405 1341 5462 fulta.
1392 5404 1685 5478 Postquam
1715 5407 1857 5463 enim
1887 5407 1944 5463 in

337 5494 535 5553 ordine
579 5496 792 5568 culpam
838 5497 1060 5554 incurrit
1104 5498 1310 5568 primus
1357 5498 1576 5555 humani
1606 5501 1820 5570 generis
1848 5515 1945 5572 pa-

339 5605 493 5659 rens,
517 5592 586 5648 ab
614 5592 705 5648 illa
734 5593 787 5649 in
816 5608 923 5664 qua
951 5593 1160 5665 positus
1188 5594 1365 5650 fuerat
1406 5598 1601 5651 mentis
1628 5596 1945 5656 celsitudine

341 5682 567 5753 decidit,
599 5683 905 5742 claritatem
932 5685 1154 5742 visionis
1180 5685 1373 5742 divina:
1415 5687 1666 5758 perdidit,
1694 5690 1948 5749 suavissiv

421 5830 452 5861 ι
487 5821 651 5879 Gilot.
677 5830 734 5880 et
755 5818 1304 5889 Vatic.,'reducentur.

420 5892 451 5935 ι’
490 5893 805 5965 Rémbold.,
834 5894 1003 5951 Gilot.
1034 5904 1089 5949 et
1120 5895 1316 5961 Vatie.,
1342 5894 1589 5951 invocari.

642 5991 916 6051 Ρηιιοι..
962 5985 1249 6049 LXXIX.

2045 4758 2142 4816 sed
2170 4757 2335 4813 etiam
2361 4756 2668 4812 restitutam
2690 4755 2952 4812 custodia:
2976 4756 3261 4814 sedulitate
3287 4770 3526 4813 servare.
3550 4754 3643 4813 Sic

2044 4864 2174 4921 ergo
2201 4859 2259 4906 et
2287 4857 2345 4905 tu
2371 4863 2495 4905 cum
2525 4848 2759 4904 animam
2785 4862 2962 4904 meam
2988 4862 3020 4902 a
3040 4848 3345 4905 carnalibus
3362 4844 3645 4903 desideriis

2044 4942 2328 5014 eripueris,
2373 4941 2440 4997 da
2472 4941 2603 4996 mihi
2634 4941 2689 4997 in
2717 4940 2862 4997 bono
2901 4936 3381 5012 perseverantiam,
3414 4952 3484 4994 ne
3508 4936 3647 4994 mihi

2046 5036 2311 5094 demissos
2350 5034 2577 5106 laqueos
2613 5033 2813 5089 iterum
2857 5031 3220 5089 tentationum
3251 5030 3544 5087 incurram.
3577 5029 3647 5089 Et

2047 5132 2151 5187 hoc
2179 5137 2387 5201 propter
2410 5127 2821 5183 misericordiam
2848 5134 3027 5180 tuam:
3057 5139 3165 5180 non
3188 5122 3257 5179 de
3277 5124 3410 5179 meis
3431 5124 3645 5181 meritis

2049 5224 2355 5289 conﬁdens,
2387 5238 2475 5280 me
2497 5230 2559 5279 ut
2582 5221 2791 5279 salvum
2820 5221 2986 5277 facias
3012 5216 3291 5290 supplico,
3320 5218 3413 5274 sed
3438 5220 3503 5274 de
3528 5218 3647 5279 sola

2050 5316 2420 5375 misericordia
2449 5324 2542 5371 tua
2572 5328 2902 5387 prmsumens
2930 5312 3242 5384 impetrare,
3265 5310 3412 5382 quod
3440 5326 3551 5367 non
3580 5309 3648 5369 de

2051 5411 2188 5468 meis
2212 5409 2421 5465 meritis
2447 5420 2628 5479 spero.

2123 5503 2303 5575 (Vers.
2338 5500 2416 5573 5.)
2458 5498 2719 5566 Quoniam
2748 5514 2852 5553 non
2880 5505 2957 5553 est
2984 5499 3037 5553 in
3061 5504 3223 5553 morte
3249 5495 3337 5568 qui
3356 5511 3554 5553 memor
3582 5494 3646 5555 sit

2051 5598 2123 5654 tui
2146 5615 2163 5652 :
2190 5599 2247 5652 in
2272 5597 2477 5667 inferno
2501 5601 2673 5647 autem
2703 5594 2816 5662 quis
2841 5590 3169 5662 conﬁtebitur
3199 5588 3289 5644 tibi
3312 5590 3334 5643 ἲ

2123 5689 2176 5743 5.
2220 5689 2454 5745 Peccata
2478 5693 2853 5743 consummata
2876 5690 3141 5756 generant
3160 5690 3391 5740 mortem
3420 5681 3559 5756 (Jac.
3591 5678 3635 5750 ι)

2135 5835 2157 5865 ο
2196 5820 2473 5878 Omittitur
2501 5820 2552 5876 in
2581 5819 2764 5890 Guss.,
2795 5820 2915 5891 quia
2942 5820 3099 5874 vitam
3124 5818 3363 5892 perdidit.

3143 5957 3215 6034 1‘8
