4038 6338
780 307 978 319 vv~"“

512 369 616 426 $55

1697 361 1941 422 SANCTI
1977 361 2306 425 ςιιωωιιι
2349 360 2563 419 MAG!“

502 484 611 541 Nis'i
646 483 791 540 enim
825 495 1117 541 conversus
1144 480 1330 548 fueris,
1374 480 1478 538 nisi
1512 480 1747 536 animam
1776 495 1952 536 meam
1981 479 2090 533 eri-
2118 477 2455 541 Ascendum
2498 478 2730 543 aestimo,
2779 477 2903 547 quia
2949 489 3060 547 pra:
3100 474 3355 532 omnibus
3396 490 3487 533 me
3532 492 3794 548 peccasse

492 576 703 651 pueris,
726 576 826 633 nisi
847 590 934 631 me
961 574 1168 630 salvum
1195 573 1409 638 feceris,
1437 574 1491 628 in
1519 583 1869 644 peccatorum
1901 587 1986 627 me
2007 587 2097 628 ca-

499 671 683 743 ligine,
727 671 781 725 id
828 671 993 726 estin
1032 675 1210 723 morte
1251 667 1510 735 dimittis;
1556 668 1702 739 quod
1739 669 1783 725 si
1825 670 1878 724 in
1920 675 2096 724 morte

499 762 678 829 fuero,
711 761 789 816 tui
816 760 1002 831 procul
1023 760 1187 817 dubio
1204 760 1520 817 memoriam
1546 760 1734 831 perdo.
1757 759 1821 814 Et
1842 760 1968 815 inde
1994 760 2097 815 hoc

505 854 642 921 scio,
665 853 811 923 quod
839 856 894 908 in
920 861 1098 909 morte
1116 853 1332 923 penitus
1352 854 1429 908 tui
1454 868 1662 908 memor
1686 868 1805 908 esse
1826 852 2089 920 nequibo:

497 944 745 1011 quoniam
771 960 876 999 non
902 954 977 998 est
1004 945 1060 998 in
1090 953 1252 999 morte
1276 946 1362 1017 qui
1386 959 1579 999 memor
1603 946 1670 999 sit
1693 946 1787 998 tui.
1812 943 2093 1010 Quomodo

500 1048 738 1104 namque
763 1035 893 1089 mihi
923 1035 1267 1100 conceditur,
1307 1036 1451 1109 quod
1481 1036 1731 1091 omnibus
1758 1035 2095 1105 denegatur?

497 1118 570 1179 In
600 1125 807 1195 inferno
831 1134 1001 1179 autem
1028 1125 1139 1197 quis
1165 1124 1488 1196 conﬁtebitur
1509 1124 1599 1181 tibi
1619 1126 1643 1180 ?
1663 1125 1814 1182 Sicut
1832 1126 1899 1181 de
1919 1134 2093 1181 morte

496 1212 566 1269 ad
595 1214 862 1269 infernum
904 1224 1159 1285 peccator
1204 1215 1477 1285 pervenit,
1521 1216 1595 1271 ita
1643 1215 1707 1270 de
1746 1226 2091 1286 peccatorum

497 1307 849 1363 multitudine
886 1307 940 1361 in
968 1300 1362 1378 desperationis
1393 1307 1606 1365 foveam
1637 1309 1801 1366 cadit.
1853 1309 2007 1365 Unde
2036 1319 2093 1365 et

495 1402 755 1472 scriptum
784 1410 867 1457 est
890 1419 903 1455 :
935 1402 1187 1457 Peccator
1206 1419 1322 1457 cum
1346 1406 1539 1459 venerit
1568 1402 1621 1457 in
1644 1404 1960 1475 profundum
1980 1422 2091 1459 ma-

495 1495 688 1564 lorum,
723 1496 1000 1550 contemnit
1032 1494 1215 1567 (Prov.
1246 1512 1393 1563 xvm,
1429 1498 1507 1568 ὅ).
1545 1497 1747 1554 Fidelis
1774 1499 1953 1554 anima
1982 1515 2091 1555 non

494 1587 735 1642 exaudiri
766 1596 1031 1651 metuens,
1066 1588 1312 1644 miserias
1338 1604 1475 1658 quas
1506 1590 1777 1659 perlatura
1800 1600 1883 1645 est
1910 1591 1954 1644 si
1983 1607 2092 1647 non

493 1678 812 1747 exauditur,
844 1690 1158 1749 enumerat;
1209 1691 1269 1737 ut
1296 1698 1355 1737 se
1386 1685 1623 1741 maximo
1650 1686 1846 1741 timore
1885 1701 2088 1742 concu-

493 1774 608 1839 tiat,
660 1782 715 1829 et
760 1774 929 1829 Deum
959 1776 1119 1831 citius
1168 1777 1236 1830 ad
1267 1778 1698 1834 misericordiam
1745 1776 1950 1836 ﬂectat.
2001 1781 2090 1839 Ait

2202 576 2494 646 perpendo.
2552 574 2617 628 Et
2669 573 2795 642 quia
2823 587 2935 627 non
2980 571 3175 627 suﬁicit
3204 574 3340 628 bene
3368 573 3643 644 incipere,
3688 575 3793 631 m'si

2200 668 2413 722 studeat
2460 666 2580 734 quis
2620 666 2672 720 in
2702 665 2848 720 bono
2877 679 3043 736 opere
3082 680 3455 735 perseverare,
3503 666 3789 739 adiungit:

2198 759 2328 816 Lavi
2357 777 2450 829 per
2474 760 2708 830 singulas
2740 768 2935 821 noctes,
2968 758 3018 813 id
3040 766 3124 813 est
3150 774 3248 828 per
3267 760 3509 828 singulas
3538 763 3794 819 telIObro-

2199 868 2287 909 sas
2316 852 2695 921 cogitationes,
2725 852 2911 905 lectum
2934 868 3119 905 meum.
3141 849 3247 906 Per
3264 851 3489 921 lectum,
3510 857 3796 912 conscien-

2199 943 2328 999 tiam
2371 942 2691 1013 accipimus;
2734 943 2861 1012 quia
2897 943 3036 997 sicut
3071 942 3126 996 in
3156 942 3297 999 lecto
3333 945 3579 1013 iacentes
3607 948 3794 1015 quies-

2198 1037 2395 1103 cimus,
2421 1035 2496 1089 ita
2524 1034 2579 1089 in
2606 1048 2670 1091 ea
2698 1034 2784 1089 vel
2810 1034 2915 1103 lc‘gi
2947 1033 3062 1102 Dei,
3086 1035 3173 1090 vel
3202 1034 3305 1105 legi
3322 1037 3537 1106 peccati
3556 1053 3796 1095 consen-

2199 1130 2382 1187 timus.
2428 1127 2494 1183 Et
2520 1128 2661 1185 sicut
2688 1128 2962 1184 laboribus
2989 1128 3159 1199 pressi
3192 1128 3252 1182 in
3279 1131 3419 1184 lecto
3438 1130 3796 1197 quiescentes

2195 1219 2497 1288 reﬁcimur,
2539 1219 2615 1274 ita
2634 1218 2770 1275 dum
2798 1220 2982 1274 mundi
3025 1220 3185 1289 hujus
3223 1218 3650 1275 adversantibus
3672 1237 3796 1291 pre-

2194 1315 2408 1379 minur,
2457 1313 2513 1367 in
2560 1312 2705 1368 bona
2751 1312 3087 1367 conscientia
3139 1312 3367 1369 interius
3416 1313 3794 1379 delectamur,

2195 1406 2366 1463 Paulo
2390 1414 2680 1463 attestante
2699 1407 2791 1476 qui
2816 1406 2932 1462 ait:
2964 1405 3148 1461 Gloria
3169 1417 3350 1461 nostra
3380 1407 3490 1461 hac
3518 1417 3620 1473 est,
3651 1409 3795 1461 testi-

2195 1505 2425 1559 monium
2471 1504 2801 1559 conscientia:
2840 1513 3031 1558 nostra:
3070 1503 3159 1573 (II
3186 1504 3307 1560 Cor.
3338 1521 3377 1570 ι,
3408 1505 3526 1575 12).
3570 1503 3796 1561 Lectum

2194 1609 2324 1664 ergo
2362 1610 2466 1664 per
2499 1594 2739 1663 singulas
2785 1603 2973 1650 noctvs
3010 1595 3173 1660 lavat,
3205 1597 3297 1666 qui
3339 1597 3735 1651 conscientiam
3764 1612 3795 1651 a

2193 1688 2615 1757 cogitationibus
2667 1688 3007 1753 tenebrosis,
3058 1689 3310 1759 lacrymis
3358 1690 3797 1759 compunctionis

2186 1784 2474 1839 redundat.
2508 1783 2573 1837 Et
2598 1797 2710 1838 non
2736 1783 2912 1839 solum
2938 1784 3329 1838 conscientiam
3352 1784 3671 1854 puriﬁcatio,
3698 1782 3797 1840 sed

491 1880 620 1938 Ergo
646 1886 660 1921 :
695 1866 762 1921 In
790 1869 999 1940 inferno
1032 1876 1204 1923 autem
1234 1872 1348 1942 quis
1386 1872 1713 1942 conﬁtebitur
1742 1874 1874 1928 tibi?
1926 1874 2089 1942 Quasi
2119 1876 2358 1939 Batiam
2387 1877 2632 1948 lacrymis
2662 1877 2789 1931 meis
2817 1884 3040 1930 atratum
3062 1891 3230 1929 meum
3254 1875 3461 1945 rigaba.
3508 1875 3645 1943 Quia
3667 1875 3797 1932 vilis

492 1959 665 2020 jicat:
692 1959 842 2027 Dico,
873 1962 917 2015 si
950 1976 1057 2015 non
1088 1962 1348 2031 eripueris
1377 1978 1483 2029 me,
1518 1974 1542 2001 ιι
1574 1965 1629 2019 in
1647 1974 1822 2020 morte
1852 1964 2084 2023 futuram

489 2064 575 2107 me
598 2052 890 2122 prmvideo.
917 2051 985 2106 Et
1008 2068 1115 2108 non
1136 2054 1310 2109 solum
1332 2055 1387 2110 in
1406 2064 1579 2112 morte
1600 2056 1833 2113 futuram
1851 2075 1938 2115 me
1958 2076 2088 2132 pras-

493 2144 673 2209 video,
724 2143 818 2199 sed
866 2145 1029 2199 etiam
1075 2145 1131 2201 in
1158 2145 1391 2216 inferno,
1422 2146 1477 2202 id
1516 2150 1681 2204 estin
1712 2150 2088 2222 desperatione

493 2250 579 2290 me
608 2236 974 2307 sepeliendam
1006 2251 1299 2308 cognosco.
1328 2238 1481 2306 Quod
1518 2241 1562 2296 si
1592 2241 1645 2296 in
1675 2243 1884 2298 interno
1912 2244 2086 2313 fuero,

492 2326 586 2382 tibi
616 2342 702 2382 me
732 2326 976 2383 conﬁteri
1004 2344 1117 2384 non
1147 2345 1306 2401 posse
1330 2331 1627 2401 perpendo.
1657 2331 1845 2388 Nullus
1865 2335 2009 2390 enim
2032 2336 2087 2391 in

487 2419 698 2479 Lnferno
730 2420 1076 2479 confitebitur
1109 2423 1224 2478 tibi.
1258 2424 1323 2479 Et
1344 2424 1449 2481 hoc
1471 2433 1555 2480 est
1575 2426 1720 2496 quod
1745 2428 1821 2482 ait
1846 2430 1947 2485 sub
1967 2445 2086 2499 spe.

490 2513 569 2569 cie
606 2513 1028 2584 interrogantis:
1083 2514 1151 2570 In
1171 2517 1381 2588 inferno
1410 2526 1582 2572 autent
1622 2520 1735 2590 quis
1763 2521 2089 2592 conﬁtebitur

488 2603 619 2659 tibi?
660 2606 881 2663 Scilicet
906 2608 1104 2663 nullus.
1158 2607 1285 2665 Non
1334 2610 1478 2665 enim
1505 2621 1582 2667 est
1610 2615 1842 2684 speciosa
1882 2616 1995 2672 laus
2030 2620 2086 2673 in

489 2714 573 2754 ore
598 2704 884 2768 peccatoris
909 2700 1108 2772 (Eccle.
1144 2718 1231 2769 xv,
1262 2704 1568 2775 9).Aliter:
1606 2708 1865 2775 Quoniam
1884 2722 2086 2769 nonest

487 2792 540 2845 in
570 2802 734 2846 morte
762 2796 846 2866 qui
873 2811 1071 2850 memor
1096 2797 1165 2850 sit
1193 2796 1299 2864 tui,
1332 2814 1530 2868 precor
1557 2808 1615 2856 ut
1644 2804 1879 2859 animam
1910 2823 2086 2863 meam

488 2881 680 2940 liberes
706 2900 739 2941 a
771 2886 1081 2943 carnalibus
1109 2887 1408 2959 desideriis,
1433 2906 1551 2961 quae
1574 2894 1806 2951 militant
1829 2899 2088 2959 adversus

484 2988 603 3029 eam
632 2974 689 3044 (1
718 2975 866 3030 Petr.
899 2981 985 3047 ιι).
1010 2977 1068 3033 Si
1091 2979 1236 3033 enim
1258 2981 1364 3036 hoc
1382 2997 1495 3038 non
1517 2982 1732 3052 feceris,
1759 2989 2090 3050 interﬁciant

486 3078 602 3131 me;
626 3067 754 3137 quia
775 3076 905 3133 ate,
937 3068 1031 3137 qui
1061 3083 1121 3124 es
1149 3070 1262 3125 vita
1292 3087 1437 3140 mea,
1466 3077 1798 3145 separabunt
1827 3084 2086 3143 me.Cum

486 3156 629 3213 enim
668 3164 725 3212 tu
756 3158 831 3213 sis
870 3157 1003 3212 illud
1034 3157 1179 3215 idem
1208 3161 1436 3225 animae.
1470 3166 1618 3235 quod
1644 3176 1729 3223 est
1756 3172 1934 3229 anima
1962 3192 2086 3232 eor.

2190 1970 2365 2026 iectus
2389 1978 2473 2025 est
2499 1978 2748 2029 stratum,
2776 1982 2878 2038 per
2907 1969 3083 2038 ipsum
3112 1984 3331 2023 carnem
3380 1969 3701 2040 accipimus.
3729 1966 3800 2025 Et

2184 2062 2447 2132 quoniam
2476 2062 2619 2116 sicut
2645 2068 2877 2115 stratum
2907 2058 3065 2115 facile
3086 2061 3422 2125 concutitur,
3463 2061 3538 2116 ita
3569 2077 3702 2118 caro
3731 2061 3799 2118 ab

2184 2150 2407 2209 iulirmo
2456 2152 2639 2207 animo
2686 2151 2838 2207 varie
2881 2159 3149 2216 versatur,
3210 2153 3353 2207 sicut
3399 2168 3499 2221 per
3544 2155 3798 2211 eumdem

2186 2248 2512 2319 prephetam
2552 2244 2779 2313 dicitur,
2832 2244 3135 2300 Universum
3176 2254 3394 2301 stratum
3425 2248 3539 2319 ejus
3580 2248 3800 2303 versuti

2183 2341 2245 2395 ἀι
2277 2338 2583 2407 infimitate
2616 2339 2731 2409 ejus
2762 2336 2936 2409 (Psal.
2968 2353 3095 2403 aut,
3126 2335 3204 2407 ἓ).
3254 2335 3418 2408 Rigat
3447 2353 3583 2407 ergo
3614 2340 3796 2411 lacry-

2184 2433 2295 2489 mis
2320 2441 2552 2489 stratum
2606 2447 2786 2500 suum,
2828 2433 2959 2501 quia
2999 2432 3256 2486 continuo
3302 2430 3449 2484 luctu
3479 2437 3537 2484 et
3584 2429 3795 2496 dolore,

2188 2526 2372 2581 cumis
2395 2525 2634 2580 maculas
2662 2524 2837 2590 diluit,
2862 2532 2925 2579 et
2944 2524 3128 2579 cordis
3156 2522 3409 2577 duritiam
3441 2521 3616 2577 imbre
3643 2536 3798 2577 com-

2188 2620 2505 2692 punctionis
2550 2618 2790 2684 emollit;
2840 2625 2903 2672 ut
2951 2617 3089 2673 sicut
3137 2616 3327 2672 hortus
3372 2623 3600 2684 recepta
3644 2614 3796 2669 suavi

2190 2712 2377 2784 pluvia
2425 2711 2707 2767 evidenter
2758 2710 3063 2779 germinat,
3114 2709 3186 2763 ita
3245 2723 3372 2764 caro
3422 2706 3795 2778 iacrymarum

2190 2802 2408 2860 ﬂuentis
2432 2803 2601 2872 rigata
2624 2842 2640 2867 ,
2662 2802 2933 2857 bonorum
2979 2815 3206 2871 operum
3242 2808 3299 2855 et
3322 2799 3550 2869 iustitiae
3572 2811 3795 2867 germen

2194 2895 2412 2952 emittit.
2445 2894 2555 2949 Cur
2580 2901 2760 2948 autem
2791 2892 3135 2958 laboraverit,
3168 2906 3387 2947 causam
3422 2889 3630 2957 subdit,
3653 2903 3726 2944 ac
3748 2886 3795 2945 si

2187 2986 2340 3043 dicat
2356 3004 2375 3041 :
2405 2984 2535 3041 Ideo
2556 2984 2827 3049 laboravi,
2852 2982 2981 3038 ideo
3003 2983 3258 3052 iugem-ui,
3278 2983 3428 3054 quia,

2260 3077 2446 3148 .(Vers.
2476 3077 2557 3148 7.)
2600 3075 2964 3131 Turbatus“
2996 3090 3036 3129 ι
3074 3078 3251 3147 Fam
3284 3074 3463 3130 oculos
3492 3074 3796 3131 nte-ruit-

2192 3174 2412 3230 veteravi
2431 3175 2567 3227 inter
2593 3187 2767 3227 omnes
2794 3171 3031 3225 inimicos
3059 3186 3219 3225 meos.

477 3245 635 3329 pori;
666 3247 713 3341 si
744 3248 839 3303 tibi
864 3248 1300 3341 inseparabiliter
1328 3270 1437 3311 non
1464 3255 1756 3341 inhaesero,
1782 3263 1946 3337 471
1975 3285 2073 3327 ne.
2107 3270 2155 3337 ο
2258 3268 2311 3320 7.
2355 3264 2599 3321 Humana
2622 3270 2815 3319 nautea
2834 3263 2908 3317 ad
2938 3262 3234 3333 imaginem
3264 3260 3513 3333 pituitae
3547 3259 3786 3315 ειεξιιί-

482 3337 721 3395 cessario
762 3346 994 3395 mortem
1037 3340 1275 3399 incurro.
1326 3342 1396 3400 Et
1425 3347 1474 3403 si
1511 3347 1566 3404 in
1594 3337 1773 3410 morte
1801 3354 1977 3428 luero,
2008 3368 2088 3422 tui

478 3439 694 3484 memor
719 3444 830 3485 non
850 3445 947 3486 ero
974 3447 987 3484 :
1019 3434 1267 3504 quoniam
1293 3452 1398 3491 non
1422 3446 1499 3492 est
1526 3440 1580 3494 in
1601 3453 1767 3499 morte
1784 3450 1873 3518 qui
1894 3468 2091 3511 memor

479 3521 550 3576 sit
597 3521 690 3577 tui.
738 3522 894 3580 Sicut
933 3523 1137 3582 nullius
1179 3528 1260 3584 rei
1286 3532 1537 3587 meminit
1576 3549 1709 3591 caro
1744 3552 1983 3612 mortua,
2014 3549 2088 3605 ita

480 3628 585 3669 nec
616 3622 668 3668 te
696 3615 899 3671 sentire
928 3618 1188 3685 praevalet
1214 3633 1247 3675 a
1276 3627 1329 3676 te
1349 3619 1464 3679 Deo
1495 3624 1677 3683 anima
1700 3629 1896 3688 divisa.
1930 3635 2088 3694 Nulla

476 3702 721 3759 societas
761 3703 871 3760 luci
900 3705 973 3759 ad
1010 3708 1285 3765 tenebras.
1330 3708 1434 3767 Ubi
1462 3722 1646 3771 autem
1682 3720 1760 3775 tui
1788 3722 2090 3793 ingreditur

480 3795 770 3861 memoria,
802 3796 877 3851 ibi
905 3807 987 3853 est
1015 3798 1109 3854 lux
1137 3802 1378 3859 veritatis
1407 3806 1694 3867 immensa.
1724 3812 1879 3881 Quod
1896 3824 2085 3877 tamen

478 3883 710 3955 tntelligi
747 3892 803 3941 et
832 3885 993 3942 aliter
1034 3896 1236 3960 potest,
1273 3895 1429 3962 quasi
1456 3896 1641 3956 dicat:
1684 3902 2085 3968 immedicabile

476 3991 683 4049 corpus
723 3987 807 4036 est
836 3980 1186 4039 recidendum
1215 4000 1377 4055 ense,
1408 3997 1466 4045 et
1496 3996 1730 4052 membri
1768 3999 1823 4055 in
1852 4017 2083 4074 corpore

478 4072 680 4127 mortui
697 4071 957 4129 abscissio
977 4074 1159 4145 potius
1174 4084 1258 4134 est
1276 4085 1607 4156 necessaria,
1620 4104 1780 4158 quam
1795 4071 2083 4156 medicina.

476 4160 593 4221 Sed
622 4176 722 4236 ego
750 4180 861 4223 non
891 4180 1009 4222 sum
1042 4177 1105 4223 ut
1131 4171 1436 4230 membrum
1463 4186 1760 4247 mortuum,
1792 4184 1880 4240 cui
1911 4188 2084 4244 medi-

478 4256 602 4313 cina
629 4272 738 4312 non
767 4256 1041 4328 proﬁciat,
1071 4261 1332 4320 sedulitas
1362 4266 1495 4323 nihil
1518 4268 1784 4330 conferat.
1806 4275 1940 4333 Nam
1962 4295 2083 4337 sum

481 4362 695 4407 memor
722 4351 824 4417 tui,
851 4351 1059 4408 scilicet
1086 4356 1496 4417 misericordiae.
1529 4363 1606 4420 Te
1638 4368 1782 4426 enim
1806 4372 2080 4431 medicum

481 4442 634 4511 icio,
664 4443 1072 4501 misericordem
1103 4462 1214 4503 non
1243 4448 1489 4522 ambigo,
1513 4453 1877 4527 longanimem
1907 4478 2073 4533 agno-

483 4549 600 4603 sco,
651 4534 797 4605 quod
850 4550 958 4591 non
988 4536 1225 4594 iacerem
1270 4540 1316 4597 si
1346 4540 1399 4597 in
1422 4554 1600 4602 morte
1630 4563 1825 4607 essem.
1876 4551 1948 4608 Et
1972 4554 2083 4615 hoc

484 4632 714 4695 apparet
738 4639 770 4679 a
794 4632 932 4693 toto,
972 4627 1233 4697 quoniam
1263 4646 1372 4687 non
1401 4644 1485 4690 est
1510 4635 1565 4692 in
1586 4648 1786 4699 morte.

557 4715 739 4810 (vers.
786 4716 871 4789 6.)
913 4717 1171 4776 Laboravi
1214 4723 1269 4777 in
1312 4727 1505 4797 gemitu
1556 4746 1668 4785 meo
1708 4749 1728 4787 .'
1757 4733 1943 4791 lavabo
1988 4754 2083 4810 per

481 4808 719 4883 singulas
756 4818 933 4870 noctes
969 4812 1159 4869 lectum
1186 4831 1388 4887 meum,
1434 4818 1679 4897 lacrymis
1709 4827 1835 4882 meis
1861 4808 2084 4889 stratum

480 4917 652 4958 meum
679 4901 881 4975 rigabo.

556 4991 612 5047 6.
654 4994 875 5050 Dixerat
902 4997 1172 5069 superius,
1204 4997 1421 5055 Salvum
1441 5018 1521 5057 me
1551 5004 1661 5075 fac,
1684 5013 1741 5063 et
1767 5012 1977 5083 tempus
1997 5020 2083 5069 est

482 5095 546 5142 ut
574 5086 778 5155 facias;
823 5104 945 5145 nam
994 5104 1097 5162 ego
1145 5091 1375 5148 laboravi
1417 5096 1472 5149 in
1518 5100 1710 5169 gemitu
1738 5119 1871 5159 meo.
1914 5104 2087 5164 Adest

483 5178 667 5246 miser,
695 5178 838 5234 adsit
863 5189 918 5236 et
945 5184 1332 5241 misericordia.
1369 5186 1639 5246 Miseriam
1668 5206 1843 5249 meam
1870 5210 1969 5268 ego
1990 5214 2085 5255 co-

486 5285 712 5341 gnosco,
746 5274 945 5329 vulnus
982 5292 1091 5332 non
1124 5278 1435 5347 dissimulo,
1468 5292 1751 5351 peccatum
1794 5303 1903 5344 non
1938 5291 2084 5349 celo.

484 5359 595 5416 Nisi
628 5364 770 5418 enim
799 5366 1057 5421 miserum
1088 5384 1174 5423 me
1203 5384 1577 5444 agnoscerem,
1605 5373 1657 5429 in
1686 5380 1952 5447 gemendo
1973 5365 2084 5438 non

486 5449 810 5511 laborarem.
858 5456 965 5513 Sed
996 5472 1095 5529 ego
1120 5461 1388 5529 laboravi,
1422 5465 1475 5519 id
1501 5475 1585 5521 est
1613 5469 1851 5526 studiose
1880 5473 1995 5542 egi,
2026 5483 2086 5529 ut

490 5556 667 5600 esst-nn
695 5549 750 5603 in
778 5551 1011 5620 gemitu,
1039 5555 1248 5611 scilicet
1280 5567 1341 5611 ut
1370 5550 1654 5631 Quousque
1684 5564 1921 5622 viverem
1940 5608 1954 5634 ,
1985 5584 2081 5637 ge—

488 5640 741 5695 merdum
774 5644 903 5698 mihi
934 5657 1197 5715 putarem.
1230 5649 1296 5705 Et
1327 5653 1560 5709 laboravi
1583 5657 1636 5709 in
1656 5663 1869 5729 gemitu,
1891 5661 1945 5714 id
1975 5672 2075 5729 est,

489 5734 653 5789 titotlo
682 5738 809 5791 mihi
839 5742 1078 5810 proprio.
1107 5742 1316 5801 Nemini
1345 5749 1490 5805 enim
1518 5752 1660 5807 sicut
1688 5754 1821 5808 mihi
1852 5757 2079 5828 ingemi-

2194 3357 2480 3417 litudinem
2508 3355 2604 3411 Dei
2624 3355 2846 3412 τοοηῶ
2889 3352 3042 3428 (ϐαι.
3069 3356 3115 3424 1)
3139 3395 3154 3419 ,
3179 3369 3287 3425 per
3330 3349 3795 3424 pumicum

2197 3452 2411 3521 culpam
2438 3463 2477 3505 a
2503 3446 2987 3518 contemplationis
3022 3445 3221 3501 divina:
3258 3444 3509 3500 claritate
3546 3443 3792 3514 expulsa,

2192 3543 2334 3599 sicut
2354 3540 2776 3601 immortalitatis
2794 3550 3011 3595 tutam:
3026 3538 3423 3595 beatitudinem
3441 3538 3704 3608 perdidit,
3716 3537 3793 3592 ita

2190 3633 2511 3691 interiorem
2536 3632 2761 3691 eos“.
2784 3631 3012 3697 ultimm,
3034 3630 3249 3685 scilicet
3262 3625 3664 3685 “iocabitur
3696 3626 3791 3683 ob-

2188 3728 2450 3786 scuravit.
2496 3725 2561 3780 Et
2592 3724 2718 3793 quia
2742 3730 2941 3792 postea
2976 3721 3184 3776 bonum
3226 3735 3260 3775 a
3284 3719 3437 3775 male
3480 3719 3793 3777 discerem

2188 3818 2388 3883 uoluit,
2446 3816 2637 3871 volens
2683 3812 3035 3884 modun
3085 3810 3221 3883 quid
3274 3811 3379 3868 sibi
3430 3811 3791 3882 sequendum,

2194 3909 2395 3979 quidve
2426 3905 2738 3975 fugiendum
2758 3915 2907 3962 esset
2923 3944 2939 3971 ,
2964 3905 3111 3961 scire
3132 3904 3381 3976 nequivit
3400 3903 3464 3975 (1
3490 3903 3659 3961 Jun.
3688 3906 3793 3977 ut).

2189 3998 2259 4059 Et
2302 3999 2433 4071 quia
2462 3999 2615 4057 illum
2644 3998 2736 4067 qui
2758 3997 2991 4065 lutost,
3016 4006 3075 4052 et
3116 3999 3175 4052 in
3201 4012 3311 4067 quo
3352 4012 3465 4053 non
3494 4007 3629 4054 sunt
3674 4000 3793 4054 ulla

2189 4092 2452 4160 tenebrae,
2479 4091 2644 4164 mg
2673 4106 2783 4148 nou
2804 4092 3004 4157 .unuit,
3034 4090 3179 4147 sicut
3200 4090 3260 4145 in
3284 4100 3466 4158 nocte,
3488 4092 3576 4147 sie
3601 4100 3792 4162 postea

2191 4186 2245 4241 in
2274 4185 2500 4242 meridie
2532 4183 2792 4255 palpavit.
2835 4183 2987 4240 Dicat
3015 4198 3144 4254 agno
3186 4181 3362 4240 ﬁdelis
3382 4182 3609 4238 anim:
3658 4181 3789 4236 Tum

2191 4275 2337 4331 batus
2394 4286 2471 4332 est
2512 4293 2553 4333 α
2592 4277 2777 4347 furore
2820 4275 2999 4331 oculus
3040 4285 3185 4324 meus
3215 4287 3235 4325 :
3275 4271 3400 4340 quia
3440 4272 3791 4329 discens-ull

2190 4378 2344 4423 recte
2372 4368 2706 4419 voluntatem
2723 4378 2831 4420 non
2854 4362 3038 4427 habui,
3060 4378 3162 4433 per
3175 4362 3436 4430 hum-em,
3455 4363 3510 4418 id
3530 4366 3783 4419 estdata-

2189 4455 2427 4513 natiouis
2452 4453 2805 4521 sementium,
2840 4454 3012 4525 uisam
3046 4454 3773 4526 eligenﬁpdaﬁnemisi

2198 4547 2298 4605 γε]
2324 4547 2722 4607 etimilliasa
2754 4546 3158 4605 [ultorem
3202 4549 3467 4616 turbatur,
3520 4552 3654 4620 quia
3682 4562 3781 4607 we-

2108 4665 2167 4730 D
2188 4641 2372 4699 utendi
2399 4641 2541 4701 diem
2570 4640 2779 4709 iudicii.
2803 4640 3048 4697 damnari
3064 4649 3338 4709 metuens,
3360 4643 3632 4700 intus".
3649 4644 3781 4700 Carr

2193 4736 2339 4795 anim
2364 4733 2510 4806 quod
2524 4734 2761 4805 quisque
2776 4735 3023 4804 gesserit,
3041 4735 3172 4804 quia
3196 4735 3651 4806 ibisitreeeptas,
3670 4752 3781 4791 corr

2192 4828 2415 4894 siderat.
2440 4834 2817 4895 mantelum
2838 4823 2944 4880 hoc
2965 4825 3245 4896 praevidet,
3268 4826 3538 4881 malemm
3558 4842 3779 4881 suorum

2193 4920 2466 4977 cmuciatu
2489 4961 2506 4987 ,
2534 4919 2653 4988 ipse
2895 4926 3071 4973 tenor
3098 4920 3406 4988 pertisum.
3448 4916 3523 4973 Et
3562 4919 3693 4989 quia
3721 4922 3781 4973 at?

2192 5012 2325 5071 illud
2359 5012 2625 5083 iudicium
2666 5010 2854 5068 venire
2883 5026 2993 5066 non
3022 5011 3279 5085 trepidat,
3320 5012 3429 5068 nisi
3456 5027 3629 5084 quem
3657 5028 3775 5068 con

2192 5107 2420 5167 scientia
2436 5104 2514 5162 ide
2542 5104 2781 5174 peccatis
2807 5112 3054 5173 meum,
3086 5104 3210 5161 ideo
3234 5104 3482 5175 adiungit
3528 5123 3542 5159 :
3578 5104 3773 5161 Inuic-

2190 5201 2302 5258 ηυξ
2340 5201 2480 5257 inter
2501 5214 2681 5255 omnes
2704 5198 2945 5254 iniunctas
2970 5213 3134 5252 me.
3176 5197 3256 5252 Ac
3284 5198 3331 5251 si
3348 5197 3604 5253 diceret:
3662 5197 3779 5252 Idea

2190 5292 2257 5349 ad
2282 5291 2417 5349 illud
2438 5290 2680 5347 terribile
2703 5303 2933 5347 examen
2954 5288 3149 5345 deduci
3170 5298 3378 5355 metuo,
3401 5288 3529 5357 quia
3548 5303 3652 5359 per
3666 5304 3769 5343 ceu

2189 5384 2529 5441 suetudinem
2578 5390 2633 5438 et
2688 5380 3145 5452 perseverantiam
3193 5394 3483 5450 pravorum
3536 5392 3777 5448 operum,

2191 5495 2299 5535 non
2342 5492 2573 5545 novum,
2610 5475 2715 5533 sed
2743 5483 2985 5531 veterem
3020 5487 3111 5531 me
3142 5480 3485 5543 peccatorum
3518 5486 3776 5541 agnoseo.

2190 5570 2324 5626 Cum
2353 5571 2495 5626 enim
2526 5569 2626 5625 sim
2656 5570 2798 5625 inter
2823 5568 3071 5625 inimicos
3092 5582 3263 5632 neos,
3287 5566 3509 5636 spiritus
3531 5565 3777 5620 videlicet

2187 5664 2487 5733 malignos;
2515 5663 2643 5734 quia
2668 5677 2861 5720 eorum
2886 5678 2918 5716 a
2947 5677 3034 5717 me
3058 5660 3429 5730 auggestiones
3454 5675 3564 5713 non
3585 5658 3771 5729 repuli,

2187 5759 2293 5814 illis
2321 5759 2663 5815 consentiens
2701 5759 2756 5814 in
2800 5758 3145 5813 tenebrarum
3175 5754 3431 5826 operibus
3458 5751 3775 5821 inveteravi,

565 5897 591 5926 ἰ
628 5888 729 5947 llic
768 5892 935 5947 multa
967 5894 1298 5956 restituimus
1340 5914 1409 5955 ex
1435 5902 1555 5962 aliis
1600 5904 1756 5966 editis
1815 5909 1871 5967 in
1897 5909 2164 5973 Gussanv.
2188 5913 2329 5973 Edit.
2355 5915 2552 5973 omissa
2576 5933 2589 5983 ;
2613 5914 2756 5974 unde
2776 5930 2966 5975 sensus
2991 5913 3363 5973 labefactatus.
