4038 6338
239 391 341 452 557

968 383 1036 439 IN
1074 383 1345 442 SEPTEM
1381 383 1581 441 PSAL.
1625 380 1886 439 Ροεηιτ.
1930 379 2314 441 EXPOSITIO.
2353 412 2425 426 —-
2463 384 2659 443 PSAL.
2698 386 2762 444 11.

3206 386 3295 421 ·⁷
3398 400 3505 460 558

240 508 287 567 ω
312 511 392 563 ρει
416 503 468 560 in
493 500 692 557 veteris
717 497 950 555 hominis
970 497 1386 554 inobedientiam
1410 497 1567 553 redii.
1615 497 1812 553 Factus
1842 496 1890 556 A
1920 504 1976 553 et
2023 495 2278 553 decorem
2324 511 2487 568 quem
2516 482 2782 571 perdidit,
2815 508 2872 559 et
2899 503 3290 569 obscenitatem
3319 525 3425 582 qua
3450 531 3511 573 se

235 615 346 659 sum
374 593 744 666 comparabilis
772 590 942 646 veteri
970 591 1125 646 vesti.
1160 589 1309 645 Sicut
1337 591 1480 645 enim
1503 598 1659 645 vetus
1686 605 1807 645 ves-

240 692 301 747 tis
336 704 432 744 nec
474 695 722 742 ornatum
754 682 969 754 adjicit,
1002 697 1101 738 nec
1134 680 1299 751 frigus
1326 681 1574 752 repellit;
1607 681 1680 735 ita
1707 692 1809 748 ego

235 797 329 839 nec
354 779 514 849 frigus
544 776 861 832 tentationis
888 774 1159 843 expellere
1190 775 1365 838 valeo,
1398 789 1500 829 nec
1527 773 1807 844 proximo-

235 890 343 931 rum
373 872 576 926 animas
600 884 697 939 per
716 868 975 923 doctrinae
998 867 1221 923 verbum
1252 866 1479 923 adorno.
1507 866 1626 932 Vel,
1659 867 1808 921 inve-

233 964 394 1021 teravi
423 961 669 1017 habitans
697 960 839 1015 inter
864 959 1110 1014 inimicos
1137 973 1308 1024 meos,
1333 958 1580 1014 inimicos
1600 956 1809 1013 scilicet

233 1055 499 1112 catholica:
530 1051 651 1107 lidei
682 1060 737 1107 et
756 1051 1077 1107 Christianae
1113 1050 1410 1121 religionis.

295 1146 466 1217 (Vere.
494 1143 576 1215 8.)
614 1144 877 1200 Discedite
901 1162 933 1199 α
954 1161 1035 1200 me
1059 1160 1257 1209 omnes,
1282 1145 1367 1216 qui
1391 1144 1680 1215 operamini
1704 1143 1807 1198 ini-

230 1239 458 1309 quitatem
490 1252 510 1292 :
539 1238 782 1309 quoniam
809 1236 1071 1293 exaudivit
1124 1236 1383 1292 Dominus
1426 1253 1603 1299 vocem
1654 1236 1807 1307 ﬂetus

224 1326 336 1381 mei.

289 1418 339 1473 8.
381 1416 510 1482 Quae
547 1419 769 1473 societas
803 1420 905 1475 luci
934 1420 1005 1474 ad
1046 1420 1323 1477 tenebras!
1371 1418 1503 1487 Quae
1539 1424 1805 1479 conventio

228 1508 403 1565 Christi
430 1509 501 1564 ad
528 1509 739 1565 Belial!
775 1512 878 1566 Aut
917 1528 1031 1584 qua
1055 1528 1182 1582 pars
1210 1513 1381 1585 ﬁdelis
1416 1530 1532 1569 cum
1561 1514 1808 1587 infideli!

226 1599 306 1673 (II
334 1598 452 1656 Cor.
493 1617 569 1667 vr,
600 1601 713 1675 i8).
762 1601 912 1658 Sicut
936 1607 1081 1659 enim
1123 1605 1216 1674 qui
1242 1604 1513 1661 diabolum
1540 1607 1803 1679 sequitur,

225 1690 533 1748 Sanctorum
581 1692 867 1762 collegium
916 1694 1109 1751 affectu
1153 1706 1209 1751 et
1253 1711 1420 1767 opere
1447 1707 1803 1769 aspernatur;

223 1783 289 1839 ita
313 1783 404 1856 qui
424 1784 539 1840 Deo
562 1784 802 1855 perfecte
832 1786 1136 1855 adhaesu-it,
1161 1788 1450 1858 impiorum
1472 1789 1805 1844 consortium

1911 589 2062 642 velut
2108 588 2341 658 quodam
2370 590 2651 647 teterrima
2681 592 2869 650 colore
2895 595 3152 666 perfudit,
3185 600 3253 658 de
3280 618 3509 674 operum

1912 693 2131 734 suorum
2166 679 2447 750 qualitate,
2492 681 2595 738 nisi
2636 684 2707 739 sit
2749 684 2908 755 lapis,
2954 690 3252 748 erubescit.
3301 694 3508 755 Nobilis

1912 770 2091 823 anima
2118 769 2163 825 si
2192 784 2327 840 quas
2351 770 2638 842 aliquando
2662 777 2874 846 peccati
2903 786 3062 835 notas
3092 782 3388 853 admiserit,
3414 803 3510 845 ve-

1912 859 2225 916 recundiam
2251 869 2435 917 tamen
2464 878 2494 917 a
2521 878 2581 919 se
2603 864 2841 923 funditus
2872 884 2982 925 non
3010 874 3245 943 repellit.
3295 876 3430 936 Nam
3454 889 3511 937 et

1914 951 2043 1007 illud
2073 966 2260 1007 verum
2289 961 2375 1010 est
2398 966 2601 1026 aperta:
2622 956 3016 1029 desperationis
3043 964 3324 1040 indicium,
3350 971 3395 1026 si
3416 988 3513 1030 ve-

1912 1041 2169 1097 recundia
2213 1058 2322 1098 non
2367 1045 2611 1116 sequitur
2638 1058 2942 1120 peccatum.
2997 1052 3151 1112 Unde
3179 1059 3281 1115 sub
3308 1048 3509 1119 ludam

1911 1132 2093 1203 specie
2121 1138 2493 1193 contemnenti
2540 1139 2731 1195 anima:
2760 1139 2961 1199 dicitur
3002 1161 3017 1200 :
3074 1145 3247 1205 Frons
3278 1153 3509 1210 mulieris

1911 1226 2196 1281 meretricis
2220 1228 2361 1299 facta
2389 1238 2468 1284 est
2494 1229 2607 1300 tibi,
2630 1232 2844 1288 noluisti
2863 1235 3159 1295 erubescere
3184 1239 3399 1317 (Jerem.
3425 1261 3505 1316 nt,

1913 1312 1992 1384 5).
2046 1314 2151 1382 Qui
2179 1317 2322 1371 enim
2362 1319 2611 1388 neglecto
2654 1319 2751 1376 Dei
2783 1322 2978 1381 timore
3005 1312 3228 1397 peccata
3270 1312 3509 1402 peccatis

1912 1408 2238 1477 accumulat,
2268 1409 2514 1482 profecto
2541 1419 2602 1467 ut
2628 1415 2885 1471 meretrix
2917 1415 3152 1475 frontem
3186 1421 3437 1481 obdurat.

1984 1498 2072 1553 11.
2099 1497 2205 1555 Sed
2221 1501 2347 1571 quia
2364 1502 2543 1559 minus
2564 1512 2651 1561 est
2670 1505 2738 1562 de
2758 1515 3010 1565 anteacta
3032 1510 3144 1567 vita
3164 1514 3506 1585 erubescere,

1912 1589 2017 1645 nisi
2065 1591 2187 1661 quis
2216 1593 2383 1649 etiam
2409 1595 2626 1652 studeat
2662 1611 2727 1653 ea
2756 1612 2877 1668 qua:
2910 1601 3148 1671 admisit,
3197 1607 3513 1679 paenitendo

1912 1682 2218 1753 corrigere,
2271 1684 2548 1756 subjungit
2583 1703 2597 1740 :
2629 1685 2702 1742 Et
2748 1690 3118 1749 conturbentur
3170 1696 3508 1757 vehementer.

1913 1775 2168 1847 Quisquis
2193 1778 2405 1849 peccati
2433 1780 2516 1836 sui
2544 1780 2763 1835 modum
2792 1784 3164 1854 considerans,
3194 1788 3298 1846 sibi
3316 1789 3511 1859 iratus,

222 1890 551 1948 nequaquam
582 1876 836 1932 admittit.
888 1878 1025 1945 Quia
1067 1891 1196 1947 ergo
1240 1878 1535 1934 inveteravi
1575 1895 1804 1935 conver-
1835 1888 1888 1951 Β
1914 1877 2106 1926 contra
2134 1870 2373 1943 seipsum
2399 1872 2668 1948 graviter,
2700 1874 2847 1945 quod
2875 1876 2986 1944 egit
3017 1878 3327 1949 puniendo,
3358 1881 3511 1939 inve—

219 1976 357 2023 sstus
386 1968 532 2023 inter
560 1967 808 2025 inimicos
835 1982 1020 2035 meos,
1053 1984 1123 2025 ne
1158 1969 1389 2040 amplius
1418 1969 1618 2042 aliquid
1644 1978 1805 2026 vetu-

218 2060 362 2115 statis
389 2060 445 2115 in
472 2075 565 2116 me
587 2073 864 2132 appareat,
894 2076 963 2116 ne
986 2059 1325 2116 inimicorum
1347 2062 1689 2117 conversatio
1709 2078 1806 2118 no-

217 2159 317 2206 tam
346 2152 478 2209 mihi
508 2153 975 2223 praevaricationis
1004 2152 1227 2222 inligat;
1258 2168 1355 2209 vos
1384 2153 1478 2224 qui
1505 2154 1806 2225 aperamini

216 2242 572 2313 iniquitatem,
616 2246 709 2315 qui
753 2245 943 2317 culpas
978 2256 1188 2303 vestras
1226 2244 1473 2302 confiteri
1515 2247 1801 2316 negligitis,

213 2339 296 2407 qui
325 2339 379 2393 in
405 2338 571 2394 malis
600 2340 853 2409 operibus
885 2340 1287 2410 impoenitentes
1311 2343 1688 2412 perseveratis,
1717 2343 1806 2399 hic

214 2442 242 2482 a
271 2444 355 2484 me
401 2430 605 2485 all‘ectu
636 2429 929 2497 discedite,
964 2431 1051 2487 hic
1086 2447 1185 2488 vos
1217 2447 1245 2486 a
1276 2448 1363 2487 me
1387 2446 1611 2502 operum
1642 2432 1804 2491 dissi-

212 2520 509 2578 militudine
557 2522 839 2591 elongate;
891 2530 948 2577 ut
1004 2524 1128 2594 quia
1168 2538 1199 2579 a
1251 2524 1363 2580 Duo
1406 2525 1662 2581 receditis
1715 2526 1807 2582 hic

212 2614 382 2670 animo
403 2654 419 2680 ,
462 2623 521 2670 et
562 2615 618 2669 in
644 2615 825 2670 futuro
861 2616 1025 2670 etiam
1056 2632 1287 2687 corpore
1314 2633 1344 2672 a
1373 2632 1461 2672 me
1490 2618 1801 2676 discedatis.

211 2698 495 2772 Discedite,
534 2716 595 2759 ut
622 2706 852 2775 amplius
878 2722 987 2762 non
1016 2708 1411 2763 communicem
1438 2710 1693 2777 Operibus
1716 2726 1806 2766 ve-

211 2796 329 2853 Slris
350 2797 555 2868 iniquis
582 2816 595 2852 :
623 2797 881 2863 Quoniam
903 2801 1163 2855 exaudivit
1186 2800 1438 2856 Dominus
1456 2803 1635 2858 vocem
1654 2808 1805 2875 ﬂetus

211 2886 321 2941 mei.
372 2886 505 2944 Lavi
556 2887 722 2959 pedes
768 2905 951 2960 meos,
995 2894 1269 2960 quomodo
1318 2894 1610 2965 inquinabo
1642 2895 1807 2951 illos?

211 2973 381 3049 (Cant.
410 2978 493 3051 v.)
545 2978 746 3035 Vocem
778 2980 1011 3036 ﬂebilem
1044 2981 1302 3040 Dominus
1341 2984 1650 3052 exaudivit;
1679 2986 1807 3057 quia

210 3069 272 3124 ab
309 3070 462 3127 omni
501 3071 914 3142 inquinamento
944 3074 1129 3128 carnis
1154 3082 1209 3129 et
1257 3075 1480 3147 spiritus
1508 3091 1596 3132 me
1642 3092 1805 3133 mun-

210 3161 368 3218 davit.
397 3163 691 3232 Quomodo
720 3174 903 3221 autem
928 3168 1210 3224 exauditus
1241 3170 1333 3235 sit,
1362 3169 1599 3225 ostendit
1626 3186 1638 3222 :

275 3255 456 3325 (Vers.
477 3256 560 3327 9.)
584 3255 867 3311 Exaudivit
895 3257 1146 3313 Dominus
1168 3260 1583 3333 deprecationem
1603 3279 1804 3318 meam:
1831 3280 1884 3347 α

210 3346 473 3405 Dominus
504 3352 795 3406 orationem
823 3367 992 3406 meam
1023 3356 1266 3423 suscepit.

270 3440 323 3495 9.
348 3440 646 3497 Exaudivit
672 3441 924 3497 Dominus
940 3442 1357 3513 deprecationem
1378 3454 1808 3517 meam,peccata

205 3530 558 3587 dimittenda.
600 3532 858 3587 Dominus
885 3537 1176 3590 orationem
1205 3553 1371 3591 meam
1401 3540 1645 3610 suscepit,
1678 3553 1808 3610 per-

204 3624 579 3681 severantiam
623 3625 835 3694 dando;
885 3629 1039 3699 quasi
1086 3629 1269 3685 dicat:
1321 3628 1440 3687 Non
1488 3631 1665 3688 solum
1709 3648 1808 3704 pro

204 3716 450 3787 peccatis
470 3716 609 3772 meis
629 3716 780 3773 ﬂenti
803 3717 1119 3776 delictorum
1136 3720 1265 3777 mihi
1285 3722 1669 3793 indulgentiam
1686 3740 1811 3781 con-

206 3812 345 3882 tulit,
374 3810 483 3870 sed
516 3813 680 3868 etiam
706 3828 775 3870 ne
795 3814 985 3870 eadem
1006 3814 1233 3871 ulterius
1252 3816 1662 3882 committerem,
1688 3831 1811 3887 gra-

204 3903 289 3959 tize
316 3920 435 3961 suae
465 3904 779 3961 ubertatem
809 3906 1097 3962 concessit.
1132 3905 1351 3963 Dixerat
1381 3909 1625 3979 superius
1652 3926 1664 3963 :
1709 3907 1809 3964 Di-

207 3997 391 4051 scedite
412 4015 447 4052 a
470 4012 742 4052 momues
765 3997 851 4070 qui
874 3998 1162 4070 operamini
1184 3998 1527 4071 iniquitatem.
1555 3996 1660 4055 Sed
1682 3998 1809 4071 quia

208 4089 442 4146 charitas
465 4104 580 4144 non
600 4090 793 4160 qu:erit
818 4104 939 4161 quae
960 4106 1055 4146 sua
1078 4099 1202 4146 sunt
1226 4091 1272 4163 (Ι
1297 4089 1416 4146 Cor.
1436 4089 1581 4163 xm);
1606 4098 1661 4146 et
1679 4090 1809 4147 hinc

209 4194 334 4236 vera
351 4199 475 4239 esse
505 4183 829 4248 ostenditur,
853 4199 975 4240 cum
990 4184 1081 4241 ille
1095 4184 1332 4255 diligitur
1353 4185 1444 4258 qui
1466 4184 1807 4255 adversatur,

209 4271 331 4329 ideo
362 4275 648 4347 subjungit
671 4293 683 4329 :
1798 4347 1807 4354 υ

282 4364 462 4433 {Vers.
499 4366 616 4437 10.)
658 4363 978 4421 Erubescant
1011 4374 1059 4420 et
1090 4366 1458 4422 conturbentur
1492 4367 1812 4423 vehementer

206 4473 387 4513 omnes
430 4457 638 4514 inimici
680 4459 820 4514 mei:
859 4467 1223 4513 convertantur
1260 4466 1310 4514 et
1336 4461 1638 4515 erubescant
1665 4461 1814 4516 valde

208 4550 470 4607 velociter.

280 4641 371 4699 10.
412 4641 512 4697 ille
534 4641 803 4697 veraciter
823 4641 1144 4697 charitatem
1170 4641 1354 4709 habet,
1379 4642 1471 4713 qui
1492 4650 1548 4698 et
1576 4643 1808 4700 amicum
1836 4662 1895 4726 ι)

212 4731 384 4804 diligit
407 4733 462 4788 in
486 4732 627 4802 Deo,
650 4742 704 4788 et
726 4733 999 4788 inimicum
1026 4733 1196 4803 diligit
1215 4743 1439 4805 propter
1460 4733 1649 4790 Deum.
1674 4734 1813 4792 Hinc

212 4840 451 4896 namque
488 4839 592 4897 per
619 4826 963 4895 semetipsam
989 4825 1205 4882 Veritas
1243 4826 1413 4881 dicit:
1464 4826 1679 4898 Diligite
1706 4829 1811 4883 ini-

212 4918 375 4972 micos
400 4926 618 4984 vestros,
652 4917 935 4989 benefacite
960 4917 1040 4971 his
1068 4919 1154 4990 qui
1181 4918 1401 4972 oderunt
1431 4935 1517 4973 vos
1545 4918 1696 4992 (Luc.
1739 4938 1814 4991 vt,

211 5007 331 5080 27).
386 5010 467 5066 Ne
518 5025 647 5080 ergo
696 5010 858 5066 surda
901 5026 1033 5066 aure
1076 5018 1343 5082 praecepta
1376 5018 1615 5067 transeat
1654 5013 1815 5087 473

213 5100 505 5157 Dominica
525 5144 542 5171 ,
570 5118 669 5173 pro
700 5103 930 5160 inimicis
959 5112 1077 5158 orat
1120 5103 1300 5158 anima
1327 5102 1581 5160 exaudita
1609 5123 1619 5159 :
1672 5106 1817 5162 Eru-

215 5190 438 5249 bescant
475 5204 529 5249 et
575 5194 957 5250 conturbentur.
1009 5194 1147 5267 Ergo
1189 5196 1316 5267 quia
1342 5203 1561 5269 propter
1596 5208 1821 5271 peccata

217 5298 336 5351 qua:
362 5294 831 5355 perpetraveram,
879 5286 1099 5352 erubui;
1141 5285 1466 5343 erubescens
1498 5301 1627 5345 vero
1670 5298 1821 5349 utea

215 5373 485 5432 diluerem
508 5418 523 5442 ,
561 5377 612 5433 in
634 5378 836 5446 gemitu
864 5392 986 5432 meo
1022 5377 1296 5445 laboravi,
1329 5378 1579 5434 exaudita
1608 5382 1821 5439 veniam

219 5463 540 5534 impetravi.
588 5465 656 5521 Et
696 5467 902 5522 utinam
943 5482 1066 5523 meo
1114 5468 1364 5540 exemplo
1393 5471 1681 5526 erubesdat
1704 5472 1825 5544 qui-

220 5572 438 5631 cunque
503 5562 650 5631 quod
682 5562 748 5617 ad
777 5563 1061 5632 imaginem
1098 5571 1154 5618 et
1181 5563 1581 5623 similitudinem
1616 5566 1713 5623 Dei
1756 5569 1826 5625 sit

220 5653 395 5710 factus
440 5653 601 5725 (Gen.
635 5657 675 5727 ι)
710 5657 976 5725 intelligit,
1009 5664 1064 5712 et
1092 5656 1325 5725 qualiter
1364 5657 1510 5713 illam
1549 5661 1824 5729 peccando

218 5745 473 5818 fmdavit,
503 5751 770 5817 agnoscit.
824 5750 880 5806 Si
911 5764 971 5805 se
1008 5750 1479 5820 circumspiciens.
1512 5752 1826 5811 consideret

1913 1963 2080 2033 hitur,
2110 1980 2211 2037 per
2237 1967 2679 2037 compunctionis
2710 1968 2975 2041 iacrymas
3000 1969 3355 2029 vehementer
3379 1989 3513 2031 con-

1914 2059 2184 2116 turbatur.
2213 2057 2352 2129 Quia
2376 2074 2511 2116 vero
2540 2076 2641 2133 per
2682 2061 2927 2119 dolorem
2956 2063 3289 2137 poenitentiae
3314 2081 3509 2137 perve-

1913 2152 2061 2207 nitur
2125 2150 2193 2207 ad
2244 2153 2659 2209 conversionem
2726 2154 2851 2210 vitm
2877 2197 2893 2225 ,
2948 2155 3198 2227 protinus
3240 2138 3509 2214 additur:

1912 2243 2314 2300 Convertuntur.
2342 2244 2437 2301 Ille
2462 2244 2717 2301 nimirum
2743 2245 2811 2301 ad
2838 2246 3008 2303 Deum
3038 2248 3393 2317 convertitur,
3418 2250 3511 2321 qui

1912 2345 2022 2390 tam
2044 2336 2313 2407 cogitatus
2332 2352 2483 2404 suos,
2508 2352 2673 2409 quam
2701 2338 2865 2392 etiam
2886 2340 3233 2410 operationes
3249 2340 3317 2395 ad
3340 2339 3512 2397 Deum

1911 2444 2126 2500 semper
2154 2430 2388 2501 dirigere
2428 2439 2679 2488 conatur.
2709 2430 2778 2485 Et
2806 2432 3065 2507 quoniam
3097 2442 3312 2506 tempus
3346 2435 3514 2495 breve

1911 2528 2015 2588 est,
2041 2529 2097 2577 et
2126 2520 2244 2578 linis
2273 2533 2618 2594 peccatorum
2644 2541 2790 2581 mors
2817 2533 2933 2594 est;
2957 2542 3027 2583 ne
3052 2527 3178 2598 quis
3203 2538 3422 2599 putaret
3452 2529 3513 2586 in

1910 2611 2146 2667 hominis
2169 2628 2292 2670 esse
2318 2622 2589 2684 potestate
2621 2615 2840 2684 quando
2871 2617 2986 2675 vias
3017 2633 3144 2674 suas
3171 2619 3303 2675 velit
3344 2620 3513 2676 corri-

1910 2717 2067 2778 gere,
2103 2707 2335 2777 repetit:
2372 2706 2728 2773 Erubescant,
2772 2723 2832 2765 se
2864 2724 3151 2779 peccasse,
3183 2711 3515 2767 erubescant

1912 2797 2325 2853 conversionem
2350 2799 2640 2854 distulisse.
2665 2798 2730 2853 Et
2747 2800 3066 2855 hocfaciant
3086 2802 3236 2858 valde
3252 2803 3511 2858 velociter.

1912 2890 2040 2949 DIES
2082 2893 2220 2946 enim
2252 2891 2462 2948 Domini
2499 2894 2631 2947 sicut
2667 2894 2753 2963 [ur
2799 2895 2854 2948 in
2901 2903 3050 2949 nocte
3092 2895 3168 2949 ita
3214 2898 3380 2949 veniet
3428 2894 3514 2961 (II

1912 2982 2059 3038 Petr.
2087 2999 2182 3052 111,
2212 2983 2325 3055 10).
2379 2983 2531 3040 Unde
2560 2994 2615 3041 et
2645 2984 2936 3051 Salomon;
2985 2982 3072 3040 Ne
3102 2987 3293 3054 tardes,
3319 2985 3515 3065 inquit,

1912 3077 2137 3132 converti
2178 3077 2247 3131 ad
2280 3077 2575 3148 Dominum,
2611 3095 2773 3153 neque
2811 3078 3032 3151 differas
3073 3078 3139 3135 de
3178 3079 3263 3136 die
3289 3081 3346 3135 in
3372 3079 3514 3136 diem

1915 3166 1986 3241 (Ε
1990 3170 2087 3225 ccli
2095 3209 2108 3224 .
2136 3186 2187 3238 v,
2222 3167 2297 3239 8).

2514 3264 2920 3329 PROCEMIUM

2152 3372 2205 3412 IN
2231 3372 2507 3413 SECUNDUI
2537 3372 2781 3417 ΡΒΑωιωι
2809 3371 3286 3439 ρωκιτιςκτμιεκ.

2383 3447 2493 3520 Ipsi
2524 3445 2696 3502 David
2722 3448 3035 3504 intellectus.

1990 3537 2142 3595 Sicut
2170 3552 2331 3610 supra
2359 3536 2473 3609 jam
2503 3538 2757 3605 diximus,
2788 3553 2886 3609 per
2909 3537 3100 3607 David,
3132 3537 3307 3596 fidelis
3333 3538 3516 3598 anima

1915 3627 2213 3699 accipitur,
2266 3627 2353 3683 cui
2382 3635 2437 3683 et
2466 3628 2701 3684 nominis
2741 3628 3144 3700 interpretatio,
3197 3639 3252 3687 et
3284 3645 3511 3703 operum

1915 3717 2315 3787 magnificentia
2367 3718 2755 3773 convenienter
2809 3726 3082 3790 aptantur.
3133 3719 3333 3777 Fidelis
3381 3734 3512 3793 ergo

1915 3811 2116 3877 anima,
2150 3825 2213 3866 ea
2243 3825 2364 3880 quae
2394 3810 2447 3865 in
2471 3810 2576 3867 hoc
2602 3808 2819 3867 Psalmo
2848 3810 3120 3879 dicuntur,
3146 3812 3430 3885 intelligat,
3455 3822 3515 3874 et

1915 3904 1983 3960 ab
2010 3901 2115 3959 isto
2132 3916 2404 3972 nunquam
2428 3901 2706 3958 intellectu
2726 3901 2970 3961 recedat.
2998 3913 3020 3940 υ
3045 3901 3359 3961 intellectus
3378 3920 3510 3963 vero

1916 3994 2083 4053 David
2117 3995 2170 4050 in
2198 3994 2305 4051 hoc
2342 3995 2553 4066 psalmo
2581 4001 2699 4065 est,
2730 4002 2788 4051 ut
2816 4010 2979 4051 nemo
3005 4009 3065 4050 se
3094 4003 3220 4053 ante
3251 3995 3413 4051 iidem
3442 3996 3513 4053 de

1916 4085 2123 4143 meritis
2151 4087 2261 4142 suis
2280 4127 2295 4153 ,
2328 4101 2446 4158 qua:
2484 4086 2629 4141 nulla
2658 4094 2818 4152 sunt,
2846 4084 3068 4149 ell'erat;
3101 4100 3261 4141 nemo
3285 4083 3390 4143 ﬁde
3414 4101 3514 4158 per

1916 4180 2142 4250 gratiam
2184 4188 2430 4252 accepta,
2463 4179 2529 4233 de
2567 4176 2779 4248 peccati
2823 4175 3144 4246 impunitate
3182 4184 3507 4248 praesumat;

1917 4286 2079 4327 nemo
2109 4272 2311 4326 bonum
2342 4268 2486 4341 quod
2512 4267 2660 4332 facit,
2702 4266 2826 4332 sibi,
2856 4265 2952 4321 sed
2990 4265 3177 4335 gratiae
3212 4266 3309 4323 Dei
3349 4268 3508 4325 attri-

1918 4361 2080 4429 buat;
2112 4376 2273 4415 nemo
2302 4374 2400 4430 per
2420 4356 2636 4412 desidia:
2660 4363 2935 4426 torporem
2957 4356 3009 4413 in
3032 4356 3173 4415 bona
3194 4359 3514 4433 operatione

1920 4456 2208 4531 pigrescat.
2238 4451 2534 4508 Videamus
2561 4464 2705 4504 nunc
2730 4448 2856 4520 quid
2887 4448 3051 4506 dicat.

2545 4537 2905 4595 EXPOSITIO

2252 4647 2438 4689 PSALHI
2481 4647 2702 4688 SECUNDI
2744 4648 3190 4692 HEMTENTIALIS.

1997 4728 2161 4803 (Psal.
2194 4726 2384 4783 XXXI.
2410 4727 2653 4783 —Vers.
2688 4726 2765 4797 1.)
2807 4726 2991 4797 Beati,
3018 4712 3235 4798 quorum
3279 4730 3511 4791 remisse

1924 4832 2043 4878 sunt
2069 4823 2387 4895 iniquitates,
2412 4830 2463 4875 et
2490 4837 2705 4894 quorum
2730 4828 2859 4874 tecta
2889 4829 3009 4875 sunt
3029 4829 3263 4892 peccata.

1999 4912 2051 4966 1.
2094 4911 2257 4979 Quasi
2286 4911 2469 4966 dicat:
2502 4909 2638 4965 Cum
2671 4924 2860 4965 omnes
2888 4910 3059 4966 velint
3085 4925 3205 4967 esse
3234 4911 3400 4979 beati,
3432 4913 3517 4971 di-

1928 5005 2069 5062 versi
2098 5004 2166 5060 de
2194 5002 2526 5059 beatitudine
2551 5003 2764 5059 diversa
2778 5003 3517 5073 sentiunt;etdesideriorum

1927 5114 2151 5154 suorum
2191 5112 2432 5153 errorem
2473 5104 2770 5163 sectantes,
2814 5097 2881 5153 ad
2919 5096 3267 5154 beatitudinis
3297 5108 3519 5171 portum

1928 5205 2028 5265 per
2057 5188 2212 5245 devia
2240 5188 2425 5244 venire
2455 5198 2784 5259 proponunt.
2838 5186 2949 5245 Sed
2977 5188 3235 5261 quidquid
3267 5190 3345 5247 illi
3371 5193 3521 5249 msti-

1929 5290 2100 5351 ment,
2149 5280 2293 5336 istud
2321 5287 2404 5335 est
2424 5288 2632 5349 ratum,
2672 5280 2815 5336 istud
2845 5289 2928 5337 est
2975 5282 3331 5353 catholicum,
3361 5284 3521 5361 474

1929 5377 2074 5449 quod
2119 5376 2195 5433 illi
2242 5376 2418 5431 solum
2465 5383 2592 5431 sunt
2638 5374 2813 5444 beati,
2850 5391 3079 5447 quorum
3113 5378 3352 5435 remissa:
3399 5387 3519 5441 sunt

1933 5470 2245 5540 iniquitates
2264 5469 2553 5540 originales
2575 5484 2670 5541 per
2684 5469 3008 5542 baptismum
3035 5490 3048 5527 :
3071 5482 3121 5529 et
3147 5489 3363 5546 quorum
3391 5484 3517 5533 tecta

1931 5572 2049 5619 sunt
2099 5571 2311 5635 peccata
2368 5562 2598 5618 actualia
2647 5571 2772 5634 post
2834 5563 3159 5636 baptismum
3215 5568 3515 5627 commissa,

1931 5654 1990 5712 Si
2040 5656 2173 5725 tegit
2218 5655 2458 5710 inlirmus
2494 5654 2743 5722 vulnera,
2796 5657 3069 5726 quomodo
3120 5658 3196 5714 illi
3242 5674 3274 5714 a
3316 5660 3518 5715 medice

1928 5753 2215 5811 adhibetur
2241 5748 2545 5808 medicina?
2575 5749 2764 5813 Nonne
2786 5751 2834 5811 si
2854 5752 3036 5823 celare
3066 5753 3259 5812 vulnus
3276 5746 3505 5823 deperit

295 5920 321 5949 ι
360 5909 496 5966 Haec
528 5913 595 5968 ad
625 5912 840 5969 titulum
869 5912 1063 5969 Psalmi
1106 5912 1447 5968 referuntur:
1483 5913 1581 5982 ipsi
1622 5911 1789 5968 David
1825 5914 2129 5974 intellectus.
