4038 6338
309 439 403 497 5M

1016 443 1080 500 IN
1121 445 1389 505 SEPTEM
1430 440 1675 504 PSALM.
1720 442 1979 502 POENIT.
2021 443 2407 505 EXPOSITIO.
2448 476 2519 491 --
2558 450 2750 509 PSAL.
2794 454 2861 508 ll.

3474 418 3583 537 ses

306 560 378 612 ad
394 576 492 628 me,
506 576 657 631 opere
669 559 1026 631 compleverint
1040 562 1227 635 (Ibid.,
1250 564 1363 637 21).
1384 565 1678 623 Peccatum
1697 566 1897 637 quippe

2010 576 2168 616 meam
2195 562 2419 622 Domino
2434 584 2449 631 ;
2481 576 2530 622 et
2559 576 2611 622 tu
2638 568 2881 624 remisisti
2909 567 3219 637 impietatem
3237 573 3433 641 peccati
3458 578 3580 631 mei.

306 669 433 709 cum
462 669 594 709 voce
616 696 631 721 ,
661 656 819 726 culpa
847 665 930 712 est
956 657 1010 712 in
1039 660 1253 718 actione
1281 678 1294 715 :
1320 669 1605 731 peccatum
1633 678 1757 719 cum
1785 661 1898 718 cla-

305 761 480 809 more,
528 754 609 801 est
646 746 802 818 culpa
830 763 951 804 cum
988 748 1257 807 libertate.
1300 750 1439 807 Dum
1485 754 1762 809 clamarem
1790 760 1897 809 tota

305 838 410 892 die.
439 836 575 894 Tota
610 838 696 894 die
716 840 932 907 clamat,
956 842 1050 911 qui
1076 858 1176 913 pro
1201 844 1349 901 omni
1398 845 1544 903 bono
1565 861 1731 918 opere
1754 842 1897 917 quod

303 929 437 998 agit,
470 929 676 1001 laudari
706 932 956 1000 affectat;
987 933 1071 990 vel
1100 934 1264 991 etiam
1310 943 1425 993 tota
1449 936 1537 994 die
1565 937 1782 1006 clamat,
1805 935 1897 1008 qui

300 1019 520 1089 publice
548 1036 775 1090 peccare
796 1038 903 1078 non
922 1024 1187 1097 trepidat.

379 1112 396 1181 (
432 1110 583 1168 Vers.
618 1110 698 1184 4.)
729 1112 986 1178 Quoniam
1015 1116 1099 1171 die
1126 1134 1188 1171 ac
1213 1127 1361 1174 nocte
1386 1128 1601 1191 gravata
1627 1126 1706 1176 est
1744 1135 1899 1191 super

300 1220 384 1257 me
415 1222 598 1261 manus
627 1216 755 1263 tua:
786 1225 1057 1267 conversus
1086 1228 1200 1267 sum
1227 1212 1282 1268 in
1326 1228 1558 1269 (erumna
1590 1230 1707 1269 mea
1729 1254 1745 1281 ,
1775 1213 1898 1268 dum

300 1302 584 1372 conﬁgitur
615 1304 787 1373 spina.

373 1392 428 1446 4.
486 1391 637 1449 Sicut
679 1409 777 1465 per
814 1405 1029 1453 noctem
1071 1415 1237 1470 opera
1271 1402 1637 1470 tenebrarum,
1686 1402 1760 1457 ita
1802 1416 1900 1470 per

301 1479 469 1549 diem,
490 1483 755 1540 bonorum
772 1486 1119 1558 intelligimus
1133 1490 1312 1545 lucem
1332 1492 1625 1547 actionum.
1650 1490 1754 1558 Qui
1768 1504 1898 1561 ergo

300 1589 537 1645 peccare
581 1592 691 1632 non
735 1576 961 1645 desinit,
994 1588 1049 1634 et
1078 1582 1286 1637 caeteris
1322 1597 1383 1638 se
1431 1582 1751 1653 prmferens,
1803 1596 1900 1651 per

301 1666 443 1722 bona
486 1682 651 1737 opera
702 1670 981 1738 superbit,
1012 1672 1101 1727 die
1127 1688 1192 1728 ac
1222 1683 1383 1730 nocte
1424 1674 1616 1731 divina:
1641 1676 1899 1746 potentia:

303 1756 441 1812 iram
467 1758 713 1815 incurrit.
737 1759 837 1816 Vel
874 1762 959 1817 die
986 1779 1049 1817 ac
1073 1772 1242 1832 nocte,
1272 1765 1327 1821 id
1352 1773 1436 1821 est
1457 1766 1510 1821 in
1532 1766 1898 1837 prosperitate

298 1859 357 1907 et
387 1851 735 1910 adversitate.
760 1852 988 1910 Gravata
1014 1865 1094 1912 est
1119 1873 1276 1929 super
1294 1874 1375 1913 me
1394 1874 1581 1914 manus
1610 1866 1720 1913 tua.
1734 1858 1898 1930 476

2070 654 2124 710 6.
2157 656 2313 722 Quod
2350 657 2603 715 delictum
2638 674 2820 715 meum
2859 659 3134 729 cognitum
3163 661 3260 717 tibi
3284 660 3413 729 feci,
3438 665 3586 734 quod

1998 741 2294 813 injustitias
2320 763 2471 805 meas
2500 764 2611 806 non
2635 749 2912 818 abscondi,
2940 765 3049 807 non
3074 750 3175 807 fuit.
3194 766 3265 808 ex
3292 755 3585 812 necessita-

2000 846 2073 906 te,
2091 840 2179 895 vel
2199 840 2427 911 alicujus
2441 842 2677 898 levitatis
2696 842 3112 910 occasione,sed
3132 858 3201 899 ex
3225 845 3589 914 pmnitendiet

1998 928 2289 988 confitendi
2311 933 2797 1002 praemeditatione.
2822 931 2955 988 Nam
2973 931 3123 1001 Dixi,
3158 933 3212 990 id
3231 944 3314 991 est
3347 936 3402 991 in
3419 936 3589 994 corde

1996 1036 2123 1078 meo
2149 1022 2314 1077 statui
2341 1040 2354 1078 :
2376 1022 2674 1095 Conﬁtebor
2694 1024 2965 1079 adversum
2983 1040 3064 1079 me
3082 1024 3398 1096 injustitiam
3418 1043 3589 1083 meam

2001 1115 2247 1171 Domino.
2264 1115 2560 1173 Adversum
2574 1132 2632 1175 se
2644 1117 2950 1184 confitetur,
2965 1118 3058 1189 qui
3069 1118 3291 1175 omnino
3302 1118 3589 1176 confitetur

1998 1207 2144 1278 quod
2171 1210 2365 1279 aperit.
2391 1209 2495 1277 Qui
2516 1210 2570 1266 in
2590 1210 2804 1281 peccati
2831 1208 3171 1267 confessione
3198 1212 3300 1268 sibi
3329 1230 3438 1269 non
3467 1230 3590 1285 par-

1998 1301 2103 1369 cit;
2133 1302 2395 1372 quidquid
2425 1301 2712 1372 peccavit,
2758 1316 2866 1356 non
2911 1301 3021 1356 Deo
3059 1301 3309 1370 imputat,
3341 1320 3447 1358 non
3482 1304 3593 1367 Deo

1998 1402 2247 1463 annotat,
2296 1410 2405 1449 non
2445 1394 2675 1449 fortuna:
2723 1392 2985 1459 attribuit,
3036 1408 3144 1449 non
3181 1394 3395 1450 diabolo
3422 1434 3439 1460 ,
3485 1411 3593 1459 non

2000 1486 2401 1543 constellationi
2450 1486 2695 1542 ascribit.
2744 1484 2805 1540 In
2854 1500 2920 1540 eo
2954 1492 3148 1563 autem
3197 1500 3483 1541 evasurum
3532 1502 3594 1543 se

2000 1577 2193 1641 credit,
2227 1578 2273 1633 si
2300 1577 2403 1633 sibi
2429 1577 2600 1633 iratus
2628 1591 2688 1633 se
2715 1576 2833 1633 sine
2861 1575 3235 1632 moderatione
3262 1584 3498 1632 accusat.
3522 1572 3595 1632 Et

2001 1673 2055 1721 tu
2082 1668 2329 1723 remisisti
2376 1669 2695 1739 impietatem
2741 1668 2937 1739 peccati
2965 1669 3083 1723 mei.
3115 1667 3347 1723 Attende
3381 1677 3595 1737 quantm

2001 1762 2072 1816 sit
2119 1761 2466 1830 indulgentia:
2512 1760 2692 1816 vitalis
2728 1760 3007 1826 velocitas,
3040 1769 3243 1831 quanta
3291 1758 3597 1816 misericor-

2005 1849 2107 1905 dia:
2140 1848 2236 1905 Dei
2267 1849 2694 1915 commendatio,
2726 1860 2786 1905 ut
2813 1847 3124 1907 confitentis
3151 1848 3477 1906 desiderium
3504 1864 3597 1905 co-

300 1941 437 2011 Quia
469 1946 613 2001 enim
640 1945 781 2001 etin
831 1946 1069 2004 adversis
1113 1948 1396 2015 succubui,
1442 1957 1499 2005 et
1541 1949 1597 2004 in
1626 1948 1898 2020 prosperis
1926 1938 1976 2003 B
2001 1942 2227 1997 mitetnr
2265 1942 2443 2009 venia,
2501 1950 2792 2013 antequam
2845 1941 2914 1996 ad
2965 1941 3266 1997 cruciatum
3320 1941 3600 2013 perveniat

299 2050 390 2091 me
420 2036 580 2092 nimis
608 2037 779 2103 erexi,
806 2038 941 2093 iram
971 2046 1075 2095 tua:
1102 2040 1356 2111 potentia:
1391 2055 1557 2113 super
1577 2055 1666 2095 me
1694 2056 1897 2111 provo-

298 2126 442 2183 cavi.
484 2126 769 2185 Conversus
796 2146 913 2185 sum
938 2134 993 2185 in
1023 2148 1256 2188 teruntur:
1301 2148 1441 2199 mea,
1472 2133 1595 2188 dum
1622 2134 1901 2204 conﬁgitur

298 2219 457 2289 spina
487 2235 505 2273 :
531 2221 785 2290 quoniam
827 2236 1020 2277 manus
1048 2231 1161 2291 tua,
1190 2238 1311 2293 qua:
1338 2224 1603 2294 superbos
1630 2223 1896 2292 humiliat,

299 2306 533 2365 humiles
566 2309 800 2375 exaltat,
826 2320 1048 2381 gravata
1077 2320 1161 2369 est
1186 2328 1350 2383 super
1385 2328 1492 2369 me.
1524 2312 1609 2369 Me
1637 2313 1780 2369 enim
1810 2328 1902 2369 sn-

298 2400 529 2470 perbum
555 2399 855 2473 depressit;
878 2404 1131 2472 quianon
1150 2404 1326 2461 solum
1348 2413 1631 2475 peccatum
1646 2404 1777 2459 mihi
1797 2404 1899 2461 do-

300 2489 498 2546 minari
537 2492 801 2562 permisit,
834 2494 930 2551 sed
968 2494 1132 2550 etiam
1174 2494 1245 2552 de
1269 2511 1378 2567 qua
1416 2496 1576 2552 nimis
1604 2496 1897 2567 gloriabar,

296 2579 563 2650 justitiam
590 2583 723 2639 mihi
756 2582 1030 2641 difficilem
1056 2584 1205 2643 fecit.
1230 2586 1357 2645 Ideo
1386 2605 1661 2645 conversus
1700 2606 1815 2644 sum
1843 2591 1899 2645 in

301 2686 539 2726 aerumna
562 2689 696 2728 mea.
728 2672 831 2741 Qui
858 2675 1014 2743 genitu
1043 2675 1113 2733 de
1139 2693 1228 2733 me
1259 2694 1610 2750 praesumens,
1638 2682 1790 2753 quasi
1820 2681 1903 2737 di-

298 2762 469 2820 vitem
498 2781 585 2821 me
610 2767 759 2838 prius
779 2776 834 2824 et
855 2770 1056 2828 nullius
1076 2780 1324 2843 egentem
1351 2775 1585 2840 credidi,
1621 2784 1810 2845 postea
1833 2774 1903 2831 ad

302 2868 397 2909 me
427 2856 661 2923 rediens,
684 2872 845 2927 quam
873 2861 975 2916 sim
997 2861 1164 2918 miser
1184 2868 1239 2919 et
1267 2864 1453 2920 infelix
1474 2865 1689 2935 agnovi.
1712 2864 1780 2919 Et
1799 2865 1905 2923 hoc

300 2946 430 3015 feci,
446 2949 568 3004 dum
585 2952 867 3025 conﬁgitur
877 2955 1052 3023 spina.
1071 2955 1177 3012 Per
1195 2957 1428 3028 spinam,
1446 2973 1607 3015 onme
1624 2946 1902 3030 peccatum

303 3039 429 3095 ideo
453 3040 717 3112 accipitur
732 3082 747 3110 ,
771 3044 897 3113 quia
922 3043 1051 3102 dum
1068 3036 1731 3118 conferqdelectationem,
1750 3050 1904 3121 quasi

301 3132 592 3202 pungendo
640 3133 843 3190 lacerat
887 3144 1147 3194 mentem.
1183 3136 1333 3197 Tunc
1372 3148 1555 3197 autem
1590 3140 1905 3212 paenitentis

303 3221 486 3276 anima
504 3221 572 3277 ad
596 3223 889 3281 lamentum
908 3226 1145 3299 ducitur,
1175 3244 1297 3286 cum
1326 3239 1633 3304 perpetrata
1662 3232 1903 3304 nequitia

302 3314 362 3369 in
400 3316 660 3372 memoria
697 3316 803 3375 fixe
831 3320 1115 3376 retinetur.
1148 3320 1207 3377 ln
1246 3322 1353 3379 alia
1400 3324 1753 3382 translatione
1790 3341 1901 3382 non

300 3406 526 3477 configi,
576 3408 671 3465 sed
699 3411 963 3483 confringi
1010 3412 1165 3484 spina
1194 3413 1437 3470 dicitur:
1480 3418 1605 3485 quia
1654 3417 1907 3473 nimirum

300 3513 461 3555 mens
487 3500 555 3555 ad
585 3500 789 3557 luctum
817 3503 1071 3572 vertitur,
1099 3512 1160 3559 ut
1184 3505 1397 3575 peccati
1422 3506 1768 3577 compunctio
1793 3522 1908 3577 pm-

299 3590 530 3646 nitendo
558 3588 855 3661 frangatur.
879 3593 1165 3661 Quomodo
1180 3604 1365 3653 autem
1391 3597 1463 3654 sit
1482 3612 1796 3665 conversus,
1818 3612 1910 3654 os-

300 3679 502 3747 tendit,
537 3681 661 3737 dum
689 3683 871 3739 subdit
891 3702 905 3739 :

380 3772 559 3842 (Vers.
588 3772 667 3844 5.)
693 3774 951 3833 Delictum
974 3795 1147 3835 meum
1175 3783 1439 3852 cognitum
1465 3780 1558 3838 tibi
1588 3783 1711 3854 feci,
1739 3790 1791 3839 et
1810 3784 1912 3857 {in-

298 3863 561 3934 iustitiam
586 3882 753 3921 meam
780 3884 885 3923 non
914 3867 1199 3937 abscondi.)

380 3950 433 4008 5.
461 3955 721 4021 Quamvis
750 3959 932 4015 omnia
961 3959 1071 4017 sint
1113 3959 1255 4016 nuda
1306 3970 1362 4017 et
1388 3970 1574 4034 aperta
1612 3963 1783 4020 oculis
1805 3964 1912 4021 tuis

308 4043 496 4116 (Hebr.
513 4062 585 4115 IV,
604 4046 717 4118 15),
736 4056 917 4106 tamen
951 4051 1078 4121 quia
1107 4066 1203 4108 ore
1217 4051 1488 4110 confessio
1506 4052 1567 4109 ﬁt
1582 4053 1650 4109 ad
1678 4054 1910 4111 salutem

310 4135 493 4205 (Rom.
512 4152 568 4205 χ,
593 4137 703 4211 10),
722 4140 823 4197 feci
854 4142 948 4197 tibi
969 4143 1244 4213 cognitum
1266 4144 1545 4214 delictum,
1572 4145 1760 4203 dicens
1778 4146 1911 4205 illud

309 4244 431 4286 esse
450 4246 647 4287 meum.
676 4231 806 4289 Mihi
823 4234 991 4301 enim,
1008 4235 1134 4306 quia
1147 4236 1348 4308 deliqui
1367 4237 1579 4308 imputo
1596 4278 1613 4305 ,
1626 4254 1713 4294 me
1734 4237 1909 4294 solum

309 4325 367 4380 in
396 4341 618 4396 operum
648 4340 892 4383 meorum
914 4328 1183 4398 pravitate
1216 4330 1543 4401 culpabilem
1570 4330 1767 4388 clamo.
1783 4330 1911 4388 Plus

309 4422 395 4470 est
416 4416 670 4473 delictum
686 4419 962 4488 cognitum
978 4419 1182 4490 facere,
1198 4435 1361 4491 quam
1380 4420 1638 4479 delictum
1655 4424 1911 4480 manifes-

219 4496 231 4583 ξ
310 4512 452 4561 tare.
475 4505 569 4563 llle
598 4511 743 4564 enim
767 4510 1019 4567 delictum
1044 4512 1320 4581 cognitum
1336 4512 1484 4581 facit,
1501 4514 1594 4583 qui
1611 4530 1718 4571 non
1733 4515 1907 4572 solum

214 4598 231 4677 ξ
310 4598 459 4669 quod
488 4599 614 4656 fecit
642 4602 947 4672 annuntiat,
978 4603 1075 4659 sed
1095 4603 1259 4658 etiam
1288 4618 1504 4660 omnem
1536 4604 1745 4674 peccati
1775 4620 1910 4660 cau-

220 4686 232 4710 ‘
309 4702 427 4745 sam
455 4699 511 4747 et
531 4693 794 4763 originem
822 4704 1026 4751 narrat.
1050 4693 1152 4763 Qui
1172 4712 1280 4752 non
1296 4696 1584 4767 superficie
1606 4706 1762 4754 tenus
1774 4712 1909 4769 pec-

310 4790 493 4838 catum
524 4783 778 4853 loquitur,
810 4786 907 4843 sed
936 4795 991 4844 et
1017 4788 1260 4857 quando,
1292 4796 1348 4843 et
1376 4789 1487 4856 ubi,
1519 4796 1575 4845 et
1599 4789 1905 4861 quomodo;

308 4880 369 4929 et
420 4874 468 4929 si
525 4875 607 4931 vel
652 4876 997 4946 ignorantia,
1049 4879 1136 4935 vel
1180 4894 1349 4944 casu,
1406 4880 1494 4935 vel
1546 4880 1723 4937 studio
1775 4880 1911 4937 deli-

309 4964 493 5032 querit
521 5005 536 5031 ,
590 4965 899 5024 conﬁtetur.
959 4966 1030 5023 Et
1080 4970 1391 5041 injustitiam
1431 4987 1597 5027 nteant
1652 4988 1757 5026 non
1812 4971 1909 5025 ab-

310 5056 519 5111 scandi.
561 5058 775 5117 Nullum
830 5062 886 5117 in
933 5062 1099 5120 corde
1154 5078 1274 5120 meo
1322 5063 1627 5120 dolositatis
1677 5080 1909 5136 scrupu-

306 5146 426 5202 lum
476 5151 671 5228 retipui
716 5171 728 5206 :
777 5153 1035 5225 injustum
1084 5170 1205 5211 esse
1248 5154 1510 5227 quidquid
1560 5171 1590 5211 a
1620 5170 1708 5212 me
1736 5155 1913 5213 habeo

310 5240 578 5299 intimavi.
610 5243 782 5301 Omne
820 5248 963 5304 enim
993 5248 1177 5304 datum
1207 5248 1509 5318 optimum,
1540 5257 1596 5305 et
1624 5265 1786 5305 omne
1814 5249 1917 5305 do-

309 5348 443 5388 num
472 5336 771 5405 perfectum
799 5339 1078 5395 desursum
1105 5348 1206 5395 est.
1236 5339 1495 5395 Detictum
1532 5358 1701 5396 meum
1738 5343 1915 5413 cogni-

312 5434 423 5480 tum
453 5427 545 5482 tibi
574 5430 693 5500 feci,
725 5439 776 5484 et
801 5430 1113 5502 injustitiam
1133 5448 1300 5486 meam
1348 5449 1454 5487 non
1496 5432 1743 5488 abscondi
1769 5432 1912 5503 (Jac.

310 5532 355 5585 1,
387 5517 499 5588 17).
552 5518 670 5575 Νοη
716 5521 891 5576 solum
924 5520 1069 5591 quod
1093 5521 1322 5591 deliqui,
1352 5537 1473 5591 qum
1511 5522 1642 5577 mihi
1669 5522 1915 5577 facienda

311 5608 531 5665 fuerant
555 5612 698 5667 bona
721 5613 1092 5683 praetereundo
1120 5613 1339 5683 aperui;
1364 5614 1458 5670 sed
1479 5614 1735 5684 quidquid
1763 5614 1916 5670 cont-

312 5701 463 5771 misi,
489 5717 611 5773 qum
654 5703 1030 5775 praetereunda
1074 5702 1288 5759 fuerant
1332 5704 1476 5759 mala
1519 5704 1766 5761 faciendo
1795 5720 1915 5760 nar-

315 5808 457 5850 ηνι.

392 5887 570 5959 (Vers.
602 5891 685 5965 6.)
716 5890 865 5964 Diei,
889 5890 1185 5965 Conﬁtebor
1208 5890 1480 5951 adversum
1506 5908 1589 5952 me
1607 5893 1919 5966 injustitiam

2000 2032 2358 2103 poenitentia;
2406 2040 2533 2087 ante
2578 2030 2825 2087 remissio
2856 2030 2925 2086 ad
2964 2046 3061 2087 cor
3102 2030 3403 2101 perveniat,
3437 2044 3601 2100 quam

2009 2124 2286 2183 confessio
2314 2126 2371 2181 in
2400 2140 2593 2183 vocem
2612 2132 2881 2197 erumpat.
2909 2123 2987 2179 Tu
3015 2123 3259 2180 remisisti
3283 2123 3601 2195 impietatem

2001 2218 2200 2288 peccati
2247 2218 2369 2274 mei.
2420 2216 2501 2273 Tu
2542 2216 2637 2288 qui
2664 2216 3042 2288 solus'parcis,
3070 2216 3162 2287 qui
3189 2215 3336 2273 solus
3378 2220 3601 2285 peccata

2001 2307 2255 2364 dimittis:
2279 2309 2402 2379 quis
2430 2308 2574 2365 enim
2602 2315 2787 2380 potest
2813 2307 3087 2365 dimittere
3112 2316 3358 2378 peccata,
3383 2306 3489 2362 nisi
3505 2320 3602 2363 so-

2002 2401 2087 2457 lus
2114 2400 2293 2458 Deus?
2343 2401 2497 2473 (Luc.
2526 2417 2600 2469 tv,
2630 2400 2746 2474 21.)
2774 2402 3024 2457 remisisti
3064 2402 3379 2472 impietatem
3403 2399 3604 2472 peccati

2001 2496 2106 2549 mei
2124 2510 2146 2560 ;
2200 2493 2480 2565 projecisti
2531 2505 2655 2566 post
2706 2502 2915 2564 tergum
2975 2500 3124 2549 tuum
3168 2492 3349 2549 omnia
3364 2501 3603 2567 peccata

2002 2597 2124 2639 mea
2156 2580 2257 2654 (Is.
2305 2599 2529 2654 xxxvm,
2584 2582 2697 2652 17).
2730 2583 2890 2656 477
2935 2582 3055 2639 Non
3098 2582 3274 2640 solum
3314 2590 3604 2654 peccatum

2002 2676 2275 2744 remisisti,
2307 2676 2403 2732 sed
2430 2677 2595 2732 etiam
2616 2676 2789 2748 ipsam
2810 2675 3168 2747 impietatem,
3190 2690 3371 2747 pravae
3394 2674 3607 2743 scilicet

2000 2768 2339 2839 operationis
2368 2768 2759 2836 intentionem;
2790 2776 2851 2824 ut
2876 2767 2984 2839 jam
3015 2766 3161 2823 nulla
3190 2766 3447 2837 in‘corde
3480 2780 3607 2827 meo

2004 2861 2225 2917 malitiae
2248 2861 2404 2917 radix
2431 2868 2732 2929 remaneat,
2761 2876 2831 2919 ex
2856 2875 2964 2932 qua
2992 2859 3262 2931 pestiferae
3290 2858 3519 2916 actionis
3536 2857 3608 2924 de

2005 2962 2206 3011 (κεῖθι-ο
2228 2968 2449 3027 germen
2477 2962 2799 3010 succrescat.

2079 3044 2256 3119 (Vers.
2290 3046 2367 3118 7.)
2392 3044 2503 3103 Pro
2525 3045 2620 3101 hac
2642 3044 2813 3104 orabit
2832 3046 2902 3103 ad
2921 3055 2970 3102 te
2991 3061 3158 3102 omnis
3178 3052 3383 3103 sanctus
3402 3044 3458 3100 in
3480 3051 3610 3100 tem-

2005 3157 2132 3214 pore
2160 3148 2469 3212 Opportuna.
3598 3158 3605 3211 ί

2078 3234 2133 3288 ‘7.
2164 3232 2438 3305 Scriptum
2460 3242 2566 3302 est,
2612 3234 2739 3305 quia
2766 3252 2917 3292 nemo
2937 3236 3053 3291 sine
3077 3242 3311 3305 peccato,
3339 3249 3505 3305 neque
3524 3233 3610 3288 im

1927 3318 1975 3385 C
2008 3329 2127 3401 fans
2156 3327 2301 3398 cujus
2332 3337 2410 3383 est
2446 3328 2601 3382 unius
2638 3328 2742 3382 diei
2781 3329 2887 3383 vita
2919 3344 3073 3398 super
3101 3333 3293 3382 terram
3313 3325 3457 3397 (Job.
3496 3339 3609 3392 διν,

2008 3421 2113 3489 41,
2134 3438 2239 3477 sec.
2268 3420 2422 3491 ιιι).
2457 3420 2527 3475 Et
2574 3419 2767 3475 iterum
2793 3418 2896 3477 Job
2927 3427 3178 3485 testatur,
3209 3418 3337 3489 quia
3366 3418 3480 3473 creti
3503 3432 3635 3473 non.

2008 3522 2131 3569 sunt
2154 3515 2336 3569 mundi
2360 3516 2417 3569 in
2442 3521 2717 3586 conspectu
2743 3513 2877 3584 ejus,
2908 3514 3035 3569 etin
3064 3513 3264 3586 angelis
3291 3512 3400 3569 suis
3420 3511 3615 3582 reperit

2009 3607 2319 3679 pravitatem
2348 3603 2491 3676 (Job.
2516 3620 2608 3673 xv,
2640 3604 2738 3671 15;
2762 3620 2837 3673 ιν,
2868 3603 2981 3675 18).
3010 3604 3224 3671 Quanto
3252 3616 3384 3672 ergo
3404 3600 3614 3665 electus

2010 3696 2243 3767 quisque
2261 3693 2455 3767 majori
2475 3695 2763 3752 sanctitate
2790 3694 3127 3768 praeminet,
3151 3702 3305 3751 tanto
3343 3692 3515 3762 magis
3542 3688 3614 3749 de

2010 3788 2115 3853 his,
2144 3787 2261 3843 sine
2289 3787 2483 3857 quibus
2508 3786 2621 3843 haec
2644 3786 2755 3843 vita
2773 3801 2883 3843 non
2908 3785 3144 3853 ducitur,
3166 3783 3469 3842 venialibus
3488 3795 3615 3854 pec«

2010 3881 2146 3939 catis
2173 3881 2339 3937 dolet.
2370 3880 2501 3948 Quis
2528 3888 2711 3938 autem
2735 3861 2979 3939 sanctior
3005 3878 3176 3936 Paulo
3192 3920 3209 3947 ,
3239 3879 3331 3949 qui
3360 3892 3485 3934 cum
3511 3875 3611 3933 de-

2009 3974 2305 4032 lectaretur
2332 3972 2477 4044 Lege
2501 3973 2601 4030 Dei
2628 3973 2927 4031 secundum
2956 3971 3271 4030 interiorem
3300 3968 3610 4034 hominem,

2014 4077 2070 4126 et
2096 4068 2259 4125 aliam
2305 4067 2505 4139 Legem
2551 4068 2609 4125 in
2637 4068 2897 4125 membris
2941 4067 3091 4133 suis,
3119 4064 3250 4134 Legi
3276 4062 3472 4118 mentis
3500 4074 3615 4119 sua)

2010 4159 2222 4217 videret
2270 4168 2686 4230 repugnantem,
2732 4159 2992 4213 miserum
3036 4170 3098 4212 se
3124 4153 3434 4210 exclamans
3462 4164 3616 4207 com-

2013 4263 2297 4320 memorat,
2327 4260 2384 4307 et
2405 4251 2474 4307 de
2501 4265 2562 4307 se
2597 4248 2865 4316 diffidens,
2896 4247 2966 4303 de
2992 4259 3226 4317 corpore
3246 4244 3438 4303 mortis
3466 4242 3611 4299 illius

2011 4361 2110 4419 per
2136 4345 2235 4402 Dei
2264 4345 2492 4415 gratiam
2520 4342 2737 4399 liberari
2759 4340 3077 4412 exspectat?
3112 4336 3291 4410 (Rom.
3324 4336 3443 4408 vn.)
3465 4335 3615 4395 Idem

2014 4436 2150 4492 nihil
2177 4436 2278 4492 sibi
2317 4434 2567 4492 conscius
2602 4431 2812 4499 fuerat,
2843 4431 2937 4487 sed
2969 4444 3307 4501 nequaquam
3340 4429 3395 4484 in
3423 4429 3528 4485 hoc
3550 4442 3614 4484 se

2010 4525 2363 4597 iustificatam
2413 4522 2671 4578 credebat
2728 4520 2781 4592 (1
2811 4520 2932 4577 Cor.
2962 4537 3036 4587 IV,
3063 4520 3145 4592 4).
3192 4518 3381 4577 Sancti
3408 4517 3617 4575 etenim

2014 4617 2119 4674 viri
2147 4617 2277 4673 licet
2300 4614 2509 4685 magnis
2534 4611 2646 4684 jam
2674 4612 2961 4669 virtutibus
2989 4611 3268 4683 polleant,
3295 4608 3500 4665 habent
3532 4616 3613 4662 ta-

1940 4701 1993 4760 D
2017 4722 2141 4764 men
2170 4705 2348 4762 adhuc
2375 4704 2445 4761 de
2471 4703 2642 4774 culpae
2670 4703 3003 4759 obscuritate
3031 4700 3177 4771 quod
3204 4698 3422 4756 feriant.
3452 4696 3518 4752 Et
3544 4696 3612 4751 li-

2020 4806 2110 4855 cet
2136 4788 2330 4867 magna
2355 4795 2469 4866 jam
2499 4793 2623 4850 vitae
2651 4792 2899 4850 claritate
2926 4792 3164 4859 luceant,
3195 4789 3405 4858 aliquas
3427 4795 3616 4842 tamen

2017 4891 2227 4964 peccati
2252 4889 2499 4954 nebulas,
2531 4886 2681 4943 velut
2704 4883 2966 4958 quasdam
2996 4882 3175 4939 noctis
3203 4880 3480 4951 reliquias,
3508 4892 3612 4932 no-

2018 4984 2191 5040 lentes
2213 4981 2455 5037 trabunt.
2478 4978 2633 5047 Quod
2654 4978 2850 5034 divinze
2878 4974 3123 5049 profecto
3152 4971 3369 5045 pietatis
3396 4970 3616 5041 dispen-

2020 5074 2233 5131 satione
2263 5072 2460 5142 agitur,
2495 5079 2553 5127 ut
2581 5070 2673 5142 qui
2700 5069 3047 5127 ascensiones
3075 5067 3132 5122 in
3162 5065 3328 5122 corde
3358 5078 3459 5120 suo
3504 5061 3617 5117 dis-

2019 5166 2231 5237 posuit,
2262 5164 2329 5220 ad
2368 5163 2689 5220 humilitatis
2714 5160 3089 5218 celsitudinem
3116 5172 3214 5215 sua
3242 5156 3437 5214 melius
3462 5152 3616 5211 infir-
3662 5158 3665 5159 '

2018 5256 2207 5312 mitate
2227 5255 2537 5313 sublevetur
2563 5251 2787 5324 (Psalm.
2813 5266 3041 5321 unm,
3063 5248 3118 5322 6)
3146 5265 3159 5303 :
3184 5256 3450 5319 quatenus
3473 5242 3617 5300 unde

2018 5364 2184 5419 parva
2236 5344 2680 5417 reprehensibilia
2711 5344 2985 5399 humiliter
3011 5342 3245 5414 patitur,
3272 5338 3401 5396 inde
3434 5336 3616 5394 verius

2019 5441 2073 5495 in
2097 5440 2320 5509 iustitiae
2348 5437 2547 5492 virtute
2573 5435 2890 5504 roboretur;
2918 5443 2974 5491 et
2999 5448 3066 5491 eo
3094 5449 3155 5490 se
3181 5433 3238 5489 in
3258 5430 3470 5488 virtutis
3498 5427 3615 5485 cul-
3674 5421 3681 5442 '

2019 5530 2165 5585 mine
2185 5536 2400 5586 erectus
2426 5528 2703 5583 minimum
2723 5527 2941 5592 sentiat,
2964 5538 3072 5596 quo
3098 5523 3213 5598 suis
3226 5522 3427 5579 viribus
3448 5520 3615 5577 etiam

2019 5637 2184 5692 parva
2212 5637 2331 5691 quae
2359 5637 2482 5678 eum
2513 5620 2839 5691 impediunt,
2868 5634 2976 5675 non
3004 5624 3297 5688 expugnat.
3326 5615 3457 5671 Orat
3483 5627 3617 5684 ergo

2021 5730 2121 5785 pro
2166 5714 2482 5770 remissione
2524 5713 2730 5784 peccati
2774 5712 2948 5769 omnis
2994 5719 3215 5769 sanctus
3262 5727 3278 5765 :
3327 5709 3454 5780 quia
3499 5708 3619 5765 sine

2021 5804 2231 5874 peccati
2260 5804 2467 5858 macula
2495 5803 2643 5860 solus
2670 5804 2943 5859 invenitur
2970 5803 3137 5860 homo
3163 5800 3320 5860 Jesus
3348 5799 3615 5856 Christus.

2023 5894 2266 5967 Denique
2292 5894 2507 5969 deipso
2551 5894 2671 5956 solo
2700 5893 2945 5971 tegimus
2968 5934 2985 5967 ,
3034 5892 3185 5969 quod
3229 5906 3342 5953 non
3387 5886 3616 5949 haberet
