4038 6338
501 408 595 465 $67

1710 385 1953 449 SANC'I‘I
1989 378 2319 447 GREGORlI
2356 376 2573 438 MAGNI

3670 378 3780 433 508

490 532 665 580 autem
692 521 746 575 in
767 515 992 573 Domino
1012 506 1367 567 misericordia
1386 503 1719 562 circumdabit
1749 502 1928 574 (Rom.
1959 512 2075 568 vm,
2102 497 2159 558 Α
2180 501 2259 551 tat
2282 492 2634 563 corruptione
2652 488 2810 561 eripi,
2834 497 2892 546 et
2915 486 2985 545 ad
3008 488 3244 544 luturam
3266 484 3626 546 indeﬁcientis
3645 489 3781 548 bea-

498 611 610 685 28).
641 607 991 679 Diligentibus
1020 604 1164 660 enim
1194 599 1387 667 Deum,
1417 598 1597 655 omnia
1637 599 1999 665 cooperantur
2026 589 2082 646 in

496 706 718 762 bonum.
746 701 849 771 Qui
875 700 930 754 in
957 711 1142 752 amore
1163 693 1459 752 cmlestium
1488 690 1643 757 ﬁxus,
1672 686 1927 744 saeculum
1956 698 2083 755 per-

496 798 636 854 fecte
682 790 1007 863 despexerit,
1062 787 1192 843 nulli
1231 784 1449 842 omnino
1489 778 1714 838 vanitati
1759 774 2083 844 succumbit,

497 888 644 945 nulla
672 886 817 941 hunc
840 880 1137 938 adversitas
1165 876 1376 947 dejicit;
1404 872 1550 929 nulla
1577 869 1938 943 prosperitate
1962 880 2072 922 cor-

494 980 803 1053 rumpitur;
836 974 1060 1046 ﬂagellis
1106 970 1357 1045 prolicit:
1386 968 1585 1040 quippe
1625 964 1718 1035 qui
1756 978 1820 1020 ea
1848 968 1943 1018 aut
1964 972 2087 1031 qua:

495 1070 829 1145 perpetravit
850 1074 1072 1140 peccata
1092 1065 1360 1135 obliterat,
1391 1068 1485 1116 aut
1509 1074 1629 1130 qua:
1651 1062 1967 1129 perpetrare
1987 1066 2087 1145 po-

499 1142 661 1231 terat,
693 1164 871 1217 futura
896 1159 1116 1215 devitat.
1146 1156 1215 1210 Et
1253 1153 1354 1210 sibi
1385 1151 1567 1207 omnia
1592 1151 1710 1205 fore
1736 1148 1897 1219 A81
1942 1142 2090 1201 exis-

499 1254 656 1308 timat
683 1264 961 1324 prospera,
992 1262 1110 1319 quae
1137 1262 1169 1302 a
1215 1243 1563 1302 dilectoribus
1600 1238 1785 1297 mundi
1830 1243 2088 1308 putantur

498 1347 746 1404 adversa.

575 1432 750 1510 (Vers.
777 1436 889 1505 14.)
917 1434 1193 1492 Lcetamini
1216 1434 1273 1489 in
1298 1430 1550 1500 Domino,
1574 1433 1626 1485 et
1652 1425 1906 1484 exsultate
1924 1424 2087 1497 justi;

501 1537 549 1585 et
576 1527 876 1601 gloriamini
897 1542 1073 1582 omnes
1103 1525 1229 1579 recti
1257 1523 1433 1579 corde.

575 1620 661 1677 l6.
684 1620 849 1687 Quasi
867 1620 1107 1675 diceret:
1135 1616 1581 1688 Quandoquidem
1599 1622 1882 1687 sperantes
1905 1612 1962 1669 in
1983 1610 2092 1669 Do-

498 1718 647 1773 mino
674 1713 1055 1771 misericordiae
1082 1712 1276 1769 divina:
1304 1711 1497 1784 clypeo
1525 1710 1841 1767 muniuntur
1859 1745 1877 1775 ,
1910 1707 2091 1765 Laeta-

500 1810 628 1865 mini
655 1809 712 1864 in
753 1807 1005 1875 Domino,
1048 1813 1098 1861 et
1125 1804 1378 1860 exsultate
1415 1803 1548 1873 justi
1596 1800 1731 1873 (Ita.
1782 1802 1984 1865 xum;
2011 1796 2089 1868 2).

498 1900 620 1957 Non
661 1906 745 1955 est
781 1899 959 1969 impiis
1010 1897 1269 1968 gaudere,
1320 1895 1453 1951 dicit
1497 1894 1796 1951 Dominus:
1841 1891 1968 1963 quia
2000 1888 2094 1959 qui
2122 1892 2171 1954 Β

500 2000 837 2049 terrenarum
858 2005 1040 2047 rerum
1072 2002 1261 2046 amore
1286 1987 1540 2053 vincitur,
1569 1986 1624 2042 in
1645 1986 1759 2042 Deo
1788 1983 2098 2040 nullatenus

499 2084 820 2142 delectatur.
849 2083 919 2139 Et
946 2091 1147 2154 quanto
1175 2081 1295 2152 quis
1320 2080 1391 2137 ad
1421 2079 1742 2150 temporalia
1763 2078 1973 2134 acriore
1995 2090 2096 2132 cu—

499 2191 564 2231 ra
590 2174 872 2241 exarserit,
904 2180 1054 2230 tanto
1082 2175 1252 2243 magis
1289 2172 1357 2228 ab
1385 2171 1603 2228 aeternis
1645 2166 1937 2227 damnabili
1982 2176 2095 2221 tor-

502 2283 641 2339 pore
666 2266 923 2337 frigescit.
951 2264 1118 2323 Iustis
1145 2280 1277 2337 ergo
1319 2264 1659 2321 solummodo
1687 2271 1746 2318 ut
1774 2262 1829 2317 in
1868 2258 2097 2316 Domino

502 2358 753 2414 laetentur
779 2356 973 2413 dicitur
997 2374 1013 2411 :
1043 2355 1170 2426 quia
1198 2355 1293 2426 qui
1334 2355 1507 2412 Deum
1540 2361 1657 2411 toto
1686 2350 1852 2409 corde
1886 2364 1997 2405 non
2025 2347 2099 2403 di-

500 2450 696 2520 ligunt,
734 2448 789 2504 in
818 2463 885 2505 eo
934 2448 1122 2517 lactari,
1153 2447 1390 2518 quandiu
1432 2445 1779 2503 saecularibus
1820 2443 2098 2501 delectan-

501 2551 612 2611 tur,
667 2558 777 2599 non
824 2550 1068 2614 possunt.
1117 2539 1393 2612 Scriptum
1440 2547 1525 2595 est
1573 2538 1746 2594 enim:
1800 2534 2101 2606 Quicunque

501 2636 703 2691 amicus
732 2635 889 2706 hujus
911 2632 1089 2691 διεσαιὶ
1115 2648 1227 2688 esse
1250 2631 1487 2698 voluerit,
1516 2630 1758 2685 inimicus
1787 2626 1886 2682 Dei
1906 2626 2103 2682 consti-

502 2726 664 2780 taitur
691 2723 896 2796 (Iacob.
929 2740 1005 2792 ιν,
1028 2722 1109 2796 4).
1140 2722 1329 2793 Neque
1356 2720 1502 2777 enim
1542 2733 1826 2791 possumus
1853 2716 1942 2772 hic
1970 2729 2101 2785 gau-

501 2816 632 2873 dere
660 2830 785 2872 cum
812 2815 1031 2885 sacculo,
1074 2822 1130 2870 et
1155 2813 1269 2871 illic
1296 2826 1529 2884 regnare
1569 2824 1693 2868 cum
1721 2807 1959 2864 Christo.
1989 2804 2102 2863 Sed

501 2907 630 2977 iusti
672 2915 883 2963 tantum
933 2907 989 2962 in
1038 2905 1270 2964 Domino
1300 2904 1607 2971 exsultant;
1657 2901 1785 2972 quia
1826 2901 1903 2957 ita
1947 2898 2102 2956 extra

501 3000 763 3055 mundum
794 3007 921 3057 sunt
946 2998 1099 3066 facti,
1128 3007 1189 3054 ut
1215 3012 1320 3055 nec
1356 2994 1666 3068 prosperari
1695 2995 1750 3049 in
1776 2990 1978 3048 mundo
2004 3004 2103 3046 cu-

505 3089 675 3159 piant,
698 3104 799 3146 nec
825 3090 1054 3145 adversa
1075 3090 1190 3159 pati
1213 3088 1362 3144 nullo
1392 3088 1524 3145 tacti
1550 3085 1895 3159 praesentium
1916 3097 2103 3140 amore

502 3185 909 3255 pertimescant.
932 3182 1003 3239 Et
1031 3184 1348 3253 notandum,
1379 3184 1505 3254 quia
1533 3198 1645 3239 non
1672 3180 1848 3239 solum
1876 3177 2100 3236 uelami-

504 3277 563 3332 ni
592 3276 749 3346 dixit,
779 3276 874 3334 sed
900 3276 1066 3333 etiam
1093 3286 1145 3334 et
1165 3277 1419 3333 cxsultate
1456 3274 1693 3347 adjecit:
1725 3282 1787 3330 ut
1814 3272 2101 3342 intelligas,

502 3383 597 3425 eos
626 3383 737 3424 non
765 3383 927 3441 posse
955 3368 1159 3426 tristari
1182 3368 1237 3424 in
1259 3382 1511 3438 corpore,
1541 3364 1738 3436 quibus
1766 3363 1959 3421 divinae
1985 3362 2100 3421 cla-

501 3458 634 3514 ritas
664 3459 1027 3517 miserationis
1054 3459 1225 3532 fulget
1242 3459 1301 3516 in
1326 3466 1530 3517 mente.
1558 3456 1632 3513 Et
1651 3456 1954 3530 gloriamini
1993 3472 2104 3512 om-

502 3565 592 3607 nes
621 3553 748 3607 recti
774 3553 947 3608 corde.
973 3551 1054 3608 Illi
1084 3551 1304 3625 quidem
1323 3551 1418 3623 qui
1440 3550 1644 3608 habent
1666 3565 1763 3608 cor
1785 3549 1856 3606 ad
1882 3558 2103 3607 terrena

502 3642 815 3711 distortum,
846 3659 955 3699 non
1008 3644 1309 3714 gloriantur
1349 3643 1406 3699 in
1451 3642 1721 3700 Domino:
1770 3641 1897 3714 quia
1949 3655 2105 3713 spem

505 3748 662 3789 suam
703 3743 1001 3804 posuerunt
1027 3735 1083 3790 in
1112 3734 1334 3792 mundo.
1386 3732 1492 3792 Vos
1521 3742 1702 3791 autem
1731 3733 1827 3805 qui
1853 3748 1950 3790 cor
1975 3748 2102 3791 ves-

506 3831 651 3881 trum
680 3825 977 3882 secundum
997 3825 1096 3882 Dei
1122 3826 1458 3883 voluntatem
1478 3825 1726 3896 dirigitis,
1759 3825 1815 3881 in
1842 3840 1940 3896 spe
1968 3824 2104 3881 bea-

508 3916 751 3975 titudinis
772 3926 990 3974 aeternae
1014 3918 1234 3990 gloriari
1262 3918 1471 3977 debetis
1495 3936 1510 3974 :
1546 3928 1603 3974 ut
1631 3920 1717 3991 qui
1744 3918 2019 3991 gloriatur,
2048 3918 2107 3973 in

506 4006 736 4066 Domino
763 4010 1014 4084 glorietur
1042 4009 1131 4085 (ΙΙ
1160 4010 1282 4067 Cor.
1327 4026 1388 4081 x,
1428 4009 1545 4082 18).
1588 4010 1686 4066 llla
1727 4024 1961 4080 namque
1988 4008 2108 4066 sine

504 4099 674 4248 gubio
697 4112 781 4161 est
806 4118 932 4162 vera
954 4104 1147 4177 gloria,
1173 4118 1337 4177 quam
1364 4102 1564 4163 nullius
1582 4102 1853 4161 mestitiae
1877 4102 2106 4161 obtene—

541 4200 629 4248 rat
656 4208 834 4248 omna.

541 4200 629 4252 rat
656 4208 834 4266 paena.

1077 4311 1501 4370 PRO(EMIUM.

755 4419 808 4460 IN
831 4420 1072 4463 TERTIUM
1100 4420 1347 4463 PSALMUM
1385 4420 1861 4463 PENITENTIALEH.

579 4494 832 4552 Paalmus
858 4497 1029 4554 David
1057 4500 1115 4553 in
1160 4501 1645 4556 rememorationem
1684 4498 1747 4553 de
1778 4496 2028 4553 Sabbato.

578 4589 878 4647 Sabbatum
905 4590 1123 4661 requies
1148 4590 1554 4663 interpretatur.
1586 4590 1882 4646 Sabbatum
1910 4588 2105 4643 huma-

2186 584 2431 643 titudinis
2458 583 2724 655 requiem,
2768 591 3147 639 consummato
3175 582 3340 653 hujus
3364 584 3492 641 vita:
3520 584 3780 653 termino,

2186 686 2308 736 orat
2330 677 2446 737 sine
2466 675 2813 735 cunctatione
2831 674 3075 747 perduci.
3105 676 3198 731 Ait
3220 688 3381 746 ergo:

2762 789 3202 847 EXPLANATIO

2536 903 2719 945 TERTII
2755 902 2943 943 PSALII
2982 899 3430 943 WITENTIALIS.

2261 982 2429 1055 (Psal.
2459 980 2715 1037 XXXVII.
2741 1011 2814 1023 —
2840 978 2997 1035 Vers.
3030 978 3110 1049 1.)
3151 978 3395 1046 Domine,
3425 993 3491 1033 ne
3513 980 3569 1034 in
3600 980 3786 1051 furore

2192 1083 2277 1133 tuo
2300 1090 2491 1147 arguas
2512 1091 2614 1144 me,
2644 1089 2805 1145 neque
2826 1072 2880 1128 in
2902 1073 2985 1127 ira
3016 1080 3102 1127 tua
3131 1073 3384 1143 corripias
3404 1088 3505 1128 me.

2268 1188 2320 1243 1.
2373 1187 2539 1256 Quasi
2581 1187 2761 1244 dicat:
2788 1186 2913 1244 Scio
2943 1184 3179 1242 futurum
3210 1202 3347 1253 esse,
3378 1193 3437 1242 ut
3475 1193 3602 1256 post
3631 1184 3789 1256 hujus

2191 1280 2314 1336 vitae
2343 1280 2548 1337 exitum
2583 1279 2673 1335 alii
2712 1278 2944 1335 ﬂammis
2984 1278 3268 1350 expientur
3307 1279 3654 1348 purgatoriis,
3701 1278 3791 1333 alii

2192 1372 2518 1428 sententiam
2560 1378 2776 1427 mternae
2814 1369 3043 1426 subeant
3084 1368 3464 1424 damnationis.
3510 1366 3624 1424 Sed
3666 1368 3793 1439 quia

2192 1465 2345 1521 illum
2366 1464 2739 1521 transitorium
2775 1463 2953 1533 ignem
2982 1461 3131 1519 omni
3157 1459 3509 1516 tribulatione
3536 1461 3793 1530 praesenti

2193 1558 2355 1632 482
2385 1558 2593 1616 testimo
2622 1554 3120 1621 intolerabiliorem,
3160 1568 3271 1609 non
3315 1552 3493 1608 solum
3525 1551 3581 1606 in
3612 1551 3796 1606 furore

2194 1660 2410 1709 aeternae
2433 1648 2797 1708 damnationis
2821 1654 2952 1718 opto
2975 1662 3083 1703 non
3109 1644 3280 1715 argui,
3307 1644 3404 1700 sed
3430 1643 3601 1698 etiam
3632 1642 3687 1697 in
3720 1642 3795 1695 ira

2194 1745 2527 1805 transeuntis
2549 1744 2714 1800 timeo
2744 1740 3105 1812 correptionis
3129 1737 3368 1810 purgari.
3392 1734 3473 1791 Tu
3502 1749 3659 1805 ergo,
3694 1732 3796 1789 Do-

2196 1840 2365 1907 mine,
2394 1837 2483 1895 cui
2510 1837 2567 1893 in
2594 1836 2789 1907 spiritu
2830 1849 2955 1891 meo
2980 1834 3179 1901 servio,
3209 1846 3371 1903 quem
3400 1831 3643 1887 omnium
3672 1827 3796 1884 Sal-

2198 1938 2447 1987 vatorem
2494 1942 2617 1984 esse
2661 1941 2938 1998 cognosco
2963 1968 2979 1995 ,
3027 1939 3099 1981 ne
3144 1937 3339 1993 arguas
3389 1937 3479 1977 me
3528 1921 3582 1976 in
3618 1918 3798 1975 lurore

2200 2022 2563 2081 damnationis
2592 2028 2889 2092 perpetuae,
2918 2033 3096 2088 neque
3120 2015 3382 2088 corripias
3410 2029 3499 2070 me
3526 2015 3583 2070 in
3615 2015 3695 2069 ira
3715 2028 3797 2067 εις

2200 2118 2481 2189 purgantis
2530 2114 2801 2172 vindictae.
2850 2113 2930 2169 De
2972 2112 3155 2169 furore
3193 2119 3251 2167 et
3296 2110 3374 2165 ira
3399 2150 3415 2176 ,
3463 2110 3595 2180 quia
3646 2106 3797 2164 suffi-

2201 2210 2411 2266 cienter
2450 2209 2505 2264 in
2542 2205 2913 2280 superioribus
2955 2203 3305 2276 exposuimus
3335 2200 3429 2272 (In
3466 2201 3609 2272 psal.
3666 2197 3800 2271 vni),

2200 2302 2397 2359 iterum
2433 2308 2675 2357 tractare
2699 2297 3027 2370 superﬂuum
3071 2305 3354 2369 putamus,
3387 2310 3457 2350 ne
3494 2294 3692 2351 eadem
3720 2308 3800 2349 re-

2203 2402 2471 2466 petentes,
2500 2391 2802 2463 legentibus
2827 2390 3099 2447 fastidium
3121 2402 3463 2460 generemus.
3498 2384 3686 2453 Quare
3707 2400 3801 2440 au-

2201 2495 2312 2543 tem
2336 2501 2449 2542 non
2475 2484 2673 2541 debeat
2701 2484 2755 2539 in
2784 2483 2867 2540 ira
2894 2481 3119 2554 corripi,
3146 2486 3205 2537 et
3231 2481 3286 2537 in
3315 2478 3501 2536 furore
3529 2476 3799 2546 damnari,

2201 2578 2484 2650 subjungit
2504 2592 2628 2635 cum
2654 2576 2764 2632 ait:

2276 2689 2454 2761 (Vers.
2488 2688 2566 2761 2.)
2617 2687 2874 2755 Quoniam
2900 2687 3101 2758 sagitta:
3150 2683 3460 2755 tutemﬁza:
3507 2679 3799 2748 suntmiln';

2204 2788 2253 2839 et
2274 2781 2596 2853 conﬁrmasti
2616 2797 2771 2851 super
2799 2796 2879 2836 me
2898 2794 3109 2834 manum
3134 2785 3294 2833 tuam.

2275 2894 2329 2950 Ξ.
2376 2892 2589 2962 Quanto
2615 2893 2845 2967 quisque
2863 2891 2985 2965 plus
3014 2892 3237 2964 coeperit
3263 2889 3408 2962 quod
3436 2888 3623 2947 amisit
3653 2884 3802 2945 intel-

2206 2990 2396 3062 ligere,
2428 2998 2579 3047 tanto
2631 2988 2752 3063 plus
2795 2987 2985 3060 incipit
3024 2986 3388 3057 corruptionis
3437 3001 3553 3040 suae
3594 2994 3803 3039 sentcn-

2209 3083 2364 3151 tiam,
2396 3097 2560 3153 quam
2582 3080 2802 3150 subivit,
2835 3080 3039 3152 lugere.
3078 3074 3281 3135 Fidelis
3312 3090 3442 3148 ergo
3469 3074 3653 3132 anima
3681 3092 3804 3146 per-

2172 3230 2178 3235 .
2208 3174 2451 3247 pendens
2480 3174 2623 3247 quod
2665 3174 2939 3245 perdidit,
2984 3171 3335 3229 considerans
3370 3169 3517 3241 quod
3564 3169 3807 3234 invenit,

2131 3272 2181 3338 c
2213 3265 2401 3324 videns
2430 3281 2490 3324 se
2518 3282 2548 3322 a
2574 3265 2807 3339 paradisi
2831 3263 3043 3336 gaudiis
3072 3263 3283 3320 venisse
3314 3261 3383 3317 ad
3412 3261 3653 3318 miserias
3686 3261 3809 3314 vim:

2206 3360 2513 3433 praesentis,
2558 3374 2590 3414 a
2617 3358 2881 3416 societate
2904 3358 3220 3427 angelorum
3269 3354 3526 3411 transisse
3552 3353 3620 3407 ad
3647 3367 3808 3408 curas

2208 3453 2627 3520 necessitatum;
2659 3458 2851 3523 pensat
2888 3448 3032 3522 quod
3060 3448 3306 3519 subjacet
3346 3445 3603 3519 periculis
3624 3490 3639 3513 ,
3692 3458 3804 3513 qua

2207 3546 2483 3618 peccando
2538 3545 2768 3617 gloriam
2820 3542 3055 3615 perdidit
3101 3550 3316 3599 aeternae
3364 3538 3807 3610 incorruptionis.

2207 3639 2371 3697 Novit
2399 3638 2563 3697 etiam
2590 3638 2714 3711 quia
2742 3646 2974 3695 mortem
3005 3636 3149 3693 nulla
3195 3636 3367 3707 possit
3411 3636 3627 3691 ratione
3684 3647 3806 3688 eva-

2210 3733 2341 3791 dere
2371 3749 2493 3805 quze
2519 3740 2722 3805 posset,
2780 3731 2825 3788 si
2871 3747 2981 3787 non
3008 3738 3312 3802 peccasset,
3342 3742 3561 3799 semper
3588 3727 3806 3784 vixisse.

2210 3827 2320 3884 Has
2348 3840 2476 3896 ergo
2500 3824 2603 3883 sibi
2633 3825 2857 3894 sagittas
2883 3823 3077 3879 inﬁxas
3104 3837 3225 3878 esse
3254 3819 3609 3891 conqueritur
3641 3837 3655 3873 :
3690 3817 3809 3889 quia

2204 3921 2318 3992 jam
2339 3919 2497 3977 nobis
2511 3928 2596 3975 est
2620 3918 2933 3975 naturaliter
2958 3916 3209 3984 inditum,
3235 3915 3381 3985 quod
3400 3917 3579 3986 primo
3602 3912 3809 3969 homini

2208 4011 2313 4069 ftn't
2332 4026 2433 4083 pro
2454 4010 2630 4082 culpae
2658 4009 2893 4066 vindicta
2934 4009 3162 4065 illatum.
3216 4006 3517 4064 Mortalitas
3545 4015 3603 4062 et
3634 4003 3808 4077 passi-

2209 4107 2392 4166 bilitas
2420 4114 2549 4164 sunt
2576 4107 2787 4176 sagittae
2814 4118 2934 4177 qua
2954 4106 3210 4161 nimirum
3236 4102 3391 4161 nobis
3425 4101 3611 4157 inﬁxae
3660 4110 3807 4167 sunt;

2210 4199 2337 4272 quia
2383 4198 2621 4270 quandiu
2667 4198 2725 4253 in
2771 4196 3025 4268 praesenti
3071 4196 3270 4252 saeculo
3310 4193 3578 4260 vivimus,
3640 4193 3708 4247 ab
3734 4191 3807 4248 eis

2209 4290 2429 4347 liberari
2456 4290 2632 4360 aliqua
2661 4289 2874 4345 ratione
2922 4288 3227 4359 nequimus.
3279 4285 3433 4342 Dicat
3480 4298 3617 4355 ergo
3644 4282 3808 4339 ﬁdelis

2209 4385 2391 4442 anima
2427 4401 2441 4439 :
2470 4381 2921 4453 Quandoquidem
2952 4396 3053 4453 pro
3082 4379 3330 4451 originali
3357 4379 3657 4435 commisso
3672 4394 3806 4434 mor-

2207 4479 2331 4536 talis
2358 4477 2606 4547 eﬂectus,
2657 4489 2904 4546 magnam
2933 4473 3091 4544 hujus
3118 4472 3303 4529 saeculi
3344 4472 3623 4528 miseriam
3655 4471 3807 4527 susti-

2208 4585 2334 4639 neo,
2363 4586 2462 4642 pro
2487 4585 2575 4627 me
2603 4577 2785 4626 autem
2814 4567 3186 4640 paenitentiam
3216 4580 3349 4635 ago;
3409 4572 3465 4619 tu
3508 4563 3605 4633 qui
3633 4563 3807 4618 visita—

506 4694 637 4737 num
678 4691 849 4751 genus
876 4679 931 4736 in
960 4654 1135 4751 primo
1164 4654 1393 4752 parente
1416 4678 1624 4748 habuit,
1655 4679 1749 4749 qui
1776 4676 2017 4749 quandiu
2045 4675 2103 4733 in
2133 4658 2190 4722 D
2212 4665 2300 4723 bis
2328 4665 2639 4734 iniquitates
2668 4664 2724 4720 in
2753 4661 2924 4732 virga,
2974 4674 3045 4716 ne
3088 4659 3314 4730 impleas
3355 4654 3809 4711 amaritudinibus

505 4776 819 4836 Conditoris
843 4776 928 4833 sui
949 4776 1256 4834 obedientia
1271 4776 1528 4848 perstitit,
1552 4775 1609 4831 in
1628 4774 1949 4831 suavissimo
1974 4786 2102 4829 con-

506 4873 876 4947 templationis
940 4874 1135 4930 divina:
1188 4874 1333 4931 lecto
1383 4873 1669 4944 requievit.
1735 4871 1795 4928 In
1846 4870 2100 4943 paradiso

506 4980 742 5036 namque
771 4964 978 5037 primus
1005 4965 1173 5022 homo
1200 4963 1409 5021 deliciis
1448 4963 1672 5036 potitus,
1717 4962 1860 5019 sicut
1896 4960 2100 5018 nullam

506 5055 564 5111 in
593 5056 771 5112 anima
809 5065 1026 5128 poterat
1051 5056 1253 5113 sentire
1298 5056 1553 5125 esuriem,
1583 5056 1658 5110 ita
1683 5055 1849 5111 etiam
1877 5068 2098 5111 omnem

505 5160 630 5217 quae
651 5162 719 5203 ex
739 5162 904 5206 carne
924 5149 1186 5217 nascitur,
1206 5147 1488 5218 ignorabat
1507 5146 1835 5218 passionem.
1857 5146 1928 5202 At
1952 5153 2104 5215 post-

506 5252 669 5308 quam
695 5237 862 5295 divini
886 5239 1144 5311 colloquii
1164 5237 1445 5310 peccando
1470 5235 1889 5293 familiaritatem
1912 5236 2103 5307 perdi-

506 5328 605 5398 dit,
637 5330 828 5389 mortis
870 5326 1079 5403 legibus
1121 5329 1498 5397 succumbens,
1542 5328 1786 5399 requiem
1826 5326 2101 5384 felicitatis

506 5429 724 5481 aeternae
749 5424 927 5481 amisit
946 5432 1048 5493 ;‘et
1073 5425 1130 5481 in
1173 5423 1508 5497 procellosos
1547 5420 1833 5478 mundana:
1870 5419 2100 5477 instabi-

507 5509 677 5567 litatis
706 5516 908 5570 corruit
934 5515 1147 5583 ﬂuctus,
1193 5518 1319 5587 quia
1347 5523 1549 5574 statum
1595 5512 1932 5571 rectitudinis
1984 5524 2100 5567 ser-

506 5613 643 5657 vare
671 5607 1013 5675 contempsit.
1036 5606 1237 5664 Fidelis
1262 5621 1392 5677 ergo
1423 5607 1605 5663 anima
1632 5602 1872 5675 requiem
1902 5601 1958 5656 in
1986 5599 2102 5671 pri-

508 5708 602 5750 mo
629 5695 848 5752 homine
875 5699 1138 5768 perditam
1185 5701 1253 5757 ad
1300 5700 1620 5757 memoriam
1688 5710 1949 5754 revocans
1980 5734 1998 5763 ,
2047 5702 2105 5750 et

507 5789 750 5847 futurum
778 5794 1122 5853 nihilominus
1148 5798 1271 5853 vitae
1292 5804 1508 5853 :eternac
1557 5793 1852 5851 Sabbatum
1880 5791 2103 5862 spiritus

474 5910 475 5913 η
513 5884 755 5956 agilitate
784 5887 1174 5961 contemplans,
1206 5890 1272 5946 ab
1313 5889 1461 5948 omni
1474 5886 1705 5959 spiritus
1732 5894 1788 5946 et
1806 5884 1981 5944 carnis
2010 5899 2102 5957 ομ·
2131 5946 2139 5952 .

2069 6025 2131 6082 ἃ

854 6049 927 6085 ζ-υπ
1357 6080 1417 6089 ,μ

2208 4759 2491 4825 universa;
2541 4757 2636 4814 sed
2688 4772 2814 4814 cum
2858 4755 2915 4811 in
2938 4754 3043 4811 hoc
3084 4752 3283 4809 saeculo
3330 4749 3539 4821 peccati
3596 4762 3807 4817 poenam

2207 4852 2443 4925 lugeam,
2487 4852 2678 4909 saltem
2709 4852 2766 4907 in
2804 4850 2986 4907 futuro
3024 4847 3287 4904 districtae
3331 4841 3805 4901 animadversionis

2206 4955 2477 5004 terrorem
2515 4944 2762 5003 evadam.
2792 4941 2952 5011 Quod
2978 4948 3039 4998 ut
3065 4937 3244 4996 facere
3268 4937 3487 5004 debeas,
3525 4934 3805 5007 conﬁrm-

2206 5038 2277 5096 sti
2295 5055 2453 5111 super
2473 5054 2557 5094 me
2575 5052 2789 5093 manum
2818 5045 2982 5090 tuam.
3026 5032 3180 5089 Sicut
3226 5028 3504 5085 studiosus
3554 5028 3803 5096 magister

2210 5132 2525 5204 frequenter
2560 5131 2788 5188 verbere
2840 5139 3068 5199 puerum
3120 5120 3367 5193 corripit,
3400 5118 3475 5174 ita
3527 5131 3557 5171 a
3591 5132 3680 5171 me
3709 5124 3804 5168 tua

2210 5226 2467 5285 vindictae
2494 5240 2686 5283 manus
2714 5236 2985 5294 nunquam
3011 5218 3235 5276 recedit.
3289 5215 3393 5271 Per
3431 5226 3655 5266 manum
3705 5209 3803 5263 Do-

2210 5321 2365 5391 mini,
2399 5333 2561 5392 quam
2584 5331 2750 5389 super
2775 5330 2837 5373 se
2881 5312 3076 5370 asserit
3124 5308 3518 5371 continuatam,
3567 5300 3800 5358 miseria-

2211 5430 2337 5473 rum
2383 5412 2740 5485 frequentiam
2794 5415 2851 5465 et
2896 5404 3269 5463 assiduitatem
3316 5397 3577 5465 intellige.
3639 5396 3803 5460 Quam

2213 5508 2338 5566 ideo
2360 5513 2646 5570 memorat,
2681 5510 2744 5559 ut
2770 5508 2924 5557 tanto
2954 5497 3163 5554 facilius
3189 5495 3244 5550 in
3274 5491 3457 5547 futuro
3499 5486 3801 5557 acquiratur

2212 5599 2606 5671 venia,quanto
2631 5593 2804 5665 major
2829 5592 2917 5648 hic
2935 5590 3037 5647 fuit
3063 5588 3294 5657 irrogata
3326 5581 3580 5639 vindicta.
3612 5577 3801 5633 Possu-

2213 5708 2336 5749 mus
2380 5690 2542 5748 etiam
2588 5703 2683 5760 per
2721 5687 2939 5758 sagittas
2984 5684 3150 5738 verba
3178 5678 3276 5734 Dei
3314 5673 3641 5742 intelligere,
3691 5680 3802 5737 illis

2211 5785 2377 5842 corda
2398 5782 2613 5854 quidem
2642 5786 2829 5837 nostra
2854 5772 3233 5840 transfodiunt,
3277 5782 3402 5825 cum
3433 5764 3589 5822 nobis
3646 5761 3799 5854 altius

2209 5876 2397 5946 infixa,
2412 5848 2612 5937 amoris
2632 5871 2729 5933 Dei
2748 5884 2849 5932 nos
2869 5868 3096 5941 vulnere
3112 5866 3499 5936 compungunt.
3516 5848 3800 5924 Quomodo
