4038 6338
331 414 436 474 569

1031 412 1097 470 IN
1134 413 1402 472 SEPTEM
1443 409 1686 473 PSALM.
1732 411 1991 473 POENIT.
2033 411 2415 476 EXPOSlTlO.
2457 447 2526 459 —-
2562 419 2757 480 PSAL.
2800 421 2887 478 lli.

3415 464 3422 470 .
3503 423 3607 479 5310

332 541 514 588 autem
542 529 612 586 sit
638 527 894 586 continua
919 528 1034 586 haec
1074 545 1231 600 poena
1274 545 1436 602 quam
1472 532 1696 603 patitur,
1737 531 1996 592 osten—A
2023 545 2208 588 sorum
2261 535 2591 593 conscientia
2629 537 2855 596 interius
2926 542 3197 609 gravatur.
3272 534 3339 594 Et
3393 540 3610 610 quidem

331 624 433 692 dit,
465 623 650 679 dicens
681 639 698 678 :

405 716 580 789 (Vers.
612 715 692 786 5.)
733 713 859 772 Non
908 724 986 771 est
1037 718 1234 772 sanitas
1282 718 1337 771 in
1391 733 1546 773 carne
1573 732 1688 773 mea
1715 734 1747 770 a
1784 715 1918 786 facie

331 811 426 863 ira:
454 818 551 863 tua:
567 824 585 874 ;
618 824 721 862 non
750 817 827 863 est
851 825 958 878 pax
983 807 1178 864 ossibus
1207 809 1335 865 meis
1360 826 1392 864 a
1417 809 1550 882 {acie
1593 816 1918 879 peccatorum

331 919 579 958 meorum.

401 997 457 1051 5.
497 995 634 1052 Caro
653 995 911 1063 humana,
943 1009 1014 1053 ex
1052 1010 1158 1067 quo
1188 995 1583 1054 maledictionis
1625 994 1922 1067 promeruit

331 1087 676 1155 sententiam,
699 1096 919 1159 portare
948 1103 1057 1144 non
1107 1088 1314 1144 destitit
1359 1087 1567 1158 peccati
1611 1090 1922 1147 continuam

331 1195 567 1251 pmnam.
616 1181 683 1235 Et
712 1182 838 1252 quia
868 1195 967 1238 nos
998 1180 1115 1252 ejus
1137 1171 1470 1238 incessanter
1513 1180 1799 1237 inﬁrmitas
1829 1181 1926 1236 de-

329 1271 532 1342 bilitat,
560 1273 651 1328 ira:
681 1273 776 1329 Dei
805 1273 997 1328 faciem
1027 1272 1181 1329 nobis
1211 1272 1583 1328 indesinenter
1620 1285 1921 1342 repraesen-

333 1371 435 1420 tat.
505 1364 792 1421 Portamus
836 1380 1070 1435 namque
1117 1380 1314 1435 corpus
1340 1364 1598 1432 mortale,
1652 1361 1926 1419 doloribus

331 1456 669 1524 obnoxium,
722 1455 1028 1526 indigentiis
1075 1456 1432 1528 impeditum:
1481 1455 1626 1532 quod
1670 1454 1924 1511 nimirum

330 1547 666 1603 tentationes
695 1546 1014 1615 sollicitant,
1033 1547 1428 1604 sollicitudines
1458 1554 1779 1618 angustant,
1828 1561 1928 1604 an-

329 1637 520 1708 gustiae
572 1647 880 1707 conterunt,
931 1640 1282 1697 contritiones
1328 1639 1604 1710 afﬂigunt;
1673 1640 1929 1712 quodque

332 1727 496 1783 etiam
528 1728 575 1806 si
615 1728 908 1798 aliquando
937 1730 1184 1784 videatur
1224 1744 1344 1787 esse
1371 1730 1632 1796 validum,
1686 1732 1800 1800 ipsa
1829 1744 1930 1785 sua

330 1820 644 1877 valetudine
673 1821 844 1890 magis
868 1821 1140 1877 invenitur
1169 1819 1465 1878 inﬁrmum.
1497 1821 1640 1889 Quid
1669 1821 1814 1878 enim
1841 1820 1929 1876 in-

2021 625 2316 682 ascenderc
2339 627 2406 682 ad
2436 628 2601 684 Deum
2624 645 2688 685 ea
2717 646 2822 700 qua
2848 638 3028 701 potest
3054 631 3256 686 virtute
3285 631 3489 699 nititur,
3515 632 3612 688 sed
3658 627 3663 632 ’

2022 713 2140 783 ipso
2169 731 2269 772 suo
2299 719 2584 774 conamine
2610 718 2829 787 lassata,
2859 720 3029 776 relabi
3055 721 3416 792 compellitur.
3465 720 3612 778 Cau-

2022 818 2138 858 sam
2181 821 2310 860 vero
2363 815 2526 862 tantm
2589 810 2864 879 gravitatis
2930 812 3222 881 praemisit,
3294 828 3416 868 cum
3470 813 3546 867 ait
3595 830 3610 869 :

2026 888 2283 958 Quoniam
2327 897 2621 969 iniquitates
2689 917 2817 955 mea:
2883 919 3229 974 supergressa:
3296 915 3414 958 sunt
3453 912 3612 974 caput

2025 1004 2212 1043 meum.
2255 987 2367 1046 Nisi
2411 995 2552 1048 enim
2595 993 2906 1062 iniquitates
2947 997 3243 1068 principale
3285 997 3461 1054 cordis
3505 997 3614 1053 mei

2027 1086 2332 1150 superando
2359 1087 2823 1155 transcenderent,
2848 1103 3184 1159 nequaquam
3209 1098 3354 1144 tanta
3382 1105 3468 1143 me
3490 1104 3614 1161 pra-

2027 1191 2220 1231 vorum
2249 1192 2472 1248 operum
2501 1179 2852 1250 depressione
2896 1191 3200 1251 gravarent.
3249 1180 3435 1236 Sancti
3465 1198 3619 1236 nam-

2029 1282 2134 1336 que
2164 1269 2286 1336 viri,
2326 1270 2373 1324 si
2414 1270 2630 1338 quando
2675 1271 2728 1325 in
2768 1281 2946 1328 mente
2992 1273 3316 1328 tentationes
3360 1273 3615 1337 tolerant,

2030 1359 2276 1416 illicitum
2306 1361 2486 1416 cordis
2515 1365 2809 1432 appetitum
2859 1378 3052 1434 magna
3108 1363 3318 1418 virtutis
3369 1362 3618 1418 domina-

2033 1451 2177 1508 tione
2205 1453 2514 1508 refrenant:
2540 1470 2608 1510 ne
2636 1453 2682 1510 si
2713 1453 2770 1510 in
2810 1454 2988 1525 aliquo
3013 1455 3166 1526 lapsu
3195 1455 3450 1511 tentatori
3490 1471 3624 1510 con-

1973 1609 1978 1612 _
2032 1543 2289 1611 sentiant,
2333 1561 2441 1600 non
2485 1545 2594 1616 jam
2650 1546 3037 1615 cogitationum
3066 1562 3310 1616 suarum,
3358 1545 3452 1602 sed
3481 1546 3624 1602 servi

2034 1634 2332 1691 crudelium
2352 1637 2697 1694 dominorum
2725 1639 2974 1696 existant.
3020 1638 3155 1695 Cum
3182 1639 3325 1695 enim
3347 1637 3626 1693 diabolicis

2035 1727 2215 1782 anima
2242 1728 2466 1784 subesse
2495 1729 2836 1785 suasionibus
2862 1731 3119 1801 creperit,
3161 1738 3365 1801 quanto
3395 1742 3453 1785 se
3483 1726 3628 1784 hosti

2036 1815 2234 1872 callido
2261 1819 2504 1875 crebrius
2523 1820 2762 1889 subjicit,
2786 1828 2938 1877 tanto
2963 1837 3083 1877 eum
3114 1821 3215 1876 sibi
3244 1820 3630 1877 intolerabilio-

331 1911 539 1968 ﬁrmius
576 1929 738 1984 quam
785 1912 1000 1970 assidue
1045 1912 1186 1970 fame
1239 1914 1560 1980 tabescere,
1613 1913 1933 1970 difﬁcultate
1961 1898 2013 1960 Β
2039 1927 2155 1968 rem
2184 1911 2340 1981 facit;
2390 1922 2451 1969 ut
2499 1915 2549 1970 ei
2592 1914 2704 1986 jam
2731 1915 2784 1970 in
2824 1916 2973 1972 nullo
2997 1915 3253 1972 resistere
3291 1915 3488 1977 valeat,
3540 1912 3630 1984 qui

330 2004 509 2060 somni
536 2003 811 2074 languere,
837 2003 1036 2074 frigore
1065 2005 1305 2072 dissolvi,
1339 2016 1475 2062 testu
1515 2007 1746 2062 torreri?
1799 2003 1931 2073 Quae

331 2106 511 2153 autem
542 2097 744 2154 sanitas
797 2113 917 2154 esse
944 2099 1169 2168 poterit,
1225 2100 1315 2154 ubi
1349 2107 1429 2156 tot
1449 2100 1712 2156 malorum
1745 2098 1932 2154 multi-

331 2190 464 2246 tudo
490 2191 801 2247 concurrit?
856 2191 1005 2247 Dicat
1030 2206 1160 2262 ergo
1208 2189 1378 2249 ﬁdelis
1413 2191 1590 2264 anima
1624 2210 1636 2246 :
1689 2189 1815 2246 Non
1854 2198 1932 2245 est

331 2284 533 2339 sanitas
563 2287 616 2340 in
645 2301 804 2339 carne
841 2303 976 2340 mea.
1039 2283 1108 2340 Ut
1147 2285 1402 2342 videlicet
1429 2301 1626 2357 corpus
1657 2285 1935 2341 inﬁrmum

332 2389 454 2432 esse
475 2375 691 2441 sentiat,
717 2375 862 2446 quod
893 2383 1004 2430 tam
1033 2374 1194 2431 facile
1236 2377 1544 2447 passionum
1589 2376 1935 2448 inaequalitas

332 2476 624 2538 permutat.
656 2468 734 2524 Ne
761 2475 943 2524 autem
976 2468 1240 2538 intelligas
1295 2480 1516 2540 propter
1563 2470 1773 2540 peccati
1811 2483 1930 2538 poe-

333 2573 463 2613 nam
493 2574 601 2615 non
637 2560 896 2615 inﬁrmari
919 2559 972 2615 in
1000 2569 1201 2629 mente,
1231 2559 1394 2632 483
1423 2561 1550 2632 quia
1592 2561 1802 2616 dixerat
1829 2557 1936 2614 sibi

335 2665 448 2705 non
478 2666 599 2707 esse
629 2652 918 2707 sanitatem
947 2652 1001 2707 in
1024 2667 1208 2717 carne,
1230 2653 1505 2723 subjungit
1536 2670 1550 2707 :
1582 2650 1707 2709 Non
1730 2661 1805 2708 est
1827 2668 1935 2724 pax

335 2741 532 2798 ossibus
563 2743 689 2798 meis
717 2759 749 2796 a
799 2745 935 2815 facie
970 2754 1299 2814 peccatorum
1329 2761 1561 2800 meorum
1619 2744 1794 2816 (Psal.
1838 2760 1857 2800 ι
1887 2752 1936 2800 et

334 2831 488 2888 Psal.
518 2833 601 2903 tt).
634 2832 784 2889 Sicut
803 2834 916 2904 jam
946 2834 1151 2891 dictum
1179 2843 1282 2903 est,
1312 2851 1407 2907 per
1435 2851 1557 2892 ossa
1599 2836 1824 2892 virtutes
1845 2850 1936 2891 ac-

335 2925 589 2997 cipimus,
620 2928 749 2999 quia
779 2929 895 2984 sine
916 2929 995 2985 eis
1022 2929 1227 2985 nullum
1267 2929 1323 2984 in
1350 2929 1531 2986 anima
1570 2930 1737 2986 robur
1766 2930 1936 2990 hahe-

333 3036 476 3076 mus.
515 3021 715 3078 Omnes
743 3030 922 3080 autem
955 3022 1182 3079 virtutes
1205 3021 1260 3078 in
1290 3030 1590 3094 conspectu
1607 3021 1705 3080 Dei
1734 3023 1937 3082 vicaria

334 3125 442 3183 ope
459 3128 519 3169 se
537 3112 841 3182 sublevant,
883 3126 987 3170 nec
1012 3113 1239 3170 virtutes
1263 3129 1406 3171 vera:
1433 3121 1578 3183 sunt,
1607 3114 1654 3170 si
1679 3131 1710 3171 a
1741 3130 1803 3172 se
1849 3115 1937 3170 in-

334 3208 512 3264 vicem
537 3208 715 3280 aliqua
744 3208 1059 3266 diversitate
1089 3209 1421 3267 discordant.
1447 3208 1563 3266 Una
1591 3211 1736 3268 enim
1763 3211 1937 3268 virtus

2038 2005 2095 2061 in
2120 2021 2228 2062 uno
2259 2008 2342 2062 sui
2374 2007 2537 2063 oblita
2568 2022 2849 2064 assensum
2902 2015 3140 2078 praestat.
3171 2006 3412 2063 Solerter
3449 2007 3631 2076 itaque

2038 2099 2365 2169 vigilandum
2397 2109 2505 2170 est,
2563 2110 2624 2158 ut
2643 2118 2764 2159 cum
2813 2102 3030 2173 pulsare
3078 2108 3314 2156 mentem
3345 2099 3502 2170 culpa
3548 2099 3630 2154 in-

2038 2190 2222 2260 choat,
2255 2201 2537 2262 peractam
2582 2193 2794 2264 culpam
2825 2195 2945 2264 quis
2995 2193 3116 2248 ﬁnis
3141 2193 3403 2262 sequitur,
3452 2197 3631 2246 atten-

2039 2279 2172 2348 dat;
2204 2297 2273 2339 ne
2300 2284 2346 2339 si
2389 2283 2546 2339 malae
2576 2285 2845 2341 suasionis
2869 2284 3241 2341 blandimenta
3271 2299 3380 2339 non
3422 2279 3631 2352 perspi-

2038 2375 2165 2443 ciat,
2195 2375 2251 2431 in
2282 2377 2626 2448 nequissima:
2665 2377 2918 2434 tenebras
2941 2374 3362 2448 perpetrationis
3391 2374 3633 2430 nesciens

2037 2475 2184 2524 ruat.

2026 2590 2028 2592 -
2112 2559 2294 2629 (Vers.
2325 2560 2408 2632 5.)
2459 2562 2785 2620 Putruerunt
2825 2573 2875 2620 et
2910 2573 3168 2635 corrupta
3199 2570 3318 2619 sunt
3366 2560 3633 2616 cicatrices

2040 2670 2188 2722 metu,
2215 2672 2247 2710 a
2268 2656 2399 2727 facie
2427 2656 2743 2727 insipientia:
2770 2674 2919 2714 meae.
3626 2720 3628 2722 ,

2114 2744 2169 2802 5.
2198 2745 2397 2805 Fidelis
2420 2749 2597 2804 anima
2623 2765 2742 2820 qua:
2770 2750 2823 2805 in
2845 2749 3100 2822 seipsam,
3129 2747 3232 2805 sibi
3259 2763 3368 2803 non
3389 2757 3635 2818 parcens,

2041 2837 2280 2906 vehitur,
2334 2838 2602 2894 deteriora
2633 2840 2810 2895 adhuc
2839 2841 2906 2896 de
2929 2856 2988 2896 se
3022 2855 3185 2909 quam
3231 2839 3381 2909 prius
3407 2837 3636 2908 dixerat,

2043 2916 2355 2996 conﬁtetur,
2390 2928 2576 2986 dicens
2610 2948 2621 2984 :
2652 2930 2972 2986 Putruerunt
3004 2939 3053 2986 et
3081 2941 3338 3000 corrupta:
3365 2937 3485 2983 sunt
3506 2927 3635 2980 cica-

2045 3018 2201 3074 trices
2220 3034 2368 3076 mere.
2411 3021 2588 3092 Super
2606 3031 2851 3078 curatum
2873 3024 3066 3080 vulnus
3093 3021 3314 3078 cicatrix
3336 3019 3636 3084 obducitur,

2045 3108 2176 3167 dum
2204 3111 2414 3182 signum
2439 3115 2727 3184 praeterita:
2758 3117 2927 3186 plagae
2957 3117 3012 3170 in
3039 3115 3299 3173 resarcita
3329 3121 3455 3171 cute
3482 3127 3638 3168 mon-

2045 3211 2270 3259 stratur.
2301 3203 2429 3271 Quae
2450 3205 2702 3262 nimirum
2743 3207 2972 3262 cicatrix
2993 3204 3302 3263 necessario
3341 3201 3646 3272 corrumpi-

336 3300 674 3372 sine-altera,
725 3309 818 3358 aut
847 3303 1068 3359 omnino
1113 3304 1259 3360 nulla
1286 3311 1393 3371 est,
1440 3314 1532 3359 aut
1582 3303 1825 3359 minima.
1880 3299 1939 3360 Si
1969 3290 2018 3356 Ο
2048 3303 2157 3367 tur,
2214 3297 2262 3353 si
2309 3313 2436 3354 caro
2465 3308 2653 3354 sanata
2678 3300 2873 3354 iterum
2901 3299 3236 3355 vulneratur.
3299 3294 3398 3352 Ubi
3441 3303 3646 3365 quanto

337 3392 488 3449 enim
519 3401 611 3449 aut
638 3396 942 3450 caetitatem
969 3394 1245 3451 humilitas
1271 3394 1504 3460 deserat,
1536 3397 1620 3450 vel
1661 3395 1942 3452 humilita-

341 3489 455 3540 tem
486 3486 707 3541 castitas
734 3486 1113 3556 derelinquat,
1157 3502 1281 3542 cum
1313 3487 1453 3542 Deus
1493 3487 1790 3543 detestetur
1832 3497 1943 3542 tam

336 3575 675 3646 superbiam,
707 3591 871 3646 quam
902 3577 1319 3644 immunditiam,
1338 3577 1610 3647 quomodo
1632 3578 1799 3634 oculis
1825 3578 1942 3649 ejus

341 3671 573 3735 accepta
601 3666 704 3720 erit
725 3665 942 3722 castitas
968 3666 1132 3734 elata,
1181 3667 1268 3723 vel
1316 3666 1594 3724 humilitas
1623 3667 1943 3724 immunda?

337 3757 461 3813 Non
482 3758 626 3812 enim
648 3757 789 3813 bona
813 3767 1034 3828 accepta
1064 3767 1192 3814 sunt
1218 3758 1353 3824 Deo,
1406 3774 1525 3830 qua:
1555 3759 1821 3815 malorum
1848 3759 1944 3815 ad-

339 3846 595 3902 mistione
615 3847 980 3914 maculantur;
1013 3848 1137 3919 quia
1167 3849 1424 3905 modicum
1447 3850 1754 3921 fermentum
1782 3858 1942 3906 totam

340 3952 573 3991 massam
600 3939 886 4008 corrumpit
925 3937 980 4009 (Ι
1011 3935 1132 3995 Cor.
1161 3956 1212 4007 v,
1249 3941 1334 4010 6);
1365 3951 1416 3997 et
1438 3941 1528 4012 qui
1552 3941 1604 3996 in
1633 3957 1742 3998 uno
1772 3941 1942 3998 clien-

346 4029 448 4097 dit,
480 4030 651 4085 multa
680 4030 823 4088 bona
851 4033 1060 4103 perdit;
1090 4041 1145 4089 et
1170 4033 1260 4105 qui
1287 4036 1405 4092 sine
1434 4035 1737 4093 humilitate
1767 4039 1940 4094 virtu-

345 4131 427 4180 tes
456 4132 764 4195 congregat,
831 4126 988 4195 quasi
1039 4126 1095 4181 in
1144 4137 1360 4184 ventum
1415 4130 1692 4200 pulverem
1737 4136 1938 4200 portat.

345 4215 486 4282 Quia
529 4230 659 4287 ergo
687 4217 914 4273 virtutes
956 4218 1150 4274 animae
1197 4229 1290 4275 aut
1342 4220 1484 4276 vitiis
1532 4223 1938 4294 impugnantur,

347 4399 487 4455 citur
517 4418 530 4454 :
565 4399 690 4456 Non
718 4410 795 4456 est
824 4419 929 4473 pax
957 4401 1156 4459 ossibus
1190 4407 1315 4460 meis
1359 4423 1391 4460 a
1421 4407 1556 4477 facie
1609 4418 1943 4479 peccatorum

350 4505 614 4558 meorum;
672 4493 1018 4564 quotidieque
1071 4506 1415 4566 peccatorum
1465 4514 1679 4569 poenam
1729 4503 1940 4569 patior,

347 4599 511 4655 quam
537 4586 594 4641 in
621 4585 741 4656 ipsa
769 4597 1110 4657 peccatorum
1133 4590 1268 4646 facie
1305 4593 1666 4664 contemplor.
1719 4593 1788 4648 Et
1813 4594 1938 4664 quia

345 4676 522 4732 sentio
549 4691 787 4746 poenam,
832 4679 1069 4749 recogito
1098 4680 1328 4750 culpam.
1373 4680 1512 4736 Vel:
1563 4681 1690 4738 Non
1729 4695 1807 4740 est
1832 4702 1941 4754 pax

346 4766 545 4822 ossibus
575 4769 700 4822 meis
740 4785 772 4822 a
801 4771 935 4840 facie
965 4780 1289 4840 peccatorum
1316 4790 1583 4841 meorum;
1629 4776 1755 4845 quia
1787 4777 1942 4834 vide-

346 4857 474 4915 licet
527 4860 726 4916 nullam
779 4862 961 4916 anima
1013 4878 1131 4919 mea
1181 4874 1357 4934 potest
1404 4867 1600 4923 habere
1652 4870 1943 4938 requiem,

349 4947 525 5006 donec
551 4951 782 5022 aliquam
815 4954 1018 5022 peccati
1048 4955 1100 5009 in
1148 4970 1206 5011 se
1251 4956 1443 5012 habeat
1483 4960 1939 5019 recordationem.

426 5041 601 5112 (Vers.
650 5045 730 5115 4.)
782 5044 1041 5111 Quoniam
1081 5048 1380 5118 iniquitates
1422 5067 1552 5107 mea:
1591 5069 1948 5126 supergressa:

347 5146 470 5220 sunt
495 5147 647 5210 caput
690 5156 891 5206 meum;
939 5149 987 5196 et
1029 5142 1160 5197 sicut
1210 5158 1342 5199 onus
1369 5160 1524 5215 grave
1561 5155 1792 5218 gravata:
1820 5157 1947 5206 sunt

346 5247 504 5302 super
521 5249 622 5288 me.

418 5322 474 5378 4.
509 5323 672 5391 Quasi
693 5323 839 5380 dicat
867 5342 880 5379 :
913 5325 1030 5382 Non
1060 5337 1147 5383 est
1171 5328 1363 5383 mirum
1395 5330 1438 5384 si
1472 5345 1579 5387 non
1601 5339 1682 5386 est
1714 5349 1814 5402 pax
1843 5350 1944 5392 os-

347 5414 499 5470 sibus
527 5416 696 5484 meis;
731 5432 852 5472 nam
877 5417 1189 5488 iniquitates
1207 5434 1340 5476 mete
1364 5432 1596 5491 gravatae
1625 5435 1745 5480 sunt
1776 5441 1949 5496 super

347 5521 437 5563 tne
462 5508 602 5563 sicut
629 5525 767 5566 onus
792 5525 974 5582 grave.
1007 5509 1265 5582 lniquitas
1290 5513 1344 5568 in
1376 5515 1580 5572 talento
1613 5517 1818 5588 plumbi
1847 5534 1944 5577 se—

347 5599 439 5655 det
467 5598 618 5672 (Zac.
650 5617 705 5667 v,
737 5602 816 5672 7).
861 5601 1186 5674 Plerumque
1226 5605 1404 5660 anima
1448 5610 1649 5664 amoris
1676 5611 1771 5667 Dei
1797 5611 1950 5668 desiv

349 5691 504 5748 derio
528 5697 863 5766 accenditur,
893 5697 1026 5753 adeo
1053 5704 1112 5752 ut
1133 5698 1296 5753 etiam
1327 5700 1393 5754 ad
1421 5716 1628 5758 summa
1657 5706 1949 5762 ambientis

349 5785 566 5841 sustolli
597 5788 872 5857 videatur;
920 5790 1017 5847 sed
1064 5793 1185 5861 quia
1227 5795 1374 5862 gravi
1418 5806 1764 5862 peccatorum
1805 5816 1946 5869 porr-

349 5876 481 5939 dere
503 5883 790 5954 premitur,
820 5900 886 5944 eo
914 5886 1074 5945 citius
1099 5885 1167 5944 ad
1194 5886 1301 5944 ima
1329 5886 1546 5958 labitur,
1598 5906 1706 5962 quo
1737 5894 1942 5950 admis-

2048 3391 2220 3461 magis
2248 3391 2558 3446 extenditur
2583 3392 2919 3461 inaequalitas
2948 3392 3213 3462 corporis,
3268 3397 3420 3444 tanto
3449 3387 3640 3442 diﬂici~

2047 3481 2152 3536 lius
2183 3481 2485 3536 ostenditur
2531 3480 2773 3537 efficacia
2804 3482 3121 3538 curationis.
3150 3479 3316 3553 484
3363 3479 3469 3535 Sed
3516 3478 3642 3548 quid

2048 3589 2146 3647 per
2169 3574 2386 3642 vulnus,
2410 3574 2512 3629 nisi
2539 3581 2822 3645 peccatum
2852 3572 3214 3643 exprimitur?
3238 3569 3376 3637 Quid
3401 3583 3530 3625 vero
3549 3583 3638 3638 per

2049 3666 2379 3735 cicatricem,
2413 3667 2516 3723 nisi
2563 3667 2892 3738 poenitentiae
2947 3666 3090 3722 actio
3144 3663 3489 3734 designatur?
3545 3659 3647 3728 Qui

2050 3761 2194 3819 enim
2235 3777 2334 3832 per
2367 3760 2701 3832 poenitentiae
2749 3758 2985 3814 lamenta
3035 3764 3319 3827 peccatum
3382 3752 3645 3824 corripit,

2049 3853 2205 3924 quasi
2237 3853 2542 3909 cicatricem
2566 3851 2776 3908 vulneri
2809 3850 3142 3923 superducit.
3202 3847 3356 3918 Quod
3386 3847 3432 3903 si
3463 3846 3638 3903 dimis-

2050 3959 2125 4000 sae
2151 3946 2407 4016 nequitia:
2435 3955 2674 4000 mentem
2725 3943 2921 4000 iterum
2972 3941 3041 3998 ad
3084 3941 3500 3998 delectationem
3521 3953 3638 4008 per-

2051 4034 2294 4102 trahunt,
2341 4035 2679 4106 superducta:
2727 4034 2940 4091 vulneri
2993 4034 3275 4091 cicatrices
3304 4036 3642 4102 putrescunt.

2049 4127 2339 4187 Cicatrices
2383 4144 2619 4199 namque
2668 4136 3000 4199 putrescere,
3055 4130 3140 4179 est
3161 4131 3351 4178 sanata
3376 4120 3486 4189 jam
3516 4133 3645 4190 pec-

1991 4228 2000 4297 ξ
2051 4230 2299 4279 calorum
2326 4221 2548 4276 vulnera
2578 4233 2790 4274 rursum
2818 4214 3250 4273 intentationem
3279 4227 3498 4283 serpere
3520 4252 3536 4279 ,
3566 4219 3648 4266 at—

345 4318 440 4366 aut
463 4310 782 4382 plerumque
804 4310 1038 4368 elatione
1059 4313 1454 4384 deprimuntur,
1501 4326 1645 4372 recte
1675 4331 1818 4372 nunc
1859 4313 1946 4370 di-
1993 4304 2005 4314 ’

2050 4326 2157 4382 que
2180 4313 2247 4368 de
2270 4327 2460 4368 eorum
2486 4309 2774 4366 iteratione
2822 4306 3239 4364 delectationem
3278 4304 3502 4361 sentire.
3555 4301 3649 4358 Ci-

2052 4408 2282 4463 catrices
2333 4412 2790 4477 computrescerc,
2843 4409 2927 4457 est
2967 4416 3034 4459 ex
3062 4408 3405 4473 peccatorum
3453 4411 3648 4468 sugge-

2053 4498 2320 4554 stionibus
2347 4503 2472 4568 post
2495 4492 2881 4564 superductam
2911 4501 3086 4549 cutem
3141 4489 3502 4563 ptenitentiec,
3546 4489 3648 4544 do-

2055 4590 2225 4645 iorem
2254 4590 2451 4643 iterum
2505 4587 2676 4655 culpa:
2705 4587 2759 4640 in
2789 4586 3002 4642 occulto
3057 4585 3234 4641 cordis
3266 4600 3363 4653 per
3408 4581 3650 4652 putridas

1971 4669 2028 4732 D
2057 4679 2422 4750 cogitationes
2467 4676 2696 4748 perpeti,
2743 4685 2799 4731 et
2828 4677 3042 4732 tandem
3072 4690 3168 4745 per
3199 4689 3336 4742 opus
3389 4673 3650 4726 miserum

2061 4773 2216 4844 quasi
2247 4769 2416 4828 effuso
2442 4769 2637 4825 foetore
2656 4768 2949 4838 corrumpi.
2997 4767 3176 4835 Quare
3202 4775 3381 4820 autem
3411 4763 3517 4817 hoc
3547 4760 3652 4814 sibi

2062 4863 2308 4934 contigit,
2343 4859 2584 4918 ostendit
2605 4876 2724 4916 cum
2748 4859 2861 4914 ait:
2917 4858 2962 4911 Α
2994 4856 3128 4930 facie
3158 4854 3472 4924 insipientia:
3501 4866 3650 4903 mete.

2060 4959 2215 5016 Sicut
2243 4973 2448 5014 summa
2481 4957 2765 5029 prudentia
2800 4961 2884 5009 est
2912 4952 3146 5023 aliquem
3194 4956 3318 5019 post
3372 4951 3654 5013 acceptam

2061 5051 2434 5124 prenitentiam
2486 5048 2727 5105 sollicita:
2780 5045 2880 5103 sibi
2936 5038 3433 5111 circumspectionis
3477 5033 3656 5089 studio

2063 5145 2117 5200 in
2147 5151 2427 5215 posterum
2454 5140 2779 5212 prOSpiccre,
2833 5139 2909 5194 ita
2953 5132 3274 5190 miserabilis
3332 5126 3654 5199 insipientia:

2063 5245 2148 5296 est
2177 5239 2232 5294 in
2259 5239 2411 5294 istius
2435 5236 2558 5292 vita:
2594 5236 2846 5304 ambiguo
2893 5230 3048 5302 quasi
3097 5236 3318 5298 accepta
3362 5223 3656 5280 securitate

2065 5332 2323 5390 dormire.
2374 5331 2476 5386 Per
2504 5327 2866 5398 insipientiam
2896 5340 3024 5396 ergo
3072 5319 3427 5391 negligentiae,
3463 5315 3656 5369 vulnus

2061 5427 2172 5495 jam
2226 5431 2472 5480 sanatum
2502 5419 2864 5490 computruit;
2924 5417 3050 5486 quia
3107 5414 3234 5468 dum
3278 5426 3375 5481 per
3423 5405 3656 5462 studium
3743 5434 3753 5442 ο

2066 5519 2358 5589 vigilantiae
2406 5530 2558 5572 mens
2604 5515 2810 5582 ingrata
2848 5511 2949 5567 sibi
2994 5508 3046 5563 in
3074 5517 3348 5579 posterum
3371 5501 3656 5572 pi‘t'ﬂ'itiCI'C

2070 5613 2338 5680 noluerit,
2391 5607 2744 5665 miserabilius
2793 5621 2856 5660 ea
2913 5619 3033 5673 quae
3081 5602 3227 5672 prius
3273 5598 3652 5653 abdicaverat,

2072 5708 2217 5762 maia
2247 5703 2556 5759 committit.

2145 5800 2323 5872 (Vers.
2357 5792 2434 5863 6.)
2484 5793 2646 5848 Miser
2670 5794 2836 5863 [actus
2865 5807 2996 5856 sum,
3024 5798 3072 5843 et
3094 5797 3331 5843 curvatus
3361 5799 3471 5838 sum
3501 5790 3655 5844 usque

2073 5895 2126 5948 in
2156 5893 2313 5963 ﬁnem
2330 5907 2349 5961 ς
2375 5895 2479 5946 tota
2508 5886 2590 5943 die
2618 5885 2951 5943 contristatus
2971 5881 3318 5955 ingrediebar.

2692 6069 2702 6088 ..
2753 6048 2852 6075 ,ἦκ’-ι
