4038 6338
431 308 526 365 571

1633 286 1877 346 8ΑΝΟΊῚ
1914 275 2247 337 GBEGORII
2284 279 2498 338 MAGNI

3604 287 3725 346 579.

500 415 554 472 6.
604 414 778 471 Tanto
830 420 1168 481 unaquaeque
1223 400 1399 461 anima
1453 398 1513 456 ﬁt
1563 395 1851 471 pretiosior
1889 384 2316 450 anteAlumbis
2373 392 2619 448 carnales
2687 391 3073 450 delectationes
3130 396 3441 465 prodeunt,
3512 398 3587 454 ita
3641 415 3717 458 ex

431 505 615 566 oculos
660 505 780 573 Dei,
826 509 1027 574 quanto
1075 498 1239 557 fuerit
1287 497 1591 577 despectior
1645 502 1769 549 ante
1824 488 2014 545 oculos

430 615 576 657 suos.
641 597 780 665 Quid
832 602 1011 650 autem
1056 589 1322 648 infelicius
1348 632 1365 658 ,
1435 601 1595 658 quam
1645 583 2015 640 infelicitatem

430 704 581 746 suam
612 703 720 742 non
749 697 1102 755 cognoscere,
1158 691 1214 737 et
1249 680 1389 736 inter
1410 678 1524 749 ipsa
1552 677 1678 731 vita:
1705 672 2014 731 discrimina

433 782 636 837 nullum
693 776 1020 835 inﬁrmitatis
1069 774 1311 831 dolorem
1364 770 1605 827 sentire?
1656 768 1807 824 Sicut
1868 766 2016 823 enim

433 870 731 945 phrenetici
758 870 953 926 mentis
976 868 1349 924 alienationem
1380 863 1634 927 tolerant,
1666 876 1787 915 cum
1818 873 1877 914 se
1908 871 2017 912 non

435 967 610 1022 solum
632 964 763 1021 nihil
790 966 921 1035 pati,
948 962 1044 1019 sed
1070 963 1231 1016 etiam
1251 957 1548 1014 incolumes
1574 961 1793 1025 putent;
1827 951 1899 1005 ita
1926 948 2019 1019 qui

435 1058 651 1115 mortali
677 1070 840 1113 carne
868 1052 1251 1117 circumdatus,
1284 1062 1546 1105 aerumnas
1569 1045 1851 1117 praesentis
1895 1044 2020 1097 vita:

435 1168 544 1209 non
569 1150 824 1218 senserit,
870 1164 903 1204 a
929 1150 1125 1203 virtute
1146 1143 1425 1213 sapientia:
1457 1140 1666 1194 alienus
1689 1136 1891 1192 existit.
1937 1136 2021 1188 ln-

438 1242 803 1301 numerabiles
850 1252 1083 1309 namque
1129 1237 1376 1293 humana:
1424 1232 1741 1303 dejectionis
1768 1228 2020 1291 miseriae,

439 1336 583 1391 sicut
610 1333 772 1391 corda
808 1331 1074 1401 iustorum
1118 1329 1267 1399 gravi
1301 1325 1532 1382 tristitia:
1591 1324 1775 1380 dolore
1802 1320 2026 1378 convul-

444 1432 655 1490 nerant,
686 1425 759 1480 ita
786 1423 1090 1495 iniquorum
1114 1430 1324 1476 mentes
1352 1419 1466 1489 ipsa
1494 1432 1589 1473 sua
1620 1413 2025 1486 importunitate

442 1516 729 1573 delectant.
778 1512 913 1569 Cum
935 1516 1075 1569 enim
1106 1511 1254 1568 omni
1285 1508 1505 1565 vanitati
1537 1518 1560 1543 ει
1592 1514 1860 1578 patentes,
1910 1502 2026 1560 sola

441 1622 561 1682 qua:
587 1608 762 1677 carnis
788 1616 912 1662 sunt
940 1604 1201 1675 cogitant,
1246 1612 1302 1659 et
1328 1603 1689 1673 lacrymarum
1711 1613 1903 1655 causas
1926 1595 2025 1650 tri-

441 1699 728 1770 pudiantes
750 1704 1035 1769 peragunt,
1086 1695 1277 1751 mortis
1325 1709 1436 1749 sua:
1477 1693 1751 1764 negotium
1783 1690 2026 1746 ridentes

2118 487 2295 542 anima
2351 499 2539 541 omnes
2590 485 2945 556 cegitationes
2988 487 3301 557 procedunt.
3349 487 3554 546 Deinde
3584 507 3713 549 cum

2120 578 2287 634 illiciti
2320 579 2502 648 operis
2531 578 2761 634 tentatio
2787 579 3052 648 subrepit,
3096 594 3192 651 per
3226 595 3481 636 variarum
3506 586 3700 651 cogita-

2119 678 2324 732 tionum
2356 676 2734 746 phantasmata
2778 675 2999 747 spiritus
3028 674 3293 746 malignus
3334 678 3523 733 illudit.
3557 677 3721 749 Saepe

2119 789 2354 843 namque
2377 781 2685 829 sanctorum
2713 776 2877 829 etiam
2901 774 3136 830 virorum
3162 785 3393 841 mentes,
3425 776 3719 845 cogitatio-

2121 882 2221 923 nes
2262 867 2460 922 illicita:
2490 868 2852 938 polluunt;et
2882 883 2974 923 eas
3008 868 3115 937 jam
3147 869 3214 924 ad
3236 885 3444 924 summa
3490 870 3719 925 tendenc

2123 967 2249 1027 tes,
2332 966 2668 1015 terrenarum
2726 976 2905 1014 rerum
2966 960 3411 1016 delectationibus
3470 971 3719 1033 tangunt.

2125 1049 2281 1120 Saepe
2303 1051 2467 1105 etiam
2496 1049 2548 1106 in
2600 1050 2718 1123 ipso
2749 1051 3011 1106 orationis
3041 1060 3283 1123 tempore
3320 1055 3630 1123 importune
3657 1068 3721 1112 se

2126 1138 2233 1194 illis
2261 1139 2534 1209 ingerunt,
2570 1150 2629 1196 ut
2658 1141 2759 1197 hoc
2788 1142 2961 1211 ipsum
2992 1144 3317 1198 sacrilicium
3344 1144 3527 1213 aliquo
3555 1145 3725 1201 modo

2126 1233 2529 1290 commaculare
2557 1234 2794 1301 valeant,
2817 1234 2959 1305 quod
2989 1236 3041 1290 in
3070 1235 3237 1291 odore
3257 1237 3553 1294 suavitatis
3607 1237 3727 1294 Deo

2128 1332 2449 1395 acceptum,
2499 1325 2735 1379 contrito
2784 1324 2949 1381 corde
2999 1336 3053 1381 et
3119 1325 3483 1382 contribulato
3531 1327 3725 1398 spiritu

2130 1424 2418 1471 mactatur.
2451 1414 2606 1482 Quod
2631 1417 2786 1473 nobis
2812 1426 2999 1489 aperte
3023 1416 3153 1474 illud
3181 1417 3327 1490 quod
3354 1419 3420 1475 de
3448 1420 3729 1478 Abraham

2131 1508 2389 1577 scriptum
2413 1506 2673 1577 est(Gen.
2700 1525 2795 1577 xv,
2828 1508 2938 1578 ll),
2996 1510 3200 1576 innuit;
3249 1512 3374 1579 quia
3414 1513 3559 1569 circa
3598 1514 3735 1572 solis

2133 1590 2386 1656 cccasum
2416 1601 2738 1658 sacriﬁcium
2769 1598 3029 1671 oﬁ‘erens,
3084 1603 3399 1661 insistentes
3440 1620 3569 1660 aves
3599 1620 3723 1677 per-

2134 1691 2277 1758 tulit,
2302 1708 2438 1763 quas
2461 1710 2529 1749 ne
2553 1694 2790 1751 oblatum
2822 1704 3079 1766 raperent
3124 1696 3475 1763 sacriﬁcium,
3495 1697 3735 1755 sollicite

441 1798 824 1860 exsequuntur.
888 1790 971 1844 De
1025 1790 1221 1858 quibus
1259 1789 1504 1858 profecto
1560 1787 1821 1856 scriptum
1870 1789 1953 1838 est
2011 1787 2108 1853 τι
2136 1783 2351 1854 abigere
2406 1788 2634 1842 curavit.
2688 1785 2796 1844 Nos
2834 1800 2964 1860 ergo
3009 1787 3055 1845 si
3082 1787 3301 1858 quando
3348 1791 3401 1843 in
3429 1802 3523 1842 ara
3544 1788 3738 1845 cordia

444 1878 581 1947 Quia
609 1884 853 1939 laetantur
877 1898 993 1935 cum
1014 1882 1150 1935 male
1172 1880 1405 1952 fecerint,
1450 1889 1498 1933 et
1519 1878 1783 1933 exsultant
1803 1879 1855 1933 in
1882 1876 2033 1932 rebus

444 1974 680 2045 pessimis
703 1972 883 2043 (Prov.
911 1988 969 2038 u,
1002 1970 1115 2033 id).
1144 1970 1339 2026 Verum
1363 1969 1453 2041 qui
1476 1968 1545 2024 ad
1572 1968 1866 2024 Sabbatum
1882 1967 2034 2037 quie-

446 2066 515 2121 tis
540 2075 755 2120 aaternae
779 2063 1063 2135 pervenire
1100 2062 1392 2128 desiderat,
1452 2062 1843 2131 circumspecta
1899 2071 2034 2132 quas

448 2154 653 2227 patitur
680 2154 1014 2210 miseriarum
1045 2153 1390 2210 multitudine
1414 2196 1428 2220 ,
1477 2148 1712 2227 seipsum
1743 2153 2034 2209 humilians

446 2246 628 2304 dicat:
666 2245 829 2302 Miser
875 2248 1040 2319 factus
1087 2263 1199 2301 sum
1221 2288 1237 2315 ,
1276 2252 1327 2301 et
1364 2254 1600 2301 curvatus
1638 2261 1751 2300 sum
1784 2260 1943 2317 usque
1978 2245 2034 2298 in

449 2340 627 2412 ﬁnem.
659 2336 840 2412 Usque
868 2340 920 2396 in
948 2340 1109 2397 ﬁnem
1140 2348 1419 2403 curvatur.
1445 2339 1534 2409 qui
1562 2340 1757 2409 iniqua:
1789 2339 2036 2393 volunta-

447 2429 517 2486 tis
541 2429 775 2486 studium
805 2446 972 2502 usque
998 2430 1067 2487 ad
1092 2430 1343 2488 eﬁ‘ectum
1376 2430 1527 2502 pravi
1557 2430 1756 2502 operis,
1808 2428 2036 2486 terrenis

447 2525 683 2595 inhians,
729 2529 1033 2600 protrahit;
1082 2540 1136 2586 et
1186 2529 1255 2586 ad
1302 2528 1544 2586 caelestia
1592 2529 1876 2585 ambienda
1928 2546 2036 2586 non

446 2622 619 2679 solum
639 2638 747 2679 non
768 2639 864 2694 per
883 2623 1105 2695 gradum
1133 2624 1336 2696 operis,
1359 2623 1455 2682 sed
1473 2640 1575 2682 nec
1596 2640 1695 2698 per
1714 2623 2036 2682 intentionis

448 2711 691 2770 volatum
720 2715 973 2786 assurgit.

524 2802 576 2861 7.
624 2803 731 2861 Sed
772 2807 899 2876 quia
944 2806 1161 2881 culpam
1198 2824 1341 2881 saepe
1387 2809 1631 2884 sequitur
1668 2809 1993 2882 poenitentia
2017 2853 2034 2882 ,

449 2900 506 2951 et
526 2894 847 2966 plerumque
872 2896 965 2967 qui
990 2899 1155 2966 cadit,
1187 2897 1368 2971 adjicit
1388 2910 1448 2956 ut
1466 2909 1734 2973 resurgat,
1756 2902 2033 2973 sequitur:

453 2982 585 3039 Tota
624 2985 710 3040 die
748 2989 1084 3044 contristatus
1129 2991 1475 3061 ingrediebar.
1533 2993 1668 3049 Cum
1710 2994 1943 3051 sollicito
1982 3010 2040 3051 se

452 3074 648 3131 timore
675 3090 828 3132 mens
846 3078 1078 3135 humana
1107 3080 1563 3153 circumspiciens,
1597 3085 1760 3142 modo
1782 3102 1902 3156 quae
1931 3087 2041 3156 egit

2136 1873 2462 1930 sacriﬁcium
2495 1876 2608 1933 Deo
2638 1875 2939 1946 offerimus,
2968 1893 2997 1932 a
3028 1877 3284 1948 malignis
3322 1878 3427 1935 hoc
3449 1878 3739 1948 spiritibus

2136 1964 2367 2021 sollicite
2395 1968 2794 2038 custodiamus;
2848 1984 2917 2025 ne
2968 1969 3379 2027 tenebrosarum
3422 1969 3737 2041 importuni-

2136 2061 2277 2112 tates
2304 2058 2690 2127 cogitationum
2722 2059 2824 2116 hoc
2866 2058 3158 2131 aliquando
3213 2062 3432 2119 valeant
3476 2061 3743 2133 diripere,

2136 2146 2278 2216 quod
2321 2148 2432 2203 Deo
2483 2164 2761 2219 speramus
2823 2151 3029 2207 utiliter
3075 2152 3288 2208 oll‘erre.
3342 2150 3505 2221 Quod
3552 2162 3741 2210 autem

2138 2239 2419 2310 sequitur:
2469 2238 2594 2296 Non
2640 2250 2717 2296 est
2758 2243 2957 2299 sanitas
3002 2244 3059 2299 in
3104 2261 3259 2299 carne
3283 2261 3429 2311 mea;
3462 2242 3608 2301 idem
3657 2251 3739 2301 est

2137 2332 2280 2402 quod
2310 2331 2384 2386 ait
2406 2332 2734 2405 Apostolus:
2794 2334 2921 2391 Non
2953 2337 3156 2393 invenio
3184 2339 3241 2391 in
3279 2354 3380 2402 me,
3433 2338 3533 2394 hoc
3578 2338 3736 2394 estin

2139 2440 2298 2479 carne
2328 2442 2463 2493 mea,
2524 2428 2713 2483 bonum
2764 2427 2944 2499 (Rom.
2972 2445 3068 2499 vu,
3103 2428 3220 2501 18).
3272 2429 3465 2485 Omnia
3502 2444 3738 2502 namque

2141 2518 2388 2588 corporis
2425 2522 2668 2575 membra
2697 2535 2816 2591 quae
2848 2520 2916 2576 ad
2949 2538 3104 2577 usum
3149 2524 3272 2578 vita:
3300 2523 3626 2593 accipimus,
3673 2522 3739 2578 ad

2140 2611 2343 2667 erroris
2373 2614 2659 2668 materiam
2685 2614 3028 2670 inclinamus.
3061 2612 3261 2671 Oculos
3275 2616 3420 2672 enim
3451 2616 3522 2672 ad
3546 2615 3737 2673 viden-

2141 2704 2268 2758 dum
2320 2702 2558 2760 obscena
2613 2711 2669 2760 et
2700 2706 2874 2776 turpia
2924 2703 3285 2775 inﬂectimus;
3315 2722 3478 2764 aures
3506 2708 3737 2765 libentes

2141 2797 2209 2853 ad
2242 2798 2545 2855 audiendas
2594 2799 2961 2856 detractiones
3007 2801 3513 2872 accommodamus;
3562 2804 3737 2861 illece

2142 2888 2335 2947 brosos
2357 2890 2614 2951 odoratus
2644 2892 2864 2951 naribus
2891 2893 3109 2951 haurire
3136 2895 3608 2967 concupiscimus;
3638 2896 3736 2953 ini—

2144 2985 2403 3055 quitatem
2436 2986 2490 3044 in
2520 2989 2739 3045 excelso
2770 2987 3064 3067 loquimur,
3107 2998 3163 3046 et
3208 2990 3349 3047 inter
3406 2991 3604 3048 fratres
3633 2994 3737 3049 dis-

2146 3082 2385 3137 cordiam
2411 3083 2773 3150 seminamus;
2821 3083 3053 3140 salutem
3080 3084 3243 3141 etiam
3270 3085 3515 3156 corporis
3542 3085 3737 3158 redigi-

452 3167 592 3223 mala
622 3177 939 3237 enumerat;
968 3172 1131 3228 modo
1156 3188 1276 3244 qua:
1323 3187 1484 3245 agere
1532 3178 1771 3249 neglexit
1798 3180 1939 3235 bona
1971 3178 2037 3235 ad
2066 3191 2118 3260 α
2148 3192 2265 3232 mus
2294 3174 2346 3232 in
2378 3194 2533 3232 usum
2586 3177 2874 3245 vitiorum;
2930 3179 3108 3234 omnia
3167 3164 3383 3235 tandem
3418 3179 3611 3251 quibus
3662 3178 3739 3234 uti

455 3262 773 3319 memoriam
824 3264 1075 3331 revOcat;
1124 3266 1287 3324 modo
1342 3270 1789 3341 reprehensibilia
1838 3288 1958 3329 esse
1989 3276 2041 3330 in

455 3356 651 3427 quibus
677 3366 941 3429 versatur,
994 3364 1293 3434 conspicit;
1354 3366 1516 3423 modo
1546 3367 1647 3423 sibi
1699 3376 1847 3425 recta
1876 3385 2043 3441 opera

455 3450 629 3508 adhuc
646 3451 841 3511 deesse
874 3457 1159 3528 perpendit
1188 3475 1202 3513 :
1234 3459 1357 3530 quia
1388 3459 1653 3518 malorum
1684 3473 1957 3521 tantorum
1987 3466 2043 3522 in

456 3549 517 3601 se
541 3546 836 3603 remedium
867 3562 979 3605 non
1005 3551 1228 3618 invenit,
1264 3552 1491 3610 tristitia:
1523 3555 1878 3614 intolerabilis
1902 3575 2041 3631 pon-

455 3634 584 3692 dere
610 3649 944 3708 pmgravata
968 3642 1228 3713 tabescit;
1284 3655 1339 3703 et
1370 3656 1518 3704 tanto
1566 3665 1625 3705 se
1652 3648 1838 3707 durius
1865 3653 1919 3708 in
1949 3670 2043 3712 co-
2076 3706 2079 3707 ν

456 3724 716 3796 gitatione
741 3728 989 3800 dilaniat,
1044 3744 1249 3805 quanto
1299 3739 1593 3797 terribilius
1623 3759 1744 3799 esse
1765 3746 1911 3816 quod
1941 3747 2040 3801 im-

456 3817 625 3873 minet
654 3820 918 3889 judicium
939 3834 1150 3895 pensat.
1186 3824 1320 3882 Tota
1350 3838 1530 3885 autem
1562 3833 1649 3888 die
1691 3840 2042 3896 contristatus

458 3909 773 3981 ingreditur,
800 3916 891 3986 qui
920 3917 1187 3974 miseriam
1214 3935 1333 3975 esse
1360 3922 1621 3993 deputat,
1673 3927 1715 3982 si
1742 3930 1962 3998 quando
1992 3931 2044 3987 ei

459 4008 787 4075 prosperitas
812 4009 993 4065 saeculi
1025 4010 1295 4067 fallaciter
1311 4015 1719 4089 pernicioseque
1746 4020 2042 4089 blanditur,

454 4098 595 4153 sicut
618 4100 672 4154 in
691 4098 928 4158 Canticis
953 4107 1290 4161 canticorum
1314 4106 1556 4178 Sponsus
1585 4113 1650 4165 ad
1673 4128 1926 4183 sponsam
1956 4114 2041 4171 lo-

454 4191 655 4282 quitur,
683 4192 867 4249 dicens
901 4214 912 4249 :
969 4194 1121 4253 Oculi
1151 4201 1228 4254 tui
1250 4200 1604 4259 columbarum
1650 4205 1824 4277 (Cant.
1857 4227 1932 4280 IV,
1961 4210 2041 4282 1).

457 4278 621 4353 485
675 4282 935 4342 Columba
985 4291 1128 4344 enim
1181 4309 1281 4364 pro
1337 4304 1499 4351 cantu
1544 4300 1804 4369 gemitum
1856 4278 2039 4361 habet.

457 4371 591 4439 Quia
620 4389 747 4445 ergo
775 4381 949 4434 sancti
976 4383 1076 4437 viri
1106 4386 1284 4441 saeculi
1316 4387 1680 4448 blandimenta
1707 4395 1961 4453 timentes
1988 4405 2045 4454 et

456 4462 700 4520 dolentes
745 4480 865 4521 cum
916 4468 1063 4526 luctu
1110 4481 1166 4529 et
1203 4478 1403 4546 gemitu
1456 4481 1703 4552 tolerant,
1762 4487 1815 4541 in
1846 4487 2043 4557 quibus

2150 3269 2353 3325 utiliter
2378 3287 2661 3342 possemus
2690 3271 2756 3327 ad
2803 3271 2900 3328 Dei
2928 3272 3228 3339 servitium,
3269 3273 3327 3327 in
3364 3273 3514 3344 pravi
3554 3272 3743 3343 operis

2149 3362 2515 3418 convertimus
2546 3363 2983 3420 instrumentum.
3029 3363 3150 3420 Non
3178 3377 3263 3421 est
3291 3364 3347 3420 in
3374 3380 3538 3420 carne
3559 3374 3744 3420 nostra

2148 3458 2379 3523 sanitas;
2435 3458 2560 3529 quia
2593 3458 2739 3514 nulla
2787 3474 2914 3529 pars
2966 3458 3142 3515 nostri
3186 3459 3434 3531 corporis
3482 3457 3745 3515 intentata

2148 3560 2413 3620 remanet,
2445 3568 2543 3622 per
2571 3569 2731 3624 quam
2755 3571 2855 3610 nos
2876 3553 3092 3626 peccati
3131 3552 3460 3609 desiderium
3485 3570 3599 3610 non

2146 3640 2240 3701 let.
2273 3645 2527 3716 Sequitur
2555 3665 2567 3701 :

2224 3737 2398 3809 (Vcrs.
2427 3740 2504 3812 8.)
2547 3742 2789 3813 Afﬂictus
2818 3758 2956 3810 sum,
2989 3752 3040 3797 et
3065 3743 3371 3798 humiliatus
3396 3758 3516 3797 sunt
3548 3742 3747 3797 nimis:

2146 3834 2413 3906 fugiebam
2435 3852 2466 3888 α
2489 3838 2681 3907 gemitu
2699 3837 2871 3891 cordis
2894 3839 3014 3892 mei.

2220 3926 2273 3984 9.
2300 3928 2404 3994 Qui
2432 3929 2576 3983 enim
2598 3929 2829 3994 dixerat,
2848 3927 2975 3986 Non
2995 3939 3073 3985 est
3101 3932 3300 3985 sanitas
3324 3932 3382 3985 in
3406 3946 3571 3985 cam
3590 3946 3743 3986 mea.

2147 4036 2216 4077 ne
2246 4022 2385 4077 forte
2424 4022 2477 4075 in
2532 4021 2710 4078 anima
2764 4023 2898 4077 nihil
2938 4024 3052 4093 pati
3106 4033 3412 4094 putaretur,
3461 4025 3744 4093 subjecit:

2148 4115 2391 4186 Afﬂictus
2419 4132 2558 4183 sum,
2587 4125 2637 4171 et
2669 4117 2972 4172 humiliatus
2999 4133 3114 4172 sunt
3135 4118 3315 4173 nimis.
3372 4114 3448 4172 Ut
3475 4117 3751 4186 intelligs

2149 4206 2204 4261 iu
2248 4208 2427 4263 anima
2472 4210 2795 4279 gravissimo
2842 4209 3147 4279 iniquitatis
3186 4208 3431 4280 pondere
3468 4210 3755 4277 obrutum,

2148 4314 2308 4369 quem
2342 4301 2397 4356 in
2429 4316 2593 4357 carne
2621 4301 2774 4356 vides
2801 4308 2884 4356 tot
2913 4300 3146 4356 mi~eriis
3167 4309 3224 4355 et
3247 4300 3593 4370 passionibus
3622 4299 3751 4354 allii.

2149 4401 2317 4448 ctum.
2361 4393 2651 4451 Peccatum
2704 4395 2850 4452 enim
2876 4396 3018 4451 sicut
3046 4394 3325 4466 peccantis
3351 4404 3594 4451 utentem
3622 4394 3751 4449 reti-

2150 4483 2252 4539 bus
2286 4484 2708 4542 delaetationum
2768 4486 3046 4558 illaqueat,
3098 4487 3172 4542 ita
3203 4487 3367 4542 etiam
3420 4485 3743 4555 implicitum

458 4561 729 4651 amatores
755 4559 939 4615 mundi
964 4565 1143 4619 securi
1174 4574 1231 4622 et
1257 4571 1550 4639 gaudentes
1580 4577 1874 4648 exsultant,
1906 4595 2035 4635 san-
2068 4579 2125 4643 1)
2146 4576 2304 4648 quasi
2333 4579 2475 4633 mole
2528 4580 2871 4651 superposita
2912 4587 3137 4650 gravat;
3190 4587 3249 4633 ut
3274 4578 3341 4633 ad
3371 4578 3621 4632 sublimia
3675 4579 3743 4630 te.

454 4650 541 4700 cta
573 4646 811 4705 Ecclesia
839 4652 1101 4713 columbis
1129 4659 1487 4731 assimilatur;
1520 4667 1644 4735 quia
1669 4669 1793 4725 inde
1821 4646 2042 4733 sanctus

380 4744 381 4747 ‘
454 4737 631 4794 omnis
656 4752 778 4795 cum
808 4742 1000 4801 dolore
1026 4745 1349 4819 ingemiscit,
1397 4754 1539 4811 unde
1570 4756 1786 4830 iniquus
1812 4764 2042 4834 quisque

454 4842 576 4886 cum
626 4834 822 4905 gaudio
852 4837 1147 4899 hilarescit.
1198 4844 1353 4903 Unde
1384 4864 1481 4919 per
1509 4848 1855 4910 Salomonem
1908 4857 2043 4914 dici-

454 4928 542 5019 tur
570 4942 585 4979 :
638 4924 822 4984 Risum
851 4936 1081 5004 reputavi
1108 4953 1356 5006 errorem,
1408 4951 1460 4996 et
1498 4945 1688 5015 gaudio
1720 4948 1851 5019 dixi,
1904 4948 2043 5017 Quid

454 5014 650 5086 fmstra
678 5020 967 5093 deciperis?
989 5025 1158 5098 (Eccl.
1185 5046 1243 5100 ιι,
1272 5030 1354 5104 2.)
1394 5014 1573 5101 Quare
1623 5047 1803 5100 autem
1834 5014 2040 5102 contri-

452 5116 624 5251 ἕξεως
683 5114 823 5172 viam
879 5124 1159 5191 praesentis
1206 5124 1329 5182 vita:
1384 5129 1747 5204 ingrediatur,
1804 5140 2046 5200 ostendit

488 5213 669 5258 iceus:

522 5295 697 5390 (Vera.
728 5301 811 5376 7.)
844 5304 1103 5371 Quoniam
1132 5310 1293 5366 lumbi
1321 5315 1420 5371 mei
1466 5318 1662 5390 impleti
1692 5333 1810 5381 sunt
1833 5327 2042 5385 illusio‘

453 5385 629 5457 nibus;
658 5402 707 5446 et
736 5411 840 5451 non
866 5409 942 5453 est
967 5404 1165 5459 sanitas
1194 5406 1247 5461 in
1279 5423 1436 5463 carne
1456 5428 1591 5468 mea.

524 5481 577 5579 _8.
630 5481 688 5579 in
737 5486 931 5546 lumbis
961 5497 1193 5551 carnalis
1240 5498 1532 5558 delectatio
1585 5508 1932 5579 continetur,
1981 5525 2037 5570 et

453 5568 576 5629 inde
598 5575 848 5636 nimirum
880 5584 1109 5642 humana
1131 5595 1410 5657 generatio
1431 5610 1775 5669 pr0pagatur.
1808 5568 2034 5664 Possum

453 5677 582 5737 ergo
614 5685 714 5741 per
743 5674 951 5733 lumbos
982 5682 1215 5739 animam
1267 5688 1546 5760 accipere;
1597 5694 1726 5765 quia
1770 5697 1913 5757 sicut
1961 5718 2033 5761 ex

527 5814 553 5845 ⁸
566 5780 856 5883 ἠοωὺοιη
876 5828 1132 5886 ραι-οπερ.

2150 4673 2269 4728 vari
2292 4673 2405 4744 jam
2429 4688 2537 4728 non
2570 4674 2769 4743 valeat,
2797 4675 3059 4745 quoniam
3086 4672 3387 4743 iniquitatis
3418 4687 3539 4726 eam
3570 4685 3745 4737 gravi.

2150 4766 2280 4822 tudo
2329 4774 2590 4835 coarctat,
2639 4769 2781 4824 sicut
2807 4784 2904 4839 per
2962 4767 3309 4825 Psalmistant
3331 4765 3530 4820 dicitur
3563 4782 3577 4794 -
3614 4763 3742 4816 Filii

2148 4859 2439 4925 hominum,
2463 4876 2723 4931 usquequo
2737 4863 2884 4933 grasi
2900 4861 3090 4918 corde?
3115 4859 3287 4932 (Psal.
3312 4858 3480 4930 “.75).
3506 4857 3739 4913 Plerum-

2148 4968 2256 5025 que
2282 4954 2429 5011 enim
2452 4967 2506 5011 et
2532 4970 2655 5024 qua:
2680 4955 2888 5024 agenda
2910 4962 3038 5009 sunt
3078 4956 3221 5009 bona
3245 4952 3639 5023 conspicimus,
3696 4958 3743 5003 et

2150 5048 2218 5104 ad
2265 5047 2381 5104 hcce
2424 5060 2711 5117 a~surgere
2760 5045 2939 5102 cordis
2992 5044 3265 5102 desiderio
3316 5060 3426 5100 non
3480 5042 3745 5119 valemus.

2152 5143 2220 5197 Et
2248 5142 2294 5195 si
2324 5141 2466 5197 forte
2492 5156 2648 5197 mens
2676 5139 2968 5211 aliquando
2999 5140 3065 5195 ad
3119 5141 3318 5195 bonum
3358 5138 3621 5193 anhelae
3666 5128 3740 5191 3.-

2150 5233 2333 5299 choat,
2366 5233 2530 5306 536
2551 5233 2789 5303 gravitas
2806 5248 2969 5305 quam
2994 5232 3250 5298 sustinet,
3304 5232 3452 5301 cogit
3471 5239 3535 5285 ut
3562 5229 3738 5295 cadat,

2149 5327 2277 5394 quia
2302 5340 2371 5381 ex
2400 5342 2559 5397 poena
2580 5327 2790 5397 peccati
2818 5338 2899 5382 est
2930 5336 2988 5382 ut
3015 5342 3047 5382 a
3101 5326 3243 5382 bona
3268 5325 3410 5395 quod
3441 5339 3541 5394 per
3579 5323 3739 5379 ratio-

2148 5421 2235 5477 nis
2284 5420 2548 5490 judicium
2598 5422 2743 5479 clare
2773 5422 3127 5493 conspicitur,
3178 5436 3275 5491 per
3314 5421 3441 5476 vitae
3492 5418 3743 5475 meritum

2150 5516 2330 5569 anima
2354 5514 2568 5570 inﬁrma
2596 5516 2850 5586 pellatur.
2911 5513 3061 5571 [laude
3108 5515 3173 5571 ﬁt
3216 5522 3277 5571 ut
3305 5514 3433 5586 quia
3460 5512 3535 5569 ad
3556 5522 3737 5583 supero

2151 5625 2278 5667 nam
2333 5611 2508 5668 lucem
2557 5612 2873 5669 intuendam
2925 5627 3034 5667 non
3064 5612 3205 5668 vam
3258 5610 3577 5674 mandere,
3622 5623 3735 5679 pec-

2147 5709 2287 5769 catis
2314 5710 2663 5782 exigentibus
2709 5711 3009 5771 delectetur
3056 5708 3117 5768 in
3162 5702 3402 5768 tenebris
3434 5705 3662 5777 jacere;
3691 5712 3735 5758 et
