4038 6338
304 356 394 419 575

956 356 1026 415 ΙΝ
1064 357 1340 416 SEPTEM
1380 357 1623 416 PSALM.
1666 356 1923 417 PCENIT.
1966 358 2344 419 EXPOSI'I‘IO.
2384 393 2454 404 —
2493 362 2688 422 PSAL.
2731 364 2815 421 lll.

3446 367 3550 425 574

301 489 445 549 quam
474 488 505 528 a
530 472 776 545 supernis
797 472 993 543 dejecit
1042 475 1339 533 necessitas
1357 516 1372 543 ,
1420 488 1542 531 eam
1573 474 1628 530 in
1668 473 1865 532 inlimis
1888 476 1943 539 Α
1966 474 2185 535 dicens:
2210 479 2280 536 Et
2297 485 2512 554 gemitus
2535 502 2674 541 meus
2696 502 2728 539 a
2753 494 2800 540 te
2820 500 2921 540 non
2940 491 3019 539 est
3036 483 3383 540 absconditus.
3408 482 3552 552 Qua-

216 553 231 595 ί
297 569 469 625 illicita
488 575 669 623 teneat
699 567 963 637 voluptas.
1024 568 1191 623 Nimis
1241 584 1376 638 ergo
1418 568 1732 624 humiliatus
1758 576 1861 633 est,

295 662 377 730 qui
415 675 480 716 ex
508 659 718 729 peccati
744 674 903 730 pinna
947 675 1053 715 non
1092 661 1266 717 solum
1293 660 1532 716 cmlestia
1564 675 1671 717 non
1700 675 1863 731 appe-

292 756 368 819 tit,
396 754 486 813 sed
516 754 677 810 etiam
727 754 1034 812 carnalibus
1077 762 1132 809 et
1190 754 1419 811 terrenis
1447 769 1571 810 cum
1596 760 1864 809 amore'et

289 848 637 903 delectatione
686 845 932 901 intendit.
981 846 1086 902 Sed
1148 846 1276 916 quia
1334 844 1652 915 plerumque
1708 852 1860 900 tanto

287 938 438 992 citius
468 937 534 992 ad
567 938 731 995 Detini
777 938 957 993 animo
1006 938 1363 1005 convertitur,
1421 944 1626 1005 quanto
1653 934 1860 1003 longius

283 1044 337 1085 se
374 1031 440 1083 ab
459 1044 525 1085 eo
546 1040 847 1100 separatam
879 1031 1139 1098 intuetu,
1170 1029 1483 1099 adiungitur
1515 1048 1530 1085 :
1574 1029 1858 1104 Rugiebam

281 1138 312 1174 a
338 1124 525 1190 gemitu
574 1123 748 1179 cordis
792 1126 910 1179 mei.
964 1124 1212 1194 Rugitus,
1262 1124 1497 1193 gemitus
1549 1132 1631 1180 at
1684 1123 1860 1180 cordis

280 1227 398 1267 cum
424 1228 617 1284 magno
668 1216 879 1282 dolore,
929 1217 1056 1284 quia
1106 1224 1314 1287 quanto
1345 1216 1859 1285 vehementiuspm-

275 1306 493 1362 nitentis
545 1308 780 1363 animum
810 1310 1076 1375 concutit,
1131 1318 1283 1365 tanto
1332 1309 1572 1365 velocius
1599 1308 1669 1363 ad
1698 1322 1859 1363 aures

275 1396 465 1452 divinae
488 1399 872 1455 misericordias
901 1400 1240 1456 conscendit.
1278 1399 1347 1454 Et
1375 1399 1671 1454 notandum
1711 1395 1857 1468 quod

271 1488 442 1545 dixit:
467 1494 509 1544 A
533 1492 724 1562 gemitu
771 1490 944 1546 cordis
973 1493 1093 1555 mei,
1141 1490 1269 1561 quia
1298 1490 1440 1545 sicut
1468 1489 1710 1545 dolorem
1738 1504 1850 1545 car-

270 1580 349 1636 nis
377 1593 601 1650 generat
627 1582 847 1638 amissio
876 1583 1117 1652 pecuniae
1146 1592 1201 1637 et
1222 1582 1525 1650 pignorum,
1579 1582 1657 1637 ita
1676 1582 1853 1638 cordis

269 1671 507 1727 dolorem
539 1673 749 1729 confert
778 1674 1160 1729 exterminatio
1193 1674 1470 1728 virtutum.

334 1763 512 1832 (Vere.
546 1763 623 1835 9.)
645 1763 886 1831 Domine,
923 1774 1045 1819 ante
1082 1775 1129 1819 te
1156 1782 1307 1820 omne
1333 1766 1642 1823 desiderium
1663 1784 1851 1837 mestus,

263 1862 310 1908 st
336 1856 552 1925 gemitus
574 1871 606 1909 α
634 1864 682 1909 te
706 1874 811 1911 non
837 1866 915 1911 est
933 1855 1285 1912 absconditus.

331 1946 417 2002 10.
450 1946 585 2003 Tale
613 1957 700 2004 est
738 1948 1068 2004 desiderium
1096 1963 1308 2016 meum,
1339 1958 1400 2004 ut
1442 1949 1661 2017 dignum
1698 1951 1770 2006 sit
1797 1951 1851 2007 in

260 2048 551 2111 conspectu
600 2049 713 2097 tuo.
760 2039 896 2109 Quia
944 2042 1091 2098 enim
1130 2041 1396 2112 requiem,
1426 2058 1528 2112 pro
1565 2058 1671 2115 qua
1713 2058 1853 2100 sem-

259 2147 354 2205 per
377 2142 459 2191 est
483 2136 769 2202 orandum,
794 2135 1064 2202 desidero,
1088 2150 1208 2192 esse
1230 2151 1417 2192 coram
1447 2144 1500 2192 te
1524 2136 1851 2193 desiderium

257 2242 431 2283 meum
460 2226 697 2285 conﬁdo.
730 2227 916 2285 Sancti
944 2229 1068 2297 viri,
1098 2229 1222 2298 quia
1249 2228 1439 2284 mundi
1465 2229 1692 2299 gloriam
1713 2244 1850 2286 con-

257 2324 583 2387 temnentes,
632 2334 879 2390 supernae
929 2320 1192 2377 claritatis
1219 2321 1422 2377 lumine
1460 2320 1716 2378 illustrari
1756 2338 1850 2378 so-

254 2404 526 2467 lummodo
551 2412 793 2482 cupiunt,
824 2410 1018 2467 divinae
1039 2412 1339 2482 majestatis
1362 2413 1679 2483 conspectui
1707 2428 1851 2470 sem-

254 2515 346 2570 per
368 2502 646 2559 assistunt.
672 2502 806 2559 Cum
830 2492 974 2561 enim
1014 2504 1130 2561 sola
1165 2504 1407 2561 caelestia
1443 2512 1725 2575 appetunt,
1760 2522 1848 2562 us-

250 2604 359 2663 que
379 2592 448 2647 ad
477 2594 957 2665 contemplandum
982 2595 1151 2652 Deum
1176 2612 1275 2667 per
1298 2598 1493 2653 mentis
1521 2597 1848 2654 desiderium

249 2682 563 2738 ascendunt.
595 2681 663 2738 Et
683 2684 808 2755 quia
837 2700 998 2755 quam
1025 2684 1199 2741 dulcis
1225 2693 1310 2743 est
1336 2686 1595 2742 Dominus
1622 2686 1851 2743 interius

248 2777 507 2846 sentiunt,
547 2793 823 2849 nunquam
863 2779 931 2835 ab
960 2794 1028 2836 eo
1059 2795 1157 2851 per
1185 2795 1364 2851 pravae
1396 2781 1691 2837 voluntatis
1728 2788 1849 2836 stu-

248 2868 391 2924 dium
421 2870 705 2927 recedunt.
736 2869 793 2926 Si
816 2871 963 2928 enim
994 2886 1025 2928 a
1056 2872 1169 2929 Deo
1202 2874 1347 2929 Elias
1374 2874 1640 2945 propheta
1666 2875 1848 2946 aliquo

245 2961 403 3016 modo
435 2962 800 3030 discessisset,
832 2977 1171 3034 nequaquam
1198 2965 1460 3021 dixisset:
1500 2964 1635 3020 Viuit
1662 2964 1848 3020 Domi-

244 3064 355 3117 rtus,
384 3060 510 3108 ante
534 3052 682 3125 cujus
706 3064 1036 3127 conspectum
1055 3065 1134 3113 sto
1159 3055 1283 3129 (III
1306 3056 1437 3130 Reg.
1470 3074 1599 3125 xvn,
1625 3058 1704 3130 1).
1728 3058 1846 3127 Quo

242 3153 429 3201 contra
457 3147 529 3201 de
558 3148 802 3218 reprobis
849 3149 1049 3205 dicitur
1083 3153 1097 3203 ':
1130 3149 1258 3205 Non
1307 3150 1579 3222 apparebit
1617 3154 1673 3206 in
1716 3168 1846 3208 con-

1964 570 2011 624 si
2055 571 2197 627 dicat
2222 590 2236 626 :
2268 573 2403 640 Quia
2431 575 2756 651 desiderium
2786 576 2932 645 quod
2959 574 3028 629 de
3065 583 3117 630 te
3145 576 3412 646 concipio,
3455 590 3552 645 per

1958 658 2216 729 judicium
2238 665 2524 734 approbas,
2552 665 2676 722 ideo
2697 666 2940 723 dolorem
2963 680 3121 734 quem
3144 666 3267 722 inde
3287 666 3548 732 sustineo,

1962 755 2147 827 487,
2179 772 2286 812 non
2329 758 2559 826 ignoras.
2604 758 2756 814 Scire
2781 758 2925 813 enim
2955 757 3051 813 Dei
3097 757 3400 827 approbare
3444 764 3549 822 est,

1960 848 2056 903 sed
2088 849 2298 904 nescire
2324 856 2407 904 est
2431 850 2743 919 reprobarc.
2768 850 2937 921 Moysi
2962 864 3194 920 namque
3218 848 3386 905 dicit:
3410 846 3553 905 Noui

1962 946 2012 992 te
2038 954 2104 992 ea:
2133 941 2338 995 nomine
2368 938 2571 1009 (Exod.
2601 956 2765 996 xum
2784 977 2801 1003 ,
2845 939 2956 1009 19).
2988 938 3057 994 Et
3086 939 3333 1009 reprobis
3356 939 3417 996 in
3439 939 3548 997 ﬁne

1961 1029 2204 1087 dicturus
2237 1041 2358 1087 est:
2386 1031 2581 1087 Nescio
2606 1048 2695 1087 vos
2720 1030 2934 1103 (Matth.
2964 1048 3089 1100 xxv,
3121 1031 3235 1104 {2).
3265 1030 3385 1089 Non
3419 1045 3550 1102 ergo

1961 1136 1993 1175 a
2023 1120 2134 1176 Deo
2158 1122 2505 1177 absconditur
2528 1125 2759 1192 gemitus
2784 1124 2874 1194 qui
2898 1125 2974 1180 illi
2994 1125 3209 1197 spiritui
3232 1125 3327 1196 qui
3348 1125 3551 1184 discre-

1960 1221 2046 1268 tor
2066 1222 2151 1269 est
2175 1215 2582 1280 cogitationum,
2606 1216 2788 1272 existit
2813 1227 3083 1287 acceptus.

2034 1306 2209 1376 (Vere.
2242 1307 2353 1376 10.)
2378 1305 2481 1362 Cor
2508 1325 2675 1363 meum
2702 1308 3059 1365 conturbatum
3088 1316 3165 1364 est
3187 1324 3244 1365 tn
3269 1325 3369 1376 me,
3401 1308 3520 1364 deri

1952 1401 2105 1472 liquit
2130 1418 2210 1457 me
2236 1403 2396 1457 virtus
2420 1419 2556 1469 mea,
2585 1413 2637 1458 et
2664 1404 2838 1458 lumen
2856 1402 3121 1459 oculorum
3138 1418 3370 1459 meorum
3398 1410 3446 1458 et
3472 1402 3553 1471 ip-

1955 1510 2070 1548 sum
2091 1511 2197 1548 non
2224 1503 2303 1549 est
2330 1511 2549 1550 mecum.

2034 1583 2117 1637 11.
2151 1583 2228 1639 Ae
2256 1584 2301 1639 si
2328 1584 2473 1639 dicat
2496 1603 2508 1638 :
2531 1583 2650 1639 Non
2679 1592 2764 1641 est
2789 1583 2980 1640 mirum
3005 1582 3053 1641 si
3080 1583 3262 1651 doleo,
3282 1584 3329 1638 si
3354 1594 3549 1652 gemo;

1956 1688 2081 1730 nam
2104 1691 2194 1730 cor
2228 1693 2395 1731 meum
2424 1676 2782 1732 conturbatum
2812 1685 2889 1732 est
2909 1678 2963 1731 in
2989 1693 3090 1732 me.
3118 1675 3380 1732 Latrones
3408 1674 3550 1729 enim

1956 1769 2140 1833 timeo,
2165 1770 2482 1841 temporalia
2502 1770 2697 1826 damna
2719 1769 2969 1833 formido,
2989 1769 3108 1825 acii
3128 1778 3307 1824 motus
3328 1775 3384 1823 et
3397 1775 3551 1821 terrae

1884 1868 1933 1929 Β
1960 1859 2331 1932 perhorresco,
2360 1861 2597 1930 undique
2616 1860 3065 1917 sollicitudinibus
3093 1866 3370 1931 angustor,
3395 1855 3550 1911 undi-

1904 1966 1905 1971 ‘
1953 1968 2061 2023 que
2080 1953 2340 2023 angustiis
2365 1968 2602 2026 premor,
2631 1952 2866 2024 undique
2886 1953 3151 2023 pressuris
3176 1951 3419 2022 dejicior.
3441 1947 3550 2003 Ad-

1954 2045 2181 2100 versitas
2199 2059 2288 2102 me
2306 2045 2575 2116 deprimit,
2594 2058 2876 2102 successus
2896 2042 3128 2114 extollit,
3143 2044 3385 2100 convicia
3406 2056 3548 2099 com-

1949 2148 2193 2203 movent,
2209 2138 2544 2194 adulationes
2555 2137 2883 2194 demulcent.
2898 2135 3023 2193 Haec
3037 2144 3219 2192 autem
3229 2136 3411 2191 omnia
3422 2135 3549 2193 ideo

1948 2230 2148 2302 patior,
2164 2229 2302 2296 Quid
2322 2231 2591 2303 dereliquit
2612 2245 2696 2285 nte
2715 2232 2877 2285 uirtus
2893 2245 3029 2285 mea.
3047 2228 3348 2285 Humanum
3366 2241 3464 2283 cor
3479 2227 3548 2285 ad

1948 2338 2166 2379 omnem
2180 2323 2493 2379 tentationis
2508 2323 2791 2394 impulsum
2806 2320 2964 2377 facile
2979 2320 3306 2389 concutitur,
3323 2320 3365 2375 si
3386 2320 3548 2375 virtu-

1950 2425 2006 2472 te
2026 2418 2343 2474 constantize
2363 2416 2589 2473 interius
2609 2431 2718 2473 non
2738 2416 2999 2471 firmatur.
3024 2415 3316 2472 Possumus
3335 2426 3547 2483 quoque

1950 2528 2047 2584 per
2069 2513 2206 2568 hanc
2224 2512 2501 2580 virtutem,
2524 2511 2946 2566 rationalitatem
2966 2508 3232 2579 accipere,
3256 2520 3377 2577 qua:
3400 2506 3474 2561 ita
3494 2504 3548 2561 in

1949 2605 2105 2661 nobis
2130 2618 2228 2675 per
2253 2612 2535 2676 peccatum
2566 2604 2726 2675 primi
2772 2602 3012 2675 parentis
3056 2601 3309 2656 hebetata
3340 2606 3444 2667 est,
3490 2604 3546 2656 ut

1949 2698 2049 2754 Dei
2072 2699 2127 2753 in
2155 2698 2312 2753 nobis
2331 2696 2657 2753 oli'uscantes
2682 2694 2993 2764 imaginem,
3019 2698 3296 2749 creaturas
3315 2701 3546 2769 sequen-

1948 2799 2054 2857 tes,
2097 2790 2462 2861 relinquamus
2489 2787 2826 2844 Creatorem.
2855 2786 3112 2855 Sequitur
3148 2802 3159 2838 :
3193 2782 3393 2838 Lumen
3420 2796 3544 2838 octt-

1950 2882 2117 2937 lorum
2139 2896 2392 2949 meorum,
2413 2889 2463 2934 et
2482 2885 2650 2951 ipsum
2678 2894 2784 2933 non
2804 2886 2881 2932 est
2895 2892 3112 2931 mecum.
3132 2874 3286 2931 Solet
3311 2874 3544 2945 plernm-
3632 2891 3634 2893 ’

1950 2989 2057 3044 que
2076 2974 2270 3029 animae
2298 2972 2544 3044 peccanti
2574 2972 2908 3041 contingere,
2941 2978 3003 3024 ut
3043 2982 3171 3023 mox
3198 2980 3323 3023 cum
3354 2967 3408 3022 in
3436 2965 3545 3023 cul-

1948 3083 2073 3139 pam
2103 3068 2318 3133 labitur,
2362 3073 2419 3121 et
2448 3079 2479 3119 a
2526 3064 2608 3119 sui
2646 3064 2958 3132 cognitione
3002 3061 3215 3133 longius
3245 3070 3543 3132 separetur.

1951 3161 2238 3218 Peccatum
2282 3161 2425 3216 enim
2474 3159 2645 3230 ipsum
2673 3157 2817 3227 quod
2871 3156 3102 3228 peragit,
3151 3153 3305 3225 quasi
3333 3166 3544 3209 murum

241 3248 410 3307 specta
440 3239 542 3295 Dei
570 3242 736 3297 omnis
767 3242 1037 3314 hypocrita
1068 3243 1212 3316 (Job.
1245 3260 1359 3312 xm,
1395 3245 1505 3316 16).
1552 3245 1847 3320 Hypocrita
1877 3252 1921 3313 C
1952 3254 2236 3325 quemdam
2268 3254 2439 3309 oculis
2458 3250 2735 3307 sementis
2755 3249 3013 3320 opponit;
3038 3247 3176 3303 adeo
3200 3254 3382 3302 utnec
3404 3244 3543 3303 unde

239 3329 379 3385 enim
412 3346 751 3404 nequaquam
779 3332 947 3391 ctelos
973 3344 1243 3406 penetrat,
1274 3338 1400 3407 quia
1441 3353 1541 3408 per
1565 3354 1703 3409 opus
1740 3340 1841 3396 bo-

238 3435 362 3476 num
390 3439 502 3479 non
545 3425 737 3493 Deum,
770 3427 865 3484 sed
906 3428 1170 3483 humanas
1211 3428 1418 3496 laudes,
1450 3430 1537 3485 vel
1584 3432 1844 3487 transito-

235 3510 344 3567 rios
371 3522 611 3583 questus
655 3514 893 3571 allectat.
925 3515 994 3571 Et
1033 3518 1158 3586 quia
1187 3518 1257 3572 ad
1298 3518 1465 3573 Deum
1512 3518 1842 3577 desiderium

232 3616 340 3658 non
370 3604 578 3673 dirigit,
624 3620 684 3661 se
727 3608 794 3662 ab
824 3606 941 3676 ejus
970 3608 1142 3664 oculis
1184 3609 1284 3664 sub
1326 3610 1581 3680 nequitiae
1623 3611 1843 3666 latebris

231 3691 545 3749 abscondit.
578 3694 681 3763 Qui
720 3705 901 3754 autem
932 3714 1030 3769 per
1069 3714 1309 3756 amorem
1338 3702 1559 3772 spiritus
1599 3703 1842 3760 caelestia

231 3785 462 3857 appetit,
488 3788 661 3844 oculis
680 3789 775 3845 Dei
803 3790 1158 3847 intentionem
1187 3808 1339 3849 suam
1369 3794 1622 3850 ostendit.
1655 3794 1842 3866 Despio

233 3877 437 3935 ciamus
480 3893 611 3951 ergo
642 3888 890 3951 terrena,
938 3893 994 3941 et
1021 3901 1265 3943 amemus
1309 3888 1574 3957 coelestia,
1612 3898 1673 3944 ut
1706 3905 1836 3960 pos-

231 3966 393 4026 simus
440 3979 497 4027 et
544 3987 643 4029 nos
671 3973 853 4031 dicere
884 3991 1005 4031 cum
1054 3976 1372 4049 Propheta:
1410 3979 1662 4051 Domine,
1710 3988 1832 4036 ante

231 4065 278 4114 te
319 4077 473 4118 omne
515 4065 824 4121 desiderium
882 4086 1069 4124 meum.
1126 4070 1227 4138 Qui
1276 4072 1447 4128 Deum
1506 4082 1690 4140 amat,
1744 4075 1827 4145 ip-

238 4162 355 4209 sum
412 4156 591 4212 solum
646 4159 936 4217 desiderat.
985 4162 1087 4229 Qui
1130 4173 1309 4219 autem
1362 4182 1483 4221 eum
1531 4166 1829 4235 desiderat,

231 4242 296 4299 ad
348 4245 529 4319 ipsum
591 4250 771 4306 cordis
822 4268 959 4308 voce
1010 4256 1246 4313 clamare
1306 4273 1409 4313 non
1463 4269 1660 4315 cessat.
1719 4258 1829 4316 Nisi

231 4339 373 4394 enim
439 4341 511 4397 de
560 4342 735 4411 (corde
792 4345 1146 4403 desiderantis
1180 4390 1195 4414 ,
1261 4364 1487 4420 magnus
1544 4352 1611 4405 ad
1674 4368 1831 4408 aures

230 4428 596 4490 misericordis
652 4433 747 4490 Dei
813 4436 1018 4493 clamor
1074 4441 1430 4509 procederet,
1488 4436 1829 4513 nequaquam

196 4584 199 4587 Α
229 4516 398 4591 Moysi
445 4524 723 4580 diceretur
759 4544 769 4579 :
804 4526 943 4591 Quid
970 4529 1166 4584 clamas
1208 4532 1278 4585 ad
1318 4550 1400 4587 me
1432 4533 1646 4603 (Exod.
1705 4549 1826 4600 xtv,

1946 3349 2201 3405 ceciderit
2239 3346 2553 3417 conspicere
2598 3344 2814 3411 valeat,
2862 3357 2965 3397 nec
3007 3341 3208 3397 bonum
3253 3336 3397 3408 quod
3441 3335 3543 3393 sibi

1945 3440 2288 3511 quaerendum
2317 3436 2415 3503 sit,
2440 3441 2752 3505 cognoscat.
2777 3430 3107 3488 Voluntariis
3135 3442 3369 3500 namque
3391 3434 3540 3484 tene-

1942 3532 2052 3587 bris
2078 3531 2354 3598 obvoluta,
2386 3536 2587 3600 quanto
2608 3528 2765 3583 malis
2792 3523 3034 3581 tenacius
3059 3521 3364 3589 adhaeserit,
3391 3526 3543 3576 tanto

1942 3621 2211 3677 difficilius
2240 3619 2490 3690 intelligit
2530 3618 2673 3673 bona
2714 3620 3001 3688 perpetua,
3032 3626 3153 3685 quae
3195 3608 3393 3668 amisit.
3427 3609 3542 3667 Lux

1937 3714 2140 3785 quippe
2188 3711 2433 3768 veritatis
2466 3710 2763 3780 pravorum
2813 3703 3297 3777 culpas‘subtiiiter
3333 3703 3539 3760 exami-

1940 3820 2093 3870 nans,
2122 3804 2168 3860 si
2190 3803 2257 3859 ab
2278 3816 2445 3874 opere
2471 3800 2773 3873 repellitur,
2794 3794 3134 3868 nequaquam
3163 3794 3215 3851 in
3238 3792 3406 3852 corde
3419 3808 3537 3851 ver-

1938 3906 2105 3954 satur.
2138 3896 2388 3952 Districto
2430 3896 2572 3951 enim
2612 3900 2667 3951 et
2700 3891 2915 3949 occulto
2959 3890 3136 3962 agitur
3159 3888 3383 3960 judicio,
3417 3894 3476 3942 ut
3506 3898 3537 3941 a

1937 4005 2044 4059 quo
2075 3989 2291 4043 inventa
2320 3986 2627 4057 negligitur,
2659 3985 2727 4039 ab
2756 4000 2823 4039 eo
2849 3978 3192 4054 postmodum
3222 3993 3324 4034 nec
3344 3979 3538 4032 amissa

1935 4082 2280 4151 requiratur;
2312 4086 2367 4134 et
2408 4079 2500 4149 qui
2528 4078 2676 4132 illam
2715 4090 2824 4131 non
2857 4078 3042 4128 servat
3079 4071 3134 4125 in
3175 4082 3363 4139 apere,
3392 4065 3539 4121 noti-

1935 4174 2063 4229 tiam
2094 4173 2234 4229 illius
2274 4188 2382 4226 non
2412 4170 2613 4225 habeat
2641 4168 2693 4222 in
2734 4165 2917 4221 corde.
2947 4160 3055 4218 Sed
3081 4170 3210 4216 tunc
3244 4159 3412 4214 homo
3454 4155 3537 4211 lu-

1934 4281 2055 4321 men
2096 4260 2493 4335 quodammodo
2532 4254 2899 4325 intelligentia:
2930 4253 3132 4309 habere
3174 4248 3384 4320 incipit,
3413 4260 3536 4303 cum

1935 4360 2193 4415 caecitatis
2227 4371 2336 4413 suae
2384 4356 2634 4410 tenebras
2664 4351 3022 4420 recognoscit.
3055 4346 3373 4417 Quicunque
3406 4358 3537 4415 ergo

1932 4453 2177 4509 claritate
2205 4450 2421 4506 luminis
2451 4447 2618 4503 divini
2660 4445 2918 4501 illustrari
2953 4442 3249 4509 desiderat,
3280 4440 3535 4511 ignorana

1936 4546 2020 4598 tite
2048 4559 2157 4599 sum
2186 4540 2435 4612 primitus
2461 4551 2759 4608 agnoscens
2787 4534 3093 4604 caliginem,
3120 4533 3258 4590 dicat
3288 4550 3301 4586 :
3334 4529 3535 4585 Lumen

227 4608 333 4682 15)
355 4614 390 4697 2.
408 4613 563 4671 Sicut
598 4632 727 4687 ergo
753 4617 1072 4688 frigescente
1100 4623 1364 4679 charitate
1388 4641 1484 4681 cor
1506 4641 1533 4679 a
1566 4626 1721 4680 bonis
1751 4626 1822 4680 si-

1947 4635 2198 4689 tculorum
2223 4647 2451 4687 meorum
2476 4640 2525 4684 et
2551 4628 2720 4698 ipsum
2757 4643 2862 4683 non
2890 4635 2966 4682 est
3004 4638 3221 4681 mecum.
3246 4623 3355 4679 Nec
3377 4622 3535 4675 vacat

228 4700 337 4772 let,
384 4704 460 4762 ita
500 4708 794 4765 clamorem
833 4711 1061 4778 emittit,
1108 4729 1227 4769 cum
1273 4715 1509 4771 Charitas
1538 4716 1729 4772 fervet.
1763 4714 1832 4769 Et

228 4802 526 4858 notandum
566 4802 691 4875 quia
718 4805 957 4861 dicturus
991 4808 1318 4876 desiderium,
1348 4809 1626 4880 prtnmisit,
1655 4826 1825 4875 omne,

227 4901 287 4946 ut
313 4894 584 4963 intelligas
606 4898 735 4954 illud
764 4900 878 4957 Deo
908 4916 1015 4957 non
1040 4919 1199 4972 posse
1224 4904 1439 4974 placere
1467 4905 1824 4971 desiderium,

228 4986 371 5053 quod
410 5004 587 5059 pravae
635 4994 931 5050 voluntatis
975 4996 1338 5049 commaculet
1382 4996 1823 5075 additamentum.

224 5076 297 5135 Et
318 5088 533 5154 gemitus
562 5106 706 5149 meus
732 5108 765 5145 a
795 5101 840 5146 te
864 5110 967 5148 non
997 5103 1073 5147 est
1094 5092 1445 5149 absconditus.
1484 5093 1653 5150 Omne
1683 5096 1826 5152 desi-

225 5173 432 5235 deritnn
471 5182 524 5238 in
555 5200 768 5256 prunam
818 5188 1171 5252 convertitur,
1218 5186 1263 5241 si
1303 5202 1408 5241 non
1440 5186 1545 5241 cito
1589 5189 1827 5242 evenerit

208 5272 371 5338 .quod
414 5284 654 5345 optatur.
706 5276 1035 5333 Desiderium
1085 5278 1226 5334 enim
1275 5294 1381 5332 non
1414 5276 1671 5343 sustinet,
1702 5280 1826 5348 quia

224 5361 361 5419 sicut
388 5368 648 5439 scriptum
678 5379 797 5426 est:
829 5370 1110 5443 Cupiditati
1140 5373 1251 5444 ipsa
1282 5371 1519 5425 celeritas
1549 5370 1698 5424 tarda
1728 5381 1823 5438 est,

221 5466 273 5511 et
310 5462 535 5531 cupienti
564 5467 738 5521 animo
766 5467 895 5522 nihil
919 5470 1046 5523 satis
1078 5470 1371 5540 festinatur.
1414 5468 1668 5541 Quisquis
1695 5484 1823 5540 ergo

223 5548 291 5627 de
337 5550 453 5609 Deo
492 5556 546 5611 in
591 5558 757 5613 corde
798 5557 1124 5614 desiderium
1164 5560 1414 5630 concipit,
1464 5561 1587 5630 quia
1638 5560 1820 5616 statim

220 5645 365 5711 quod
387 5654 540 5717 optat
557 5666 665 5707 non
687 5651 915 5719 obtinet,
932 5651 1248 5720 ingemiscit.
1270 5651 1434 5722 Igitur
1461 5686 1487 5725 ,ι
1510 5654 1616 5707 hoc
1634 5654 1816 5709 animo

1938 4728 2079 4799 quod
2111 4727 2203 4792 ait,
2226 4722 2298 4779 Et
2325 4722 2734 4793 ipsumipsum,
2768 4722 2886 4776 sine
2906 4734 3012 4789 quo
3032 4734 3127 4775 cor
3155 4719 3449 4772 humanum
3479 4711 3534 4767 in

1938 4816 2178 4874 tenebris
2205 4823 2307 4882 est,
2332 4815 2448 4870 sine
2473 4829 2582 4883 quo
2606 4813 2787 4868 vivere
2816 4825 2925 4865 non
2947 4809 3127 4879 valeo,
3157 4806 3274 4863 sine
3301 4818 3412 4870 quo
3437 4802 3534 4859 bo-

1935 4924 2064 4964 num
2096 4922 2127 4961 a
2157 4907 2300 4962 malo
2327 4904 2634 4961 discernere
2656 4919 2762 4957 non
2788 4915 2950 4971 queo.
2982 4897 3280 4970 Sequitur:

2008 5000 2185 5073 (Vers.
2219 4998 2331 5071 11.)
2361 4997 2525 5051 Amici
2552 4996 2649 5050 mei
2680 5004 2730 5049 et
2751 4992 2978 5063 proximi
3005 4989 3125 5052 mei.
3157 4987 3426 5042 adversum
3451 4992 3533 5040 me

1934 5094 2471 5166 appropinquaverunt
2514 5099 2562 5144 et
2591 5094 2858 5143 steterunt.

2007 5186 2092 5240 12.
2121 5183 2412 5240 Sciendum
2456 5180 2613 5236 nobis
2648 5186 2763 5245 est,
2793 5173 2938 5247 quod
2978 5174 3032 5230 hi
3060 5171 3153 5244 qui
3178 5170 3370 5242 spiritu
3403 5182 3529 5241 pro-

1932 5278 2127 5348 phetia:
2155 5276 2462 5346 replentur,
2494 5274 2633 5329 sicut
2671 5266 2960 5340 aliquando
2985 5265 3151 5322 verba
3181 5263 3252 5320 de
3279 5277 3340 5320 se
3376 5262 3528 5332 quasi

1931 5372 1997 5427 de
2024 5371 2142 5425 aliis
2172 5370 2471 5440 proferunt,
2503 5367 2580 5421 ita
2609 5376 2997 5434 nonnunquam
3027 5360 3094 5416 de
3127 5356 3239 5415 Deo
3267 5356 3422 5427 quasi
3464 5354 3530 5411 de

1930 5467 2121 5535 seipsis
2145 5465 2437 5534 loquuntur
2463 5480 2477 5516 :
2508 5470 2569 5517 ut
2591 5460 2645 5516 in
2670 5461 2775 5516 hoc
2794 5470 3012 5530 quoque
3040 5452 3184 5525 quod
3210 5462 3380 5507 unum
3403 5461 3526 5505 cum

1930 5558 2041 5615 Deo
2067 5559 2175 5614 sint
2202 5559 2447 5621 innuant,
2478 5568 2601 5609 cum
2633 5553 2728 5608 Dei
2756 5566 2923 5622 opera
2953 5546 3105 5620 quasi
3135 5544 3245 5601 sint
3268 5556 3364 5600 sua
3405 5554 3527 5599 nar.

1926 5661 2066 5709 rant.
2083 5651 2172 5707 Sic
2187 5651 2349 5706 etiam
2372 5647 2557 5703 ﬁdeles
2578 5647 2805 5717 quique,
2824 5645 2951 5715 quia
2979 5644 3034 5699 in
3055 5653 3286 5713 corpore
3306 5635 3525 5703 Christi,

220 5746 341 5790 cum
363 5740 712 5808 praemisisset
733 5742 1083 5812 desiderium,
1112 5743 1292 5799 statim
1321 5742 1514 5815 adjecit
1534 5747 1816 5817 gemitum,
1923 5745 2071 5819 quod
2091 5752 2176 5804 est
2193 5738 2647 5815 Ecclesia,positi,
2662 5739 2904 5797 membra
2929 5745 3056 5797 sunt
3078 5735 3278 5796 Christi
3293 5731 3428 5805 (Col.
3449 5728 3523 5802 ι),

298 5878 324 5907 ⁸
354 5870 603 5934 Rembol.
634 5877 729 5934 hoc
753 5880 949 5933 anima.
