4038 6338
507 452 611 507 575
1707 446 1947 504 SANCTI
1989 445 2319 503 GREGORII
2358 444 2571 505 MAGNI
3662 448 3765 505 576

504 564 569 620 de
597 575 664 617 eo
700 560 852 630 quasi
878 559 946 615 de
973 556 1164 629 seipsis
1191 560 1478 631 aliquando
1506 559 1795 631 loquuntur
1825 580 1838 616 :
1869 566 1929 616 ut
1953 558 2080 615 dum
2106 561 2161 622 Α
2182 559 2364 625 mittis,
2383 574 2485 613 non
2509 574 2564 613 es
2586 571 2779 613 amicus
2798 557 3037 615 Cesaris.
3059 554 3239 613 Omnis
3258 559 3391 614 enim
3408 561 3571 632 quise
3592 580 3764 635 regem

501 655 663 710 verba
682 653 873 723 capitis
892 654 996 721 sui,
1012 652 1285 708 Christum
1308 654 1497 721 induti,
1513 654 1664 723 quasi
1686 654 1901 709 sintsua
1911 667 2083 708 enun-
2118 720 2130 733 .
2183 654 2343 724 facit,
2364 651 2674 707 contradicit
2692 649 2889 706 Ctesan'
2910 650 3097 722 (Joan.
3121 668 3233 720 xix,
3255 651 3365 723 12).
3390 652 3510 707 Vim
3536 669 3665 723 ergo
3688 656 3766 709 la-

498 746 670 813 tiant,
701 744 861 819 alium
892 758 1011 799 esse
1035 742 1128 813 qui
1169 758 1267 814 per
1304 744 1449 814 ipsos
1478 742 1738 815 profatur,
1772 742 2079 800 ostendant.

500 836 730 908 Spiritus
749 837 893 893 enim
915 844 1131 894 sanctus
1156 850 1255 907 per
1280 850 1375 892 eos
1400 836 1656 905 loquitur,
1676 835 1815 891 sicut
1839 836 1953 906 ipsa
1978 834 2083 892 Ve-

500 930 632 985 ritas
656 929 914 1000 apostolis
941 929 1165 998 loquens
1187 936 1429 985 testatur.
1461 928 1552 984 Ait
1578 928 1721 984 enim
1749 946 1761 983 :
1791 926 1916 984 Non
1944 929 2083 983 enim

396 1047 417 1103 λ
499 1038 587 1077 vos
606 1022 727 1075 estis
750 1024 835 1092 qui
863 1020 1150 1092 loquimini,
1174 1020 1263 1075 sed
1289 1022 1500 1090 spiritus
1518 1018 1696 1075 Patris
1720 1021 1873 1075 vestri
1892 1020 1979 1092 qui
2000 1020 2081 1075 lo-

398 1117 414 1137 "
499 1114 671 1183 quitur
689 1113 745 1166 in
776 1113 914 1168 vobis
939 1110 1150 1182 (Matth.
1178 1126 1234 1176 x,
1263 1110 1375 1181 $0).
1404 1110 1539 1167 Hinc
1560 1111 1721 1166 etiam
1747 1109 1943 1167 Paulus
1964 1112 2039 1167 ait
2063 1128 2078 1167 :

499 1205 581 1257 An
628 1206 857 1275 quieritis
897 1204 1301 1273 experimentum
1346 1202 1485 1273 ejus,
1524 1202 1610 1273 qui
1653 1204 1705 1257 in
1735 1220 1815 1258 me
1859 1203 2084 1275 loquitur

501 1290 734 1348 Christus
771 1292 872 1363 (II
898 1292 1018 1347 Cor.
1051 1308 1174 1361 χιιι,
1205 1290 1297 1362 3)?
1326 1291 1447 1361 lpse
1482 1300 1567 1347 est
1602 1292 1745 1347 enim
1773 1293 1865 1363 qui
1904 1293 2078 1349 dixit:

499 1386 657 1456 Aperi
676 1402 733 1440 os
756 1394 915 1449 tuum,
938 1392 987 1437 et
1004 1400 1095 1455 ego
1112 1381 1401 1453 adimplebo
1424 1384 1555 1437 illud
1584 1382 1757 1453 (Psal.
1780 1400 1941 1452 Lxxx,
1967 1386 2079 1457 11).

498 1476 618 1547 Ipse
645 1476 805 1532 etiam
851 1476 926 1529 ait
958 1492 971 1528 :
1023 1474 1137 1546 Ego
1174 1475 1284 1543 ipse
1329 1476 1413 1546 qui
1442 1474 1710 1546 loquebar,
1758 1493 1874 1531 ecce
1901 1478 2083 1533 adsum

497 1570 519 1639 (
536 1567 646 1623 Isai
674 1583 776 1634 ι.ιι,
802 1566 878 1637 6).
904 1564 1038 1621 Cum
1084 1566 1267 1637 itaque
1292 1581 1399 1621 non
1446 1568 1754 1638 prophetas,
1795 1568 1959 1641 488
1988 1570 2084 1626 sed

492 1674 557 1713 se
585 1659 824 1713 locutum
854 1672 975 1713 esse
1001 1657 1303 1727 denuntiat,
1333 1658 1575 1729 proiecto
1627 1660 1748 1729 quia
1780 1661 1895 1730 ipse
1922 1662 1976 1716 in
2004 1662 2083 1718 eis

493 1750 825 1821 loqueretur,
855 1750 1106 1805 afﬁrmat.
1139 1749 1257 1805 Non
1295 1759 1476 1806 autem
1500 1750 1868 1807 admirandum
1899 1761 2009 1819 est,
2038 1754 2083 1809 si

488 1841 562 1897 de
613 1842 798 1912 seipso
827 1841 1114 1913 aliquando
1168 1840 1428 1910 loquitur,
1463 1839 1567 1913 ‘qui
1614 1842 1757 1897 intus
1802 1843 2079 1912 prazsidet;

2183 739 2418 809 ciebant,
2441 742 2533 811 qui
2556 740 2793 812 iudicem
2814 741 3010 811 injuste
3034 741 3275 811 judicare
3302 743 3461 799 minis
3483 752 3538 799 et
3558 745 3765 802 clamo-

2181 833 2329 889 ribus
2366 834 2646 905 urgebant.
2680 832 2927 889 Animam
2956 833 3154 890 Christi
3196 833 3363 890 .ludmi
3411 836 3764 905 qumrebant,

2180 938 2290 981 non
2318 932 2378 981 ut
2396 925 2451 981 in
2477 939 2601 982 eum
2629 924 2933 992 crederent,
2956 926 3049 982 sed
3076 934 3135 981 ut
3158 925 3304 981 illum
3331 928 3637 997 perderent.
3665 930 3767 986 Vel

2181 1016 2339 1072 aliter
2365 1034 2378 1071 :
2402 1016 2521 1073 Vim
2543 1016 2819 1089 faciebant,
2846 1017 2973 1087 quia
2992 1031 3090 1073 sua
3114 1016 3168 1072 vi
3187 1024 3243 1072 et
3263 1025 3531 1087 potestate
3549 1019 3767 1077 Christo

2182 1116 2413 1165 mortem
2433 1108 2934 1189 inferre'putabant.
2958 1108 3063 1164 Sed
3085 1109 3199 1178 ipse
3223 1110 3303 1164 eis
3321 1109 3565 1165 dicebat:
3598 1109 3765 1166 Νενπο

2183 1202 2316 1259 tollit
2353 1220 2387 1257 a
2410 1219 2493 1258 me
2535 1204 2769 1258 animam
2795 1219 2991 1270 meam,
3021 1202 3113 1257 sed
3139 1219 3232 1273 ego
3259 1220 3395 1271 pono
3422 1221 3558 1268 eam,
3592 1214 3642 1259 et
3670 1208 3765 1261 ite-

2181 1310 2295 1347 rum
2320 1310 2467 1350 sumo
2492 1311 2608 1351 eam
2636 1294 2812 1367 (Joan.
2846 1310 2991 1359 xvm,
3023 1292 3135 1364 18).
3167 1292 3231 1347 Et
3256 1294 3447 1350 iterum
3475 1316 3489 1349 ι
3523 1296 3769 1353 Potesta-

2182 1392 2283 1439 tem
2320 1384 2480 1442 habeo
2515 1386 2739 1455 ponendi
2765 1388 2997 1440 animam
3035 1384 3304 1456 (Ibidem).

2253 1476 2429 1548 (Vers.
2471 1476 2585 1547 15.)
2628 1476 2699 1532 Et
2722 1478 2810 1547 qui
2846 1475 3172 1548 inquirebant
3209 1477 3349 1531 mala
3385 1478 3531 1545 mihi,
3574 1478 3769 1549 loquuti

2182 1578 2302 1623 sunt
2328 1568 2601 1634 vanitates,
2629 1578 2681 1624 et
2701 1568 2845 1624 dolos
2875 1576 2984 1623 tota
3011 1567 3095 1623 die
3122 1566 3527 1623 meditabantur.

2253 1660 2341 1716 14.
2387 1660 2525 1717 Mala
2578 1660 2791 1717 Christo
2830 1660 3102 1731 principes
3141 1660 3484 1715 sacerdotum
3540 1660 3771 1729 inquire-

2182 1754 2345 1821 bant,
2375 1752 2591 1823 quando
2619 1753 2810 1808 falsum
2840 1751 3203 1808 testimonium
3231 1758 3420 1806 contra
3447 1765 3591 1814 eum,
3632 1750 3771 1805 sicut

2184 1844 2506 1915 Evangelica
2546 1844 2711 1901 lectio
2759 1851 3005 1910 testatur,
3053 1842 3379 1911 quaerebant.
3421 1838 3491 1894 Et
3521 1842 3769 1896 otnuibm

491 1933 931 2004 quandoquidem
976 1934 1091 2003 ipse
1121 1941 1205 1990 est
1240 1933 1334 2003 qui
1373 1949 1435 1991 os
1463 1942 1518 1991 et
1545 1935 1779 1991 animam
1828 1952 1924 2006 per
1959 1936 2080 1993 ofﬁ-
2109 1933 2159 1994 Β
2184 1936 2471 2008 inquisitis,
2502 1936 2660 1991 locuti
2704 1942 2822 1990 sunt
2860 1934 3129 1989 vanitates.
3163 1932 3302 1987 Dicit
3344 1932 3484 1986 enim
3523 1930 3772 2000 Evange-

494 2023 636 2078 cium
665 2023 1010 2093 obsequentis
1038 2024 1315 2095 adimplet.
1344 2023 1433 2080 Sic
1469 2040 1598 2097 ergo
1626 2034 1680 2082 et
1702 2028 1757 2082 in
1794 2028 1897 2085 hoc
1922 2028 2079 2098 loco,

495 2118 827 2172 enumeratis
867 2117 1131 2186 aliquibus
1166 2117 1412 2173 humanae
1458 2118 1780 2177 inﬁrmitatis
1817 2120 2079 2190 miseriis,

496 2207 801 2277 passionem
831 2222 983 2263 suam
1034 2216 1455 2275 commemorat,
1495 2216 1553 2263 ut
1579 2210 1742 2279 capiti
1783 2224 2082 2278 congruere

491 2297 642 2366 quod
674 2298 927 2353 convenit
965 2299 1224 2355 membris
1264 2298 1532 2365 ostendat,
1562 2308 1618 2355 et
1660 2300 1751 2354 ﬁat
1778 2301 1932 2357 nobis
1962 2317 2081 2356 ma-

490 2399 657 2462 gnum
704 2388 1090 2445 consolationis
1118 2390 1445 2456 remedium,
1475 2392 1521 2445 si
1564 2391 1714 2446 illum
1757 2392 1919 2447 etiam
1957 2408 2077 2463 pas-

488 2482 660 2538 sionis
685 2489 881 2538 nostra:
908 2482 1023 2538 fieri
1050 2484 1362 2554 participem
1390 2485 1784 2553 cognoscimus,
1816 2500 1974 2555 quem
2006 2486 2085 2541 la-

490 2572 685 2629 borum
711 2589 849 2643 quos
874 2575 1127 2643 patimur,
1154 2574 1393 2630 futurum
1414 2584 1872 2632 remuneratorem
1896 2592 2081 2647 Spera-

490 2679 642 2731 mus;
664 2666 806 2721 sicut
829 2666 993 2722 etiam
1020 2666 1153 2721 alias
1178 2668 1415 2739 loquitur
1439 2686 1453 2722 :
1481 2668 1545 2723 Si
1569 2685 1649 2723 me
1669 2672 1919 2739 persecuti
1939 2680 2082 2739 sunt,

489 2762 541 2807 et
568 2771 655 2809 vos
684 2765 1048 2828 persequentur
1077 2756 1267 2826 (Joan.
1299 2774 1387 2822 xv,
1422 2756 1550 2828 20).
1592 2758 1681 2813 Ait
1715 2774 1842 2829 ergo
1872 2778 1886 2814 :
1916 2761 2083 2815 Amici

490 2844 593 2899 mei
620 2854 669 2899 et
693 2848 921 2917 proximi
958 2848 1098 2915 mei,
1139 2848 1410 2903 adversum
1437 2867 1519 2905 me
1546 2853 2084 2923 appropinquaverunt

490 2943 542 2989 et
566 2943 837 2993 steterunt.
868 2938 1031 3005 Quasi
1054 2938 1198 2995 dicat
1222 2958 1235 2993 :
1269 2938 1387 2995 Non
1408 2941 1581 2997 solum
1607 2942 1849 2998 membra
1870 2958 1989 3000 mea
2020 2944 2083 2999 il-

492 3026 564 3082 lis
603 3028 799 3095 quibus
826 3030 1141 3099 prazdictum
1184 3040 1269 3087 est
1312 3032 1487 3088 modis
1532 3033 1940 3100 conturbantur,
1987 3035 2083 3091 sed

495 3117 661 3173 etiam
682 3134 814 3190 ego,
837 3128 898 3176 ut
924 3122 1178 3178 virtutem
1200 3124 1255 3180 in
1279 3126 1453 3195 primo
1472 3134 1694 3195 parente
1713 3127 1975 3197 perditam
2003 3129 2083 3185 eis

492 3208 802 3279 restituam,
852 3214 1318 3271 conturbationem
1365 3215 1626 3282 auferam,
1659 3216 1841 3271 lumen
1882 3217 2081 3274 nihilo-

2182 2029 2304 2084 lista
2335 2046 2349 2083 :
2383 2028 2520 2093 Quia
2546 2044 2650 2082 non
2677 2036 2790 2082 erat
2816 2028 3121 2082 conveniens
3152 2024 3499 2079 testimonium
3542 2025 3775 2093 ipsorum

2183 2119 2373 2191 (Marc.
2401 2135 2509 2184 xtv,
2529 2117 2640 2189 59),
2658 2121 2795 2175 sicut
2813 2117 3025 2172 illorum
3047 2116 3139 2185 qui
3159 2116 3445 2171 dicebant:
3474 2114 3580 2167 Hic
3603 2115 3777 2169 dixit:

2182 2211 2406 2267 Possum
2422 2212 2683 2266 destruere
2707 2210 2949 2281 templum
2973 2208 3095 2277 Dei,
3117 2217 3167 2263 et
3186 2209 3242 2262 in
3263 2208 3425 2261 tribus
3443 2206 3631 2260 diebus
3652 2222 3779 2262 rec-

2182 2305 2399 2375 diﬁcare
2424 2304 2556 2359 illud
2578 2302 2757 2375 (Matt.
2788 2319 2931 2369 xxvi,
2960 2302 3073 2372 61).
3100 2300 3167 2355 Et
3192 2301 3338 2356 dolos
3362 2309 3474 2354 tota
3505 2298 3593 2353 die
3613 2301 3777 2354 medi-

2185 2396 2444 2451 tabantur.
2495 2396 2612 2452 Non
2655 2395 2798 2450 enim
2845 2410 2975 2450 casu
3015 2400 3111 2448 aut
3150 2392 3448 2461 ignorantia
3511 2406 3778 2462 peccave-

2182 2495 2329 2555 runt,
2363 2496 2388 2524 ι
2420 2486 2511 2555 qui
2540 2486 2772 2542 scienter
2798 2483 3079 2540 mendacia
3105 2480 3500 2539 conﬁnxerunt.
3531 2480 3779 2538 Craviori

2182 2591 2312 2647 ergo
2350 2592 2510 2648 paena
2556 2576 2881 2646 plectuntur,
2923 2575 3049 2643 quia
3093 2588 3281 2629 eorum
3330 2572 3533 2627 delicta
3580 2574 3672 2643 qui
3713 2588 3779 2627 ex

2181 2668 2606 2741 prtecipitatione
2632 2666 2796 2739 489
2823 2673 3103 2731 corruunt,
3126 2664 3389 2733 exquisita
3418 2678 3518 2733 per
3544 2662 3784 2717 studium

2182 2769 2405 2833 peccata
2429 2760 2833 2826 transcendunt,
2847 2761 2987 2816 sicut
3008 2759 3063 2813 in
3076 2756 3264 2812 eadem
3284 2755 3543 2826 passione
3564 2769 3665 2808 sua
3682 2754 3781 2808 Ve.

2182 2855 2314 2910 ritas
2337 2854 2449 2908 ait:
2474 2852 2759 2923 Propterea
2784 2853 2869 2923 qui
2897 2867 2979 2905 me
3009 2848 3225 2903 tradidit
3253 2848 3363 2913 tibi,
3597 2862 3778 2915 pecca-

2183 2953 2291 2999 tum
2318 2945 2467 2999 habet
2498 2943 2676 3016 (Joan.
2706 2959 2817 3009 xtx,
2847 2942 2958 3012 11).
2989 2939 3058 2995 Ει
3085 2940 3209 2995 alibi
3239 2957 3252 2993 :
3279 2938 3341 2993 Si
3369 2954 3476 2993 non
3505 2939 3779 3003 venissem,

2182 3044 2233 3090 et
2260 3036 2497 3104 loquutus
2527 3034 2599 3089 eis
2630 3035 2869 3105 fuissem,
2901 3041 3168 3103 peccatum
3196 3047 3301 3086 non
3328 3028 3614 3091 haberent;
3648 3043 3781 3081 nunc

2183 3137 2353 3182 autem
2385 3128 2769 3182 excusationem
2795 3141 2899 3179 non
2930 3122 3117 3177 habent
3156 3124 3221 3177 de
3248 3130 3458 3191 peccato
3487 3136 3581 3174 suo
3614 3118 3777 3190 (Ibid.

2183 3233 2274 3285 xv,
2300 3217 2414 3287 ἓξ).
2445 3216 2513 3271 Et
2539 3217 2735 3272 iterum
2760 3233 2773 3270 :
2805 3214 2867 3272 Si
2895 3230 3055 3284 opera
3076 3231 3180 3268 non
3204 3213 3436 3283 fecissem
3462 3212 3517 3264 in
3543 3211 3639 3274 eis,
3664 3225 3783 3278 quae

492 3298 672 3353 minus
711 3301 967 3357 amissum
1020 3302 1261 3371 reddam,
1289 3305 1439 3360 solus
1487 3304 1628 3360 inter
1674 3314 1919 3362 mortuos
1947 3308 2083 3364 liber
2110 3312 2154 3374 C
2184 3326 2334 3364 nemo
2364 3309 2499 3364 alius
2527 3308 2674 3380 fecit,
2706 3316 2973 3377 peccatum
2998 3321 3103 3361 non
3133 3302 3415 3366 haberent;
3438 3316 3571 3353 nunc
3599 3308 3781 3353 autem

493 3390 667 3464 (Psal.
698 3408 933 3460 Lxxxvu,
968 3395 1045 3467 6),
1091 3396 1266 3453 factus
1293 3411 1411 3452 sum
1441 3395 1695 3453 obediens
1739 3396 1884 3454 Patri
1914 3414 2087 3470 usque

489 3484 560 3541 ad
596 3496 847 3544 mortem.
888 3488 947 3544 In
978 3504 1083 3559 qua
1113 3497 1313 3557 morte,
1340 3489 1495 3543 amici
1520 3490 1620 3549 mei
1646 3499 1696 3545 et
1722 3492 1948 3560 proximi
1986 3493 2086 3548 mei

489 3575 762 3633 adversum
783 3596 865 3633 me
882 3581 1427 3653 appropinquaverunt
1448 3588 1494 3635 et
1516 3590 1765 3637 steterunt
1779 3583 1999 3655 (Philip.
2025 3600 2082 3651 ιι,

490 3664 581 3734 8).
607 3664 758 3721 Multi
782 3683 851 3723 ex
873 3668 1069 3726 Judaeis
1098 3672 1302 3727 amicos
1324 3685 1383 3727 se
1411 3670 1612 3727 Christi
1636 3674 1909 3744 dicebant,
1932 3675 2086 3731 multi

491 3768 617 3810 eum
644 3757 902 3813 miracula
930 3760 1214 3817 facientem
1244 3764 1634 3833 sequebantur,
1658 3766 1810 3821 multi
1834 3782 1956 3822 eum
1979 3768 2085 3838 Dq-

491 3844 717 3907 minttm,
760 3846 916 3901 mttlti
946 3848 1214 3904 vocabant
1232 3851 1555 3918 {magistrum
1580 3869 1596 3919 ;
1628 3853 1767 3909 sicut
1795 3855 1927 3923 legis
1952 3857 2085 3912 doc-

491 3944 601 4005 tor,
626 3939 717 4008 qui
745 3953 867 3995 cum
895 3939 1057 3996 vellet
1081 3955 1205 3996 eum
1231 3956 1427 4012 capere
1452 3943 1507 3998 in
1531 3958 1803 4014 sermone,
1830 3946 2081 4004 dicebat:

489 4026 759 4100 Magister,
811 4031 999 4086 scimus
1036 4032 1157 4104 quia
1184 4049 1343 4089 verax
1380 4050 1455 4100 es,
1481 4041 1530 4088 et
1559 4034 1693 4090 viam
1735 4034 1829 4091 Dei
1858 4039 1913 4093 in
1949 4041 2083 4095 veri-

491 4129 598 4177 tate
618 4122 771 4176 doces
790 4121 1007 4194 (Matth.
1030 4140 1161 4191 xxn,
1188 4122 1298 4196 16).
1325 4123 1609 4182 Proximos
1628 4142 1842 4198 quoque
1865 4129 2084 4186 eosdem

489 4213 729 4286 appellat
755 4213 997 4282 Judzeos,
1030 4217 1325 4272 secundum
1362 4217 1541 4273 carnis
1570 4219 1671 4275 sibi
1709 4220 2083 4289 cognationem

488 4308 844 4377 propinquos.
874 4307 1058 4380 Neque
1076 4310 1215 4364 enim
1241 4312 1433 4381 fratres
1460 4312 1573 4383 ejus
1593 4310 1869 4366 credebant
1895 4312 1949 4366 in
1972 4330 2085 4369 eum

491 4396 674 4469 (Joan.
697 4415 789 4467 vn,
812 4398 887 4471 5).
917 4398 1016 4467 Qui
1041 4417 1231 4458 omnes
1247 4403 1814 4473 appropinquaverunt
1834 4403 2049 4462 Christo
2066 4444 2083 4473 ,

492 4502 605 4543 non
633 4498 835 4556 mente,
859 4490 955 4546 sed
982 4506 1241 4562 corpore;
1266 4509 1375 4550 non
1397 4496 1642 4565 passibus
1666 4493 1808 4563 ﬁdei,
1837 4496 1930 4551 scd
1956 4512 2083 4567 pro-

491 4591 654 4634 cessu
680 4580 966 4649 nequitize;
999 4598 1110 4638 non
1139 4584 1422 4641 voluntate
1459 4587 1741 4657 sequendi,
1771 4588 1864 4643 sed
1903 4588 2083 4643 inten-

2186 3409 2237 3454 et
2271 3400 2509 3456 viderunt
2535 3409 2585 3455 et
2616 3400 2855 3466 oderunt,
2887 3406 2934 3453 et
2963 3414 3064 3465 me,
3097 3407 3145 3451 et
3174 3394 3387 3449 Patrem
3420 3409 3586 3446 meum
3608 3391 3781 3461 (lbid.

2186 3491 2365 3563 xxtv).
2412 3490 2605 3547 Tribus
2646 3504 2879 3560 namque
2906 3488 3079 3544 modis
3123 3494 3402 3557 peccatum
3430 3484 3773 3539 admittitur:

2186 3592 2279 3640 aut
2299 3582 2599 3653 ignorantia
2619 3580 2931 3646 incurritur,
2952 3589 3046 3634 aut
3061 3577 3372 3633 inﬁrmitate
3397 3573 3779 3637 committitur,

2186 3680 2281 3730 aut
2305 3673 2482 3729 studio
2510 3678 2871 3743 perpetratur.
2900 3669 3009 3726 Sed
3050 3670 3188 3725 sicut
3214 3668 3429 3737 gravius
3449 3674 3538 3721 est
3562 3664 3783 3719 inﬁmi-

2187 3753 2489 3835 tate'quam
2516 3762 2817 3833 ignorantia
2841 3760 3175 3831 delinquere,
3200 3758 3273 3813 ita
3297 3757 3454 3829 pejus
3476 3764 3565 3813 est
3583 3755 3781 3821 studio,

2186 3871 2346 3927 quam
2379 3855 2691 3910 inﬁrmitate
2719 3868 2967 3925 peccare.
2995 3851 3309 3921 lgnoranter
3337 3848 3555 3918 quidem
3588 3846 3783 3904 Paulus

2186 3954 2531 4019 peccaverat,
2559 3947 2648 4016 qui
2677 3945 2888 4001 dicebat
2913 3962 2927 3998 :
2962 3944 3065 4009 Qui
3088 3944 3230 4014 prius
3259 3943 3337 4013 fui
3376 3941 3708 4011 blasphemus
3736 3948 3784 3993 et

2185 4044 2517 4107 persecutor,
2547 4035 2637 4089 sed
2682 4034 3093 4089 misericordiam
3138 4041 3438 4089 consecutus
3488 4048 3635 4096 sum,
3667 4031 3784 4101 quia

2185 4127 2435 4198 ignorans
2463 4126 2562 4198 feci
2593 4124 2656 4195 (Ι
2687 4124 2819 4181 Tim.
2872 4142 2908 4193 ι,
2956 4123 3079 4194 15).
3112 4122 3215 4177 Ρει·
3258 4119 3628 4177 inﬁrmitatem
3657 4134 3782 4174 vero

2188 4217 2380 4275 Petrus
2407 4219 2633 4285 cecidit,
2663 4218 2876 4289 quando
2921 4216 3115 4272 mentis
3156 4229 3266 4271 sua:
3302 4210 3612 4278 :ediﬁcium,
3662 4209 3781 4264 ﬁdei

2188 4312 2537 4366 fundamento
2563 4310 2828 4366 titubante
2855 4308 3148 4365 concussit.
3178 4304 3247 4360 Et
3272 4305 3397 4375 quia
3424 4304 3612 4359 subire
3641 4317 3785 4357 mor-

2187 4411 2295 4457 tem
2350 4403 2660 4472 pertimuit,
2708 4400 2774 4456 ad
2828 4400 3061 4457 ostiaria:
3109 4411 3303 4454 vocem
3345 4395 3515 4449 vitam
3569 4391 3784 4463 negavit

2188 4492 2337 4565 (Luc.
2368 4509 2501 4561 xxn,
2536 4492 2648 4563 (il).
2682 4491 2832 4548 Unde
2854 4497 2978 4561 post
3006 4488 3187 4545 ﬂetum
3217 4484 3591 4542 amaritudinis
3622 4500 3653 4537 a
3680 4483 3782 4537 Do-

2188 4585 2336 4639 mino
2362 4584 2665 4654 reSpicitur,
2695 4584 2819 4654 quia
2856 4582 3015 4637 electi
3042 4580 3253 4651 quique
3271 4593 3338 4633 eo
3366 4576 3528 4633 citius
3554 4575 3781 4631 misera-

493 4669 642 4726 tione
671 4671 919 4727 nocendi.
959 4674 1114 4740 Quod
1140 4675 1340 4731 tactum
1380 4686 1483 4745 est,
1523 4680 1736 4749 quando
1774 4680 2085 4750 congregati
2117 4703 2166 4762 ι)
2190 4678 2350 4733 tionis
2395 4677 2589 4731 divinae
2625 4675 2838 4731 divitias
2876 4672 3185 4739 inveniunt,
3215 4685 3325 4742 quo
3342 4683 3438 4762 se,
3476 4667 3524 4723 si
3567 4664 3784 4736 quando

490 4760 547 4818 in
577 4763 716 4818 atrio
740 4763 996 4834 principis
1019 4766 1383 4834 sacerdotum,
1415 4770 1507 4839 qui
1527 4770 1805 4825 dicebatur
1830 4770 2082 4841 Caiphas,

490 4853 774 4909 consilium
804 4854 1051 4911 fecerunt
1084 4866 1143 4913 ut
1171 4873 1295 4913 eum
1324 4860 1449 4917 dolo
1477 4871 1764 4932 caperent,
1795 4870 1851 4918 et
1876 4865 2085 4921 occide-

488 4957 614 5005 rent
642 4948 856 5023 (Matth.
891 4956 1061 5024 xxvr).
1096 4954 1369 5013 Adversus
1396 4973 1518 5013 eum
1550 4968 1837 5029 steterunt,
1866 4960 2084 5031 quando

490 5046 802 5098 constanter
821 5046 1150 5102 accusabant
1181 5063 1327 5114 eum,
1356 5058 1411 5104 et
1436 5050 1651 5120 quando
1679 5050 1973 5107 clamantes
1998 5052 2081 5107 di-

488 5127 688 5184 cebant
716 5148 729 5185 :
762 5131 1039 5207 Cruciﬁge,
1065 5139 1309 5209 cruciﬁge
1335 5156 1449 5194 eum
1481 5138 1673 5210 (Marc.
1707 5158 1794 5207 xv,
1830 5141 1938 5212 1⁸5).

563 5219 741 5292 (Vers.
774 5223 888 5295 12.)
932 5224 1003 5279 Et
1030 5230 1115 5299 qui
1137 5230 1297 5300 juxta
1333 5247 1413 5284 me
1446 5239 1613 5297 erant,
1658 5232 1721 5285 de
1748 5233 1898 5303 longe
1925 5242 2083 5288 stete-

488 5319 629 5378 runt,
656 5322 706 5367 et
735 5315 832 5369 vim
860 5316 1125 5387 faciebant
1146 5321 1233 5390 qui
1259 5320 1554 5391 quterebant
1580 5323 1809 5377 animant
1835 5341 2021 5382 meam.

562 5404 651 5459 15.
681 5407 950 5481 Scriptum
980 5419 1063 5465 est
1103 5412 1285 5467 enim:
1328 5412 1471 5468 Tunc
1510 5414 1749 5484 discipuli
1789 5432 1964 5471 omnes
2002 5433 2085 5472 re-

490 5492 615 5549 licto
634 5512 693 5551 eo
723 5500 962 5571 fugerunt
994 5502 1209 5575 (Matth.
1243 5522 1395 5572 xxvr,
1429 5505 1543 5574 56).
1576 5505 1645 5560 Et
1686 5506 1877 5562 iterum
1910 5526 1923 5561 :
1958 5508 2084 5564 Sta-

491 5582 616 5639 bant
638 5599 805 5645 autem
834 5597 940 5648 noti
967 5597 1078 5665 ejus
1110 5596 1173 5650 de
1201 5597 1351 5667 longe
1374 5595 1535 5668 (Luc.
1569 5614 1719 5667 xxnt,
1748 5597 1861 5668 49).
1890 5597 1957 5654 Et
1982 5600 2083 5655 vim

492 5677 781 5750 faciebant,
812 5687 900 5757 qui
926 5691 1220 5758 quaerebant
1248 5691 1478 5746 animam
1512 5709 1699 5747 meam.
1742 5692 1967 5748 Valente
1997 5691 2084 5749 Pi-

488 5768 601 5827 lato
623 5769 895 5829 Christum
910 5776 1204 5848 dimittere,
1220 5780 1389 5839 .ludaii
1407 5782 1740 5842 clamabant:
1764 5782 1825 5841 Si
1846 5784 1979 5840 hunc
2002 5785 2084 5842 tli-

565 5917 592 5948 ιι
629 5909 900 5985 ιιεωυοι..
926 5933 1013 5989 qut
1035 5920 1375 5982 conscienter.

1218 6088 1312 6107 ’νιν-

2193 4784 2289 4839 per
2316 4768 2493 4824 carnis
2523 4768 2889 4823 inﬁrmitatem
2916 4765 3292 4835 deliquerunt,
3323 4759 3512 4816 durius
3554 4766 3615 4814 et
3641 4772 3784 4813 ama-

2191 4861 2305 4916 rius
2327 4858 2589 4930 afﬂigunt.
2611 4859 2693 4914 Ex
2721 4858 2983 4914 industria
3005 4865 3187 4912 autem
3207 4853 3376 4910 Judaei
3399 4858 3782 4923 peccaverunt,

2190 4951 2281 5021 qui
2311 4966 2434 5006 eum
2457 4965 2617 5022 quem
2647 4949 2885 5004 inaudita
2912 4947 3171 5003 miracula
3191 4946 3478 5003 facientem
3507 4942 3781 5004 videbant,

2189 5043 2534 5099 exsecrabilis
2564 5042 2772 5097 invidia:
2800 5041 3004 5097 facibus
3029 5039 3275 5103 accensi,
3309 5044 3367 5092 ut
3396 5034 3561 5090 morti
3603 5033 3783 5087 trade.

2190 5144 2330 5198 rent,
2371 5134 2653 5191 consilium
2693 5134 3025 5203 quatrcbant.
3065 5129 3218 5186 Unde
3257 5127 3673 5194 excusationem
3720 5123 3782 5177 de

2184 5234 2407 5296 peccato
2435 5242 2533 5283 suo
2570 5242 2679 5281 non
2717 5225 2948 5293 habent,
2988 5223 3109 5295 quia
3148 5221 3252 5278 etsi
3290 5219 3491 5275 malum
3532 5218 3604 5272 sit
3644 5217 3777 5271 bona

2187 5335 2294 5375 non
2324 5335 2505 5391 agere,
2539 5328 2716 5375 tamen
2746 5318 2973 5387 nequius
3012 5324 3098 5372 est
3120 5316 3387 5371 bonorum
3418 5319 3539 5365 acta
3584 5309 3777 5365 odisse.

2257 5414 2435 5487 (Vers.
2467 5414 2579 5485 M.)
2621 5412 2736 5484 Ego
2773 5422 2944 5466 autem
2969 5419 3217 5481 tanquam
3244 5405 3430 5461 surdus
3460 5421 3568 5459 non
3605 5401 3780 5456 audie-

2185 5505 2323 5572 bam,
2349 5517 2398 5562 et
2427 5508 2556 5561 sicut
2582 5515 2752 5560 mutus
2784 5520 2887 5558 non
2918 5501 3154 5572 aperiens
3179 5515 3238 5553 os
3267 5513 3436 5552 suum.

2258 5596 2348 5652 15.
2372 5597 2527 5652 Disce
2546 5595 2636 5665 qui
2658 5592 2940 5649 maledicta
2970 5598 3027 5645 et
3053 5588 3326 5644 irrisiones
3349 5583 3574 5656 pateris,
3592 5584 3645 5635 in
3668 5594 3778 5635 om-

2191 5690 2347 5747 nibus
2375 5704 2591 5746 servare
2619 5685 2952 5759 patientiam,
3001 5692 3057 5740 et
3102 5678 3525 5739 obtrectantium
3570 5676 3773 5743 linguas

2159 5849 2165 5855 _
2192 5781 2399 5841 audire.
2427 5780 2731 5849 Dissimula,
2754 5794 2824 5837 ne
2849 5778 2898 5837 si
2926 5786 2985 5837 tu
3008 5772 3348 5836 contumeliis
3368 5770 3614 5829 convicia
3634 5775 3772 5824 retu-
