4038 6338
314 422 410 477 ςπ

995 413 1061 471 ΙΝ
1105 413 1376 473 SEPTEM
1416 412 1665 471 PSALM.
1705 409 1966 469 PfENlT.
2005 408 2390 472 EX‘POSITIO.
2429 440 2501 454 —-
2539 411 2732 469 PSAL.
2772 411 2861 469 lll.

3211 339 3301 364 ⁴⁸“⁴-ι

3467 414 3572 469 578

310 531 453 596 Leris,
484 542 515 583 a
539 525 782 584 doctrina
810 524 1005 582 Christi
1030 525 1259 582 extorris
1289 524 1597 580 inveniaris.
1625 522 1889 579 Mediator
1915 523 1968 585 Α
1993 523 2068 580 ita
2098 526 2343 596 spiritum
2370 525 2708 581 delectabilia
2736 530 3043 593 angustant.
3078 523 3189 580 Nos
3214 538 3341 595 ergo
3373 537 3577 596 quanto

308 635 540 693 namque
561 619 654 675 Dei
677 627 732 674 et
747 618 1021 673 hominum
1050 618 1214 673 homo
1234 616 1478 674 Christus
1498 614 1652 671 Jesus
1671 614 1728 685 (Ι
1751 613 1886 669 Tim.

306 730 364 783 ιι,
389 713 470 783 5),
490 712 583 783 qui
604 711 673 767 ad
699 712 804 765 hoc
834 717 1077 773 venerat,
1113 716 1171 763 ut
1196 707 1509 763 humilitatis
1536 713 1592 762 et
1616 704 1891 776 patientiae

305 804 572 877 prmberet
598 800 922 871 exemplum,
952 814 1059 854 non
1088 797 1262 854 solum
1286 796 1507 866 injurias
1534 796 1769 861 sustulit,
1798 793 1891 851 sed

306 884 862 955 nec-conviciantibus
887 891 1164 963 respondit
1194 908 1209 944 :
1240 906 1339 946 nos
1381 890 1435 945 in
1468 890 1571 947 hoc
1602 890 1889 951 instruens,

308 998 368 1046 ut
395 1004 518 1046 cum
547 986 873 1059 perﬁdorum
906 982 1117 1054 injuriis
1142 982 1473 1054 impetimur,
1501 982 1663 1037 etiam
1693 982 1739 1036 si
1762 996 1891 1037 vera

260 1124 265 1129 ι
306 1080 488 1138 dicere
538 1092 856 1149 possumus,
914 1074 983 1131 ad
1032 1074 1389 1132 contumelias
1436 1073 1735 1130 reddendas
1784 1088 1890 1129 non

306 1184 674 1241 erumpamus,
723 1182 795 1223 ne
840 1165 1200 1223 ministerium
1251 1163 1609 1235 correptionis
1648 1163 1703 1220 in
1745 1178 1893 1218 arma

307 1269 581 1318 vertamus
609 1258 827 1315 furoris.

382 1353 559 1424 (Vers.
589 1351 704 1421 15.)
726 1349 796 1404 Et
818 1352 986 1423 factus
1010 1364 1123 1404 sum
1144 1349 1276 1404 sicut
1297 1348 1447 1404 homo
1467 1363 1571 1404 non
1590 1349 1828 1418 audiens,
1848 1354 1898 1403 et

307 1459 415 1500 non
445 1442 637 1497 habens
658 1441 714 1496 in
740 1457 830 1497 ore
857 1456 950 1495 suo
972 1438 1384 1511 redargutiones.

381 1532 472 1588 16.
503 1532 656 1587 Sicut
678 1530 845 1586 homo
872 1546 981 1585 non
1010 1528 1233 1585 audiens
1260 1536 1395 1597 erat,
1426 1529 1511 1585 cui
1540 1528 1672 1583 nihil
1700 1530 1767 1583 ad
1796 1528 1897 1585 ob-

304 1626 455 1698 jecta
479 1622 851 1694 respondenti,
877 1621 1081 1678 Pilatus
1105 1621 1349 1677 dicebat:
1374 1619 1500 1677 Non
1528 1622 1679 1677 audis
1704 1632 1897 1694 quanta

308 1716 583 1772 adversum
608 1723 655 1769 te
680 1714 858 1769 dicunt
880 1712 1173 1768 testimonia
1196 1710 1411 1783 (Matth.
1442 1728 1606 1780 xxvn,
1635 1713 1773 1785 13)?
1797 1712 1899 1781 Qui

313 1805 672 1877 cogitationes
691 1805 995 1875 iniquorum
1019 1812 1265 1873 noverat,
1286 1803 1776 1874 blasphemautium
1800 1820 1900 1861 vo-

1992 618 2235 688 graviora
2266 618 2319 673 in
2344 618 2447 674 hoc
2472 617 2671 672 mundo
2696 624 3026 671 tentamenta
3055 615 3392 687 perferimus,
3426 627 3582 677 tanto

1992 710 2105 778 spei
2135 718 2329 766 nostrae
2355 709 2643 765 anchoram
2686 709 2741 763 in
2762 708 2877 765 Deo
2905 708 3230 763 immobilius
3259 708 3497 779 ﬁgimus,
3522 721 3584 767 ut

1995 798 2174 855 dicere
2208 799 2472 855 veraciter
2517 813 2636 853 cum
2678 799 2853 867 capite
2882 806 3065 853 nostro
3098 798 3362 867 possimus
3391 816 3403 851 :
3438 797 3581 862 Quo-

1996 888 2139 941 niam
2165 889 2218 942 in
2249 897 2318 954 te,
2354 886 2594 955 Domine,
2625 887 2843 957 speravi,
2886 895 2937 941 tu
2965 886 3206 943 exaudies
3228 904 3328 954 me,
3361 886 3582 945 Domine

1996 975 2137 1032 Deus
2164 994 2326 1032 meus.

2071 1068 2248 1136 (Vcrs.
2280 1069 2393 1139 l7.)
2452 1065 2587 1134 Quia
2641 1069 2749 1123 dixi
2776 1083 2796 1123 :
2824 1067 2909 1123 Ne
2935 1069 3141 1141 quando
3167 1071 3588 1143 supergaudcant

1998 1158 2127 1213 mihi
2147 1158 2343 1213 inimici
2363 1160 2489 1225 mei,
2518 1167 2567 1213 et
2589 1159 2713 1213 dum
2747 1168 3124 1214 commoventur
3150 1159 3305 1231 pedes
3334 1162 3469 1229 mei,
3498 1178 3588 1216 su-

1999 1266 2091 1319 per
2112 1266 2193 1303 me
2224 1267 2414 1335 magna
2444 1251 2600 1305 locuti
2626 1259 2767 1305 sunt.

2073 1340 2161 1395 18.
2189 1340 2371 1396 Gavisi
2395 1348 2523 1396 sunt
2549 1340 2715 1396 Judaei
2737 1342 2915 1397 occiso
2939 1341 3175 1410 Christo,
3206 1345 3303 1401 sed
3332 1362 3441 1402 non
3460 1356 3589 1403 sunt

2002 1432 2053 1489 ei
2079 1432 2441 1503 supergavisi,
2494 1433 2619 1503 quia
2648 1433 2703 1487 in
2733 1448 2894 1490 causa
2922 1435 3110 1490 mortis
3140 1436 3256 1503 ejus
3300 1437 3417 1507 ipso
3466 1448 3591 1495 sunt

2002 1524 2285 1579 inferiores
2314 1523 2538 1579 inventi.
2570 1522 2672 1590 Qui
2721 1524 2864 1580 enim
2910 1533 2970 1579 ut
3008 1540 3038 1579 a
3085 1536 3261 1582 morte
3303 1529 3592 1587 redimeret

2003 1615 2308 1681 hominem,
2355 1615 2543 1671 mortis
2592 1615 2800 1684 legibus
2821 1615 3120 1686 subjacuit,
3150 1618 3310 1673 tertia
3346 1635 3476 1675 mox
3503 1620 3593 1675 die

2003 1706 2447 1763 victoriosissime
2500 1722 2533 1763 a
2584 1707 2812 1763 mortuis
2853 1708 3106 1763 surrexit.
3151 1708 3267 1766 Hoc
3313 1720 3398 1767 est
3447 1713 3594 1782 quod

2006 1807 2132 1855 ante
2152 1799 2335 1855 omnia
2362 1798 2559 1853 saecula
2579 1798 3011 1854 clementissimae
3032 1799 3445 1871 dispensationis
3473 1817 3594 1858 mo-

314 1911 410 1953 ces
438 1910 546 1951 non
571 1894 843 1950 audiebat.
882 1893 1037 1950 Nulla
1077 1892 1223 1948 enim
1250 1892 1583 1964 blasphemia
1612 1908 1736 1949 eum
1780 1910 1901 1950 mo~
1931 1900 1979 1958 B
2005 1893 2283 1949 deramine
2311 1891 2572 1963 sapientia
2604 1890 2700 1946 Dei
2728 1898 3021 1958 statuerat;
3051 1891 3159 1947 hoc
3193 1900 3277 1949 est
3303 1894 3447 1964 quod
3470 1909 3596 1951 caro

311 2000 441 2042 vere
464 1992 699 2058 poterat,
720 1984 813 2055 qui
834 1983 1048 2056 penitus
1076 1998 1293 2039 omnem
1313 1982 1727 2039 mutabilitatem
1748 1983 1902 2055 igno-

314 2085 422 2141 rat,
454 2084 509 2133 et
545 2075 637 2146 qui
664 2084 844 2147 posset
875 2074 955 2130 eis
982 2088 1110 2129 vera
1138 2088 1238 2145 pro
1268 2071 1414 2128 falsis
1452 2072 1808 2143 respondere,
1843 2081 1904 2129 ut

313 2166 700 2238 adimpleretm:
744 2164 888 2235 quod
915 2165 984 2220 de
1026 2178 1092 2219 eo
1134 2178 1233 2234 per
1283 2162 1602 2233 prophetam
1647 2163 1904 2233 scriptum

315 2266 405 2318 est
431 2276 446 2313 :
480 2256 746 2330 Taniptam
776 2257 884 2311 ovis
914 2257 982 2309 ad
1006 2256 1315 2311 occisionem
1343 2254 1524 2308 ductus
1571 2263 1671 2323 est,
1699 2262 1748 2308 et
1773 2255 1906 2308 sicut

320 2368 487 2426 agnus
522 2367 698 2407 coram
723 2350 962 2405 tondente
985 2365 1042 2405 se
1069 2350 1182 2403 sine
1207 2364 1355 2414 voce,
1384 2348 1458 2402 sic
1483 2364 1587 2403 non
1615 2349 1816 2417 aperuit
1847 2365 1907 2403 os

317 2461 469 2501 suum
501 2442 669 2515 (Isai.
710 2457 831 2509 Lm,
875 2441 953 2513 7).
978 2439 1404 2509 Redargutiones
1432 2439 1576 2494 enim
1598 2438 1653 2493 in
1682 2453 1777 2495 ore
1805 2455 1907 2494 suo

318 2535 566 2593 Christus
594 2550 705 2591 non
734 2532 989 2601 habebat,
1032 2532 1123 2603 qui
1152 2531 1295 2587 unde
1323 2546 1420 2588 eos
1447 2531 1905 2601 reprehenderet,

320 2625 451 2683 nihil
479 2626 534 2681 in
564 2624 837 2691 cordibus,
878 2623 1013 2679 nihil
1056 2622 1109 2679 in
1150 2623 1360 2678 actibus
1406 2636 1597 2677 eorum
1640 2620 1911 2677 laudabile

320 2718 561 2775 videbat.
592 2716 651 2772 In
679 2730 775 2773 ore
794 2716 1206 2785 redargutiones
1226 2729 1335 2771 non
1364 2714 1617 2779 habebat,
1649 2714 1741 2783 qui
1769 2710 1912 2770 unde

324 2825 419 2867 eos
440 2808 882 2880 reprehenderet,
911 2807 965 2862 in
984 2814 1236 2879 promptu
1262 2804 1515 2872 habebat,
1538 2800 1592 2860 et
1610 2805 1665 2861 in
1689 2819 1785 2861 ore
1812 2820 1911 2861 suo

327 2901 563 2959 habebat
589 2899 731 2957 unde
770 2906 955 2973 posset
998 2913 1094 2955 eos
1119 2897 1475 2967 redarguere,
1504 2910 1573 2952 ex
1596 2911 1705 2967 quo
1734 2895 1914 2953 nullus

328 3010 565 3064 unquam
592 2992 769 3064 potuit
789 2990 1127 3048 mendacium
1150 2989 1357 3046 audire.

382 3086 558 3159 (Vers.
582 3085 696 3158 16.)
713 3083 970 3152 Quoniam
988 3085 1043 3139 in
1066 3093 1133 3150 te,
1158 3082 1397 3151 Domine,
1420 3083 1622 3156 speravi
1642 3097 1663 3138 :
1686 3090 1739 3137 tu
1752 3097 1914 3138 exau-

326 3180 435 3235 dies
464 3196 562 3247 me,
593 3177 815 3235 Domine
849 3178 988 3234 Deus
1019 3194 1182 3233 meus.

2002 1986 2122 2041 sine
2147 1985 2470 2054 contagione
2498 1984 2708 2055 peccati
2736 1992 3011 2056 assumpta
3052 1985 3329 2042 evidenter
3347 1989 3597 2058 rogabat,

2004 2094 2129 2136 cum
2155 2079 2361 2135 diceret
2385 2096 2398 2132 :
2425 2078 2611 2148 Pater,
2632 2078 2869 2149 clariﬁca
2883 2076 3081 2133 Filium
3098 2088 3238 2134 tuum
3260 2080 3439 2149 (Joan.
3468 2098 3597 2151 xvn,

2006 2169 2083 2240 l).
2114 2168 2229 2226 Hoc
2258 2170 2417 2225 etiam
2462 2170 2632 2226 multo
2670 2178 2798 2227 ante
2846 2179 3091 2241 tempore
3131 2185 3230 2241 per
3271 2170 3595 2243 Pr0phetam

2006 2261 2473 2328 manifestaverat,
2513 2261 2698 2318 dicens
2749 2279 2763 2316 :
2808 2261 2931 2317 Non
2975 2260 3123 2316 dabis
3168 2271 3404 2317 sanctum
3457 2272 3598 2319 luunt

2005 2352 2176 2406 videre
2220 2354 2599 2424 corruptionem
2648 2351 2822 2421 (Psal.
2848 2369 2935 2418 xv,
2984 2352 3093 2422 10).
3123 2351 3247 2421 Ipse
3274 2355 3412 2408 enim
3437 2354 3601 2422 dixit,

2006 2452 2058 2497 et
2093 2445 2235 2515 facta
2286 2451 2406 2497 sunt
2451 2442 2624 2513 (Psal.
2670 2457 2841 2510 xxx",
2890 2441 2967 2513 9).
3022 2441 3276 2511 Sequitur
3320 2441 3437 2496 :Et
3481 2443 3601 2500 dum

2008 2544 2389 2590 commoventur
2408 2534 2563 2605 pedes
2588 2534 2688 2587 mei
2710 2574 2724 2601 ,
2762 2549 2914 2603 super
2940 2548 3021 2586 me
3046 2549 3236 2605 magna
3274 2534 3431 2589 locuti
3460 2542 3601 2591 sunt.

2009 2627 2181 2684 Pedes
2225 2627 2352 2683 dicti
2394 2636 2520 2683 sunt
2556 2627 2828 2698 Apostoli.
2861 2628 2985 2697 quia
3021 2627 3160 2682 sicut
3200 2625 3366 2697 pedes
3410 2641 3602 2698 corpus

2011 2717 2287 2785 deferunt,
2321 2719 2395 2773 ita
2422 2719 2667 2789 Apostoli
2695 2718 2966 2774 Christum
3009 2718 3063 2772 in
3095 2717 3334 2773 omnium
3363 2718 3602 2788 gentium

2012 2811 2259 2866 notitiam
2304 2810 2642 2876 detulerunt,
2678 2809 2831 2878 juxta
2879 2808 3027 2879 quod
3068 2809 3326 2879 scriptum
3380 2818 3503 2864 est:
3538 2808 3604 2865 In

2013 2918 2215 2957 omnem
2261 2911 2452 2955 terram
2500 2902 2652 2955 exivit
2699 2916 2852 2955 sonus
2898 2916 3075 2954 eorum
3118 2898 3484 2966 (Psal.xvm,
3518 2898 3606 2970 5).

2013 2994 2117 3063 Qui
2172 2994 2421 3049 nimirum
2479 2993 2735 3049 commoti
2783 2999 2940 3058 sunt,
2998 2991 3213 3061 quando
3266 3006 3391 3047 eum
3440 3007 3604 3064 quem

2012 3086 2126 3158 pati
2165 3085 2448 3151 viderunt,
2497 3096 2618 3141 esse
2663 3082 2831 3138 ﬁlium
2879 3081 2975 3138 Dei
3022 3082 3431 3152 dubitaverunt,
3468 3084 3605 3140 sicut

2014 3179 2106 3237 ille
2134 3180 2226 3251 qui
2261 3179 2472 3235 dicebat
2522 3195 2537 3233 :
2596 3177 2704 3235 Nos
2756 3179 3089 3251 sperabamus
3142 3181 3279 3253 quod
3322 3182 3432 3254 ipse
3476 3197 3608 3238 esset

400 3270 486 3325 17.
512 3271 673 3340 Quasi
696 3269 1015 3328 dicatzldeo
1036 3270 1213 3326 omnia
1233 3269 1763 3341 patientersustinui,
1788 3267 1911 3324 ideo
1941 3273 2370 3343 Credernpturus
2436 3270 2607 3326 Israel
2673 3269 2851 3342 (Luc.
2922 3287 3076 3338 xxiv,
3150 3272 3209 3325 ‘21
3262 3272 3301 3343 ).
3377 3273 3609 3331 Pedibus

328 3362 396 3418 ad
418 3379 602 3419 eorum
623 3363 978 3420 contumelias
995 3378 1104 3418 non
1124 3361 1399 3432 respondi,
1417 3362 1657 3433 quoniam
1670 3361 1723 3414 in
1737 3370 1783 3415 te
1804 3358 1917 3415 Do-

328 3456 467 3509 mine
485 3456 703 3525 speravi.
722 3454 839 3508 Tibi
856 3455 1010 3520 enim,
1026 3452 1265 3519 Domine,
1288 3454 1503 3508 revelavi
1523 3452 1687 3524 A90
1704 3468 1917 3506 causam

328 3563 498 3603 meam
528 3546 735 3617 (Jerem.
770 3562 862 3611 xx,
879 3545 992 3614 li);
1019 3545 1072 3599 in
1094 3551 1170 3610 te,
1194 3543 1440 3611 Domine,
1463 3544 1707 3614 speravi;
1731 3558 1839 3598 non
1866 3543 1919 3597 in

330 3635 597 3707 sapientia
628 3634 828 3702 smculi,
851 3650 958 3690 non
986 3635 1039 3689 iu
1068 3633 1266 3689 divitiis
1284 3634 1487 3701 mundi,
1511 3651 1618 3689 non
1644 3634 1697 3688 in
1720 3634 1922 3689 viribus

329 3726 597 3797 corporis,
630 3742 736 3780 non
766 3726 819 3781 in
851 3725 1131 3782 nobilitate
1159 3725 1353 3793 carnis,
1400 3741 1508 3782 non
1538 3727 1592 3781 in
1623 3734 1922 3782 tutamento

329 3818 651 3890 principum,
682 3833 789 3873 non
821 3818 876 3872 in
921 3817 1181 3889 praesidiis
1225 3818 1544 3874 amicorum.
1576 3816 1753 3872 Verba
1799 3824 1924 3872 sunt

332 3912 447 3967 hmc
473 3910 675 3966 Christi
702 3911 998 3967 secundum
1028 3912 1316 3966 humanam
1359 3919 1626 3967 naturam.
1666 3912 1756 3967 Sic
1795 3926 1923 3981 ergo

333 4012 389 4059 et
418 4004 718 4059 membrum
748 4001 968 4073 Christi,
990 4004 1033 4058 si
1064 4004 1278 4075 quando
1300 4005 1763 4075 persecutionibus
1788 4004 1923 4060 aﬂli-

336 4099 495 4169 gitur,
526 4098 571 4155 si
617 4098 839 4168 ﬂagellis
883 4097 1150 4164 atteritur,
1187 4098 1231 4153 si
1278 4098 1535 4154 conviciis
1563 4107 1920 4169 provocatur,

336 4192 484 4247 illum
513 4190 604 4262 qui
630 4190 937 4263 propositus
966 4198 1048 4245 cst
1074 4189 1228 4245 nobis
1254 4188 1425 4244 forma
1450 4188 1687 4259 justitim,
1717 4189 1771 4244 in
1801 4206 1918 4245 om-

337 4282 493 4339 nibus
515 4282 751 4337 imitetur
780 4299 795 4335 :
829 4297 936 4337 non
962 4280 1177 4336 deﬁciat
1199 4280 1243 4334 si
1265 4295 1427 4335 causa
1453 4296 1546 4335 sua
1576 4296 1683 4336 non
1713 4279 1925 4335 auditur

338 4374 481 4446 apud
521 4382 791 4429 terrenum
826 4372 1093 4442 judicem,
1131 4372 1307 4427 sciens
1347 4372 1601 4443 quoniam
1648 4371 1923 4428 conscium

340 4463 504 4519 habet
530 4465 582 4518 in
603 4462 831 4523 excelsis
858 4476 1039 4531 regem
1070 4462 1343 4518 caelestem
1369 4461 1519 4533 (Job.
1546 4464 1681 4530 xvi).
1711 4461 1925 4533 Speret,

338 4555 466 4627 quia
494 4556 540 4611 si
569 4556 621 4611 in
668 4556 771 4612 hoc
800 4556 996 4612 saaculo
1031 4556 1298 4611 immerito
1327 4556 1523 4626 accipit
1564 4555 1926 4614 damnationis

2018 3380 2149 3436 ergo
2195 3365 2514 3432 commotis,
2560 3377 2724 3433 super
2764 3361 3035 3418 Christum
3084 3363 3284 3418 inimici
3336 3364 3451 3433 ejus
3490 3381 3609 3421 ma-

2020 3473 2125 3530 gna
2169 3458 2337 3514 locuti
2382 3464 2536 3525 sunt,
2584 3456 2709 3525 quia
2756 3454 3020 3524 apostolis
3062 3455 3398 3512 conturbatis
3442 3466 3499 3513 et
3524 3456 3610 3514 fu-

2022 3548 2316 3618 gientibus,
2346 3544 2514 3603 Judaei
2563 3545 2713 3601 illum
2752 3560 2905 3600 reum
2947 3559 3069 3603 esse
3111 3545 3301 3603 mortis
3333 3546 3611 3616 judicave-

2024 3655 2171 3702 runt.
3144 3722 3172 3724 η
3245 3709 3356 3724 m4

2101 3735 2183 3793 16.
2218 3734 2451 3791 Possunt
2477 3747 2693 3806 quoque
2715 3734 2834 3789 haec
2881 3734 3045 3789 verba
3076 3722 3217 3788 ﬁdeli
3245 3718 3612 3792 animae‘con-

2023 3829 2227 3884 venire.
2270 3826 2444 3882 llabet
2486 3840 2718 3896 namque
2754 3824 2926 3880 ﬁdelis
2966 3824 3145 3879 anima
3196 3824 3442 3881 inimicos
3489 3840 3612 3886 suos

2025 3919 2079 3975 in
2107 3920 2208 3975 hac
2238 3919 2382 3986 vita;
2411 3918 2573 3974 habet
2596 3917 2687 3988 qui
2718 3925 2905 3974 contra
2934 3932 3054 3973 eam
3077 3916 3302 3973 interius
3324 3916 3611 3985 dimicent;

2024 4009 2188 4066 habet
2235 4010 2398 4065 etiam
2440 4010 2533 4080 qui
2576 4024 2695 4064 eam
2743 4009 3079 4065 extrinsecus
3125 4008 3459 4077 impugnent.
3506 4009 3613 4065 Sed

2025 4118 2189 4174 super
2217 4118 2336 4158 eam
2364 4102 2565 4158 inimici
2594 4102 2828 4173 gaudere
2857 4117 2964 4156 non
2995 4100 3208 4168 valent,
3240 4101 3370 4170 quia
3406 4102 3613 4157 consilii

2025 4195 2217 4266 spiritu
2242 4203 2297 4250 et
2318 4194 2642 4250 fortitudinis
2670 4194 2906 4262 repleta,
2938 4200 2992 4247 et
3030 4191 3399 4262 suggestiones
3426 4192 3615 4250 diabo-

2026 4288 2159 4346 licas
2182 4288 2424 4354 abdicat,
2452 4294 2509 4342 et
2536 4286 2741 4340 rabiem
2769 4284 3203 4355 persequentium
3233 4284 3425 4340 calcat.
3450 4284 3615 4356 Cujus

2028 4377 2252 4433 allectus
2274 4419 2290 4444 ,
2336 4375 2380 4432 si
2430 4376 2621 4430 timore
2649 4374 2829 4444 aliquo
2872 4374 3139 4430 senserint
3165 4374 3255 4444 qui
3285 4390 3615 4447 persequun-

2030 4478 2117 4525 tur
2161 4484 2342 4524 arcem
2392 4464 2703 4523 intentionis
2724 4505 2741 4530 ,
2770 4466 3049 4537 proposito
3077 4466 3235 4538 ω]
3274 4471 3616 4541 promoveri;

2028 4563 2114 4620 vel
2136 4564 2181 4620 si
2206 4559 2560 4632 cognoverint
2597 4558 2892 4615 invisibiles
2935 4560 3120 4616 hostes
3146 4562 3325 4646 pravis
3350 4578 3471 4619 eam
3490 4578 3617 4634 sug-

341 4648 686 4716 sententiam,
716 4665 746 4703 a
790 4648 902 4705 Deo
945 4649 1172 4720 accipiet
1198 4650 1251 4705 in
1287 4650 1426 4705 coelo
1469 4665 1746 4706 coronam.
1777 4650 1925 4706 Sciat
1948 4662 2004 4725 ι)
2029 4654 2361 4725 gestiouibus
2389 4649 2678 4718 delectari,
2702 4658 2854 4706 tanto
2879 4651 3154 4719 graviores
3185 4654 3510 4710 tentationes
3539 4655 3619 4710 in-

341 4741 466 4814 quia
505 4742 871 4797 retributionis
921 4750 1133 4797 internae
1180 4742 1433 4810 gaudium
1482 4757 1818 4813 nequaquam
1869 4742 1923 4799 in

342 4838 485 4895 coelo
514 4838 797 4907 colligitur,
828 4839 930 4893 nisi
970 4838 1117 4910 prius
1144 4837 1198 4892 in
1236 4844 1379 4891 terra
1406 4851 1527 4891 cum
1572 4834 1701 4890 ﬂetu
1747 4845 1803 4890 et
1829 4848 1926 4904 ge-

342 4931 480 4986 mitu
510 4938 565 4986 et
600 4931 951 4986 amaritudine
989 4929 1312 4991 seminetur,
1342 4927 1483 4981 sicut
1509 4927 1765 4996 scripturn
1804 4934 1922 4983 est:

350 5022 545 5078 Euntes
572 5024 714 5079 ibant
743 5033 790 5079 et
820 5024 1031 5095 ﬂebant,
1062 5023 1316 5076 mittentes
1338 5021 1535 5073 semina
1568 5036 1692 5085 sua;
1722 5022 1928 5075 venien-

348 5124 423 5169 tes
450 5124 614 5170 autem
634 5117 831 5171 venient
852 5131 965 5168 cum
982 5112 1341 5176 exsultatione,
1361 5118 1623 5179 portantes
1637 5110 1930 5180 manipulos

345 5223 468 5263 suos
508 5206 678 5277 (Psal.
720 5221 879 5271 cxxv,
927 5203 1003 5275 6).
1057 5203 1206 5259 Sicut
1242 5203 1384 5257 enim
1424 5214 1588 5256 carne
1624 5201 1931 5272 quiescente

346 5296 567 5367 spiritus
584 5296 781 5361 deﬁcit,
809 5297 881 5351 ita
902 5310 965 5351 ea
993 5295 1271 5351 laborante
1296 5292 1641 5349 convalescit.
1665 5290 1730 5347 Et
1745 5308 1931 5362 quem-

348 5394 638 5450 admodum
665 5411 882 5451 carnem
921 5395 1099 5450 mollia
1128 5396 1399 5461 nutriunt,
1435 5394 1506 5448 ita
1535 5394 1766 5448 animam
1796 5393 1929 5447 dura

350 5486 416 5541 ad
442 5486 547 5540 alta
575 5487 878 5542 sustollant.
904 5486 997 5541 Illa
1026 5500 1255 5553 namque
1281 5485 1726 5541 delectationibus
1753 5484 1930 5556 pasci-

350 5584 455 5639 tur,
498 5576 611 5632 bmc
661 5576 1105 5631 amaritudinibus
1149 5583 1446 5642 vegetatur.
1502 5576 1740 5646 Denique
1786 5574 1931 5630 illam

353 5666 492 5721 lenia
520 5668 791 5731 refovent,
824 5667 982 5721 istam
1018 5680 1148 5720 vero
1186 5680 1374 5737 aspera
1417 5676 1689 5721 exercent.
1723 5664 1791 5721 Et
1814 5682 1934 5722 rur-

356 5770 472 5814 sum
491 5796 507 5823 ,
555 5759 697 5814 sicut
734 5774 949 5815 carnem
978 5758 1110 5814 dura
1141 5757 1559 5823 convulnerant,
1589 5757 1665 5813 ita
1692 5758 1934 5829 spiritum

361 5850 539 5909 mollia
567 5860 780 5910 necant.
804 5851 873 5909 Et
903 5852 1041 5910 sicut
1069 5865 1285 5908 camem
1315 5849 1581 5907 laboriosa
1626 5858 1935 5920 attenuant,

2030 4750 2252 4821 gerunt,
2282 4754 2487 4818 quanto
2514 4747 2685 4814 magis
2717 4745 2784 4800 de
2811 4744 3039 4800 victoria
3068 4745 3399 4801 conﬁdentes
3417 4786 3432 4812 ,
3463 4748 3617 4815 quasi

2030 4859 2195 4899 unum
2238 4839 2573 4912 ingrediendi
2620 4838 2822 4895 aditum
2852 4838 3193 4893 invenerunt.
3219 4837 3448 4892 Difﬁcile
3474 4839 3617 4894 enim

2031 4932 2250 4989 inimico
2278 4932 2577 4999 resistitur,
2608 4930 2653 4986 si
2683 4927 3116 5000 persuasionibus
3146 4926 3288 4982 illius
3314 4926 3489 4981 anima
3520 4927 3618 4984 de-

2032 5025 2276 5081 lectatur.
2301 5025 2431 5082 Ideo
2455 5033 2638 5082 utnon
2660 5021 3239 5097 supergaudcantmihi
3263 5021 3465 5079 inimici
3491 5022 3620 5094 mei,

2031 5120 2264 5177 conﬁdo.

2106 5214 2277 5287 (Vers.
2302 5207 2425 5285 '18.)
2459 5212 2717 5279 Quoniam
2737 5230 2831 5285 ego
2852 5212 2907 5267 in
2929 5210 3140 5282 ﬂagella
3163 5216 3378 5281 paratus
3406 5224 3539 5275 sum,
3568 5218 3618 5264 et

2032 5307 2180 5364 dolor
2212 5324 2351 5363 meus
2381 5308 2436 5362 in
2461 5315 2731 5378 conspectu
2769 5321 2876 5359 meo
2904 5320 3117 5374 semper.

2102 5396 2192 5452 ‘20.
2225 5396 2364 5451 Malo
2389 5396 2531 5451 enim
2559 5394 2729 5451 occidi
2753 5408 2914 5463 quam
2936 5391 3099 5447 vinci.
3127 5391 3362 5460 Flagella
3394 5390 3621 5450 libenter

2032 5487 2239 5559 patior,
2286 5487 2685 5557 persecutiones
2726 5484 3051 5554 amplector,
3105 5483 3439 5539 visitationes
3478 5483 3618 5542 desi~

2036 5580 2188 5644 dero,
2210 5578 2577 5646 correptiones
2598 5575 2942 5644 concupisco.
2975 5573 3157 5629 Sancti
3178 5574 3283 5642 viri
3299 5575 3352 5629 in
3380 5576 3482 5631 hac
3507 5576 3617 5632 vita

2039 5668 2293 5739 ﬂagellari
2322 5667 2661 5734 desiderant,
2691 5673 2750 5721 ut
2788 5664 3009 5736 ﬂagellis
3037 5665 3302 5733 correcti,
3350 5674 3406 5721 et
3444 5666 3609 5723 immi-

2039 5771 2227 5818 nentes
2248 5759 2431 5831 culpas
2458 5758 2701 5825 videant,
2730 5768 2786 5814 et
2812 5756 3125 5813 commissas
3151 5765 3277 5813 ante
3304 5758 3489 5814 oculos
3515 5773 3614 5830 po-

2041 5862 2191 5913 nant.
2218 5854 2371 5924 Smpe
2395 5852 2536 5909 enim
2584 5850 2957 5922 delinquentes
3002 5848 3189 5908 oculos
3234 5848 3443 5921 ﬂagella
3483 5861 3613 5915 ape-
