4038 6338
239 419 325 475 ςγδι
909 412 975 468 ΙΝ
1011 412 1285 470 SEPTEM
1325 410 1567 469 PSALM.
1612 411 1780 468 ΜΕΝ

1912 406 2298 471 Εςροδιτιο.
2330 444 2387 471 .—
2450 414 2640 472 PSAL.
2676 413 2768 470 IV.

235 554 324 599 me,
356 531 568 587 Domine
597 527 737 583 Deus
765 543 922 583 meus.
949 526 1102 595 Quod
1133 528 1353 581 verbum
1382 531 1423 582 si
1454 541 1575 581 cum
1606 524 1801 583 affectu
1831 532 1873 587 Α
1903 525 2000 581 Dei
2024 526 2388 582 misericordia
2436 541 2706 597 nunquam
2735 525 3043 597 desperare.
3078 526 3328 598 Quisquis
3352 547 3485 604 ergo

232 640 281 684 et
308 623 564 678 desiderio
616 636 757 691 saepe
800 620 1064 691 replicare
1112 621 1414 683 studuerit,
1465 628 1595 690 puto
1654 619 1799 690 quod

231 717 498 791 quamdam
535 717 589 769 in
645 730 711 769 eo
752 713 1090 769 dulcedinem
1136 713 1363 778 sentiet,
1410 727 1570 783 quam
1620 728 1798 769 sermo

228 819 401 865 noster
436 807 705 878 explicare
748 821 855 860 non
912 805 1074 860 valet.
1129 804 1289 877 (‘93
1342 803 1597 875 Sequitur
1648 822 1662 859 :
1714 802 1800 859 Ne
1841 870 1844 877 η

227 902 506 957 discesseris
535 919 568 953 α
594 918 694 955 me.
722 897 920 954 Sancta
943 899 1121 954 anima
1144 913 1263 969 qua:
1285 898 1457 953 solum
1485 896 1652 953 Deum
1677 914 1799 970 per-

225 996 353 1050 fecte
379 992 644 1047 desiderat
684 976 935 1062 precatur
956 1030 971 1055 ,
1020 998 1080 1045 ut
1112 1004 1209 1044 nec
1237 988 1303 1042 ad
1339 989 1528 1043 horam
1559 987 1700 1044 Deus
1732 990 1798 1045 ab

223 1086 304 1142 illa
331 1083 583 1139 discedat.
618 1082 775 1139 Novit
812 1082 955 1137 enim
984 1082 1109 1152 quia
1141 1080 1281 1136 inter
1319 1081 1567 1136 inimicos
1618 1081 1800 1152 gradi-

222 1184 320 1240 tur,
358 1175 504 1229 novit
530 1174 654 1244 quia
682 1174 830 1229 omni
854 1184 1096 1243 tempore
1125 1171 1367 1227 diabwlus
1393 1172 1495 1228 sibi
1543 1171 1797 1227 adversa-

219 1276 318 1323 tur.
345 1265 479 1335 Quia
507 1280 636 1336 ergo
665 1266 812 1321 omni
838 1272 1083 1335 tempore
1114 1264 1362 1334 intelligit
1389 1265 1491 1319 sibi
1519 1264 1801 1318 imminere

217 1361 469 1435 pericula,
501 1362 660 1415 etiam
688 1367 966 1416 momento
1016 1358 1278 1428 temporis
1316 1373 1425 1413 non
1476 1363 1654 1429 potest
1678 1370 1799 1412 esse

304 1471 416 1509 ura.

304 1471 314 1503 ι
402 1495 416 1509 .

214 1468 457 1613 magis.
488 1542 605 1614 23.)
659 1541 880 1598 Intende
914 1542 973 1597 in
1015 1541 1328 1615 adjutorium
1352 1556 1550 1608 meum,
1573 1538 1797 1596 Domine

212 1633 343 1692 Deus
389 1637 573 1690 salutis
609 1652 755 1690 mea:

273 1729 362 1785 25.
396 1729 562 1796 Quasi
592 1729 775 1783 dicat:
802 1724 885 1782 Tu
913 1727 1007 1798 qui
1034 1740 1093 1782 es
1130 1725 1341 1796 adiutor
1386 1725 1441 1779 in
1470 1725 1792 1796 opportuni-

210 1822 398 1877 tatibus
426 1821 481 1874 in
513 1819 882 1885 tribulatione,
922 1819 1031 1874 noli
1061 1833 1148 1875 me
1179 1819 1327 1874 velut
1352 1818 1584 1873 alienum
1615 1818 1789 1888 negli-

1901 617 2194 688 desperans
2212 618 2281 675 de
2292 619 2466 683 venia,
2492 633 2652 689 agere
2673 620 3045 689 pmnitentiam
3067 620 3295 689 dubitat,
3319 622 3487 679 David

1900 712 2270 783 pmnitentiam
2313 712 2383 767 ad
2412 714 2647 767 animum
2682 712 2903 767 reducat
2944 711 3035 785 (Il
3078 713 3209 784 Reg.
3243 714 3340 782 ιι).
3375 716 3484 771 Au.

1899 802 2107 858 diamus
2162 812 2217 858 et
2260 818 2357 859 nos
2402 802 2573 859 David
2619 803 2977 871 clamantem,
3028 811 3085 859 et
3122 820 3222 860 nos
3260 821 3384 861 eum
3419 822 3488 863 eo

1899 884 2229 963 clamemus;
2278 906 2617 966 gementem,
2655 907 2707 951 et
2754 899 3240 968 congemiscamns.
3288 902 3490 957 Audia-

1898 1006 2017 1046 mus
2040 989 2288 1059 llentem,
2338 998 2394 1048 et
2430 992 2903 1065 collacrymemur;
2928 982 3264 1063 correctum,
3294 1002 3352 1052 et
3372 994 3489 1053 col-

1897 1082 2161 1142 laetemur.

2516 1178 2873 1237 EXPOSITIO

2255 1286 2441 1328 ΡεΑιιιι
2461 1287 2656 1337 QUARTI
2680 1288 3127 1332 PCENITENTIALIS.

1970 1363 2138 1439 (Psal.
2167 1364 2464 1422 L.—Vers.
2494 1367 2571 1436 l.)
2595 1366 2847 1423 Miserere
2873 1369 2975 1424 mei
3005 1368 3176 1439 Deus,
3205 1369 3490 1428 secundum

1894 1476 2140 1534 magnam
2168 1459 2578 1515 misericordiam
2611 1470 2771 1515 tuam.

1966 1553 2132 1627 494
2190 1552 2240 1607 l.
2292 1550 2565 1608 Ponamus
2611 1561 2736 1609 ante
2786 1554 2979 1609 mentis
3022 1553 3213 1611 oculos
3254 1554 3489 1625 aliquem
3575 1548 3585 1563 ‘

1895 1641 2132 1712 graviter
2159 1642 2520 1709 vulneratum,
2549 1652 2603 1698 et
2626 1643 2718 1698 vix
2743 1644 2852 1714 jam
2883 1643 3101 1700 ultimos
3123 1643 3284 1713 hujus
3312 1644 3493 1703 vitalis

1896 1746 2045 1787 aurae
2076 1732 2379 1788 trahentem
2409 1733 2700 1799 anhelitus,
2731 1734 2821 1804 qui
2846 1742 2902 1789 et
2929 1733 3103 1791 nudus
3130 1734 3185 1788 in
3214 1735 3491 1804 sterquili-

1894 1824 1985 1879 nio
2009 1822 2208 1893 jaceat,
2240 1832 2294 1879 et
2319 1824 2514 1880 vulnus
2543 1826 2781 1881 nondum
2809 1824 3033 1895 ligatum
3062 1827 3312 1883 ostendat
3332 1870 3348 1896 ,
3395 1828 3491 1883 ad-

208 1928 357 1985 gere,
388 1912 499 1968 noli
524 1911 676 1967 velut
711 1918 1029 1966 extraneum
1071 1910 1355 1977 abdicare;
1387 1910 1553 1965 immo
1580 1910 1791 1964 intende
1824 1908 1869 1970 Β
1894 1916 2163 1971 venientis
2188 1914 2381 1971 medici
2408 1916 2677 1972 desiderio
2707 1916 2897 1972 conllci
2917 1957 2932 1983 ,
2960 1926 3015 1973 et
3043 1918 3283 1988 agnitum
3314 1926 3375 1974 ut
3404 1919 3489 1976 sui

207 2005 255 2060 in
292 2004 607 2075 adjutorium
633 2020 832 2069 meum,
874 2012 1039 2073 tuque
1082 2019 1171 2059 me
1198 2004 1340 2059 inter
1380 2002 1625 2058 lethifera
1672 2010 1792 2057 ten-

205 2094 455 2149 tationum
491 2094 672 2164 jacnla
717 2100 972 2164 protege,
1032 2101 1089 2148 tu
1145 2095 1211 2150 ab
1255 2095 1402 2149 omni
1449 2093 1788 2149 inimicormn

204 2184 502 2241 incursione
532 2184 788 2249 defende,
844 2193 901 2239 tu
949 2185 1002 2238 in
1033 2184 1196 2239 corde
1251 2198 1372 2239 meo
1428 2183 1790 2253 intelligentia

202 2273 366 2330 lucem
418 2275 700 2345 illumina,
730 2285 754 2313 α
784 2283 844 2331 ιιι
898 2291 985 2331 me
1038 2274 1238 2331 auxilio
1287 2283 1394 2331 tua:
1448 2276 1659 2330 virtutis
1684 2276 1788 2331 cir-

202 2365 400 2421 cumda.
432 2365 591 2433 Quod
619 2367 759 2422 bene
785 2367 948 2424 debes
979 2366 1187 2434 facere,
1235 2368 1358 2438 quia
1403 2377 1456 2422 tu
1495 2386 1549 2423 es
1604 2367 1787 2424 Domi-

202 2473 290 2512 nus
343 2475 510 2513 meus.
574 2457 652 2515 Te
698 2459 840 2516 enim
902 2460 1077 2517 solum
1127 2461 1303 2517 habeo
1356 2460 1676 2530 Dominum,
1731 2470 1785 2516 te

200 2549 365 2606 solum
415 2548 685 2607 conﬁteor
731 2551 919 2608 Deum.
973 2551 1281 2623 Congruum
1338 2566 1466 2623 ergo
1535 2555 1783 2621 videtur,

202 2645 371 2715 utqui
412 2660 472 2699 es
517 2646 794 2702 restitutor
846 2646 1031 2703 salutis
1069 2648 1122 2702 in
1156 2649 1331 2719 primo
1386 2657 1611 2719 parente
1658 2664 1785 2720 per-

199 2733 315 2792 dita:
335 2778 350 2804 ,
380 2740 454 2796 sis
481 2749 540 2796 et
576 2745 924 2796 conservator
952 2736 1191 2808 ejusdem
1224 2738 1277 2792 in
1304 2752 1392 2793 me
1429 2754 1531 2810 per
1556 2739 1786 2809 gratiam

200 2830 466 2888 restitutis.

792 2920 1194 2981 PROiEMIUM

407 3030 461 3069 IN
500 3029 753 3078 QUARTUM
801 3030 1043 3069 ιιειιιιιιιιι
1088 3028 1568 3070 ΡωΝιτΕΝτιΑιειί.

197 3101 314 3161 Cum
334 3110 469 3163 venit
511 3105 729 3163 Natltan
764 3107 1018 3179 prapheta
1040 3107 1109 3162 ad
1136 3106 1326 3176 David,
1344 3108 1549 3180 quando
1572 3107 1785 3163 intravit

783 3200 854 3253 ad
885 3199 1186 3255 Bethsabee.

1892 2008 2217 2062 misereatur
2256 2007 2486 2078 precari.
2522 2007 2731 2063 Vulnus
2777 2008 2919 2064 enim
2967 2009 3159 2065 animae
3206 2017 3488 2081 peccatum

1892 2108 2009 2167 est,
2040 2100 2109 2156 de
2136 2116 2246 2170 quo
2273 2100 2507 2157 dicitur:
2547 2100 2746 2157 Vulnus
2769 2144 2783 2169 ,
2817 2111 2868 2157 et
2911 2103 3059 2168 livor,
3103 2111 3152 2159 et
3198 2105 3357 2177 plaga
3406 2115 3489 2160 tu-

1890 2208 2057 2255 mens,
2089 2208 2194 2246 non
2222 2203 2298 2246 est
2328 2193 2706 2265 circumligata,
2740 2188 2848 2248 nec
2889 2204 3069 2250 curata
3114 2197 3484 2265 medicamine,

1891 2300 1985 2338 nec
2016 2285 2128 2354 fota
2155 2283 2270 2337 oleo
2295 2283 2452 2355 (Isai.
2488 2300 2521 2351 ι,
2550 2284 2627 2355 ϐ).
2654 2285 2897 2353 Agnosce
2920 2285 3162 2352 interius,
3180 2286 3486 2355 vulnerate,

1890 2378 2156 2433 medicum
2187 2385 2362 2440 tuum,
2408 2385 2464 2433 et
2509 2378 2558 2434 ei
2601 2386 2948 2448 peccatorum
2990 2388 3212 2435 tuorum
3258 2378 3487 2438 vulnera

1888 2468 2099 2539 detege.
2128 2469 2329 2526 Audiat
2373 2471 2554 2526 cordis
2583 2472 2662 2526 tui
2689 2472 2975 2541 gemitum,
3006 2472 3093 2528 cui
3133 2487 3295 2528 omne
3338 2479 3489 2545 patet

1888 2560 2230 2631 cogitationis
2263 2576 2543 2616 arcanum.
2574 2561 2825 2617 Moveaut
2866 2561 3018 2618 illum
3048 2563 3301 2635 lacrymze
3347 2570 3485 2631 urar,

1888 2664 1943 2711 et
1971 2657 2206 2725 quadam
2239 2657 2389 2711 illum
2421 2656 2831 2726 importunitate
2859 2656 3152 2727 quaerendi,
3182 2670 3401 2727 semper
3418 2653 3489 2711 ad

1889 2759 2015 2802 eum
2059 2745 2167 2799 alta
2198 2745 2266 2800 de
2296 2742 2567 2819 profundo.
2594 2744 2772 2800 cordis
2808 2744 3036 2814 suspiria
3067 2744 3285 2800 educito
3316 2761 3330 2798 :
3358 2757 3485 2815 per-

1886 2836 2072 2891 veniat
2123 2835 2192 2889 ad
2220 2850 2343 2889 eum
2391 2834 2547 2890 dolor
2595 2842 2739 2899 tuus,
2773 2843 2835 2889 ut
2881 2834 3094 2889 dicatur
3138 2834 3304 2890 etiam
3350 2833 3485 2889 tibi:

1887 2924 2182 2981 Transtulit
2212 2925 2469 2981 Dominus
2498 2932 2766 2997 peccatum
2796 2933 2939 2979 tuum
2970 2923 3059 2997 (II
3085 2925 3214 2997 Reg.
3244 2940 3340 2990 xu,
3368 2923 3486 2991 13).

1885 3016 2070 3074 Clama
2097 3033 2218 3074 cum
2250 3016 2420 3073 David
2446 3034 2461 3083 ;
2491 3017 2617 3071 vide
2645 3016 2773 3086 quid
2822 3016 2939 3087 ipse
2965 3015 3161 3071 dixerit
3188 3033 3202 3069 :
3232 3013 3490 3071 Miserere

1883 3111 2006 3178 mei,
2037 3110 2177 3165 Deus
2199 3151 2214 3178 ,
2268 3108 2552 3164 secundum
2592 3124 2837 3181 magnam
2866 3092 3276 3163 misericordiam
3321 3117 3484 3164 tum.

1882 3201 2050 3271 Quasi
2079 3202 2282 3258 diceret
2313 3218 2325 3255 :
2355 3200 2565 3271 Ingenti
2595 3201 2820 3257 vulnere
2847 3197 3147 3271 periclitor,
3182 3200 3329 3270 quod
3358 3199 3487 3255 uult

257 3286 391 3345 Nota
434 3299 518 3345 est
556 3290 773 3347 historia
805 3291 871 3346 de
911 3307 1015 3362 qua
1060 3292 1245 3348 titulus
1274 3293 1376 3349 iste
1418 3301 1665 3365 sumptus
1694 3287 1851 3352 estC
1881 3299 1966 3355 lus
1995 3297 2333 3353 medicorum
2362 3310 2556 3350 curare
2582 3294 2784 3363 valeat,
2832 3294 2936 3349 nisi
2977 3292 3218 3350 medicus
3268 3293 3360 3348 ille
3387 3293 3481 3364 qui

194 3378 274 3453 (11
306 3383 435 3456 Reg.
469 3382 568 3453 xx).
594 3383 759 3437 David
786 3384 930 3439 enim
958 3391 1146 3455 captus
1178 3384 1579 3455 pulchritudine
1608 3385 1767 3441 Beth-

191 3473 345 3531 sabee
393 3476 580 3531 uxoris
610 3472 783 3539 Uriac,
833 3490 943 3529 non
993 3475 1167 3528 solum
1207 3490 1326 3529 cum
1373 3490 1439 3530 ea
1487 3476 1778 3531 carnaliter

190 3565 338 3633 coiit,
371 3564 469 3621 sed
494 3565 655 3619 etiam
683 3564 859 3619 occiso
885 3564 1003 3619 viro
1043 3579 1164 3619 eam
1211 3564 1313 3621 sibi
1362 3564 1415 3618 in
1464 3565 1775 3635 conjugium

189 3655 478 3727 capulavit.
509 3653 700 3712 Postea
727 3670 858 3711 vero
886 3670 1007 3711 cum
1036 3654 1272 3711 venisset
1299 3655 1368 3710 ad
1412 3670 1535 3712 eum
1565 3655 1776 3712 Nathan

189 3746 482 3817 propheta,
513 3760 745 3815 eumque
784 3761 881 3800 suo
922 3744 1153 3815 judicio,
1202 3744 1417 3801 inducta
1464 3745 1533 3802 de
1583 3747 1775 3803 ovibus

190 3836 528 3893 similitudine
585 3837 1034 3901 condemnasset,
1085 3853 1193 3893 non
1254 3838 1431 3893 solum
1490 3846 1772 3910 peccatum

189 3929 355 3985 celare
379 3930 465 3985 vel
484 3927 774 3985 defendere
796 3928 985 3995 noluit,
1018 3932 1113 3984 sed
1135 3928 1296 3985 etiam
1325 3931 1604 3989 confessus
1624 3932 1772 4003 quod

189 4016 413 4085 iecerat,
446 4018 515 4075 ad
562 4019 694 4074 dura
741 4035 800 4075 se
847 4020 1177 4090 poenitentiae
1221 4020 1459 4077 lamenta
1502 4024 1771 4079 convertit

189 4106 266 4178 (ll
298 4109 426 4182 Reg.
451 4111 570 4181 xu).
603 4109 661 4165 In
686 4110 892 4181 psalmo
933 4118 1114 4166 tamen
1141 4111 1287 4166 nulla
1317 4112 1374 4166 tit
1425 4112 1493 4169 de
1543 4113 1771 4170 historia

190 4201 407 4267 mentio,
457 4200 555 4256 sed
580 4215 774 4271 magna
800 4201 1145 4271 cognoscitur
1181 4202 1344 4257 animi
1377 4203 1608 4261 dolentis
1638 4204 1769 4261 affe-

188 4289 305 4345 ctio.
350 4290 719 4347 Admonemur
780 4301 959 4346 autem
1008 4291 1061 4347 in
1099 4292 1207 4349 hoc
1253 4294 1459 4363 psalmo
1507 4310 1767 4366 prospera

187 4389 446 4449 metuere,
482 4390 539 4438 et
561 4392 748 4438 contra
771 4399 984 4438 onmem
1015 4384 1197 4440 szeculi
1236 4384 1545 4442 lelicitatem
1593 4388 1769 4445 acrius

184 4471 417 4543 vigilare.
464 4474 621 4546 Saepe
651 4490 882 4545 namque
924 4478 1207 4547 praesentia
1252 4478 1442 4546 gaudia
1471 4489 1770 4550 sequuntur

186 4575 431 4637 perpetua
474 4568 730 4623 lamenta.
785 4568 936 4622 Sicut
975 4569 1114 4623 enim
1156 4584 1256 4639 per
1296 4569 1451 4625 fletus
1483 4571 1547 4626 ad
1577 4572 1765 4641 gaudia

1881 3398 1967 3445 est
1993 3390 2357 3458 omnipotens,
2385 3394 2687 3441 succurrat.
2717 3383 3086 3454 Omnipotenti
3104 3382 3248 3439 enim
3273 3383 3483 3440 medico

1880 3480 2017 3536 nihil
2044 3488 2127 3535 est
2155 3478 2475 3544 insanabile;
2504 3475 2596 3547 qui
2648 3475 2787 3531 sicut
2834 3473 3085 3529 medetur
3126 3472 3244 3528 sine
3279 3472 3481 3543 pretio,

1880 3571 1955 3626 ita
1984 3572 2213 3627 salutem
2245 3569 2483 3625 restituit
2500 3568 2690 3624 verbo.
2723 3565 3080 3637 Desperarem
3108 3579 3238 3635 ergo
3265 3564 3333 3620 de
3360 3562 3482 3619 vul-

1881 3677 2033 3731 nere,
2064 3662 2107 3717 si
2144 3676 2250 3717 non
2282 3674 2662 3732 praesumerem
2701 3658 2771 3713 de
2800 3657 3188 3726 omnipotente.
3233 3653 3481 3710 Miserere

1878 3755 2001 3823 mei,
2035 3752 2204 3819 Deus,
2251 3752 2531 3807 secundum
2573 3765 2821 3821 magnam
2861 3746 3269 3801 niisen’cordiam
3316 3755 3479 3801 tuam.

1879 3842 2135 3914 Quaerant
2160 3859 2384 3916 parvam
2412 3840 2857 3907 misericordiam,
2889 3838 2983 3910 qui
3012 3841 3326 3908 ignoranter
3353 3855 3479 3896 con-

1876 3937 2094 3992 trahunt
2113 3950 2349 4007 cuipam.
2380 3932 2490 4004 Ego
2518 3941 2701 3989 autem
2721 3933 2862 3987 sicut
2888 3930 3125 4002 graviter
3152 3930 3323 3987 cecidi
3348 3972 3366 4003 ,
3397 3931 3474 3987 ita

1876 4029 2040 4084 etiam
2071 4027 2311 4083 scienter
2339 4026 2580 4098 peccavi.
2610 4025 2717 4081 Sed
2742 4032 2824 4091 tu,
2858 4023 3201 4094 omnipotens
3229 4023 3471 4089 medice,

1873 4130 1931 4178 et
1951 4129 2356 4192 contemptores
2386 4120 2631 4189 corrigis,
2680 4127 2738 4173 et
2783 4118 3088 4172 nescientes
3134 4116 3384 4185 instruis,
3419 4124 3475 4171 et

1873 4212 2257 4270 conﬁtentibus
2284 4213 2535 4283 ignoscis.
2569 4209 2785 4265 Utinam
2807 4249 2823 4276 ,
2855 4209 3083 4266 Domine
3110 4207 3256 4276 Iesu,
3287 4207 3357 4264 ad
3384 4226 3471 4265 me

1872 4304 2246 4360 misericordia
2277 4312 2457 4358 motus
2497 4300 2734 4370 digneris
2783 4299 3044 4355 accedere
3077 4298 3227 4371 (Luc.
3260 4299 3340 4372 x),
3378 4300 3471 4373 qui

1871 4392 2206 4451 descendens
2236 4392 2304 4447 ab
2334 4390 2633 4447 Jerusalem
2667 4390 2719 4445 in
2746 4386 2997 4457 Iericho,
3030 4406 3299 4463 proruens
3328 4392 3471 4447 scili-

1872 4493 1961 4541 cet
1990 4485 2056 4539 de
2083 4483 2310 4541 summis
2339 4481 2404 4537 ad
2434 4480 2644 4546 intima,
2670 4480 2738 4537 de
2755 4481 3007 4538 vitalibus
3036 4483 3101 4538 ad
3123 4483 3336 4539 inﬁrma
3362 4522 3378 4550 ,
3412 4484 3471 4541 in

1871 4579 2094 4645 angelos
2134 4576 2483 4632 tenebrarum
2530 4574 2723 4645 incidi,
2778 4577 2869 4645 qui
2920 4593 3027 4633 non
3074 4578 3245 4633 solum
3286 4579 3473 4648 gratia

187 4653 448 4725 ducimur,
501 4660 573 4714 ita
603 4674 699 4730 per
745 4659 937 4729 gaudia
967 4661 1031 4714 ad
1062 4659 1247 4715 ﬂetum
1297 4663 1626 4733 pervenitur.
1675 4663 1770 4720 Ille
1798 4678 1849 4739 ι)
1874 4668 2130 4740 spiritalis
2165 4666 2294 4721 mihi
2332 4666 2713 4723 vestimentum
2752 4668 3088 4724 abstulerunt
3112 4713 3128 4737 ,
3168 4671 3264 4725 sed
3306 4672 3474 4728 etiam

187 4760 372 4818 nempe
394 4765 487 4819 qm
516 4750 648 4804 dixit
688 4767 702 4805 :
737 4750 883 4805 Beati
909 4752 993 4823 qui
1021 4752 1215 4823 tugent,
1239 4756 1481 4825 quoniam
1508 4756 1609 4826 ipsi
1641 4774 1766 4811 con-

186 4838 477 4896 solabuntur
508 4841 717 4914 (Matth.
750 4859 802 4907 ν,
837 4843 889 4912 5)
912 4884 927 4910 ,
974 4844 1200 4913 ipsemet
1229 4846 1303 4897 ait
1336 4862 1349 4897 :
1388 4844 1478 4898 Va:
1516 4844 1656 4900 vobis
1682 4847 1769 4916 qui

185 4929 359 4985 ridetis
388 4950 575 5009 nunc,
605 4935 726 5007 quia
758 4933 1027 5005 plorabitis
1070 4943 1119 4987 et
1145 4934 1331 5002 ﬂebitis
1363 4933 1513 5006 (Luc.
1546 4952 1619 5001 vr,
1647 4936 1763 5007 25).

185 5019 311 5089 Quis
337 5010 569 5082 sanctior
594 5026 798 5081 David?
824 5027 913 5097 qui
942 5040 1064 5079 eum
1091 5024 1269 5079 Saulis
1306 5026 1768 5098 persecutionibus

185 5124 491 5183 urgeretur,
534 5134 642 5174 non
685 5118 857 5173 solum
902 5125 1318 5188 persequentem
1359 5118 1611 5174 occidere
1654 5134 1765 5175 non

184 5207 367 5273 voluit,
412 5210 506 5266 sed
528 5211 628 5284 ipsi
653 5211 1010 5281 persecutori,
1035 5225 1157 5267 cum
1180 5209 1353 5280 ipsum
1372 5210 1620 5267 occidere
1639 5226 1767 5283 pos-

183 5303 281 5364 set,
306 5303 547 5371 pepercit
575 5300 631 5372 (I
656 5300 784 5373 Reg.
820 5302 990 5373 xxiv).
1016 5299 1192 5357 Tanto
1221 5302 1364 5356 enim
1399 5302 1451 5355 in
1480 5299 1576 5356 Dei
1608 5303 1767 5361 mise-

185 5386 410 5447 ricordia
430 5408 580 5465 spem
602 5408 754 5449 suam
784 5394 992 5461 lixerat,
1017 5404 1221 5464 quanto
1238 5395 1598 5452 miserabilius
1621 5396 1767 5452 intir—

186 5484 418 5541 mitatem
470 5504 579 5545 suae
636 5490 996 5547 tribulationis
1051 5493 1337 5549 sentiebat.
1406 5493 1606 5549 Verum
1673 5496 1765 5551 ubi

188 5573 409 5633 devictis
436 5578 701 5649 hostibus,
726 5585 990 5654 pressuris
1018 5587 1213 5652 caruit,
1242 5586 1589 5644 homicidium
1622 5588 1767 5644 adul-

188 5670 314 5723 terio
346 5671 560 5730 incaute
589 5689 813 5731 securus
842 5677 1056 5745 adjecit.
1088 5676 1455 5735 Admonemur
1502 5682 1665 5736 etiam
1710 5682 1762 5736 in

188 5776 283 5815 -'t00
320 5766 530 5834 psalmo
572 5771 819 5827 carnales
862 5770 1185 5843 cupiditates
1228 5774 1584 5846 restringere,
1613 5785 1670 5836 et
1696 5778 1766 5833 de

1871 4760 2043 4831 plagis
2069 4759 2337 4830 impositis
2362 4760 2683 4816 semivivum
2707 4760 3065 4829 reliquerunt.
3100 4760 3319 4817 Utinam
3346 4760 3477 4834 pec?

1872 4864 2117 4911 catorum
2144 4868 2387 4908 meorum
2410 4851 2657 4920 vulnera,
2684 4852 2809 4907 data
2833 4853 2961 4907 mihi
2990 4854 3369 4923 recuperanda:
3389 4869 3465 4910 sa-

1872 4946 2000 5003 lutis
2028 4946 2241 5012 ﬁducia,
2268 4945 2477 5015 alliges,
2500 4959 2570 5000 ne
2592 4930 2836 5001 deterius
2858 4946 3080 5000 saaviaut
3108 4947 3153 5000 si
3184 4945 3361 5000 sanari
3383 4946 3466 5001 de-

1876 5047 2120 5111 sperent.
2154 5037 2370 5093 Utinam
2399 5039 2576 5094 oleum
2599 5039 2731 5095 mihi
2756 5038 3091 5095 remissionis
3113 5037 3388 5104 adhibeas,
3414 5046 3465 5093 et

1871 5131 2053 5188 vinum
2076 5130 2506 5202 compunctionis
2529 5128 2797 5187 infundas.
2828 5130 2983 5198 Quod
3011 5130 3057 5185 si
3086 5130 3137 5183 in
3163 5129 3464 5199 jumentqu

1872 5233 2024 5283 tuum
2054 5242 2140 5282 me
2170 5225 2508 5297 imposueris,
2541 5225 2610 5281 de
2634 5234 2776 5281 terra
2806 5225 3045 5294 inopem,
3075 5238 3367 5294 pauperem
3399 5223 3466 5277 de

1872 5326 2113 5374 stercore
2142 5317 2426 5373 suscitabis
2457 5316 2627 5389 (Psal.
2659 5316 2810 5387 exn).
2832 5314 2921 5371 ‘Tu
2948 5331 3007 5370 es
3032 5316 3174 5369 enim
3199 5314 3289 5385 qui
3336 5329 3465 5384 pec-

1872 5419 1993 5467 cata
2022 5417 2204 5463 nostra
2232 5409 2516 5478 pertulisti,
2548 5408 2641 5479 qui
2669 5424 2767 5479 pro
2796 5406 2952 5462 nobis
2989 5422 3108 5476 qua:
3132 5421 3239 5460 non
3271 5419 3460 5475 rapue-

1870 5517 1961 5558 ras
1988 5500 2265 5558 exsolvisti
2286 5499 2340 5573 (Ι
2357 5500 2504 5555 Petr.
2533 5500 2615 5573 ιι).
2640 5499 2696 5556 Si
2720 5500 2772 5555 in
2801 5500 3073 5556 stabulum
3094 5513 3182 5554 me
3209 5496 3464 5553 Ecclesia

1870 5600 1977 5648 tuae
2018 5591 2256 5658 duxeris,
2289 5592 2530 5662 corporis
2555 5602 2610 5646 et
2636 5591 2908 5662 sanguinis
2946 5592 3019 5645 tui
3051 5604 3137 5644 me
3166 5587 3460 5644 refectione

1869 5684 2095 5740 cibabis.
2128 5685 2184 5740 Si
2214 5698 2401 5739 curam
2421 5684 2526 5738 mei
2556 5683 2751 5753 egeris,
2782 5699 2879 5738 nec
2910 5690 3175 5754 praecepta
3204 5689 3295 5735 tua
3321 5694 3459 5751 prae-

1870 5789 2045 5851 tereo,
2093 5793 2197 5836 nec
2243 5776 2588 5847 frementium
2633 5778 2841 5839 rabiem
2868 5778 3163 5836 bestiarum
3213 5777 3456 5834 incurro.

132 6000 142 6014 ⁸
200 5990 205 5993 Δ
253 5922 275 5949 α
316 5913 475 5974 Gilot.
534 5932 590 5979 et
629 5923 834 5996 Vatia,
868 5933 921 5982 tu
974 5943 1055 6003 me
1099 5926 1165 5982 ab
1207 5928 1347 5985 omni
1388 5930 1557 6000 malo,
1606 5931 1831 6004 auxilio,
1865 5940 1969 5991 etc.
