4038 6338
493 388 603 448 383

1706 362 1952 424 SANCTI
1989 358 2319 420 GREGORII
2355 357 2568 419 MAGNI

3008 296 3015 305 .
3038 290 3081 307 κ..
3102 286 3133 299 νη

3677 356 3788 417 58ι

496 498 747 563 Custodia
789 497 935 555 enim
981 503 1075 552 tua
1122 492 1367 563 indigeo,
1410 482 1649 559 quamdiu
1692 494 1914 540 carnem
1940 479 2083 535 hanc
2105 480 2158 540 Α
2187 490 2295 550 que
2340 475 2470 531 dum
2521 471 2765 545 quaedam
2820 470 2965 529 male
3009 476 3164 541 gesta
3208 468 3535 544 plangimus,
3575 470 3697 542 ipsa
3735 473 3791 529 vi

496 590 897 662 corruptibilem
926 594 1107 659 porto.
1137 583 1280 640 Audi
1301 594 1432 651 ergo
1448 592 1556 644 me,
1578 573 1940 641 Samaritaue,
1967 584 2089 641 spo-

496 686 680 742 liatum
711 690 768 739 et
794 679 1160 745 vulneratum,
1207 673 1427 729 ﬂentem
1470 677 1528 726 et
1568 673 1905 741 gementem,
1932 662 2088 719 invo-

498 785 734 843 cantem,
785 780 841 829 et
886 784 1009 827 cum
1064 766 1233 822 David
1283 764 1606 820 clamantem
1638 776 1653 813 :
1684 756 1935 813 Miserere
1961 753 2091 822 mei,

500 870 661 930 Deus,
684 865 964 921 secundum
984 876 1231 932 magnam
1257 852 1668 912 misericordiam
1694 858 1857 905 tuam.

572 962 749 1033 (Vers.
781 957 862 1031 2.)
902 956 971 1011 Et
994 952 1273 1011 secundum
1297 946 1678 1005 multitudinem
1706 940 2095 998 miserationum

502 1069 728 1121 tuarum,
759 1053 871 1108 dele
895 1052 1218 1123 iniquitatem
1246 1059 1431 1100 meam.

570 1151 625 1205 2.
668 1147 900 1204 Peccata
920 1159 1041 1199 mea
1063 1154 1257 1211 magna
1294 1146 1420 1192 sunt
1445 1143 1501 1190 et
1529 1131 1719 1197 multa,
1750 1135 1807 1185 et
1836 1126 1958 1183 ideo
1987 1138 2099 1179 non

501 1242 678 1299 solum
731 1250 983 1307 magnam
1035 1229 1459 1288 misericordiam
1502 1232 1734 1295 expeto,
1788 1218 1883 1275 sed
1929 1216 2095 1273 etiam

505 1334 901 1393 multitudinem
941 1324 1346 1383 miserationum
1379 1330 1590 1375 tuarum
1623 1313 1874 1384 requiro,
1903 1325 1973 1367 ne
2001 1322 2100 1380 pro

507 1429 627 1483 aliis
656 1424 798 1498 quod
826 1429 1010 1477 metuo
1035 1417 1260 1473 subeam
1285 1410 1632 1483 supplicium,
1657 1406 1703 1463 si
1732 1418 1897 1460 unum
1925 1400 2100 1457 solum

508 1536 619 1579 non
648 1494 853 1573 deleret
876 1519 1180 1584 peccatum.
1206 1509 1308 1564 Per
1325 1501 1774 1567 misericordiam,
1801 1494 2104 1555 miserentis

511 1609 762 1666 affectum
798 1603 1165 1673 intelligimus;
1193 1613 1291 1670 per
1318 1595 1721 1653 miserationem
1749 1603 1902 1658 vero,
1933 1587 2105 1658 ipsam

509 1698 897 1759 misericordiae
952 1692 1341 1751 exhibitionem
1394 1689 1709 1768 signemus)
1759 1682 1913 1753 juxta
1959 1674 2105 1751 quod

508 1792 770 1863 scriptum
802 1796 888 1845 est
916 1804 928 1840 :
962 1784 1264 1841 Misericors
1284 1788 1334 1837 et
1358 1781 1634 1836 miserator
1654 1775 1908 1831 Dominus
1930 1769 2104 1843 (Psal.

2194 567 2565 625 amaritudinis
2593 567 2663 623 ad
2690 564 3056 622 discutiendos
3089 578 3191 621 nos
3212 564 3460 635 excitati,
3483 564 3588 620 alia
3614 564 3669 621 in
3693 581 3792 621 no-

2193 660 2279 716 bis
2305 656 2606 731 plangenda
2658 656 2983 714 invenimus.
3028 654 3158 724 Quae
3184 654 3423 712 admissa
3468 671 3536 713 eo
3580 656 3794 715 facilius

2196 754 2456 813 oblivioni
2485 754 2763 820 tradimus,
2795 766 2903 823 quo
2931 766 2998 808 ea
3023 750 3113 807 vel
3141 749 3290 806 nulla
3316 748 3406 807 vel
3452 749 3594 806 levia
3633 759 3796 823 puta-

2197 862 2339 903 mus.
2368 846 2479 904 Sed
2522 858 2872 902 succrescens
2915 842 3218 899 amaritudo
3272 839 3626 914 paenitentiae,
3684 859 3796 898 non

2198 939 2373 997 solum
2421 938 2627 1009 majora
2676 942 2902 1008 peccata
2942 934 3096 992 cordi
3123 940 3312 991 nostro
3359 934 3648 1004 congerit,
3698 934 3797 990 sed

2200 1032 2365 1088 etiam
2392 1030 2614 1085 minima
2649 1043 2879 1101 qumque
2911 1026 2982 1083 ad
3030 1025 3349 1083 memoriam
3398 1024 3635 1081 reducit.
3665 1023 3798 1092 Quae

2200 1120 2381 1177 omnia
2414 1128 2562 1175 tanto
2584 1119 2907 1175 obstinatius
2956 1118 3354 1192 prosequimur,
3385 1124 3590 1189 quanto
3636 1131 3800 1171 omne

2202 1216 2421 1273 malitiae
2444 1228 2665 1285 germen
2692 1213 2999 1283 vigilantius
3017 1212 3322 1283 exstirpare
3350 1210 3418 1266 de
3445 1210 3613 1266 corde
3634 1225 3801 1265 cona-

2204 1326 2343 1365 mur.
2372 1308 2608 1364 Lavatur
2637 1320 2766 1376 ergo
2794 1306 3043 1377 amplius,
3075 1304 3162 1361 cui
3207 1319 3317 1360 non
3346 1303 3521 1359 solum
3552 1301 3701 1372 quod
3748 1301 3801 1356 in

2204 1416 2265 1459 se
2295 1400 2451 1472 punit
2495 1407 2777 1471 peccatum
2821 1397 3130 1463 dimittitur,
3173 1395 3269 1452 sed
3314 1396 3477 1451 etiam
3530 1394 3637 1449 alia
3682 1408 3802 1463 qum

2205 1492 2506 1550 obduxerat
2560 1490 2763 1547 oblivio
2785 1528 2803 1558 ,
2851 1487 3202 1545 nihilominus
3272 1486 3539 1543 delentur.
3593 1485 3762 1556 Aquae
3784 1525 3801 1554 ,

2206 1584 2399 1657 quibus
2422 1582 2645 1638 diluitur
2673 1580 2959 1651 iniquitas,
2993 1579 3136 1635 dona
3164 1584 3290 1634 sunt
3332 1576 3507 1633 sancti
3537 1573 3809 1646 Spiritus,

2207 1664 2327 1747 quae
2353 1674 2506 1746 quasi
2535 1681 2750 1729 torrens
2778 1670 2847 1727 de
2894 1669 3143 1742 supernis
3168 1667 3471 1734 venientia,
3505 1667 3649 1722 sicut
3692 1666 3804 1722 ele-

2209 1776 2420 1825 ctorum
2446 1765 2611 1824 corda
2643 1774 2705 1822 ut
2747 1764 3051 1836 germinent
3102 1762 3350 1833 irrigant,
3403 1761 3480 1815 ita
3526 1760 3691 1816 etiam
3736 1760 3804 1814 ab

509 1901 600 1953 cx,
622 1851 703 1954 λ).
729 1880 1069 1953 Superﬂuum
1095 1876 1239 1933 enim
1270 1881 1417 1930 esset
1442 1879 1729 1940 utrumque
1749 1880 1975 1939 ponere,
2004 1862 2106 1920 nisi
2134 1879 2187 1945 Β
2210 1860 2357 1918 omni
2395 1858 2803 1931 inquinamento
2832 1855 3010 1913 carnis
3035 1862 3091 1911 et
3137 1854 3357 1926 spiritus
3385 1851 3696 1908 emundant.
3727 1851 3805 1907 De

513 1983 658 2033 esset
686 1972 920 2029 varietas
948 1970 1003 2024 in
1041 1964 1453 2038 signiﬁcatione.
1497 1961 1651 2019 Scire
1684 1959 1944 2016 debemus
1981 1957 2109 2027 quia

514 2079 674 2124 nemo
703 2070 785 2119 est
813 2059 1165 2117 insanabilior
1187 2072 1255 2113 eo
1276 2056 1369 2129 qui
1392 2054 1495 2112 sibi
1524 2067 1689 2110 sanus
1710 2050 1945 2107 videtur.
1972 2047 2108 2104 Illud

516 2155 660 2213 enim
689 2160 773 2209 est
799 2152 1004 2208 clarum
1044 2155 1285 2205 venturae
1314 2145 1502 2203 salutis
1529 2143 1805 2209 indicium,
1836 2141 1883 2195 si
1924 2139 2113 2210 incipit

519 2252 684 2307 homo
733 2259 1063 2317 cognoscere
1102 2241 1473 2312 semetipsum.
1522 2236 1883 2306 Semetipsum
1930 2240 2113 2289 autem

522 2338 689 2396 David
713 2336 1093 2407 cognoscebat,
1126 2333 1287 2405 495
1314 2347 1436 2388 cum
1464 2327 1864 2386 multitudinem
1892 2324 2116 2381 misera-

518 2434 729 2490 tiouum
757 2430 1055 2501 quaerebat.
1118 2428 1270 2483 Dicat
1312 2433 1369 2480 et
1408 2431 1664 2496 peccator
1708 2435 1831 2478 cum
1870 2434 1936 2475 eo
1966 2436 1981 2473 :
2014 2418 2114 2474 Se-

520 2527 742 2581 cundum
774 2521 1155 2578 multitudinem
1181 2519 1575 2575 miserationum
1617 2524 1845 2580 tuarum,
1875 2512 1988 2567 dele
2010 2512 2115 2565 ini-

520 2616 769 2688 quitatem
795 2629 983 2669 meam.
1010 2611 1305 2667 lmmensas
1352 2618 1407 2665 et
1451 2605 1871 2663 innumerabiles
1918 2599 2120 2657 mundo

520 2706 815 2765 exhibuisti
844 2702 1261 2769 misericordias,
1290 2700 1508 2773 quando
1535 2714 1702 2770 genus
1730 2700 2025 2754 humanum
2052 2692 2121 2749 de

520 2798 782 2857 servitute
816 2794 1094 2851 diabolica:
1123 2792 1422 2865 tyrannidis
1450 2790 1715 2861 eripuisti,
1746 2795 1801 2845 ct
1830 2803 1859 2843 a
1884 2782 2123 2858 peccatis

523 2888 640 2946 suis
670 2886 726 2943 in
752 2885 1018 2956 sanguine
1045 2891 1138 2940 tuo
1167 2883 1374 2940 electos
1403 2890 1523 2937 tuos
1551 2880 1748 2935 lavisti.
1791 2877 1961 2933 Lavet
1998 2890 2123 2931 san-

525 2980 648 3053 guis
693 2979 797 3035 iste
839 2984 1187 3049 peccatorum
1234 2990 1481 3031 meorum
1525 2972 1785 3037 maculas,
1813 2969 1905 3040 qui
1952 2968 2121 3023 totius

528 3068 714 3127 mundi
748 3067 927 3138 potuit
961 3065 1146 3122 delere
1182 3065 1414 3120 ollensas
1442 3062 1629 3133 (Apoc.
1656 3060 1733 3129 v).
1765 3058 1882 3114 Non
1912 3054 2124 3128 postulo

527 3175 561 3217 ιι
586 3167 644 3216 te
671 3172 886 3226 aurum,
909 3171 1019 3212 non
1048 3153 1254 3226 lapides
1280 3152 1572 3225 pretiosos,
1617 3166 1727 3206 non
1752 3148 2027 3204 laboribus
2070 3152 2127 3201 et

532 3249 826 3320 naufragiis
850 3248 1119 3320 exquisita
1142 3244 1489 3313 commercia,
1512 3258 1619 3301 non
1642 3240 1957 3314 peregrinas
1982 3254 2124 3297 mer-
2152 3256 2202 3325 ο

534 3359 628 3403 ces
655 3345 723 3401 de
751 3343 975 3400 remotis
1003 3350 1341 3398 terrenarum
1367 3337 1651 3408 regionum
1698 3334 1869 3391 multo
1912 3332 1981 3391 ad
2026 3349 2127 3392 nos

529 3436 839 3494 discrimine
862 3435 1088 3502 delatas,
1119 3447 1240 3504 qua:
1275 3434 1443 3488 etiam
1468 3430 1688 3487 fortium
1715 3442 1860 3500 saepe
1885 3427 2129 3485 virorum

527 3537 739 3586 mentes
766 3526 1098 3595 eileminant,
1145 3533 1202 3581 et
1245 3523 1391 3580 falsae
1435 3521 1849 3595 pulchritudinis
1894 3521 2130 3593 imagine

534 3619 741 3675 illectas
767 3616 1063 3689 captivam;
1086 3628 1277 3670 verum
1300 3612 1447 3684 quod
1480 3612 1731 3668 omnibus
1759 3610 1844 3667 bis
1871 3617 1956 3667 est
1991 3624 2129 3681 pra:-

530 3709 764 3767 stantius
799 3716 855 3763 et
877 3707 1165 3779 pretiosius
1186 3745 1202 3772 ,
1244 3704 1620 3761 remissionem
1649 3709 1997 3775 peccatorum
2030 3717 2129 3759 ex-

534 3807 684 3871 peto.
715 3796 845 3865 Qua:
883 3807 1010 3852 tunc
1034 3810 1162 3850 vera
1190 3809 1323 3851 esse
1336 3794 1650 3865 probabitur
1671 3831 1688 3858 ,
1719 3794 1763 3850 si
1794 3792 1976 3849 addito
2016 3790 2130 3848 fru-

535 3897 628 3945 ctu
673 3886 1022 3959 pceniteutiae,
1066 3884 1254 3954 gratiae
1297 3892 1403 3939 tuae
1443 3882 1754 3940 muneribus
1801 3884 2125 3940 cumulatur.

536 3979 677 4048 Quid
694 3978 840 4036 enim
865 3977 995 4033 mihi
1018 3977 1239 4049 prodest
1262 3975 1527 4032 malorum
1542 3990 1661 4047 qua:
1691 3975 1797 4032 feci
1818 3976 2126 4047 impunitas,

540 4073 642 4130 nisi
670 4073 833 4129 etiam
857 4072 997 4129 bene
1025 4068 1286 4143 operandi
1309 4070 1667 4139 subsequatur
1695 4068 1953 4124 facultas?

608 4162 788 4233 (Vcrs.
821 4162 902 4235 3.)
940 4161 1177 4233 Amplius
1206 4160 1324 4215 lava
1354 4176 1433 4214 me
1463 4157 1528 4212 ab
1554 4158 1826 4230 iniquitate
1851 4174 1986 4226 mea,
2016 4165 2067 4213 et
2095 4176 2127 4213 a

532 4264 740 4327 peccato
766 4272 878 4311 meo
905 4254 1102 4313 munda
1125 4268 1227 4308 me.

603 4347 655 4405 5.
698 4348 839 4415 Quid
882 4348 1115 4418 iniquius
1159 4360 1324 4416 quam
1352 4346 1586 4403 alienam
1623 4352 1964 4402 contrectare
1991 4358 2129 4400 uxo-

533 4440 688 4496 rem?
718 4438 903 4495 Virum
934 4438 1052 4509 ejus
1077 4452 1178 4495 nec
1205 4440 1467 4497 scientem
1493 4455 1595 4497 nec
1613 4439 2002 4512 lacrymantem
2034 4453 2127 4495 oc-

533 4535 753 4594 cidere?
780 4533 845 4588 Et
864 4534 969 4588 hoc
1007 4532 1226 4603 quidem
1252 4531 1457 4588 fecerat
1485 4531 1756 4603 Propheta
1783 4531 1849 4587 de
1873 4531 2127 4602 gregibus

2212 1953 2317 2008 hoc
2339 1951 2539 2022 quippe
2568 1956 2813 2005 torrente
2852 1946 3110 2017 scriptum
3140 1953 3223 2001 est
3253 1961 3269 1999 :
3300 1942 3559 1998 Fluminis
3588 1941 3807 2012 impetus

2214 2045 2447 2116 lwtiﬁcat
2468 2044 2723 2099 civitatem
2745 2040 2843 2097 Dei
2866 2040 3041 2108 (Psal.
3068 2056 3195 2107 va,
3217 2038 3295 2109 5).
3319 2035 3390 2092 Et
3415 2054 3447 2091 a
3467 2050 3680 2109 peccato
3701 2053 3807 2091 mea

2214 2135 2409 2190 munda
2434 2151 2535 2189 me.
2556 2130 2863 2203 lnquinavit
2879 2144 2965 2186 me
2990 2129 3289 2185 facinorum
3318 2124 3602 2192 colluvies,
3627 2125 3808 2196 polluit

2215 2225 2426 2298 peccati
2455 2223 2764 2293 contagium
2787 2262 2803 2289 ,
2834 2220 2932 2279 sed
2975 2218 3045 2275 ad
3078 2218 3282 2275 fontem
3310 2216 3561 2286 confugio
3609 2214 3808 2270 miseri-

2217 2317 2546 2375 cordiarum.
2574 2316 2777 2371 Potens
2806 2329 2865 2372 es
2894 2326 2983 2369 me
3010 2320 3067 2367 et
3095 2310 3163 2367 ab
3185 2310 3469 2380 iniquitate
3494 2307 3739 2374 abluere,
3764 2312 3809 2361 et

2218 2425 2249 2465 a
2274 2418 2501 2481 peccato
2517 2406 2798 2463 mundare.
2822 2404 3009 2476 Inique
3024 2402 3108 2473 egi
3125 2403 3467 2457 innocentem
3488 2398 3809 2469 opprimeus1

2218 2510 2504 2574 peccatum
2530 2499 2636 2556 feci
2685 2498 2817 2553 mihi
2847 2496 2951 2567 ipsi
2990 2510 3099 2551 non
3128 2506 3381 2566 parcens.
3424 2489 3651 2545 Sciebat
3679 2488 3810 2544 enim

2220 2593 2485 2665 propheta
2509 2590 2634 2662 quia
2664 2589 2974 2662 quicunque
2994 2585 3216 2643 molitur
3241 2582 3437 2638 laedere
3458 2580 3649 2644 alium,
3676 2580 3810 2651 print

2221 2685 2442 2759 proprio
2483 2683 2665 2754 jaculo
2704 2682 2939 2754 percutit
2976 2680 3345 2749 semetipsum.
3388 2674 3528 2743 Quid
3554 2673 3811 2730 crudelius

2223 2790 2382 2845 quam
2413 2773 2761 2845 semetipsum
2784 2770 3077 2828 occidere?
3117 2767 3173 2824 Si
3201 2782 3261 2822 os
3287 2764 3601 2821 mentientis
3630 2762 3811 2818 occidit

2226 2866 2480 2931 animam,
2510 2870 2715 2935 quanto
2739 2861 2911 2933 magis
2936 2859 3143 2931 gladius
3168 2855 3409 2913 ferientis
3429 2854 3726 2923 exstinguit
3743 2852 3809 2907 vi-

2226 2958 2382 3013 tam?
2412 2956 2566 3012 Unde
2594 2957 2853 3027 scriptum
2875 2961 2960 3011 est
2991 2971 3004 3007 :
3038 2950 3286 3007 Miserere
3327 2948 3517 3003 animle
3548 2954 3671 3010 tute,
3712 2945 3811 3015 pla-

2228 3064 2348 3104 cens
2376 3047 2487 3103 Deo
2517 3046 2707 3120 (Eccli.
2738 3063 2867 3112 xxx,
2898 3044 3015 3119 24).
3068 3042 3137 3098 Et
3164 3043 3357 3098 iterum
3388 3059 3401 3095 :
3436 3036 3539 3105 Qui
3594 3038 3693 3093 sibi
3728 3053 3813 3091 nc-

2228 3156 2383 3213 quam
2414 3130 2526 3205 est,
2571 3138 2654 3193 cui
2684 3138 2846 3193 bonus
2868 3136 3001 3192 erit?
3028 3134 3219 3204 (Eccli.
3248 3149 3362 3202 xlv,
3391 3129 3469 3203 5.)

2306 3231 2485 3305 (Vers.
2516 3230 2596 3302 4.)
2637 3228 2899 3295 Quoniam
2925 3228 3250 3300 iniquitatem
3279 3240 3448 3280 meam
3482 3240 3573 3295 ego
3611 3238 3815 3294 cogitas

2230 3342 2309 3394 σο,
2341 3335 2388 3381 ει
2415 3333 2679 3397 peccatum
2709 3340 2878 3378 meum
2899 3331 3081 3377 εοηινα
3106 3336 3189 3374 me
3216 3328 3292 3373 εει
3318 3333 3530 3387 semper.

2301 3417 2464 3490 496
2516 3415 2570 3470 4.
2626 3414 2790 3483 Quasi
2834 3413 3041 3470 diceret
3096 3429 3109 3466 :
3167 3410 3295 3467 Scio
3342 3424 3498 3481 quem
3540 3408 3819 3463 invocem.

2229 3507 2439 3565 Justum
2467 3506 2680 3571 invoco,
2710 3506 2801 3577 qui
2829 3513 2884 3560 et
2905 3511 3127 3575 peccata
3155 3503 3281 3559 odio
3306 3502 3491 3570 habet,
3517 3516 3565 3557 Ct
3601 3501 3704 3557 ista
3727 3501 3819 3554 im-

2229 3603 2419 3673 punita
2438 3616 2546 3656 non
2569 3600 2805 3655 dimittit.
2833 3596 2984 3653 Sicut
3010 3597 3126 3666 ejus
3154 3594 3582 3652 misericordiam
3607 3602 3819 3664 expeto,

2229 3691 2304 3748 ita
2340 3694 2504 3748 etiam
2549 3690 2815 3761 justitiam
2863 3689 3031 3760 ipsius
3076 3688 3318 3746 attendo.
3347 3687 3466 3743 Non
3506 3686 3585 3743 sic
3617 3686 3820 3757 postulc

2230 3786 2656 3846 misericordiam
2676 3786 2943 3857 accipere,
2963 3792 3022 3841 ut
3036 3784 3198 3840 velim
3218 3784 3287 3839 ab
3304 3799 3369 3839 eo
3388 3782 3651 3854 justitiam
3677 3799 3821 3839 suam

2232 3882 2466 3937 auferre.
2497 3880 2634 3936 Nolo
2659 3888 2718 3935 ut
2758 3887 3041 3950 peceatum
3078 3893 3257 3934 meum
3286 3887 3567 3933 remaneat
3593 3876 3821 3947 impuni-

2230 3982 2365 4031 tum.
2398 3972 2489 4029 Sic
2527 3970 2896 4028 misericordia
2941 3977 3027 4027 est
3067 3978 3127 4025 ut
3156 3970 3400 4042 peccanti
3439 3969 3721 4039 ignoscat;
3750 3969 3824 4024 sic

2224 4066 2431 4137 iustitia
2453 4073 2537 4121 est
2556 4072 2614 4121 ut
2632 4072 2915 4137 peccatum
2945 4062 3264 4134 impunitum
3288 4077 3397 4117 non
3426 4068 3693 4130 transeat.
3722 4058 3823 4115 Sed

2229 4160 2354 4232 quia
2394 4168 2678 4229 peccatum
2708 4172 2889 4214 meum
2935 4170 3038 4226 ego
3084 4156 3200 4227 ipse
3244 4169 3439 4227 paveo,
3488 4154 3613 4211 ideo
3659 4165 3718 4208 ut
3772 4162 3823 4207 tu

2229 4266 2318 4308 me
2346 4267 2454 4308 non
2478 4251 2671 4323 punias
2697 4258 2808 4306 tam
2835 4250 3208 4316 vehementer,
3239 4264 3431 4306 exoro.
3463 4247 3596 4303 Ideo
3626 4263 3823 4317 agnos.-

2228 4362 2313 4415 co,
2345 4330 2405 4401 ut
2434 4354 2491 4401 tu
2519 4346 2786 4414 ignoscas.
2816 4343 2959 4413 Ergo
2980 4344 3238 4401 miserere
3266 4342 3394 4406 mei,
3420 4341 3561 4407 lava,
3597 4342 3819 4410 munda,

2231 4436 2489 4516 Quoniam
2514 4438 2833 4507 iniquitatem
2872 4452 3040 4490 meam
3078 4451 3171 4506 ego
3202 4450 3424 4506 agnosco
3444 4475 3460 4500 ,
3483 4443 3532 4487 et
3558 4444 3819 4502 peccatum

2227 4546 2396 4585 meum
2429 4538 2609 4585 contra
2642 4544 2721 4582 me
2739 4536 2817 4583 est
2845 4544 3063 4598 semper.
3093 4526 3212 4582 Non
3239 4526 3393 4596 posui
3415 4540 3583 4594 super
3604 4525 3817 4580 dorsum

532 4628 716 4685 ovium
743 4625 1018 4692 sublatus,
1044 4624 1114 4681 de
1144 4632 1269 4695 post
1296 4623 1528 4681 fetantes
1573 4625 1641 4679 ad
1680 4624 1831 4694 regni
1858 4623 2125 4693 guberna-
2152 4638 2208 4702 D
2232 4621 2375 4694 quod
2404 4622 2529 4684 feci,
2561 4636 2671 4676 non
2701 4620 2916 4676 intueor
2942 4620 3076 4675 alios
3104 4618 3303 4675 oblitus
3329 4616 3460 4673 mei.
3490 4615 3611 4672 Non
3633 4616 3820 4672 allecto

529 4718 653 4777 cula
680 4724 1009 4786 assumptus,
1038 4715 1284 4787 corporis
1308 4713 1623 4771 fortitudine
1650 4714 1928 4785 praeditus,
1959 4716 2119 4785 spiri-

529 4811 655 4866 talis
678 4809 865 4880 gratim
893 4809 1049 4865 donis
1090 4808 1444 4864 illuminatus.
1478 4806 1582 4874 Qui
1602 4814 1763 4862 tanto
1792 4807 2005 4876 gravius
2032 4822 2121 4863 ce-

528 4903 763 4969 ciderat,
796 4908 1003 4972 quanto
1033 4900 1232 4956 celsius
1261 4907 1318 4956 et
1341 4898 1494 4969 regni
1521 4898 1694 4967 gloria
1720 4907 1775 4954 et
1803 4898 2122 4955 excellentia

530 4995 783 5049 virtutum
823 4992 1035 5049 caeteris
1059 4990 1466 5064 praeminebat.
1490 4987 1687 5045 Gloriae
1716 5004 1949 5059 namque
1986 5005 2122 5061 prm-

529 5085 772 5140 cedentis
794 5082 1144 5155 praeconium,
1169 5082 1442 5152 sequentis
1463 5081 1633 5151 culpae
1653 5080 1870 5136 adauxit
1889 5089 2117 5138 reatum.

528 5172 700 5231 Tanto
729 5175 869 5231 enim
916 5175 1144 5245 quisque
1190 5174 1405 5243 gravius
1455 5173 1679 5239 corruit,
1726 5182 1927 5244 quanto
1971 5184 2121 5231 ante-

526 5282 687 5337 quam
711 5267 951 5333 caderet,
971 5268 1025 5323 in
1055 5275 1349 5338 conspectu
1378 5266 1473 5323 Dei
1502 5265 1661 5322 altius
1680 5267 1940 5323 ascendit.
1968 5267 2121 5325 Dicat

526 5372 653 5426 ergo
681 5358 953 5426 :Amplius
976 5358 1093 5413 lava
1116 5374 1199 5413 me
1226 5356 1291 5412 ab
1318 5356 1585 5429 iniquitate
1615 5372 1748 5411 mea.
1791 5354 1969 5413 Prosit
2018 5358 2121 5413 mi-

530 5446 602 5513 hi,
636 5449 883 5519 Domine,
914 5450 1058 5520 quod
1102 5451 1268 5505 cecidi
1296 5466 1310 5505 :
1342 5450 1592 5505 laventur
1619 5463 1741 5506 cum
1779 5448 1881 5504 hac
1907 5448 2116 5505 macula

531 5548 669 5593 notae
696 5540 1034 5610 delictorum,
1066 5556 1199 5611 quas
1225 5542 1489 5599 hactenus
1517 5540 1748 5611 neglexi.
1783 5537 1937 5611 Saepe
1968 5556 2118 5596 nam-

599 5744 624 5773 η
657 5733 1237 5817 Suspicor-legendum,
1259 5754 1413 5817 quam
1432 5739 1717 5817 districtus,
1739 5744 1883 5817 quod
1911 5741 2117 5799 centies

533 5808 672 5865 apud
701 5803 1019 5866 Gregorium
1047 5803 1349 5877 legitur,'et
1374 5810 1496 5866 huic
1512 5811 1644 5868 loco
1666 5803 1900 5871 maxime
1921 5828 2119 5871 conve-

2227 4712 2295 4768 de
2325 4710 2481 4766 oculo
2520 4708 2701 4764 fratris
2740 4707 3001 4764 festucam
3022 4708 3239 4778 ejicere,
3284 4714 3338 4762 et
3366 4706 3575 4761 trabem
3606 4720 3725 4776 qua:
3768 4706 3817 4761 in

2172 4856 2181 4866 ,
2228 4803 2388 4861 oculo
2424 4816 2549 4858 meo
2597 4809 2711 4866 est,
2754 4816 2861 4856 non
2911 4799 3276 4856 considerare.
3324 4797 3609 4854 Peccatum
3656 4814 3818 4852 meum

2228 4903 2409 4950 contra
2438 4910 2521 4948 me
2566 4901 2643 4948 est
2673 4908 2890 4963 semper.
2922 4891 3236 4962 Quicunque
3266 4890 3698 4947 misericordiam
3730 4888 3815 4943 Dei

2228 4988 2472 5045 invenire
2496 4986 2801 5052 desiderat,
2845 4998 3066 5041 necesse
3094 4993 3176 5039 est
3205 4992 3265 5039 ut
3288 4984 3398 5053 jam
3426 4983 3666 5052 graviter
3689 4998 3814 5054 pec-

2228 5088 2347 5134 cata
2374 5085 2660 5148 agnoscat,
2685 5077 2872 5148 puniat
2891 5076 3077 5146 culpas
3105 5074 3346 5140 ﬂetibus,
3380 5075 3572 5130 faciem
3608 5075 3809 5130 Domini

2228 5170 2282 5224 in
2313 5167 2652 5226 confessione
2693 5166 3010 5238 prmveniat,
3042 5172 3211 5235 ponat
3248 5172 3374 5219 ante
3424 5163 3605 5218 cordis
3633 5163 3810 5219 oculos

2227 5270 2285 5319 et
2309 5262 2497 5331 culpas
2524 5260 2705 5331 Operis
2725 5301 2741 5328 ,
2771 5267 2825 5315 ct
2853 5258 3051 5313 ultima:
3091 5264 3354 5311 terrorem
3384 5252 3810 5309 animadversio-

2228 5357 2343 5423 nis;
2375 5363 2571 5427 penset
2597 5363 2624 5391 α
2647 5368 2808 5423 quam
2842 5351 3103 5407 discretus
3122 5345 3288 5417 judex
3329 5345 3533 5413 veniat,
3570 5345 3657 5415 qui
3693 5343 3808 5398 ideo

2225 5458 2539 5522 peccatores
2567 5446 2828 5511 sustinet,
2862 5452 2917 5497 ut
2947 5443 3023 5497 eis
3050 5440 3325 5497 conversis
3368 5438 3545 5494 minus
3578 5436 3806 5493 inveniat

2227 5541 2371 5615 quod
2396 5538 2741 5597 condemnet.
2770 5534 3034 5592 Ascendet
3061 5533 3301 5589 tribunal
3322 5534 3519 5589 mentis
3539 5546 3649 5592 sua:
3675 5546 3802 5589 con-

2225 5745 2322 5813 nit,
2348 5744 2436 5800 ubi
2458 5743 2527 5803 de
2544 5740 2831 5800 severitate
2855 5736 3048 5798 summi
3065 5737 3261 5809 iudicis
3287 5739 3489 5813 agitur.
