4038 6338
284 360 393 425 585

989 355 1057 413 IN
1094 353 1371 413 SEPTEM
1411 349 1661 411 PSALM.
1702 345 1961 411 PiENlT.
2004 345 2387 405 EXPOSITIO.
2424 376 2497 389 —
2534 343 2725 403 PSAL.
2766 342 2855 401 IV.

3462 344 3568 402 586

283 479 473 535 stituat
492 487 554 531 se
582 478 707 533 ante
738 484 818 539 80.
840 468 1019 526 Videat
1047 470 1342 528 Ῑωάίιθιθω
1363 485 1517 525 suam
1538 477 1597 525 ιιι
1617 468 1873 537 corrigat.
1905 472 1959 531 Α
1978 484 2191 555 lapsum
2219 482 2617 555 reparationem
2657 481 2796 546 fieri,
2827 485 2882 534 et
2904 475 3277 533 remissionem
3317 485 3569 547 peccato-

286 585 355 625 ne
388 567 577 624 volens
605 564 822 621 tandem
855 564 1033 619 videat
1062 571 1116 619 et
1145 563 1446 618 erubescat.
1475 558 1558 618 Sit
1586 561 1687 616 sibi
1709 560 1878 631 judex

287 659 661 728 incorruptus,
694 664 942 727 torqueat
964 672 1085 711 enm
1116 656 1293 723 timor,
1320 653 1877 725 erumpatconfessio,

287 758 349 807 ut
400 766 523 806 cum
570 747 843 820 Propheta
890 749 1061 820 possit
1098 746 1277 804 dicere
1324 746 1437 803 Deo
1480 764 1492 800 :
1544 744 1879 818 Iniquitatem

287 856 453 894 meam
485 856 579 910 ego
608 855 879 909 cognosco.

362 932 539 1003 (Vers.
561 929 637 1001 5.)
663 929 776 984 Tibi
790 929 1124 1000 soli'peccavi,
1153 935 1199 984 et
1221 927 1415 983 malum
1436 936 1671 985 coramte
1692 928 1808 999 feci,
1824 936 1881 981 ut

281 1022 583 1096 justiﬁeeris
604 1025 660 1077 in
687 1024 1006 1078 sermnibus
1040 1024 1164 1095 luis,
1189 1031 1239 1077 et
1268 1022 1442 1076 vincas
1464 1038 1580 1075 cum
1601 1021 1878 1094 judicaris.

360 1114 412 1170 5.
455 1116 629 1171 Homo
675 1116 881 1172 homini
923 1133 1032 1172 non
1076 1128 1294 1188 peccat,
1326 1122 1449 1192 quia
1489 1135 1613 1175 eum
1655 1124 1748 1171 aut
1786 1130 1884 1187 par

290 1216 385 1263 aut
412 1208 627 1278 gravior
652 1208 811 1280 culpa
842 1208 1106 1279 inquinat.
1133 1210 1277 1268 Dens
1304 1212 1452 1267 solus
1476 1211 1623 1281 juste
1656 1216 1885 1282 peccata

290 1299 589 1366 ulciscitur,
620 1302 745 1373 quia
772 1301 888 1372 ipse
931 1301 1077 1357 solus
1103 1312 1203 1369 est,
1238 1302 1293 1358 in
1322 1318 1431 1374 quo
1458 1318 1568 1359 non
1597 1310 1778 1374 potest
1802 1301 1886 1356 in-

290 1396 467 1452 veniri
491 1395 636 1466 quod
665 1398 936 1465 puniatur.
968 1394 1105 1463 Quia
1131 1410 1259 1466 ergo
1305 1397 1453 1453 solus
1494 1396 1635 1451 Deus
1674 1396 1883 1466 parcit,

291 1488 445 1544 solus
469 1487 615 1557 juste
634 1486 870 1556 judicat;
902 1488 1076 1559 ipsum
1105 1488 1278 1543 solum
1301 1486 1534 1543 ostendit
1555 1488 1644 1556 qui
1673 1493 1882 1557 peccat.

290 1576 413 1644 Quo
441 1577 585 1633 enim
613 1593 675 1635 se
700 1578 928 1651 quisque
948 1578 1225 1650 peccando
1254 1578 1569 1635 dissimilem
1589 1576 1701 1633 Deo
1728 1576 1882 1642 facit,

290 1683 360 1724 eo
404 1670 737 1725 tremendam
767 1670 988 1740 superni
1023 1669 1219 1740 judicis
1261 1669 1597 1739 majestatem
1643 1666 1885 1724 oll‘endit.

292 1758 506 1815 Clamet
544 1774 673 1829 ergo
714 1759 781 1815 ad
820 1759 987 1815 Deum
1014 1770 1290 1831 peccator,
1325 1760 1521 1816 clamet
1549 1759 1887 1830 iniquitatnm

1980 590 2101 630 rum
2131 576 2330 630 nemini
2372 575 2601 631 dandam
2632 579 2898 628 astrunnt.
2932 570 3100 639 Quos,
3135 569 3181 624 si
3211 569 3339 623 mihi
3376 584 3574 638 pecca-

1982 676 2095 723 tum
2136 668 2441 734 remiseris,
2485 668 2633 721 velut
2674 665 3023 720 fabricatores
3067 662 3331 717 mendacii
3360 669 3415 716 et
3458 678 3578 730 per-
3656 692 3663 695 Α

1981 774 2259 815 versorum
2288 759 2599 828 dogmatum
2628 756 2864 812 cultores
2894 754 3192 825 superabis.
3219 752 3315 807 Vel
3340 752 3579 822 justifica

1983 867 2089 919 me,
2117 862 2174 906 ut
2187 853 2491 924 justiﬁceris
2518 853 2573 906 in
2608 850 2925 906 sermonibus
2956 850 3077 904 tuis.
3106 846 3408 902 Promisisti
3428 846 3577 901 enim

1984 942 2129 1013 quod
2157 944 2224 998 de
2251 944 2419 1013 stirpe
2452 958 2573 997 mea
2610 956 2826 997 carnem
2856 940 2930 997 sis
2959 946 3353 1010 assumpturus;
3394 936 3491 992 sed
3532 934 3579 992 si

1985 1050 2072 1090 me
2101 1033 2168 1089 de
2197 1041 2349 1089 tanto
2380 1049 2486 1089 non
2518 1032 2775 1089 emundes
2803 1032 3037 1098 scelere,
3079 1030 3149 1085 de
3183 1029 3336 1099 cujus
3371 1028 3581 1084 semine

1989 1140 2208 1181 carnem
2250 1140 2493 1180 assumas
2531 1124 2718 1180 videor
2758 1124 3022 1192 indignus.
3076 1122 3160 1176 Tu
3187 1122 3343 1189 ,enim
3385 1136 3445 1176 es
3486 1119 3579 1189 qui

1987 1217 2169 1275 dixisti
2214 1236 2227 1272 :
2275 1218 2355 1272 De
2382 1221 2553 1290 fructu
2597 1219 2789 1273 ventris
2831 1218 2903 1271 tui
2956 1233 3148 1287 ponam
3193 1232 3349 1287 super
3404 1213 3581 1269 sedem

1988 1315 2131 1363 tuam
2177 1310 2350 1381 (Psal.
2404 1324 2595 1377 cxxxt,
2656 1308 2768 1381 11).
2832 1306 2978 1363 Lava
3026 1323 3114 1363 me
3154 1308 3221 1361 ab
3273 1307 3580 1376 iniquitate,

1990 1413 2060 1453 ne
2088 1397 2186 1454 sim
2217 1398 2495 1453 fraudatus
2520 1413 2550 1452 a
2574 1396 2955 1468 promissione.
2983 1393 3053 1449 Et
3073 1396 3248 1450 vincas
3288 1412 3402 1451 cum
3435 1395 3587 1466 judi-

1988 1488 2145 1542 caris.
2176 1486 2451 1543 Judicatus
2479 1486 2737 1543 Dominus
2762 1486 2912 1554 vicit,
2936 1486 3060 1557 quia
3088 1484 3227 1540 unde
3248 1486 3302 1539 in
3332 1485 3586 1555 passione

1990 1581 2310 1649 succubuit,
2356 1581 2482 1636 inde
2528 1581 2793 1651 majorem
2844 1580 2929 1638 sui
2976 1579 3203 1649 gloriam
3251 1577 3587 1646 resurgendo

1990 1671 2372 1728 manifestavit.
2404 1671 2685 1729 Judicatus
2711 1672 2861 1739 vicit,
2885 1671 3012 1741 quia
3032 1685 3261 1740 quorum
3284 1669 3351 1723 ad
3376 1676 3592 1738 tempus

1989 1763 2254 1833 judicium
2279 1765 2565 1821 moriendo
2586 1765 2774 1829 subiit,
2797 1779 2893 1820 eos
2930 1764 3078 1835 justo
3094 1762 3297 1833 judicio
3325 1760 3590 1816 condem-

291 1866 512 1908 suarum
558 1852 827 1919 conscius,
872 1851 1069 1909 clamet
1089 1850 1340 1907 medullis
1378 1851 1579 1921 cordis,
1609 1858 1665 1906 et
1691 1849 1835 1905 dicat
1873 1866 1886 1903 ;
1921 1861 1971 1921 Β
1995 1863 2153 1912 .atos
2172 1864 2373 1911 acterna
2404 1866 2581 1911 mone
2604 1854 2905 1911 mulctavit.

294 1942 409 1999 Tibi
437 1946 537 2000 soli
566 1946 794 2016 peccari,
826 1946 952 2017 quia
984 1952 1040 2001 tu
1080 1945 1229 2002 solus
1266 1960 1326 2001 es
1368 1944 1486 2001 sine
1515 1950 1739 2016 peccato
1782 1959 1796 1997 :
1843 1948 1893 1996 et

256 2038 489 2092 'mabum
537 2056 714 2093 coram
754 2047 802 2092 te
844 2039 962 2109 feci.
1011 2038 1095 2094 Ab
1162 2038 1283 2093 aliis
1345 2036 1563 2109 quidem
1610 2043 1895 2108 peccatum

295 2145 474 2185 meum
505 2131 741 2199 ignorari
767 2131 1032 2201 potuit,te
1059 2138 1239 2187 autem
1265 2130 1437 2187 latere
1457 2127 1896 2201 nequivit.Pene-

299 2224 545 2280 trabilior
572 2225 715 2280 enim
751 2225 900 2281 omni
928 2225 1106 2295 gladio
1144 2225 1397 2297 ancipiti,
1439 2231 1695 2295 penetras
1723 2237 1897 2295 usque

298 2314 369 2369 ad
396 2315 714 2372 divisionem
743 2316 937 2371 animae
971 2325 1027 2372 et
1054 2317 1276 2388 spiritus
1301 2358 1317 2387 ,
1348 2326 1563 2372 artuum
1597 2330 1816 2386 quoque
1842 2322 1898 2371 et

299 2408 696 2475 medullarum,
749 2415 805 2465 et
843 2408 1108 2465 discretor
1147 2424 1207 2465 es
1253 2408 1642 2478 cogitationum
1694 2407 1893 2464 cordis.

300 2496 459 2555 Nulla
488 2510 736 2558 creatura
763 2502 819 2557 in
850 2510 1147 2574 conspectu
1188 2510 1282 2558 tuo
1311 2510 1395 2557 est
1422 2500 1701 2557 invisibilis
1726 2518 1738 2554 :
1771 2500 1897 2571 quia

304 2593 489 2648 omnia
514 2592 655 2648 nuda
678 2601 733 2649 et
756 2602 945 2665 aperta
974 2601 1101 2650 sunt
1126 2593 1295 2650 oculis
1326 2594 1430 2649 tuis
1461 2591 1650 2665 (Hebr.
1681 2608 1758 2659 ιν,
1781 2590 1896 2659 15).

302 2682 362 2739 In
389 2692 599 2741 tantum
649 2701 709 2742 es
756 2687 872 2742 sine
913 2697 1158 2758 peccato,
1211 2695 1271 2741 ut
1313 2686 1475 2742 etiam
1494 2686 1801 2759 justiﬁceris
1842 2684 1901 2739 in

303 2777 624 2834 sermonibus
653 2780 777 2849 tuis,
807 2789 856 2835 et
880 2780 1054 2835 vincas
1076 2797 1190 2835 cum
1211 2780 1489 2851 judicaris.
1516 2778 1717 2835 Scribit
1754 2776 1902 2848 Apo-

305 2870 498 2935 stolus,
531 2871 751 2928 dicens:
784 2869 879 2927 Est
908 2880 1079 2927 autem
1108 2872 1249 2927 Deus
1274 2888 1432 2927 verax
1452 2914 1467 2940 ,
1518 2873 1686 2927 omnis
1730 2880 1903 2924 autem

308 2960 460 3016 homo
490 2962 717 3017 mendax
745 2980 763 3028 ς
791 2963 923 3018 sicut
970 2964 1217 3033 scriptum
1263 2972 1342 3018 est
1371 2978 1389 3017 :
1416 2972 1473 3016 ut
1495 2962 1800 3034 justi/iceris
1847 2962 1904 3017 in

308 3054 630 3111 sermonibus
660 3058 758 3111 tuis
790 3056 968 3130 (Rom.
997 3072 1074 3124 nt,
1096 3055 1176 3128 4).
1208 3056 1265 3111 Si
1292 3056 1434 3113 Deus
1462 3071 1628 3112 verax
1654 3063 1765 3124 est,
1804 3069 1904 3111 ne-

310 3147 548 3203 cessario
578 3147 631 3203 in
661 3147 841 3205 verbis
869 3149 981 3204 suis
1004 3148 1182 3218 justus
1213 3159 1315 3205 est.
1367 3147 1502 3204 Nam
1540 3149 1585 3204 si
1614 3149 1669 3203 in
1698 3162 1906 3204 sermo-

2071 1946 2247 2017 (Vers.
2270 1945 2347 2017 6.)
2384 1945 2522 2001 Ecce
2547 1948 2684 2001 enim
2704 1948 2759 2000 in
2780 1944 3135 2015 iniquitatibus
3160 1952 3434 2014 conceptus
3454 1960 3591 2013 sum,

1996 2046 2047 2093 st
2084 2039 2139 2093 in
2168 2039 2389 2108 peccatis
2429 2040 2663 2110 concepit
2708 2055 2790 2093 me
2831 2046 3001 2093 mater
3024 2055 3159 2093 mea.

2070 2130 2124 2186 7.
2149 2127 2297 2201 Opus
2318 2139 2422 2195 est,
2447 2131 2693 2198 Domine,
2711 2139 2773 2185 ut
2793 2130 3117 2196 miserearis,
3134 2129 3259 2200 quia
3283 2129 3351 2185 ab
3373 2129 3599 2185 ineunte

1998 2222 2125 2280 vitae
2151 2223 2442 2293 primordis
2470 2221 2526 2281 in
2554 2223 2765 2294 peccati
2785 2220 2998 2278 foveam
3023 2222 3207 2287 incidi,
3231 2229 3287 2277 et
3312 2220 3600 2291 concupis-

1998 2316 2191 2372 centia:
2232 2314 2469 2370 carnalis
2514 2314 2763 2370 sordibus
2808 2314 3086 2384 inquinata
3134 2312 3429 2368 nativitatis
3462 2326 3604 2367 mea

1998 2410 2150 2466 initia
2177 2411 2446 2466 contraxi.
2477 2410 2596 2466 Non
2632 2410 2686 2465 in
2714 2425 2802 2466 me
2829 2410 2919 2464 illa
2939 2424 3101 2479 quam
3128 2408 3340 2465 naviter
3367 2407 3601 2477 admisi,

1999 2504 2114 2560 sola
2144 2504 2288 2574 viget
2316 2505 2571 2575 iniquitas
2604 2523 2616 2560 :
2648 2504 2825 2561 habeo
2866 2504 2921 2559 in
2968 2520 3057 2560 me
3102 2504 3269 2560 etiam
3318 2519 3387 2561 ex
3426 2501 3602 2559 veteri

2000 2597 2145 2665 quod
2175 2596 2461 2666 ignoscas:
2492 2594 2631 2651 Ecce
2673 2597 2809 2651 enim
2830 2598 2885 2650 in
2917 2596 3279 2669 iniquitatibus
3328 2604 3603 2667 conceptus

2002 2703 2135 2742 sunt.
2166 2688 2285 2745 Non
2310 2689 2433 2745 ideo
2454 2689 2701 2745 homines
2721 2690 2773 2745 in
2798 2689 3036 2759 peccatis
3056 2689 3453 2760 concipiuntur,
3476 2687 3605 2758 quia

2004 2786 2290 2851 peccatum
2319 2780 2389 2835 sit
2418 2780 2739 2851 conjugihus
2763 2781 3127 2846 commisceri;
3160 2782 3268 2836 hoc
3290 2782 3435 2836 enim
3468 2794 3613 2850 opus

2005 2877 2214 2927 cestum
2244 2886 2353 2926 non
2392 2872 2557 2927 habet
2596 2873 2810 2941 culpam
2850 2872 2905 2926 in
2938 2872 3187 2940 conjuge,
3215 2871 3342 2940 quia
3366 2869 3614 2939 nuptiale

2006 2959 2181 3017 foedus
2201 2978 2308 3018 non
2336 2963 2608 3019 exorbitat
2636 2979 2667 3017 a
2696 2962 2818 3018 lide.
2843 2960 2986 3017 Dens
3009 2961 3153 3017 enim
3176 2960 3422 3031 copulam
3446 2959 3613 3015 mari-

2009 3054 2173 3110 talem
2198 3054 2449 3124 instituit,
2471 3056 2687 3125 quando
2717 3051 3012 3111 masculum
3034 3062 3089 3108 et
3109 3051 3365 3107 feminam
3387 3051 3441 3105 in
3463 3048 3616 3120 prin-

2011 3146 2153 3219 cipio
2182 3149 2406 3204 creavit.
2436 3146 2538 3214 Qui
2559 3148 2778 3218 quidem
2807 3148 2926 3203 sine
2951 3154 3178 3217 peccato
3204 3144 3342 3200 ﬁlios
3365 3142 3619 3210 ederent,

310 3238 471 3295 nibus
499 3240 610 3297 suis
639 3241 772 3298 falsa
802 3242 944 3299 veris
975 3244 1271 3309 insereret,
1313 3243 1491 3313 justus
1533 3244 1756 3301 omnino
1797 3259 1907 3300 non
1934 3253 1979 3316 ο
2011 3243 2057 3298 si
2088 3242 2142 3297 in
2163 3242 2412 3313 paradiso
2440 3241 2619 3311 positi,
2658 3243 2712 3296 in
2743 3239 3050 3296 Conditoris
3077 3236 3384 3294 obedientia
3414 3235 3617 3305 persti-

312 3340 479 3387 esset.
507 3332 615 3389 Sed
638 3333 778 3390 absit
816 3350 847 3389 a
888 3333 1122 3393 fidelium
1152 3334 1436 3405 cordibus,
1466 3344 1524 3392 ut
1550 3352 1671 3393 esse
1698 3337 1751 3392 in
1794 3336 1907 3394 Deo

311 3424 657 3482 mendacium
679 3434 949 3498 putemus.
978 3428 1179 3484 Fidelis
1202 3430 1347 3485 enim
1368 3438 1445 3485 est
1465 3431 1520 3484 in
1542 3431 1778 3485 omnibus
1798 3447 1910 3485 ver-

314 3510 395 3568 bis
438 3518 582 3581 suis,
630 3526 681 3571 et
706 3527 915 3573 sanctus
961 3519 1017 3572 in
1064 3518 1297 3574 omnibus
1326 3520 1562 3588 aperibus
1597 3521 1704 3575 suis
1737 3520 1909 3590 (Psal.

314 3621 501 3675 cxuv,
532 3607 619 3676 15)
638 3649 653 3675 ,
677 3608 819 3664 sicut
848 3608 964 3679 ipse
985 3610 1147 3666 etiam
1175 3610 1288 3665 ait:
1312 3609 1507 3665 Cwlum
1528 3619 1575 3665 et
1598 3618 1738 3665 terra
1769 3618 1914 3664 tran-

314 3700 516 3765 sibunt,
548 3698 701 3753 verba
730 3709 901 3755 autem
938 3717 1053 3756 mea
1081 3719 1187 3757 non
1210 3702 1501 3757 transibunt
1525 3701 1740 3773 (Matth.
1767 3716 1913 3769 xxiv,

317 3790 440 3862 '55).
468 3789 636 3846 Deum
653 3806 783 3862 ergo
796 3794 994 3850 veritas
1017 3795 1296 3866 justilicat,
1323 3796 1597 3852 hominem
1623 3810 1918 3851 veromen—

320 3877 539 3936 dacium
561 3882 905 3940 condemnat.
921 3883 1177 3956 Sequitur
1201 3904 1214 3940 :
1243 3886 1307 3941 Et
1329 3888 1504 3942 vincas
1520 3903 1633 3941 cum
1637 3885 1916 3958 judicaris.

396 3971 451 4028 6.
492 3972 831 4032 Praevidebat
860 3976 1129 4050 PrOpheta
1156 3978 1324 4033 Deum
1346 3980 1398 4034 in
1422 3993 1583 4035 carne
1611 3986 1915 4043 venturum,

325 4066 424 4137 qui
449 4067 685 4126 humano
713 4072 1156 4128 condemnandus
1181 4081 1325 4128 esset
1360 4072 1584 4141 judicio,
1619 4080 1679 4129 ut
1703 4080 1921 4127 :eterna:

328 4160 522 4216 mortis
550 4161 715 4218 homo
742 4173 955 4219 careret
1002 4172 1295 4232 tormento;
1338 4164 1568 4235 ideoque
1611 4164 1772 4236 497
1802 4164 1917 4217 ait:

334 4244 405 4305 Et
431 4252 604 4308 vincas
650 4270 765 4308 cum
799 4255 1076 4327 judicaris.
1111 4257 1275 4324 Quasi
1322 4256 1529 4313 diceret
1561 4274 1574 4309 :
1605 4254 1804 4311 Omnes
1831 4254 1923 4325 qui

327 4340 555 4412 judicati
579 4352 722 4411 sunt,
755 4347 917 4401 etiam
947 4348 993 4402 si
1022 4347 1248 4403 multum
1279 4346 1479 4401 fuerint
1505 4346 1560 4401 in
1586 4346 1786 4401 virtute
1806 4362 1929 4416 pro-

333 4433 497 4502 vecti,
532 4451 641 4491 non
662 4437 881 4493 omnino
912 4436 1111 4507 injuste
1152 4437 1432 4492 subierunt
1476 4435 1767 4506 judicium,
1798 4437 1925 4506 quia

2011 3334 2204 3388 tissent
2225 3332 2380 3404 (Gen.
2411 3348 2450 3401 ι,
2478 3330 2591 3401 28).
2615 3330 2722 3385 Sed
2750 3330 2876 3399 quia
2905 3346 2936 3383 a
2965 3337 3110 3383 statu
3137 3326 3472 3382 rectitudinis
3498 3324 3618 3395 pri-

2012 3440 2134 3480 mus
2160 3425 2323 3480 homo
2350 3423 2627 3493 peccando
2657 3423 2881 3487 corruit,
2906 3420 3113 3492 peccati
3142 3434 3358 3493 pinnam
3378 3421 3444 3472 ad
3473 3417 3626 3474 ﬁlios

2013 3514 2179 3570 misit.
2203 3513 2446 3570 Carnalis
2470 3514 2615 3568 enim
2641 3512 2931 3568 delectatio
2957 3527 3117 3582 paena
3147 3511 3356 3581 peccati
3379 3518 3480 3589 est;
3497 3524 3625 3579 quas

2016 3625 2085 3665 ex
2124 3609 2307 3664 radice
2352 3608 2561 3679 peccati
2608 3607 2681 3663 ita
2711 3608 3065 3673 contrahitur,
3099 3613 3157 3660 ut
3196 3604 3373 3660 nullus
3414 3603 3627 3673 absque

2018 3699 2107 3754 illa
2148 3700 2203 3754 in
2231 3699 2430 3753 mundo
2457 3704 2763 3768 generetur.
2796 3695 2906 3752 Sed
2943 3695 3084 3751 sicut
3127 3694 3182 3749 in
3230 3693 3402 3749 Adam
3430 3706 3628 3748 omnes

2018 3789 2342 3856 moriuntur,
2392 3789 2466 3844 ita
2507 3797 2564 3844 et
2611 3788 2665 3842 in
2709 3786 2925 3843 Christo
2965 3801 3158 3842 omnes
3208 3783 3629 3839 viviﬁcabuntur

2020 3880 2073 3952 (Ι
2101 3880 2219 3937 Cor.
2244 3884 2345 3952 x1).
2368 3878 2703 3937 Conﬁteatur
2722 3893 2850 3948 ergo
2872 3878 3139 3948 paenitens
3158 3875 3226 3931 de
3257 3876 3413 3945 culpa
3434 3883 3459 3911 ι
3475 3872 3626 3944 quod

2020 3973 2238 4041 meruit,
2273 3980 2343 4028 ut'
2355 3972 2613 4043 consequi
2643 3970 2824 4026 valeat
2851 3970 2920 4025 de
2946 3969 3103 4025 venia
3133 3966 3277 4036 quod
3306 3965 3473 4034 cupit.

2098 4064 2275 4134 (Vers.
2309 4062 2387 4135 7.)
2428 4062 2564 4119 Ecce
2591 4064 2729 4117 enim
2758 4064 3021 4116 veritatem
3052 4060 3326 4123 dilexisti;
3348 4058 3544 4109 incerta
3573 4057 3629 4109 et

2024 4158 2227 4214 occulta
2256 4159 2526 4229 sapientia:
2557 4166 2658 4211 tuae
2693 4154 3042 4225 manifestasti
3084 4151 3231 4205 mihi.

2098 4249 2151 4304 8.
2193 4250 2319 4307 Ideo
2350 4251 2463 4306 vias
2492 4264 2639 4305 meas
2667 4263 2696 4300 a
2726 4246 2991 4316 principio
3032 4258 3217 4314 arguo,
3252 4249 3474 4313 peccata
3502 4255 3631 4297 mea

2030 4359 2131 4416 ego
2162 4346 2277 4415 ipse
2298 4345 2627 4412 condemno,
2656 4342 2780 4411 quia
2810 4341 3096 4397 veritatem
3127 4340 3381 4396 dilexisti.
3413 4339 3634 4395 Verita-

2030 4446 2141 4494 tem
2172 4437 2311 4492 Deus
2335 4435 2523 4502 diligit,
2555 4433 2681 4505 quia
2721 4432 2837 4489 sine
2864 4434 3071 4488 ultione
3098 4433 3351 4489 delictum
3379 4447 3489 4487 non
3532 4431 3624 4487 de-

336 4530 623 4597 antequam
671 4525 1059 4597 judicarentur,
1106 4526 1288 4599 aliquo
1327 4528 1489 4584 modo
1538 4520 1931 4584 commiserunt
2004 4576 2008 4581 .
2032 4533 2183 4589 serit.
2209 4533 2315 4586 Aut
2343 4530 2486 4589 enim
2510 4530 2616 4584 hoc
2645 4529 2808 4584 homo
2838 4530 2893 4585 in
2921 4545 2981 4586 se
3010 4530 3237 4601 puniens
3265 4528 3633 4601 persequitur,

335 4624 641 4685 peccatum,
676 4624 732 4673 tu
757 4634 912 4688 vero,
952 4635 1075 4675 cum
1121 4620 1311 4675 mortis
1345 4618 1555 4689 injustas
1600 4621 1927 4677 sententiam
1956 4602 2010 4663 Ῑ)
2034 4635 2125 4680 aut
2151 4623 2493 4695 postmodum
2514 4623 2655 4679 Deus
2675 4621 2915 4678 districto
2932 4624 3179 4679 examine
3200 4622 3493 4680 ulciscitur.
3506 4621 3639 4676 Sive

337 4706 643 4776 acceperis,
672 4707 797 4778 quia
828 4710 977 4765 solus
1006 4710 1168 4765 homo
1197 4710 1337 4765 inter
1363 4710 1609 4767 homines
1647 4712 1717 4767 ab
1758 4710 1932 4767 omni-

337 4793 439 4850 bus
460 4797 696 4867 peccatis
716 4814 775 4854 es
801 4800 1077 4865 immunis,
1098 4799 1269 4855 vincis
1290 4814 1419 4870 ergo
1440 4816 1627 4857 omnes
1644 4800 1935 4870 judicatos,

2039 4729 2169 4784 ergo
2193 4715 2262 4769 sit
2288 4728 2483 4782 magna
2511 4714 2625 4770 sive
2653 4730 2820 4785 parva
2849 4715 3121 4785 iniquitas,
3152 4715 3254 4770 nisi
3283 4714 3536 4785 puniatur
3563 4711 3639 4767 ab

2040 4809 2260 4865 homine
2288 4808 2602 4879 pcenitente,
2634 4808 2887 4879 punietur
2912 4823 2943 4862 a
2988 4807 3099 4863 Deo
3128 4805 3591 4879 h98'judicante
3615 4822 3638 4869 ;

339 4902 463 4944 cum
485 4891 764 4959 judicaris;
794 4892 883 4950 vel
904 4902 961 4949 tu
992 4892 1134 4949 Dens
1156 4892 1317 4950 Pater
1339 4895 1393 4950 in
1417 4894 1576 4963 Filio,
1597 4896 1681 4951 vel
1710 4904 1767 4951 tu
1793 4896 1937 4952 Deus
2040 4900 2179 4955 sicut
2220 4914 2318 4970 per
2359 4898 2642 4970 quemdam
2678 4901 2978 4969 sapientem
3021 4898 3216 4954 dicitur
3248 4916 3261 4951 :
3295 4897 3478 4952 Sciens
3515 4897 3642 4967 quia

344 4976 577 5037 Verbum
609 4984 664 5039 in
692 4984 909 5043 homine
937 4994 1235 5056 assumpto.
1260 4987 1413 5054 Quod
1437 4998 1614 5044 tamen
1635 4987 1859 5058 intelligi
1882 4994 1939 5043 et

345 5070 507 5127 aliter
534 5083 730 5145 potest,
757 5078 913 5147 quasi
934 5077 1075 5133 dicat
1111 5095 1124 5133 :
1155 5076 1281 5133 Ideo
1310 5084 1371 5132 ut
1398 5078 1703 5133 miserearis
1723 5092 1934 5147 precor,

344 5170 408 5217 ut
430 5162 593 5233 laves,
620 5175 680 5222 ut
699 5168 926 5225 mundes
950 5186 963 5223 :
990 5177 1047 5223 ut
1063 5168 1371 5240 justiﬁceris
1392 5169 1448 5223 in
1470 5167 1789 5223 sermonibus
1814 5170 1936 5238 tuis,

273 5326 279 5341 ι
346 5254 403 5310 id
432 5264 516 5312 est
542 5272 710 5315 verax
737 5276 999 5333 appareas
1029 5261 1081 5316 in
1106 5261 1408 5333 promissis.
1458 5258 1757 5316 Promisisti
1794 5260 1937 5316 enim

346 5344 501 5416 iustis
522 5364 751 5419 regnum
773 5363 1055 5419 aeternum,
1086 5362 1143 5409 et
1174 5354 1427 5409 virtutum
1458 5353 1790 5409 amatoribus
1818 5353 1939 5408 vitae

279 5442 295 5527 ζ
349 5449 569 5496 aeternae
591 5442 837 5501 bravium
867 5446 1204 5516 praeparasti.
1233 5444 1339 5501 Sed
1367 5445 1469 5503 nisi
1490 5460 1578 5501 me
1616 5452 1673 5501 et
1698 5444 1831 5501 alios
1854 5443 1945 5516 ju-

349 5531 572 5599 stilices,
605 5551 713 5591 non
733 5538 937 5608 poteris
960 5538 1201 5593 invenire
1225 5551 1360 5605 quos
1382 5554 1487 5595 non
1511 5536 1753 5593 damnes.
1781 5536 1951 5607 Justi-V

351 5618 456 5679 ﬁcu
486 5642 615 5698 ergo
642 5646 749 5699 me,
780 5640 836 5685 ut
865 5640 919 5686 tu
956 5632 1259 5703 justiﬁceris
1288 5634 1344 5687 in
1372 5631 1691 5688 sermonibus
1734 5634 1854 5699 tuis,
1898 5639 1950 5688 et

2045 5009 2149 5049 non
2201 5010 2439 5064 parceres
2477 4994 2791 5067 delinquenti
2837 4993 2981 5066 (Job.
3012 5009 3099 5060 rx,
3131 4990 3244 5063 28).
3297 4990 3644 5060 Delinquenti

2044 5103 2153 5145 non
2180 5087 2439 5159 parcitur,
2469 5088 2596 5157 quia
2641 5088 2759 5143 sine
2786 5087 3021 5143 vindicta
3064 5092 3347 5157 peccatum
3391 5099 3499 5140 non
3546 5099 3639 5137 re-

2046 5181 2277 5238 laxatur.
2308 5179 2605 5236 Veritatem
2642 5181 2825 5250 itaque
2860 5179 3001 5235 Deus
3041 5176 3242 5247 diligit,
3285 5176 3409 5245 quia
3434 5175 3647 5245 justum.

2041 5271 2305 5343 judicium
2335 5287 2444 5327 non
2472 5270 2855 5342 praetermittit.
2884 5268 3097 5324 Incerta
3121 5276 3170 5323 et
3198 5264 3401 5322 occulta
3429 5268 3643 5335 sapien-

2050 5365 2135 5420 tia:
2166 5373 2265 5420 tute
2293 5364 2641 5435 manifestam
2668 5362 2814 5416 mihi.
2838 5360 2940 5427 Qui
2962 5376 3072 5416 non
3092 5368 3176 5415 est
3192 5373 3414 5415 securus
3434 5356 3501 5413 de
3520 5371 3646 5411 mna

2051 5468 2182 5510 nere
2200 5453 2391 5522 veniae,
2415 5468 2523 5509 non
2544 5460 2627 5509 est
2646 5451 2936 5506 vehemens
2956 5449 3009 5504 in
3028 5447 3349 5505 executione
3367 5445 3645 5503 vindictae.

2052 5542 2119 5601 Et
2156 5544 2370 5617 quidem
2414 5551 2541 5600 ante
2584 5541 2875 5598 adventum
2901 5539 3098 5597 Christi
3141 5541 3405 5597 incertum
3434 5538 3569 5605 fuit,
3595 5540 3647 5595 si

2055 5636 2290 5707 graviter
2318 5636 2453 5707 lapsi
2482 5644 2704 5706 possent
2732 5633 2934 5690 habere
2957 5632 3167 5688 veniam
3183 5672 3197 5699 ,
3220 5641 3273 5689 et
3294 5641 3647 5704 peccatorum

349 5717 531 5773 vincas
576 5736 692 5779 cum
727 5724 1005 5797 judicaris.
1037 5722 1287 5781 iudicant
1332 5732 1404 5792 te,
1455 5724 1552 5797 qui
1600 5733 1801 5798 negant
1828 5732 1954 5798 post
2057 5728 2304 5788 remissio
2332 5727 2639 5800 complures
2667 5726 2844 5796 latuit;
2869 5724 3175 5793 sedDavid,
3196 5724 3292 5795 qui
3318 5724 3651 5785 Redemptor

432 5896 463 5928 ι
493 5887 676 5958 Rem,
705 5888 843 5962 quod
868 5889 1069 5945 metuit.

570 5981 847 6046 Panos.
892 5980 1190 6045 LXXIX.

3120 5964 3200 6027 19
