  <div class='ocr_page' id='page_1' title='image "/cluster/home/n/w/nwhite01/storage/ocr_20150623/79/hvd.32044015469414/299.png"; bbox 0 0 4038 6338; ppageno 0'>
   <div class='ocr_carea' id='block_1_1' title="bbox 455 378 558 436">
    <p class='ocr_par' dir='ltr' id='par_1_1' title="bbox 455 378 558 436">
     <span class='ocr_line' id='line_1_1' title="bbox 455 378 558 436; baseline -0.049 1"><span class='ocrx_word' id='word_1_1' title='bbox 455 378 558 436; x_wconf 86' lang='grc'><strong>587</strong></span> 
     </span>
    </p>
   </div>
   <div class='ocr_carea' id='block_1_2' title="bbox 1658 366 2515 435">
    <p class='ocr_par' dir='ltr' id='par_1_2' title="bbox 1658 366 2515 435">
     <span class='ocr_line' id='line_1_2' title="bbox 1658 366 2515 435; baseline -0.006 -1"><span class='ocrx_word' id='word_1_2' title='bbox 1658 370 1903 435; x_wconf 76' lang='lat' dir='ltr'><strong>SANCTI</strong></span> <span class='ocrx_word' id='word_1_3' title='bbox 1942 366 2265 431; x_wconf 74' lang='lat' dir='ltr'><strong>CBECORII</strong></span> <span class='ocrx_word' id='word_1_4' title='bbox 2303 366 2515 433; x_wconf 77' lang='lat' dir='ltr'><strong>MAGNI</strong></span> 
     </span>
    </p>
   </div>
   <div class='ocr_carea' id='block_1_3' title="bbox 3626 364 3741 433">
    <p class='ocr_par' dir='ltr' id='par_1_3' title="bbox 3626 364 3741 433">
     <span class='ocr_line' id='line_1_3' title="bbox 3626 364 3741 433; baseline 0.017 -2"><span class='ocrx_word' id='word_1_5' title='bbox 3626 364 3741 433; x_wconf 76' lang='lat'><strong>588</strong></span> 
     </span>
    </p>
   </div>
   <div class='ocr_carea' id='block_1_4' title="bbox 453 474 3749 559">
    <p class='ocr_par' dir='ltr' id='par_1_4' title="bbox 453 474 3749 559">
     <span class='ocr_line' id='line_1_4' title="bbox 453 474 3749 559; baseline -0.001 -13"><span class='ocrx_word' id='word_1_6' title='bbox 453 505 568 547; x_wconf 82' lang='lat' dir='ltr'><strong>rem</strong></span> <span class='ocrx_word' id='word_1_7' title='bbox 597 486 779 544; x_wconf 85' lang='lat' dir='ltr'><strong>mundi</strong></span> <span class='ocrx_word' id='word_1_8' title='bbox 801 492 862 543; x_wconf 87' lang='lat' dir='ltr'><strong>ut</strong></span> <span class='ocrx_word' id='word_1_9' title='bbox 885 492 1109 557; x_wconf 85' lang='lat' dir='ltr'><strong>peccata</strong></span> <span class='ocrx_word' id='word_1_10' title='bbox 1138 483 1375 555; x_wconf 74' lang='lat' dir='ltr'><strong>tolleret,</strong></span> <span class='ocrx_word' id='word_1_11' title='bbox 1405 485 1642 542; x_wconf 81' lang='lat' dir='ltr'><strong>futurum</strong></span> <span class='ocrx_word' id='word_1_12' title='bbox 1683 485 2003 556; x_wconf 62' lang='lat' dir='ltr'><strong>prazviderat</strong></span> <span class='ocrx_word' id='word_1_13' title='bbox 2023 522 2041 551; x_wconf 91' lang='lat'><strong>,</strong></span> <span class='ocrx_word' id='word_1_14' title='bbox 2072 488 2122 549; x_wconf 79' lang='grc' dir='ltr'><strong>Α</strong></span> <span class='ocrx_word' id='word_1_15' title='bbox 2148 485 2382 556; x_wconf 78' lang='lat' dir='ltr'><strong>hyssopo</strong></span> <span class='ocrx_word' id='word_1_16' title='bbox 2428 483 2520 541; x_wconf 87' lang='lat' dir='ltr'><strong>ille</strong></span> <span class='ocrx_word' id='word_1_17' title='bbox 2562 482 2903 541; x_wconf 87' lang='lat' dir='ltr'><strong>solummodo</strong></span> <span class='ocrx_word' id='word_1_18' title='bbox 2929 478 3093 559; x_wconf 66' lang='grc'><strong>499</strong></span> <span class='ocrx_word' id='word_1_19' title='bbox 3122 474 3445 559; x_wconf 81' lang='lat' dir='ltr'><strong>aspergitur,</strong></span> <span class='ocrx_word' id='word_1_20' title='bbox 3488 487 3582 557; x_wconf 99' lang='lat' dir='ltr'><strong>qui</strong></span> <span class='ocrx_word' id='word_1_21' title='bbox 3632 488 3749 544; x_wconf 84' lang='lat' dir='ltr'><strong>vias</strong></span> 
     </span>
    </p>
   </div>
   <div class='ocr_carea' id='block_1_5' title="bbox 453 575 2046 653">
    <p class='ocr_par' dir='ltr' id='par_1_5' title="bbox 453 575 2046 653">
     <span class='ocr_line' id='line_1_5' title="bbox 453 575 2046 653; baseline -0.003 -18"><span class='ocrx_word' id='word_1_22' title='bbox 453 583 521 637; x_wconf 83' lang='lat' dir='ltr'><strong>de</strong></span> <span class='ocrx_word' id='word_1_23' title='bbox 552 588 895 653; x_wconf 78' lang='lat' dir='ltr'><strong>peccatorum</strong></span> <span class='ocrx_word' id='word_1_24' title='bbox 924 577 1251 647; x_wconf 72' lang='lat' dir='ltr'><strong>indulgentia</strong></span> <span class='ocrx_word' id='word_1_25' title='bbox 1283 592 1390 633; x_wconf 92' lang='lat' dir='ltr'><strong>non</strong></span> <span class='ocrx_word' id='word_1_26' title='bbox 1422 577 1719 633; x_wconf 74' lang='lat' dir='ltr'><strong>dubitabat.</strong></span> <span class='ocrx_word' id='word_1_27' title='bbox 1749 577 1866 632; x_wconf 85' lang='lat' dir='ltr'><strong>Non</strong></span> <span class='ocrx_word' id='word_1_28' title='bbox 1894 575 2046 645; x_wconf 84' lang='lat' dir='ltr'><strong>igno-</strong></span> 
     </span>
    </p>
   </div>
   <div class='ocr_carea' id='block_1_6' title="bbox 453 669 2045 745">
    <p class='ocr_par' dir='ltr' id='par_1_6' title="bbox 453 669 2045 745">
     <span class='ocr_line' id='line_1_6' title="bbox 453 669 2045 745; baseline -0.006 -14"><span class='ocrx_word' id='word_1_29' title='bbox 453 676 610 731; x_wconf 88' lang='lat' dir='ltr'><strong>rabat</strong></span> <span class='ocrx_word' id='word_1_30' title='bbox 637 686 773 745; x_wconf 83' lang='lat' dir='ltr'><strong>opus</strong></span> <span class='ocrx_word' id='word_1_31' title='bbox 798 672 1072 743; x_wconf 60' lang='lat' dir='ltr'><strong>sapientiae</strong></span> <span class='ocrx_word' id='word_1_32' title='bbox 1104 670 1197 724; x_wconf 81' lang='lat' dir='ltr'><strong>Dei</strong></span> <span class='ocrx_word' id='word_1_33' title='bbox 1226 683 1254 724; x_wconf 87' lang='lat' dir='ltr'><strong>a</strong></span> <span class='ocrx_word' id='word_1_34' title='bbox 1283 670 1495 725; x_wconf 69' lang='lat' dir='ltr'><strong>smculis</strong></span> <span class='ocrx_word' id='word_1_35' title='bbox 1516 669 1921 732; x_wconf 87' lang='lat' dir='ltr'><strong>absconditum,</strong></span> <span class='ocrx_word' id='word_1_36' title='bbox 1949 682 2045 721; x_wconf 51' lang='lat' dir='ltr'><strong>ani-</strong></span> 
     </span>
    </p>
   </div>
   <div class='ocr_carea' id='block_1_7' title="bbox 453 758 2046 835">
    <p class='ocr_par' dir='ltr' id='par_1_7' title="bbox 453 758 2046 835">
     <span class='ocr_line' id='line_1_7' title="bbox 453 758 2046 835; baseline -0.008 -12"><span class='ocrx_word' id='word_1_37' title='bbox 453 775 507 823; x_wconf 84' lang='lat' dir='ltr'><strong>te</strong></span> <span class='ocrx_word' id='word_1_38' title='bbox 527 767 707 821; x_wconf 82' lang='lat' dir='ltr'><strong>omnia</strong></span> <span class='ocrx_word' id='word_1_39' title='bbox 730 775 969 835; x_wconf 88' lang='lat' dir='ltr'><strong>tempora</strong></span> <span class='ocrx_word' id='word_1_40' title='bbox 994 762 1331 831; x_wconf 91' lang='lat' dir='ltr'><strong>dispositum,</strong></span> <span class='ocrx_word' id='word_1_41' title='bbox 1347 760 1641 816; x_wconf 79' lang='lat' dir='ltr'><strong>exhibitum</strong></span> <span class='ocrx_word' id='word_1_42' title='bbox 1671 760 1722 814; x_wconf 91' lang='lat' dir='ltr'><strong>in</strong></span> <span class='ocrx_word' id='word_1_43' title='bbox 1747 758 1853 814; x_wconf 82' lang='lat' dir='ltr'><strong>line</strong></span> <span class='ocrx_word' id='word_1_44' title='bbox 1877 772 2046 813; x_wconf 63' lang='lat' dir='ltr'><strong>sarcu-</strong></span> 
     </span>
    </p>
   </div>
   <div class='ocr_carea' id='block_1_8' title="bbox 454 851 2044 925">
    <p class='ocr_par' dir='ltr' id='par_1_8' title="bbox 454 851 2044 925">
     <span class='ocr_line' id='line_1_8' title="bbox 454 851 2044 925; baseline -0.006 -12"><span class='ocrx_word' id='word_1_45' title='bbox 454 860 651 914; x_wconf 89' lang='lat' dir='ltr'><strong>lorum.</strong></span> <span class='ocrx_word' id='word_1_46' title='bbox 685 854 777 912; x_wconf 75' lang='lat' dir='ltr'><strong>Dei</strong></span> <span class='ocrx_word' id='word_1_47' title='bbox 801 868 1031 925; x_wconf 88' lang='lat' dir='ltr'><strong>namque</strong></span> <span class='ocrx_word' id='word_1_48' title='bbox 1059 854 1324 924; x_wconf 73' lang='lat' dir='ltr'><strong>sapientia</strong></span> <span class='ocrx_word' id='word_1_49' title='bbox 1354 853 1518 908; x_wconf 87' lang='lat' dir='ltr'><strong>Filius</strong></span> <span class='ocrx_word' id='word_1_50' title='bbox 1556 853 1651 907; x_wconf 90' lang='lat' dir='ltr'><strong>Dei</strong></span> <span class='ocrx_word' id='word_1_51' title='bbox 1679 859 1795 921; x_wconf 87' lang='lat' dir='ltr'><strong>est,</strong></span> <span class='ocrx_word' id='word_1_52' title='bbox 1824 851 1893 905; x_wconf 87' lang='lat' dir='ltr'><strong>de</strong></span> <span class='ocrx_word' id='word_1_53' title='bbox 1935 863 2044 919; x_wconf 91' lang='lat' dir='ltr'><strong>quo</strong></span> 
     </span>
    </p>
   </div>
   <div class='ocr_carea' id='block_1_9' title="bbox 452 943 2046 1020">
    <p class='ocr_par' dir='ltr' id='par_1_9' title="bbox 452 943 2046 1020">
     <span class='ocr_line' id='line_1_9' title="bbox 452 943 2046 1020; baseline -0.008 -14"><span class='ocrx_word' id='word_1_54' title='bbox 452 952 709 1020; x_wconf 79' lang='lat' dir='ltr'><strong>scriptum</strong></span> <span class='ocrx_word' id='word_1_55' title='bbox 735 957 816 1003; x_wconf 86' lang='lat' dir='ltr'><strong>est</strong></span> <span class='ocrx_word' id='word_1_56' title='bbox 847 966 856 1001; x_wconf 92' lang='lat'>:</span> <span class='ocrx_word' id='word_1_57' title='bbox 889 946 1151 1001; x_wconf 72' lang='lat' dir='ltr'><strong>Christum</strong></span> <span class='ocrx_word' id='word_1_58' title='bbox 1193 946 1290 999; x_wconf 85' lang='lat' dir='ltr'><strong>Dei</strong></span> <span class='ocrx_word' id='word_1_59' title='bbox 1334 947 1593 1013; x_wconf 73' lang='lat' dir='ltr'><strong>virtutem,</strong></span> <span class='ocrx_word' id='word_1_60' title='bbox 1625 952 1673 998; x_wconf 86' lang='lat' dir='ltr'><strong>et</strong></span> <span class='ocrx_word' id='word_1_61' title='bbox 1702 943 1799 998; x_wconf 82' lang='lat' dir='ltr'><strong>Dei</strong></span> <span class='ocrx_word' id='word_1_62' title='bbox 1838 943 2046 1013; x_wconf 42' lang='lat' dir='ltr'><strong>sapiens</strong></span> 
     </span>
    </p>
   </div>
   <div class='ocr_carea' id='block_1_10' title="bbox 455 1037 2045 1111">
    <p class='ocr_par' dir='ltr' id='par_1_10' title="bbox 455 1037 2045 1111">
     <span class='ocr_line' id='line_1_10' title="bbox 455 1037 2045 1111; baseline -0.007 -15"><span class='ocrx_word' id='word_1_63' title='bbox 455 1045 579 1096; x_wconf 83' lang='lat' dir='ltr'><strong>tiam</strong></span> <span class='ocrx_word' id='word_1_64' title='bbox 612 1040 663 1111; x_wconf 86' lang='lat'><strong>(1</strong></span> <span class='ocrx_word' id='word_1_65' title='bbox 689 1038 808 1095; x_wconf 84' lang='lat' dir='ltr'><strong>Cor.</strong></span> <span class='ocrx_word' id='word_1_66' title='bbox 824 1055 861 1106; x_wconf 88' lang='grc' dir='ltr'><strong>ι,</strong></span> <span class='ocrx_word' id='word_1_67' title='bbox 890 1037 1005 1111; x_wconf 62' lang='lat'><strong>25).</strong></span> <span class='ocrx_word' id='word_1_68' title='bbox 1032 1039 1147 1108; x_wconf 86' lang='lat' dir='ltr'><strong>ipse</strong></span> <span class='ocrx_word' id='word_1_69' title='bbox 1169 1046 1249 1092; x_wconf 90' lang='lat' dir='ltr'><strong>est</strong></span> <span class='ocrx_word' id='word_1_70' title='bbox 1270 1054 1361 1108; x_wconf 84' lang='lat' dir='ltr'><strong>per</strong></span> <span class='ocrx_word' id='word_1_71' title='bbox 1381 1054 1528 1110; x_wconf 85' lang='lat' dir='ltr'><strong>quem</strong></span> <span class='ocrx_word' id='word_1_72' title='bbox 1550 1038 1723 1091; x_wconf 82' lang='lat' dir='ltr'><strong>omnia</strong></span> <span class='ocrx_word' id='word_1_73' title='bbox 1747 1037 1885 1107; x_wconf 80' lang='lat' dir='ltr'><strong>facta</strong></span> <span class='ocrx_word' id='word_1_74' title='bbox 1907 1041 2045 1100; x_wconf 84' lang='lat' dir='ltr'><strong>sunt,</strong></span> 
     </span>
    </p>
   </div>
   <div class='ocr_carea' id='block_1_11' title="bbox 451 1124 2049 1204">
    <p class='ocr_par' dir='ltr' id='par_1_11' title="bbox 451 1124 2049 1204">
     <span class='ocr_line' id='line_1_11' title="bbox 451 1124 2049 1204; baseline -0.005 -16"><span class='ocrx_word' id='word_1_75' title='bbox 451 1142 499 1187; x_wconf 83' lang='lat' dir='ltr'><strong>et</strong></span> <span class='ocrx_word' id='word_1_76' title='bbox 529 1133 640 1187; x_wconf 85' lang='lat' dir='ltr'><strong>sine</strong></span> <span class='ocrx_word' id='word_1_77' title='bbox 667 1149 765 1204; x_wconf 85' lang='lat' dir='ltr'><strong>quo</strong></span> <span class='ocrx_word' id='word_1_78' title='bbox 814 1133 1011 1202; x_wconf 74' lang='lat' dir='ltr'><strong>factum</strong></span> <span class='ocrx_word' id='word_1_79' title='bbox 1058 1139 1132 1184; x_wconf 86' lang='lat' dir='ltr'><strong>est</strong></span> <span class='ocrx_word' id='word_1_80' title='bbox 1163 1130 1293 1184; x_wconf 86' lang='lat' dir='ltr'><strong>nihil</strong></span> <span class='ocrx_word' id='word_1_81' title='bbox 1326 1129 1505 1201; x_wconf 82' lang='lat' dir='ltr'><strong>(Joan.</strong></span> <span class='ocrx_word' id='word_1_82' title='bbox 1536 1130 1573 1195; x_wconf 85' lang='lat' dir='ltr'><strong>i,</strong></span> <span class='ocrx_word' id='word_1_83' title='bbox 1607 1129 1684 1201; x_wconf 74' lang='lat'><strong>5).</strong></span> <span class='ocrx_word' id='word_1_84' title='bbox 1715 1127 1833 1197; x_wconf 83' lang='lat' dir='ltr'><strong>Ipse</strong></span> <span class='ocrx_word' id='word_1_85' title='bbox 1860 1134 1943 1181; x_wconf 85' lang='lat' dir='ltr'><strong>est</strong></span> <span class='ocrx_word' id='word_1_86' title='bbox 1980 1124 2049 1180; x_wconf 82' lang='lat' dir='ltr'><strong>de</strong></span> 
     </span>
    </p>
   </div>
   <div class='ocr_carea' id='block_1_12' title="bbox 450 1216 2045 1292">
    <p class='ocr_par' dir='ltr' id='par_1_12' title="bbox 450 1216 2045 1292">
     <span class='ocr_line' id='line_1_12' title="bbox 450 1216 2045 1292; baseline -0.002 -17"><span class='ocrx_word' id='word_1_87' title='bbox 450 1238 557 1292; x_wconf 90' lang='lat' dir='ltr'><strong>quo</strong></span> <span class='ocrx_word' id='word_1_88' title='bbox 587 1222 851 1292; x_wconf 76' lang='lat' dir='ltr'><strong>propheta</strong></span> <span class='ocrx_word' id='word_1_89' title='bbox 882 1223 1013 1277; x_wconf 81' lang='lat' dir='ltr'><strong>dicit</strong></span> <span class='ocrx_word' id='word_1_90' title='bbox 1046 1238 1058 1274; x_wconf 90' lang='lat'><strong>:</strong></span> <span class='ocrx_word' id='word_1_91' title='bbox 1091 1221 1283 1274; x_wconf 81' lang='lat' dir='ltr'><strong>Omnia</strong></span> <span class='ocrx_word' id='word_1_92' title='bbox 1306 1223 1361 1274; x_wconf 81' lang='lat' dir='ltr'><strong>in</strong></span> <span class='ocrx_word' id='word_1_93' title='bbox 1390 1222 1646 1291; x_wconf 74' lang='lat' dir='ltr'><strong>sapientia</strong></span> <span class='ocrx_word' id='word_1_94' title='bbox 1678 1218 1845 1290; x_wconf 75' lang='lat' dir='ltr'><strong>fecisti</strong></span> <span class='ocrx_word' id='word_1_95' title='bbox 1871 1216 2045 1291; x_wconf 86' lang='lat' dir='ltr'><strong>(Psal.</strong></span> 
     </span>
    </p>
   </div>
   <div class='ocr_carea' id='block_1_13' title="bbox 450 1308 2047 1383">
    <p class='ocr_par' dir='ltr' id='par_1_13' title="bbox 450 1308 2047 1383">
     <span class='ocr_line' id='line_1_13' title="bbox 450 1308 2047 1383; baseline -0.004 -14"><span class='ocrx_word' id='word_1_96' title='bbox 450 1330 559 1380; x_wconf 75' lang='lat' dir='ltr'><strong>cm,</strong></span> <span class='ocrx_word' id='word_1_97' title='bbox 592 1310 704 1383; x_wconf 62' lang='grc' dir='ltr'><strong>Ἡ).</strong></span> <span class='ocrx_word' id='word_1_98' title='bbox 738 1313 964 1382; x_wconf 88' lang='lat' dir='ltr'><strong>Dignum</strong></span> <span class='ocrx_word' id='word_1_99' title='bbox 992 1321 1172 1367; x_wconf 86' lang='lat' dir='ltr'><strong>autem</strong></span> <span class='ocrx_word' id='word_1_100' title='bbox 1200 1308 1375 1367; x_wconf 66' lang='lat' dir='ltr'><strong>fixerat</strong></span> <span class='ocrx_word' id='word_1_101' title='bbox 1399 1321 1459 1365; x_wconf 91' lang='lat' dir='ltr'><strong>ut</strong></span> <span class='ocrx_word' id='word_1_102' title='bbox 1484 1322 1581 1381; x_wconf 82' lang='lat' dir='ltr'><strong>per</strong></span> <span class='ocrx_word' id='word_1_103' title='bbox 1601 1320 1724 1365; x_wconf 85' lang='lat' dir='ltr'><strong>eum</strong></span> <span class='ocrx_word' id='word_1_104' title='bbox 1768 1310 1923 1364; x_wconf 85' lang='lat' dir='ltr'><strong>tieret</strong></span> <span class='ocrx_word' id='word_1_105' title='bbox 1958 1320 2047 1362; x_wconf 84' lang='lat' dir='ltr'><strong>re-</strong></span> 
     </span>
    </p>
   </div>
   <div class='ocr_carea' id='block_1_14' title="bbox 452 1402 2051 1474">
    <p class='ocr_par' dir='ltr' id='par_1_14' title="bbox 452 1402 2051 1474">
     <span class='ocr_line' id='line_1_14' title="bbox 452 1402 2051 1474; baseline -0.003 -15"><span class='ocrx_word' id='word_1_106' title='bbox 452 1405 666 1470; x_wconf 81' lang='lat' dir='ltr'><strong>missio,</strong></span> <span class='ocrx_word' id='word_1_107' title='bbox 701 1419 797 1474; x_wconf 88' lang='lat' dir='ltr'><strong>per</strong></span> <span class='ocrx_word' id='word_1_108' title='bbox 816 1414 979 1473; x_wconf 88' lang='lat' dir='ltr'><strong>quem</strong></span> <span class='ocrx_word' id='word_1_109' title='bbox 1022 1403 1159 1458; x_wconf 77' lang='lat' dir='ltr'><strong>facta</strong></span> <span class='ocrx_word' id='word_1_110' title='bbox 1206 1402 1379 1457; x_wconf 79' lang='lat' dir='ltr'><strong>fuerat</strong></span> <span class='ocrx_word' id='word_1_111' title='bbox 1415 1403 1652 1469; x_wconf 89' lang='lat' dir='ltr'><strong>creatio;</strong></span> <span class='ocrx_word' id='word_1_112' title='bbox 1686 1410 1741 1457; x_wconf 90' lang='lat' dir='ltr'><strong>et</strong></span> <span class='ocrx_word' id='word_1_113' title='bbox 1769 1402 1881 1471; x_wconf 87' lang='lat' dir='ltr'><strong>ipse</strong></span> <span class='ocrx_word' id='word_1_114' title='bbox 1907 1406 2051 1457; x_wconf 86' lang='lat' dir='ltr'><strong>esset</strong></span> 
     </span>
    </p>
   </div>
   <div class='ocr_carea' id='block_1_15' title="bbox 453 1495 2045 1566">
    <p class='ocr_par' dir='ltr' id='par_1_15' title="bbox 453 1495 2045 1566">
     <span class='ocr_line' id='line_1_15' title="bbox 453 1495 2045 1566; baseline -0.003 -14"><span class='ocrx_word' id='word_1_115' title='bbox 453 1498 675 1565; x_wconf 78' lang='lat' dir='ltr'><strong>largitor</strong></span> <span class='ocrx_word' id='word_1_116' title='bbox 703 1498 915 1565; x_wconf 77' lang='lat' dir='ltr'><strong>gratiae,</strong></span> <span class='ocrx_word' id='word_1_117' title='bbox 948 1497 1038 1566; x_wconf 88' lang='lat' dir='ltr'><strong>qui</strong></span> <span class='ocrx_word' id='word_1_118' title='bbox 1086 1496 1260 1551; x_wconf 79' lang='lat' dir='ltr'><strong>luerat</strong></span> <span class='ocrx_word' id='word_1_119' title='bbox 1304 1495 1554 1551; x_wconf 89' lang='lat' dir='ltr'><strong>omnibus</strong></span> <span class='ocrx_word' id='word_1_120' title='bbox 1599 1504 1784 1550; x_wconf 81' lang='lat' dir='ltr'><strong>auctor</strong></span> <span class='ocrx_word' id='word_1_121' title='bbox 1822 1502 2045 1548; x_wconf 51' lang='lat' dir='ltr'><strong>naturae.</strong></span> 
     </span>
    </p>
   </div>
   <div class='ocr_carea' id='block_1_16' title="bbox 452 1589 2047 1661">
    <p class='ocr_par' dir='ltr' id='par_1_16' title="bbox 452 1589 2047 1661">
     <span class='ocr_line' id='line_1_16' title="bbox 452 1589 2047 1661; baseline -0.001 -18"><span class='ocrx_word' id='word_1_122' title='bbox 452 1591 621 1657; x_wconf 85' lang='lat' dir='ltr'><strong>Quam</strong></span> <span class='ocrx_word' id='word_1_123' title='bbox 650 1589 1020 1644; x_wconf 78' lang='lat' dir='ltr'><strong>remissionem</strong></span> <span class='ocrx_word' id='word_1_124' title='bbox 1049 1590 1191 1644; x_wconf 83' lang='lat' dir='ltr'><strong>sicut</strong></span> <span class='ocrx_word' id='word_1_125' title='bbox 1218 1591 1271 1645; x_wconf 88' lang='lat' dir='ltr'><strong>in</strong></span> <span class='ocrx_word' id='word_1_126' title='bbox 1295 1598 1539 1661; x_wconf 81' lang='lat' dir='ltr'><strong>tempore</strong></span> <span class='ocrx_word' id='word_1_127' title='bbox 1568 1590 1754 1661; x_wconf 58' lang='lat' dir='ltr'><strong>gratiae</strong></span> <span class='ocrx_word' id='word_1_128' title='bbox 1782 1589 2047 1645; x_wconf 82' lang='lat' dir='ltr'><strong>coniuen-</strong></span> 
     </span>
    </p>
   </div>
   <div class='ocr_carea' id='block_1_17' title="bbox 453 1682 2049 1751">
    <p class='ocr_par' dir='ltr' id='par_1_17' title="bbox 453 1682 2049 1751">
     <span class='ocr_line' id='line_1_17' title="bbox 453 1682 2049 1751; baseline -0.001 -16"><span class='ocrx_word' id='word_1_129' title='bbox 453 1682 593 1737; x_wconf 78' lang='lat' dir='ltr'><strong>tibus</strong></span> <span class='ocrx_word' id='word_1_130' title='bbox 620 1682 827 1748; x_wconf 78' lang='lat' dir='ltr'><strong>tribuit,</strong></span> <span class='ocrx_word' id='word_1_131' title='bbox 865 1682 939 1735; x_wconf 87' lang='lat' dir='ltr'><strong>ita</strong></span> <span class='ocrx_word' id='word_1_132' title='bbox 984 1688 1109 1735; x_wconf 90' lang='lat' dir='ltr'><strong>ante</strong></span> <span class='ocrx_word' id='word_1_133' title='bbox 1151 1683 1439 1738; x_wconf 73' lang='lat' dir='ltr'><strong>adventum</strong></span> <span class='ocrx_word' id='word_1_134' title='bbox 1487 1698 1643 1738; x_wconf 89' lang='lat' dir='ltr'><strong>suum</strong></span> <span class='ocrx_word' id='word_1_135' title='bbox 1686 1696 1808 1737; x_wconf 89' lang='lat' dir='ltr'><strong>eum</strong></span> <span class='ocrx_word' id='word_1_136' title='bbox 1855 1695 2049 1751; x_wconf 81' lang='lat' dir='ltr'><strong>exspe-</strong></span> 
     </span>
    </p>
   </div>
   <div class='ocr_carea' id='block_1_18' title="bbox 452 1768 2050 1849">
    <p class='ocr_par' dir='ltr' id='par_1_18' title="bbox 452 1768 2050 1849">
     <span class='ocr_line' id='line_1_18' title="bbox 452 1768 2050 1849; baseline -0.003 -21"><span class='ocrx_word' id='word_1_137' title='bbox 452 1774 719 1829; x_wconf 85' lang='lat' dir='ltr'><strong>ctaotibus</strong></span> <span class='ocrx_word' id='word_1_138' title='bbox 759 1774 1099 1849; x_wconf 62' lang='lat' dir='ltr'><strong>puerogavit.</strong></span> <span class='ocrx_word' id='word_1_139' title='bbox 1135 1772 1258 1829; x_wconf 68' lang='lat' dir='ltr'><strong>ilict;-</strong></span> <span class='ocrx_word' id='word_1_140' title='bbox 1278 1782 1399 1828; x_wconf 85' lang='lat' dir='ltr'><strong>sunt</strong></span> <span class='ocrx_word' id='word_1_141' title='bbox 1424 1774 1629 1829; x_wconf 87' lang='lat' dir='ltr'><strong>incerta</strong></span> <span class='ocrx_word' id='word_1_142' title='bbox 1652 1776 1706 1829; x_wconf 92' lang='lat' dir='ltr'><strong>et</strong></span> <span class='ocrx_word' id='word_1_143' title='bbox 1735 1772 1945 1828; x_wconf 86' lang='lat' dir='ltr'><strong>occulta</strong></span> <span class='ocrx_word' id='word_1_144' title='bbox 1968 1768 2050 1824; x_wconf 82' lang='lat' dir='ltr'><strong>di-</strong></span> 
     </span>
    </p>
   </div>
   <div class='ocr_carea' id='block_1_19' title="bbox 2150 575 3749 647">
    <p class='ocr_par' dir='ltr' id='par_1_19' title="bbox 2150 575 3749 647">
     <span class='ocr_line' id='line_1_19' title="bbox 2150 575 3749 647; baseline 0.004 -18"><span class='ocrx_word' id='word_1_145' title='bbox 2150 575 2440 632; x_wconf 68' lang='lat' dir='ltr'><strong>Dominiae</strong></span> <span class='ocrx_word' id='word_1_146' title='bbox 2504 578 2772 647; x_wconf 82' lang='lat' dir='ltr'><strong>passionis</strong></span> <span class='ocrx_word' id='word_1_147' title='bbox 2839 578 3098 634; x_wconf 81' lang='lat' dir='ltr'><strong>imitaiur.</strong></span> <span class='ocrx_word' id='word_1_148' title='bbox 3168 578 3551 635; x_wconf 82' lang='lat' dir='ltr'><strong>Sanctiﬁcatur</strong></span> <span class='ocrx_word' id='word_1_149' title='bbox 3617 596 3749 635; x_wconf 78' lang='lat' dir='ltr'><strong>vero</strong></span> 
     </span>
    </p>
   </div>
   <div class='ocr_carea' id='block_1_20' title="bbox 2150 668 3754 743">
    <p class='ocr_par' dir='ltr' id='par_1_20' title="bbox 2150 668 3754 743">
     <span class='ocr_line' id='line_1_20' title="bbox 2150 668 3754 743; baseline 0.004 -23"><span class='ocrx_word' id='word_1_150' title='bbox 2150 680 2421 736; x_wconf 69' lang='lat' dir='ltr'><strong>sapersus,</strong></span> <span class='ocrx_word' id='word_1_151' title='bbox 2453 669 2591 724; x_wconf 83' lang='lat' dir='ltr'><strong>sicut</strong></span> <span class='ocrx_word' id='word_1_152' title='bbox 2619 687 2715 739; x_wconf 88' lang='lat' dir='ltr'><strong>per</strong></span> <span class='ocrx_word' id='word_1_153' title='bbox 2745 668 2967 724; x_wconf 82' lang='lat' dir='ltr'><strong>Paulum</strong></span> <span class='ocrx_word' id='word_1_154' title='bbox 2998 668 3193 725; x_wconf 87' lang='lat' dir='ltr'><strong>dicitur</strong></span> <span class='ocrx_word' id='word_1_155' title='bbox 3226 690 3239 725; x_wconf 86' lang='lat'><strong>:</strong></span> <span class='ocrx_word' id='word_1_156' title='bbox 3274 672 3334 727; x_wconf 90' lang='lat' dir='ltr'><strong>Si</strong></span> <span class='ocrx_word' id='word_1_157' title='bbox 3365 673 3502 727; x_wconf 85' lang='lat' dir='ltr'><strong>enim</strong></span> <span class='ocrx_word' id='word_1_158' title='bbox 3533 673 3754 743; x_wconf 77' lang='lat' dir='ltr'><strong>sanguis</strong></span> 
     </span>
    </p>
   </div>
   <div class='ocr_carea' id='block_1_21' title="bbox 2151 760 3753 834">
    <p class='ocr_par' dir='ltr' id='par_1_21' title="bbox 2151 760 3753 834">
     <span class='ocr_line' id='line_1_21' title="bbox 2151 760 3753 834; baseline 0.004 -23"><span class='ocrx_word' id='word_1_159' title='bbox 2151 760 2412 814; x_wconf 81' lang='lat' dir='ltr'><strong>hircorum</strong></span> <span class='ocrx_word' id='word_1_160' title='bbox 2433 771 2479 815; x_wconf 81' lang='lat' dir='ltr'><strong>et</strong></span> <span class='ocrx_word' id='word_1_161' title='bbox 2503 772 2790 827; x_wconf 87' lang='lat' dir='ltr'><strong>taurorum,</strong></span> <span class='ocrx_word' id='word_1_162' title='bbox 2814 772 2863 817; x_wconf 90' lang='lat' dir='ltr'><strong>et</strong></span> <span class='ocrx_word' id='word_1_163' title='bbox 2886 764 3015 817; x_wconf 86' lang='lat' dir='ltr'><strong>cinis</strong></span> <span class='ocrx_word' id='word_1_164' title='bbox 3040 763 3209 817; x_wconf 79' lang='lat' dir='ltr'><strong>rilqu</strong></span> <span class='ocrx_word' id='word_1_165' title='bbox 3229 780 3471 834; x_wconf 86' lang='lat' dir='ltr'><strong>aspersus</strong></span> <span class='ocrx_word' id='word_1_166' title='bbox 3502 765 3753 834; x_wconf 85' lang='lat' dir='ltr'><strong>inquina-</strong></span> 
     </span>
    </p>
   </div>
   <div class='ocr_carea' id='block_1_22' title="bbox 2152 853 3755 927">
    <p class='ocr_par' dir='ltr' id='par_1_22' title="bbox 2152 853 3755 927">
     <span class='ocr_line' id='line_1_22' title="bbox 2152 853 3755 927; baseline 0.002 -23"><span class='ocrx_word' id='word_1_167' title='bbox 2152 859 2229 905; x_wconf 88' lang='lat' dir='ltr'><strong>tos</strong></span> <span class='ocrx_word' id='word_1_168' title='bbox 2258 853 2555 923; x_wconf 82' lang='lat' dir='ltr'><strong>sanctiﬁcat</strong></span> <span class='ocrx_word' id='word_1_169' title='bbox 2585 854 2654 907; x_wconf 88' lang='lat' dir='ltr'><strong>ad</strong></span> <span class='ocrx_word' id='word_1_170' title='bbox 2681 855 3101 909; x_wconf 87' lang='lat' dir='ltr'><strong>emundationem</strong></span> <span class='ocrx_word' id='word_1_171' title='bbox 3131 855 3327 921; x_wconf 84' lang='lat' dir='ltr'><strong>carnis,</strong></span> <span class='ocrx_word' id='word_1_172' title='bbox 3356 864 3552 927; x_wconf 86' lang='lat' dir='ltr'><strong>quanto</strong></span> <span class='ocrx_word' id='word_1_173' title='bbox 3581 856 3755 925; x_wconf 79' lang='lat' dir='ltr'><strong>ntagis</strong></span> 
     </span>
    </p>
   </div>
   <div class='ocr_carea' id='block_1_23' title="bbox 2150 942 3755 1020">
    <p class='ocr_par' dir='ltr' id='par_1_23' title="bbox 2150 942 3755 1020">
     <span class='ocr_line' id='line_1_23' title="bbox 2150 942 3755 1020; baseline 0.002 -23"><span class='ocrx_word' id='word_1_174' title='bbox 2150 948 2364 1017; x_wconf 76' lang='lat' dir='ltr'><strong>sanguis</strong></span> <span class='ocrx_word' id='word_1_175' title='bbox 2392 946 2604 1013; x_wconf 80' lang='lat' dir='ltr'><strong>Christi,</strong></span> <span class='ocrx_word' id='word_1_176' title='bbox 2637 949 2723 1019; x_wconf 90' lang='lat' dir='ltr'><strong>qui</strong></span> <span class='ocrx_word' id='word_1_177' title='bbox 2749 966 2840 1020; x_wconf 86' lang='lat' dir='ltr'><strong>per</strong></span> <span class='ocrx_word' id='word_1_178' title='bbox 2869 942 3127 1019; x_wconf 82' lang='lat' dir='ltr'><strong>Spiritum</strong></span> <span class='ocrx_word' id='word_1_179' title='bbox 3150 960 3389 1002; x_wconf 84' lang='lat' dir='ltr'><strong>sanctum</strong></span> <span class='ocrx_word' id='word_1_180' title='bbox 3416 949 3755 1017; x_wconf 76' lang='lat' dir='ltr'><strong>semetipsum</strong></span> 
     </span>
    </p>
   </div>
   <div class='ocr_carea' id='block_1_24' title="bbox 2153 1038 3757 1105">
    <p class='ocr_par' dir='ltr' id='par_1_24' title="bbox 2153 1038 3757 1105">
     <span class='ocr_line' id='line_1_24' title="bbox 2153 1038 3757 1105; baseline -0.002 -10"><span class='ocrx_word' id='word_1_181' title='bbox 2153 1038 2335 1095; x_wconf 84' lang='lat' dir='ltr'><strong>obtulit</strong></span> <span class='ocrx_word' id='word_1_182' title='bbox 2390 1041 2775 1097; x_wconf 83' lang='lat' dir='ltr'><strong>immaculatum</strong></span> <span class='ocrx_word' id='word_1_183' title='bbox 2827 1040 2972 1105; x_wconf 88' lang='lat' dir='ltr'><strong>Deo,</strong></span> <span class='ocrx_word' id='word_1_184' title='bbox 3030 1041 3331 1095; x_wconf 86' lang='lat' dir='ltr'><strong>cmundabit</strong></span> <span class='ocrx_word' id='word_1_185' title='bbox 3378 1040 3757 1095; x_wconf 84' lang='lat' dir='ltr'><strong>conscientiam</strong></span> 
     </span>
    </p>
   </div>
   <div class='ocr_carea' id='block_1_25' title="bbox 2154 1124 3759 1206">
    <p class='ocr_par' dir='ltr' id='par_1_25' title="bbox 2154 1124 3759 1206">
     <span class='ocr_line' id='line_1_25' title="bbox 2154 1124 3759 1206; baseline -0.001 -20"><span class='ocrx_word' id='word_1_186' title='bbox 2154 1141 2385 1187; x_wconf 87' lang='lat' dir='ltr'><strong>nostram</strong></span> <span class='ocrx_word' id='word_1_187' title='bbox 2419 1132 2482 1187; x_wconf 88' lang='lat' dir='ltr'><strong>ab</strong></span> <span class='ocrx_word' id='word_1_188' title='bbox 2512 1136 2755 1206; x_wconf 86' lang='lat' dir='ltr'><strong>aperibus</strong></span> <span class='ocrx_word' id='word_1_189' title='bbox 2796 1135 3014 1188; x_wconf 84' lang='lat' dir='ltr'><strong>mortuis</strong></span> <span class='ocrx_word' id='word_1_190' title='bbox 3055 1132 3123 1187; x_wconf 88' lang='lat' dir='ltr'><strong>ad</strong></span> <span class='ocrx_word' id='word_1_191' title='bbox 3171 1132 3497 1187; x_wconf 82' lang='lat' dir='ltr'><strong>serviendum</strong></span> <span class='ocrx_word' id='word_1_192' title='bbox 3539 1124 3650 1185; x_wconf 84' lang='lat' dir='ltr'><strong>Deo</strong></span> <span class='ocrx_word' id='word_1_193' title='bbox 3678 1131 3759 1185; x_wconf 77' lang='lat' dir='ltr'><strong>ci-</strong></span> 
     </span>
    </p>
   </div>
   <div class='ocr_carea' id='block_1_26' title="bbox 2153 1218 3758 1298">
    <p class='ocr_par' dir='ltr' id='par_1_26' title="bbox 2153 1218 3758 1298">
     <span class='ocr_line' id='line_1_26' title="bbox 2153 1218 3758 1298; baseline -0.003 -19"><span class='ocrx_word' id='word_1_194' title='bbox 2153 1226 2285 1279; x_wconf 83' lang='lat' dir='ltr'><strong>venti</strong></span> <span class='ocrx_word' id='word_1_195' title='bbox 2318 1220 2504 1298; x_wconf 80' lang='lat' dir='ltr'><strong>(Hebr.</strong></span> <span class='ocrx_word' id='word_1_196' title='bbox 2546 1240 2618 1289; x_wconf 77' lang='lat' dir='ltr'><strong>ix,</strong></span> <span class='ocrx_word' id='word_1_197' title='bbox 2654 1218 2780 1297; x_wconf 76' lang='lat'><strong>1&#39;5)?</strong></span> <span class='ocrx_word' id='word_1_198' title='bbox 2805 1224 3061 1297; x_wconf 81' lang='lat' dir='ltr'><strong>Sequitur</strong></span> <span class='ocrx_word' id='word_1_199' title='bbox 3088 1241 3100 1277; x_wconf 76' lang='grc' dir='ltr'>ε</span> <span class='ocrx_word' id='word_1_200' title='bbox 3133 1221 3354 1278; x_wconf 83' lang='lat' dir='ltr'><strong>Lavabis</strong></span> <span class='ocrx_word' id='word_1_201' title='bbox 3380 1239 3489 1287; x_wconf 89' lang='lat' dir='ltr'><strong>me,</strong></span> <span class='ocrx_word' id='word_1_202' title='bbox 3520 1230 3570 1275; x_wconf 80' lang='lat' dir='ltr'><strong>et</strong></span> <span class='ocrx_word' id='word_1_203' title='bbox 3599 1235 3758 1286; x_wconf 74' lang='lat' dir='ltr'><strong>super</strong></span> 
     </span>
    </p>
   </div>
   <div class='ocr_carea' id='block_1_27' title="bbox 2153 1313 3756 1388">
    <p class='ocr_par' dir='ltr' id='par_1_27' title="bbox 2153 1313 3756 1388">
     <span class='ocr_line' id='line_1_27' title="bbox 2153 1313 3756 1388; baseline -0.004 -15"><span class='ocrx_word' id='word_1_204' title='bbox 2153 1322 2321 1374; x_wconf 87' lang='lat' dir='ltr'><strong>nivem</strong></span> <span class='ocrx_word' id='word_1_205' title='bbox 2346 1316 2642 1375; x_wconf 84' lang='lat' dir='ltr'><strong>dealbabor.</strong></span> <span class='ocrx_word' id='word_1_206' title='bbox 2678 1318 3140 1388; x_wconf 76' lang='lat' dir='ltr'><strong>Quemadmodum</strong></span> <span class='ocrx_word' id='word_1_207' title='bbox 3166 1330 3359 1387; x_wconf 86' lang='lat' dir='ltr'><strong>corpus</strong></span> <span class='ocrx_word' id='word_1_208' title='bbox 3388 1326 3525 1386; x_wconf 86' lang='lat' dir='ltr'><strong>aqua</strong></span> <span class='ocrx_word' id='word_1_209' title='bbox 3550 1313 3696 1367; x_wconf 80' lang='lat' dir='ltr'><strong>lavat</strong></span> <span class='ocrx_word' id='word_1_210' title='bbox 3723 1326 3756 1367; x_wconf 88' lang='lat' dir='ltr'><strong>a</strong></span> 
     </span>
    </p>
   </div>
   <div class='ocr_carea' id='block_1_28' title="bbox 2153 1406 3755 1482">
    <p class='ocr_par' dir='ltr' id='par_1_28' title="bbox 2153 1406 3755 1482">
     <span class='ocr_line' id='line_1_28' title="bbox 2153 1406 3755 1482; baseline -0.006 -16"><span class='ocrx_word' id='word_1_211' title='bbox 2153 1412 2493 1482; x_wconf 86' lang='lat' dir='ltr'><strong>squaloribus</strong></span> <span class='ocrx_word' id='word_1_212' title='bbox 2516 1406 2775 1477; x_wconf 90' lang='lat' dir='ltr'><strong>sordium,</strong></span> <span class='ocrx_word' id='word_1_213' title='bbox 2795 1413 2866 1466; x_wconf 91' lang='lat' dir='ltr'><strong>ita</strong></span> <span class='ocrx_word' id='word_1_214' title='bbox 2886 1411 3054 1481; x_wconf 82' lang='lat' dir='ltr'><strong>gratia</strong></span> <span class='ocrx_word' id='word_1_215' title='bbox 3068 1410 3238 1465; x_wconf 84' lang='lat' dir='ltr'><strong>sancti</strong></span> <span class='ocrx_word' id='word_1_216' title='bbox 3258 1408 3491 1479; x_wconf 85' lang='lat' dir='ltr'><strong>Spiritus</strong></span> <span class='ocrx_word' id='word_1_217' title='bbox 3514 1408 3755 1459; x_wconf 76' lang='lat' dir='ltr'><strong>animant</strong></span> 
     </span>
    </p>
   </div>
   <div class='ocr_carea' id='block_1_29' title="bbox 2154 1496 3758 1576">
    <p class='ocr_par' dir='ltr' id='par_1_29' title="bbox 2154 1496 3758 1576">
     <span class='ocr_line' id='line_1_29' title="bbox 2154 1496 3758 1576; baseline -0.004 -18"><span class='ocrx_word' id='word_1_218' title='bbox 2154 1514 2348 1574; x_wconf 89' lang='lat' dir='ltr'><strong>purgat</strong></span> <span class='ocrx_word' id='word_1_219' title='bbox 2390 1520 2419 1559; x_wconf 92' lang='lat' dir='ltr'><strong>a</strong></span> <span class='ocrx_word' id='word_1_220' title='bbox 2460 1505 2685 1559; x_wconf 80' lang='lat' dir='ltr'><strong>maculis</strong></span> <span class='ocrx_word' id='word_1_221' title='bbox 2732 1513 3103 1576; x_wconf 91' lang='lat' dir='ltr'><strong>peccatorum.</strong></span> <span class='ocrx_word' id='word_1_222' title='bbox 3135 1499 3292 1568; x_wconf 92' lang='lat' dir='ltr'><strong>Quod</strong></span> <span class='ocrx_word' id='word_1_223' title='bbox 3332 1516 3463 1555; x_wconf 87' lang='lat' dir='ltr'><strong>vero</strong></span> <span class='ocrx_word' id='word_1_224' title='bbox 3494 1500 3572 1553; x_wconf 90' lang='lat' dir='ltr'><strong>ait</strong></span> <span class='ocrx_word' id='word_1_225' title='bbox 3618 1517 3631 1553; x_wconf 90' lang='lat'><strong>:</strong></span> <span class='ocrx_word' id='word_1_226' title='bbox 3680 1496 3758 1552; x_wconf 79' lang='lat' dir='ltr'><strong>Et</strong></span> 
     </span>
    </p>
   </div>
   <div class='ocr_carea' id='block_1_30' title="bbox 2154 1586 3759 1668">
    <p class='ocr_par' dir='ltr' id='par_1_30' title="bbox 2154 1586 3759 1668">
     <span class='ocr_line' id='line_1_30' title="bbox 2154 1586 3759 1668; baseline -0.006 -16"><span class='ocrx_word' id='word_1_227' title='bbox 2154 1614 2309 1668; x_wconf 82' lang='lat' dir='ltr'><strong>super</strong></span> <span class='ocrx_word' id='word_1_228' title='bbox 2333 1598 2498 1652; x_wconf 87' lang='lat' dir='ltr'><strong>nivem</strong></span> <span class='ocrx_word' id='word_1_229' title='bbox 2540 1597 2851 1662; x_wconf 88' lang='lat' dir='ltr'><strong>dealbabor;</strong></span> <span class='ocrx_word' id='word_1_230' title='bbox 2902 1588 3140 1652; x_wconf 73' lang='lat' dir='ltr'><strong>ostendit</strong></span> <span class='ocrx_word' id='word_1_231' title='bbox 3170 1596 3294 1666; x_wconf 89' lang='lat' dir='ltr'><strong>quia</strong></span> <span class='ocrx_word' id='word_1_232' title='bbox 3326 1586 3469 1648; x_wconf 87' lang='lat' dir='ltr'><strong>nulla</strong></span> <span class='ocrx_word' id='word_1_233' title='bbox 3515 1591 3759 1661; x_wconf 81' lang='lat' dir='ltr'><strong>pulchri-</strong></span> 
     </span>
    </p>
   </div>
   <div class='ocr_carea' id='block_1_31' title="bbox 2156 1682 3757 1761">
    <p class='ocr_par' dir='ltr' id='par_1_31' title="bbox 2156 1682 3757 1761">
     <span class='ocr_line' id='line_1_31' title="bbox 2156 1682 3757 1761; baseline -0.006 -17"><span class='ocrx_word' id='word_1_234' title='bbox 2156 1690 2286 1745; x_wconf 85' lang='lat' dir='ltr'><strong>tudo</strong></span> <span class='ocrx_word' id='word_1_235' title='bbox 2315 1706 2433 1760; x_wconf 66' lang='lat' dir='ltr'><strong>quae</strong></span> <span class='ocrx_word' id='word_1_236' title='bbox 2473 1690 2612 1745; x_wconf 86' lang='lat' dir='ltr'><strong>inest</strong></span> <span class='ocrx_word' id='word_1_237' title='bbox 2641 1689 2887 1761; x_wconf 91' lang='lat' dir='ltr'><strong>corpori,</strong></span> <span class='ocrx_word' id='word_1_238' title='bbox 2931 1687 3073 1742; x_wconf 82' lang='lat' dir='ltr'><strong>valet</strong></span> <span class='ocrx_word' id='word_1_239' title='bbox 3102 1686 3285 1742; x_wconf 80' lang='lat' dir='ltr'><strong>decori</strong></span> <span class='ocrx_word' id='word_1_240' title='bbox 3315 1693 3518 1740; x_wconf 73' lang='lat' dir='ltr'><strong>sancta:</strong></span> <span class='ocrx_word' id='word_1_241' title='bbox 3560 1682 3757 1736; x_wconf 77' lang='lat' dir='ltr'><strong>anima:</strong></span> 
     </span>
    </p>
   </div>
   <div class='ocr_carea' id='block_1_32' title="bbox 2156 1772 3757 1855">
    <p class='ocr_par' dir='ltr' id='par_1_32' title="bbox 2156 1772 3757 1855">
     <span class='ocr_line' id='line_1_32' title="bbox 2156 1772 3757 1855; baseline -0.006 -16"><span class='ocrx_word' id='word_1_242' title='bbox 2156 1786 2479 1855; x_wconf 86' lang='lat' dir='ltr'><strong>comparari.</strong></span> <span class='ocrx_word' id='word_1_243' title='bbox 2529 1784 2666 1851; x_wconf 86' lang='lat' dir='ltr'><strong>Quid</strong></span> <span class='ocrx_word' id='word_1_244' title='bbox 2698 1798 2929 1852; x_wconf 88' lang='lat' dir='ltr'><strong>namque</strong></span> <span class='ocrx_word' id='word_1_245' title='bbox 2960 1782 3011 1836; x_wconf 92' lang='lat' dir='ltr'><strong>in</strong></span> <span class='ocrx_word' id='word_1_246' title='bbox 3049 1782 3374 1852; x_wconf 86' lang='lat' dir='ltr'><strong>corporibus</strong></span> <span class='ocrx_word' id='word_1_247' title='bbox 3418 1778 3541 1831; x_wconf 89' lang='lat' dir='ltr'><strong>nive</strong></span> <span class='ocrx_word' id='word_1_248' title='bbox 3568 1772 3757 1831; x_wconf 89' lang='lat' dir='ltr'><strong>candi-</strong></span> 
     </span>
    </p>
   </div>
   <div class='ocr_carea' id='block_1_33' title="bbox 452 1862 3749 1945">
    <p class='ocr_par' dir='ltr' id='par_1_33' title="bbox 452 1862 3749 1945">
     <span class='ocr_line' id='line_1_33' title="bbox 452 1862 3749 1945; baseline -0.002 -29"><span class='ocrx_word' id='word_1_249' title='bbox 452 1864 587 1918; x_wconf 69' lang='grc' dir='ltr'><strong>νὶιιω</strong></span> <span class='ocrx_word' id='word_1_250' title='bbox 612 1865 978 1935; x_wconf 76' lang='lat' dir='ltr'><strong>dispositionis</strong></span> <span class='ocrx_word' id='word_1_251' title='bbox 1006 1866 1248 1932; x_wconf 83' lang='lat' dir='ltr'><strong>consilia,</strong></span> <span class='ocrx_word' id='word_1_252' title='bbox 1282 1866 1531 1922; x_wconf 90' lang='lat' dir='ltr'><strong>onmibus</strong></span> <span class='ocrx_word' id='word_1_253' title='bbox 1561 1867 1809 1935; x_wconf 90' lang='lat' dir='ltr'><strong>gentibus</strong></span> <span class='ocrx_word' id='word_1_254' title='bbox 1836 1876 1933 1935; x_wconf 88' lang='lat' dir='ltr'><strong>per</strong></span> <span class='ocrx_word' id='word_1_255' title='bbox 1954 1862 2049 1918; x_wconf 88' lang='lat' dir='ltr'><strong>Dei</strong></span> <span class='ocrx_word' id='word_1_256' title='bbox 2078 1866 2129 1937; x_wconf 60' lang='grc' dir='ltr'>β</span> <span class='ocrx_word' id='word_1_257' title='bbox 2155 1876 2309 1931; x_wconf 69' lang='lat' dir='ltr'><strong>dius?</strong></span> <span class='ocrx_word' id='word_1_258' title='bbox 2358 1875 2425 1929; x_wconf 74' lang='grc' dir='ltr'><strong>Ει</strong></span> <span class='ocrx_word' id='word_1_259' title='bbox 2479 1885 2656 1929; x_wconf 53' lang='lat' dir='ltr'><strong>tamen</strong></span> <span class='ocrx_word' id='word_1_260' title='bbox 2688 1874 2779 1945; x_wconf 72' lang='lat' dir='ltr'><strong>qui</strong></span> <span class='ocrx_word' id='word_1_261' title='bbox 2810 1874 2925 1927; x_wconf 62' lang='lat' dir='ltr'><strong>vias</strong></span> <span class='ocrx_word' id='word_1_262' title='bbox 2966 1868 3230 1943; x_wconf 64' lang='lat' dir='ltr'><strong>passionis</strong></span> <span class='ocrx_word' id='word_1_263' title='bbox 3258 1866 3458 1924; x_wconf 71' lang='lat' dir='ltr'><strong>Christi</strong></span> <span class='ocrx_word' id='word_1_264' title='bbox 3485 1866 3749 1934; x_wconf 66' lang='lat' dir='ltr'><strong>sequitur,</strong></span> 
     </span>
    </p>
   </div>
   <div class='ocr_carea' id='block_1_34' title="bbox 451 1958 2051 2029">
    <p class='ocr_par' dir='ltr' id='par_1_34' title="bbox 451 1958 2051 2029">
     <span class='ocr_line' id='line_1_34' title="bbox 451 1958 2051 2029; baseline -0.001 -15"><span class='ocrx_word' id='word_1_265' title='bbox 451 1958 772 2029; x_wconf 84' lang='lat' dir='ltr'><strong>sapientiam</strong></span> <span class='ocrx_word' id='word_1_266' title='bbox 817 1958 1019 2015; x_wconf 89' lang='lat' dir='ltr'><strong>ultimis</strong></span> <span class='ocrx_word' id='word_1_267' title='bbox 1068 1960 1401 2024; x_wconf 86' lang='lat' dir='ltr'><strong>temporibus</strong></span> <span class='ocrx_word' id='word_1_268' title='bbox 1441 1962 1701 2016; x_wconf 87' lang='lat' dir='ltr'><strong>revelata.</strong></span> <span class='ocrx_word' id='word_1_269' title='bbox 1748 1959 1877 2026; x_wconf 78' lang='lat' dir='ltr'><strong>Qua:</strong></span> <span class='ocrx_word' id='word_1_270' title='bbox 1924 1958 2051 2027; x_wconf 87' lang='lat' dir='ltr'><strong>quia</strong></span> 
     </span>
    </p>
   </div>
   <div class='ocr_carea' id='block_1_35' title="bbox 452 2046 2052 2121">
    <p class='ocr_par' dir='ltr' id='par_1_35' title="bbox 452 2046 2052 2121">
     <span class='ocr_line' id='line_1_35' title="bbox 452 2046 2052 2121; baseline 0 -18"><span class='ocrx_word' id='word_1_271' title='bbox 452 2048 617 2103; x_wconf 87' lang='lat' dir='ltr'><strong>David</strong></span> <span class='ocrx_word' id='word_1_272' title='bbox 659 2065 759 2119; x_wconf 89' lang='lat' dir='ltr'><strong>per</strong></span> <span class='ocrx_word' id='word_1_273' title='bbox 805 2049 1053 2119; x_wconf 89' lang='lat' dir='ltr'><strong>spiritum</strong></span> <span class='ocrx_word' id='word_1_274' title='bbox 1096 2060 1457 2121; x_wconf 84' lang='lat' dir='ltr'><strong>cognoverat,</strong></span> <span class='ocrx_word' id='word_1_275' title='bbox 1490 2050 1556 2106; x_wconf 91' lang='lat' dir='ltr'><strong>de</strong></span> <span class='ocrx_word' id='word_1_276' title='bbox 1595 2046 1688 2105; x_wconf 89' lang='lat' dir='ltr'><strong>Dei</strong></span> <span class='ocrx_word' id='word_1_277' title='bbox 1719 2046 2052 2105; x_wconf 78' lang='lat' dir='ltr'><strong>conﬁdenter</strong></span> 
     </span>
    </p>
   </div>
   <div class='ocr_carea' id='block_1_36' title="bbox 450 2139 2052 2211">
    <p class='ocr_par' dir='ltr' id='par_1_36' title="bbox 450 2139 2052 2211">
     <span class='ocr_line' id='line_1_36' title="bbox 450 2139 2052 2211; baseline 0 -18"><span class='ocrx_word' id='word_1_278' title='bbox 450 2139 821 2195; x_wconf 88' lang='lat' dir='ltr'><strong>misericordia</strong></span> <span class='ocrx_word' id='word_1_279' title='bbox 874 2143 1253 2211; x_wconf 64' lang='lat' dir='ltr'><strong>praesumebat.</strong></span> <span class='ocrx_word' id='word_1_280' title='bbox 1287 2143 1367 2197; x_wconf 83' lang='lat' dir='ltr'><strong>An</strong></span> <span class='ocrx_word' id='word_1_281' title='bbox 1414 2158 1520 2198; x_wconf 92' lang='lat' dir='ltr'><strong>non</strong></span> <span class='ocrx_word' id='word_1_282' title='bbox 1565 2142 1815 2197; x_wconf 79' lang='lat' dir='ltr'><strong>Ninivitis</strong></span> <span class='ocrx_word' id='word_1_283' title='bbox 1845 2141 2052 2195; x_wconf 88' lang='lat' dir='ltr'><strong>incerta</strong></span> 
     </span>
    </p>
   </div>
   <div class='ocr_carea' id='block_1_37' title="bbox 449 2230 2054 2305">
    <p class='ocr_par' dir='ltr' id='par_1_37' title="bbox 449 2230 2054 2305">
     <span class='ocr_line' id='line_1_37' title="bbox 449 2230 2054 2305; baseline 0 -17"><span class='ocrx_word' id='word_1_284' title='bbox 449 2238 632 2298; x_wconf 86' lang='lat' dir='ltr'><strong>erant,</strong></span> <span class='ocrx_word' id='word_1_285' title='bbox 663 2230 755 2301; x_wconf 86' lang='lat' dir='ltr'><strong>qui</strong></span> <span class='ocrx_word' id='word_1_286' title='bbox 785 2233 1159 2301; x_wconf 74' lang='lat' dir='ltr'><strong>pmnitentiam</strong></span> <span class='ocrx_word' id='word_1_287' title='bbox 1198 2236 1416 2304; x_wconf 82' lang='lat' dir='ltr'><strong>agentes</strong></span> <span class='ocrx_word' id='word_1_288' title='bbox 1459 2248 1621 2305; x_wconf 87' lang='lat' dir='ltr'><strong>super</strong></span> <span class='ocrx_word' id='word_1_289' title='bbox 1666 2233 2054 2304; x_wconf 57' lang='lat' dir='ltr'><strong>praedicatione</strong></span> 
     </span>
    </p>
   </div>
   <div class='ocr_carea' id='block_1_38' title="bbox 450 2320 2055 2389">
    <p class='ocr_par' dir='ltr' id='par_1_38' title="bbox 450 2320 2055 2389">
     <span class='ocr_line' id='line_1_38' title="bbox 450 2320 2055 2389; baseline 0.001 -13"><span class='ocrx_word' id='word_1_290' title='bbox 450 2320 618 2387; x_wconf 59' lang='lat' dir='ltr'><strong>Jonas,</strong></span> <span class='ocrx_word' id='word_1_291' title='bbox 652 2322 949 2377; x_wconf 67' lang='lat' dir='ltr'><strong>hmsitamlo</strong></span> <span class='ocrx_word' id='word_1_292' title='bbox 980 2323 1266 2380; x_wconf 85' lang='lat' dir='ltr'><strong>dicebant:</strong></span> <span class='ocrx_word' id='word_1_293' title='bbox 1304 2325 1433 2389; x_wconf 80' lang='lat' dir='ltr'><strong>Quis</strong></span> <span class='ocrx_word' id='word_1_294' title='bbox 1462 2327 1559 2381; x_wconf 85' lang='lat' dir='ltr'><strong>sclt</strong></span> <span class='ocrx_word' id='word_1_295' title='bbox 1589 2326 1633 2380; x_wconf 89' lang='lat' dir='ltr'><strong>si</strong></span> <span class='ocrx_word' id='word_1_296' title='bbox 1661 2326 1985 2381; x_wconf 81' lang='lat' dir='ltr'><strong>convertatur</strong></span> <span class='ocrx_word' id='word_1_297' title='bbox 2007 2322 2055 2377; x_wconf 85' lang='lat' dir='ltr'><strong>et</strong></span> 
     </span>
    </p>
   </div>
   <div class='ocr_carea' id='block_1_39' title="bbox 449 2416 1343 2489">
    <p class='ocr_par' dir='ltr' id='par_1_39' title="bbox 449 2416 1343 2489">
     <span class='ocr_line' id='line_1_39' title="bbox 449 2416 1343 2489; baseline 0.002 -18"><span class='ocrx_word' id='word_1_298' title='bbox 449 2419 684 2489; x_wconf 72' lang='lat' dir='ltr'><strong>ignoscat</strong></span> <span class='ocrx_word' id='word_1_299' title='bbox 711 2416 855 2472; x_wconf 82' lang='lat' dir='ltr'><strong>Dens</strong></span> <span class='ocrx_word' id='word_1_300' title='bbox 884 2417 1079 2489; x_wconf 80' lang='lat' dir='ltr'><strong>(Jome.</strong></span> <span class='ocrx_word' id='word_1_301' title='bbox 1113 2434 1192 2487; x_wconf 88' lang='grc' dir='ltr'><strong>ιιι,</strong></span> <span class='ocrx_word' id='word_1_302' title='bbox 1224 2418 1343 2487; x_wconf 74' lang='lat'><strong>9.)?</strong></span> 
     </span>
    </p>
   </div>
   <div class='ocr_carea' id='block_1_40' title="bbox 523 2530 2051 2605">
    <p class='ocr_par' dir='ltr' id='par_1_40' title="bbox 523 2530 2051 2605">
     <span class='ocr_line' id='line_1_40' title="bbox 523 2530 2051 2605; baseline 0.001 -21"><span class='ocrx_word' id='word_1_303' title='bbox 523 2530 697 2601; x_wconf 83' lang='lat' dir='ltr'><strong>(Vers.</strong></span> <span class='ocrx_word' id='word_1_304' title='bbox 733 2530 813 2602; x_wconf 88' lang='lat'><strong>8.)</strong></span> <span class='ocrx_word' id='word_1_305' title='bbox 853 2531 1107 2603; x_wconf 83' lang='lat' dir='ltr'><strong>Asperges</strong></span> <span class='ocrx_word' id='word_1_306' title='bbox 1138 2548 1217 2587; x_wconf 90' lang='lat' dir='ltr'><strong>me</strong></span> <span class='ocrx_word' id='word_1_307' title='bbox 1252 2531 1505 2605; x_wconf 83' lang='lat' dir='ltr'><strong>hyssopo,</strong></span> <span class='ocrx_word' id='word_1_308' title='bbox 1540 2541 1588 2588; x_wconf 88' lang='lat' dir='ltr'><strong>et</strong></span> <span class='ocrx_word' id='word_1_309' title='bbox 1618 2530 1933 2600; x_wconf 86' lang='lat' dir='ltr'><strong>mundabor,</strong></span> <span class='ocrx_word' id='word_1_310' title='bbox 1966 2531 2051 2587; x_wconf 82' lang='lat' dir='ltr'><strong>la-</strong></span> 
     </span>
    </p>
   </div>
   <div class='ocr_carea' id='block_1_41' title="bbox 450 2620 1509 2695">
    <p class='ocr_par' dir='ltr' id='par_1_41' title="bbox 450 2620 1509 2695">
     <span class='ocr_line' id='line_1_41' title="bbox 450 2620 1509 2695; baseline 0.004 -18"><span class='ocrx_word' id='word_1_311' title='bbox 450 2620 591 2677; x_wconf 80' lang='lat' dir='ltr'><strong>vabis</strong></span> <span class='ocrx_word' id='word_1_312' title='bbox 620 2639 720 2686; x_wconf 88' lang='lat' dir='ltr'><strong>me,</strong></span> <span class='ocrx_word' id='word_1_313' title='bbox 754 2631 803 2678; x_wconf 88' lang='lat' dir='ltr'><strong>et</strong></span> <span class='ocrx_word' id='word_1_314' title='bbox 835 2638 991 2695; x_wconf 84' lang='lat' dir='ltr'><strong>super</strong></span> <span class='ocrx_word' id='word_1_315' title='bbox 1015 2626 1181 2679; x_wconf 79' lang='lat' dir='ltr'><strong>nivem</strong></span> <span class='ocrx_word' id='word_1_316' title='bbox 1207 2622 1509 2681; x_wconf 87' lang='lat' dir='ltr'><strong>dealbabor.</strong></span> 
     </span>
    </p>
   </div>
   <div class='ocr_carea' id='block_1_42' title="bbox 522 2708 2055 2789">
    <p class='ocr_par' dir='ltr' id='par_1_42' title="bbox 522 2708 2055 2789">
     <span class='ocr_line' id='line_1_42' title="bbox 522 2708 2055 2789; baseline 0.003 -21"><span class='ocrx_word' id='word_1_317' title='bbox 522 2713 575 2769; x_wconf 86' lang='lat'><strong>9.</strong></span> <span class='ocrx_word' id='word_1_318' title='bbox 618 2714 899 2787; x_wconf 85' lang='lat' dir='ltr'><strong>Hyssopus</strong></span> <span class='ocrx_word' id='word_1_319' title='bbox 927 2724 1010 2772; x_wconf 87' lang='lat' dir='ltr'><strong>est</strong></span> <span class='ocrx_word' id='word_1_320' title='bbox 1055 2717 1226 2773; x_wconf 89' lang='lat' dir='ltr'><strong>herba</strong></span> <span class='ocrx_word' id='word_1_321' title='bbox 1258 2718 1473 2774; x_wconf 88' lang='lat' dir='ltr'><strong>humilis</strong></span> <span class='ocrx_word' id='word_1_322' title='bbox 1494 2760 1509 2787; x_wconf 90' lang='lat'><strong>,</strong></span> <span class='ocrx_word' id='word_1_323' title='bbox 1533 2733 1667 2775; x_wconf 77' lang='lat' dir='ltr'><strong>saxo</strong></span> <span class='ocrx_word' id='word_1_324' title='bbox 1704 2708 1919 2789; x_wconf 84' lang='lat' dir='ltr'><strong>quidem</strong></span> <span class='ocrx_word' id='word_1_325' title='bbox 1962 2710 2055 2772; x_wconf 90' lang='lat' dir='ltr'><strong>ad-</strong></span> 
     </span>
    </p>
   </div>
   <div class='ocr_carea' id='block_1_43' title="bbox 448 2802 2053 2882">
    <p class='ocr_par' dir='ltr' id='par_1_43' title="bbox 448 2802 2053 2882">
     <span class='ocr_line' id='line_1_43' title="bbox 448 2802 2053 2882; baseline 0.002 -22"><span class='ocrx_word' id='word_1_326' title='bbox 448 2806 681 2871; x_wconf 73' lang='lat' dir='ltr'><strong>hterens,</strong></span> <span class='ocrx_word' id='word_1_327' title='bbox 722 2815 775 2863; x_wconf 86' lang='lat' dir='ltr'><strong>et</strong></span> <span class='ocrx_word' id='word_1_328' title='bbox 806 2816 996 2879; x_wconf 88' lang='lat' dir='ltr'><strong>parum</strong></span> <span class='ocrx_word' id='word_1_329' title='bbox 1023 2802 1273 2866; x_wconf 87' lang='lat' dir='ltr'><strong>utilitatis</strong></span> <span class='ocrx_word' id='word_1_330' title='bbox 1300 2806 1355 2866; x_wconf 90' lang='lat' dir='ltr'><strong>in</strong></span> <span class='ocrx_word' id='word_1_331' title='bbox 1385 2810 1563 2882; x_wconf 86' lang='lat' dir='ltr'><strong>seipsa</strong></span> <span class='ocrx_word' id='word_1_332' title='bbox 1587 2812 1671 2865; x_wconf 87' lang='lat' dir='ltr'><strong>sui</strong></span> <span class='ocrx_word' id='word_1_333' title='bbox 1699 2808 1837 2865; x_wconf 78' lang='lat' dir='ltr'><strong>facie</strong></span> <span class='ocrx_word' id='word_1_334' title='bbox 1865 2817 2053 2865; x_wconf 88' lang='lat' dir='ltr'><strong>osten-</strong></span> 
     </span>
    </p>
   </div>
   <div class='ocr_carea' id='block_1_44' title="bbox 449 2894 2057 2972">
    <p class='ocr_par' dir='ltr' id='par_1_44' title="bbox 449 2894 2057 2972">
     <span class='ocr_line' id='line_1_44' title="bbox 449 2894 2057 2972; baseline 0.001 -20"><span class='ocrx_word' id='word_1_335' title='bbox 449 2894 612 2965; x_wconf 86' lang='lat' dir='ltr'><strong>dens,</strong></span> <span class='ocrx_word' id='word_1_336' title='bbox 645 2908 766 2969; x_wconf 65' lang='lat' dir='ltr'><strong>qua:</strong></span> <span class='ocrx_word' id='word_1_337' title='bbox 796 2906 981 2956; x_wconf 83' lang='lat' dir='ltr'><strong>tamen</strong></span> <span class='ocrx_word' id='word_1_338' title='bbox 1016 2900 1287 2972; x_wconf 83' lang='lat' dir='ltr'><strong>pulmonis</strong></span> <span class='ocrx_word' id='word_1_339' title='bbox 1328 2894 1660 2959; x_wconf 80' lang='lat' dir='ltr'><strong>inﬂationem</strong></span> <span class='ocrx_word' id='word_1_340' title='bbox 1696 2900 1969 2971; x_wconf 89' lang='lat' dir='ltr'><strong>deprimit,</strong></span> <span class='ocrx_word' id='word_1_341' title='bbox 2002 2898 2057 2955; x_wconf 84' lang='lat' dir='ltr'><strong>et</strong></span> 
     </span>
    </p>
   </div>
   <div class='ocr_carea' id='block_1_45' title="bbox 448 2982 2056 3059">
    <p class='ocr_par' dir='ltr' id='par_1_45' title="bbox 448 2982 2056 3059">
     <span class='ocr_line' id='line_1_45' title="bbox 448 2982 2056 3059; baseline 0.001 -16"><span class='ocrx_word' id='word_1_342' title='bbox 448 2986 662 3044; x_wconf 81' lang='lat' dir='ltr'><strong>virtutis</strong></span> <span class='ocrx_word' id='word_1_343' title='bbox 691 3002 801 3043; x_wconf 75' lang='lat' dir='ltr'><strong>suae</strong></span> <span class='ocrx_word' id='word_1_344' title='bbox 827 2992 1179 3048; x_wconf 79' lang='lat' dir='ltr'><strong>acrimoniam</strong></span> <span class='ocrx_word' id='word_1_345' title='bbox 1202 2994 1248 3048; x_wconf 90' lang='lat' dir='ltr'><strong>si</strong></span> <span class='ocrx_word' id='word_1_346' title='bbox 1278 2998 1591 3049; x_wconf 87' lang='lat' dir='ltr'><strong>conteratur</strong></span> <span class='ocrx_word' id='word_1_347' title='bbox 1618 2992 1877 3050; x_wconf 89' lang='lat' dir='ltr'><strong>ostendit.</strong></span> <span class='ocrx_word' id='word_1_348' title='bbox 1912 2982 2056 3059; x_wconf 84' lang='lat' dir='ltr'><strong>Quid</strong></span> 
     </span>
    </p>
   </div>
   <div class='ocr_carea' id='block_1_46' title="bbox 451 3076 2057 3155">
    <p class='ocr_par' dir='ltr' id='par_1_46' title="bbox 451 3076 2057 3155">
     <span class='ocr_line' id='line_1_46' title="bbox 451 3076 2057 3155; baseline 0.002 -19"><span class='ocrx_word' id='word_1_349' title='bbox 451 3090 593 3151; x_wconf 84' lang='lat' dir='ltr'><strong>ergo‘</strong></span> <span class='ocrx_word' id='word_1_350' title='bbox 606 3096 703 3152; x_wconf 89' lang='lat' dir='ltr'><strong>per</strong></span> <span class='ocrx_word' id='word_1_351' title='bbox 723 3076 1046 3152; x_wconf 81' lang='lat' dir='ltr'><strong>hyssopum,</strong></span> <span class='ocrx_word' id='word_1_352' title='bbox 1069 3082 1171 3139; x_wconf 90' lang='lat' dir='ltr'><strong>nisi</strong></span> <span class='ocrx_word' id='word_1_353' title='bbox 1188 3082 1391 3140; x_wconf 83' lang='lat' dir='ltr'><strong>Christi</strong></span> <span class='ocrx_word' id='word_1_354' title='bbox 1415 3083 1693 3141; x_wconf 87' lang='lat' dir='ltr'><strong>humilitas</strong></span> <span class='ocrx_word' id='word_1_355' title='bbox 1713 3080 2057 3155; x_wconf 82' lang='lat' dir='ltr'><strong>designatur?</strong></span> 
     </span>
    </p>
   </div>
   <div class='ocr_carea' id='block_1_47' title="bbox 449 3169 2054 3246">
    <p class='ocr_par' dir='ltr' id='par_1_47' title="bbox 449 3169 2054 3246">
     <span class='ocr_line' id='line_1_47' title="bbox 449 3169 2054 3246; baseline 0.002 -20"><span class='ocrx_word' id='word_1_356' title='bbox 449 3169 574 3241; x_wconf 83' lang='lat' dir='ltr'><strong>Ipsa</strong></span> <span class='ocrx_word' id='word_1_357' title='bbox 603 3180 686 3227; x_wconf 91' lang='lat' dir='ltr'><strong>est</strong></span> <span class='ocrx_word' id='word_1_358' title='bbox 726 3171 869 3227; x_wconf 89' lang='lat' dir='ltr'><strong>enim</strong></span> <span class='ocrx_word' id='word_1_359' title='bbox 901 3184 1022 3242; x_wconf 64' lang='lat' dir='ltr'><strong>quae</strong></span> <span class='ocrx_word' id='word_1_360' title='bbox 1061 3184 1281 3230; x_wconf 89' lang='lat' dir='ltr'><strong>omnem</strong></span> <span class='ocrx_word' id='word_1_361' title='bbox 1309 3175 1364 3229; x_wconf 92' lang='lat' dir='ltr'><strong>in</strong></span> <span class='ocrx_word' id='word_1_362' title='bbox 1404 3174 1559 3231; x_wconf 91' lang='lat' dir='ltr'><strong>nobis</strong></span> <span class='ocrx_word' id='word_1_363' title='bbox 1589 3175 1833 3246; x_wconf 88' lang='lat' dir='ltr'><strong>reprimit</strong></span> <span class='ocrx_word' id='word_1_364' title='bbox 1861 3182 2054 3231; x_wconf 87' lang='lat' dir='ltr'><strong>contu-</strong></span> 
     </span>
    </p>
   </div>
   <div class='ocr_carea' id='block_1_48' title="bbox 2110 3164 3063 3249">
    <p class='ocr_par' dir='ltr' id='par_1_48' title="bbox 2110 3164 3063 3249">
     <span class='ocr_line' id='line_1_48' title="bbox 2110 3164 3063 3249; baseline -0.004 -22"><span class='ocrx_word' id='word_1_365' title='bbox 2110 3244 2117 3249; x_wconf 28' lang='lat'><strong><em>.</em></strong></span> <span class='ocrx_word' id='word_1_366' title='bbox 2164 3164 2277 3244; x_wconf 66' lang='lat'><strong>34).</strong></span> <span class='ocrx_word' id='word_1_367' title='bbox 2320 3173 2380 3228; x_wconf 88' lang='lat' dir='ltr'><strong>In</strong></span> <span class='ocrx_word' id='word_1_368' title='bbox 2423 3189 2489 3230; x_wconf 93' lang='lat' dir='ltr'><strong>eo</strong></span> <span class='ocrx_word' id='word_1_369' title='bbox 2533 3181 2717 3228; x_wconf 90' lang='lat' dir='ltr'><strong>autem</strong></span> <span class='ocrx_word' id='word_1_370' title='bbox 2742 3171 2887 3243; x_wconf 92' lang='lat' dir='ltr'><strong>quod</strong></span> <span class='ocrx_word' id='word_1_371' title='bbox 2930 3172 3003 3224; x_wconf 88' lang='lat' dir='ltr'><strong>ait</strong></span> <span class='ocrx_word' id='word_1_372' title='bbox 3052 3188 3063 3223; x_wconf 90' lang='lat'><strong>:</strong></span> 
     </span>
    </p>
   </div>
   <div class='ocr_carea' id='block_1_49' title="bbox 2158 1960 3755 2041">
    <p class='ocr_par' dir='ltr' id='par_1_49' title="bbox 2158 1960 3755 2041">
     <span class='ocr_line' id='line_1_49' title="bbox 2158 1960 3755 2041; baseline -0.009 -16"><span class='ocrx_word' id='word_1_373' title='bbox 2158 1985 2319 2041; x_wconf 87' lang='lat' dir='ltr'><strong>super</strong></span> <span class='ocrx_word' id='word_1_374' title='bbox 2358 1968 2533 2024; x_wconf 83' lang='lat' dir='ltr'><strong>nivem</strong></span> <span class='ocrx_word' id='word_1_375' title='bbox 2561 1967 2860 2023; x_wconf 87' lang='lat' dir='ltr'><strong>dealbatur.</strong></span> <span class='ocrx_word' id='word_1_376' title='bbox 2910 1962 2987 2020; x_wconf 90' lang='lat' dir='ltr'><strong>De</strong></span> <span class='ocrx_word' id='word_1_377' title='bbox 3030 1963 3231 2020; x_wconf 90' lang='lat' dir='ltr'><strong>sanctis</strong></span> <span class='ocrx_word' id='word_1_378' title='bbox 3259 1970 3457 2017; x_wconf 81' lang='lat' dir='ltr'><strong>etenim</strong></span> <span class='ocrx_word' id='word_1_379' title='bbox 3490 1960 3755 2027; x_wconf 83' lang='lat' dir='ltr'><strong>scriptum</strong></span> 
     </span>
    </p>
   </div>
   <div class='ocr_carea' id='block_1_50' title="bbox 2158 2044 3757 2133">
    <p class='ocr_par' dir='ltr' id='par_1_50' title="bbox 2158 2044 3757 2133">
     <span class='ocr_line' id='line_1_50' title="bbox 2158 2044 3757 2133; baseline -0.01 -16"><span class='ocrx_word' id='word_1_380' title='bbox 2158 2071 2239 2117; x_wconf 86' lang='lat' dir='ltr'><strong>est</strong></span> <span class='ocrx_word' id='word_1_381' title='bbox 2272 2081 2285 2115; x_wconf 89' lang='lat'><strong>:</strong></span> <span class='ocrx_word' id='word_1_382' title='bbox 2322 2063 2460 2116; x_wconf 81' lang='lat' dir='ltr'><strong>Justi</strong></span> <span class='ocrx_word' id='word_1_383' title='bbox 2489 2054 2753 2133; x_wconf 78' lang='lat' dir='ltr'><strong>fulgebunt</strong></span> <span class='ocrx_word' id='word_1_384' title='bbox 2800 2061 2933 2113; x_wconf 85' lang='lat' dir='ltr'><strong>sicut</strong></span> <span class='ocrx_word' id='word_1_385' title='bbox 2973 2057 3051 2112; x_wconf 89' lang='lat' dir='ltr'><strong>sol</strong></span> <span class='ocrx_word' id='word_1_386' title='bbox 3082 2058 3135 2111; x_wconf 88' lang='lat' dir='ltr'><strong>in</strong></span> <span class='ocrx_word' id='word_1_387' title='bbox 3164 2071 3326 2126; x_wconf 87' lang='lat' dir='ltr'><strong>regno</strong></span> <span class='ocrx_word' id='word_1_388' title='bbox 3359 2044 3538 2105; x_wconf 74' lang='lat' dir='ltr'><strong>Patris</strong></span> <span class='ocrx_word' id='word_1_389' title='bbox 3578 2065 3757 2103; x_wconf 87' lang='lat' dir='ltr'><strong>eorum</strong></span> 
     </span>
    </p>
   </div>
   <div class='ocr_carea' id='block_1_51' title="bbox 2158 2146 3757 2226">
    <p class='ocr_par' dir='ltr' id='par_1_51' title="bbox 2158 2146 3757 2226">
     <span class='ocr_line' id='line_1_51' title="bbox 2158 2146 3757 2226; baseline -0.008 -17"><span class='ocrx_word' id='word_1_390' title='bbox 2158 2154 2373 2226; x_wconf 83' lang='lat' dir='ltr'><strong>(Matth.</strong></span> <span class='ocrx_word' id='word_1_391' title='bbox 2408 2172 2517 2222; x_wconf 80' lang='lat' dir='ltr'><strong>XIII,</strong></span> <span class='ocrx_word' id='word_1_392' title='bbox 2551 2148 2665 2226; x_wconf 64' lang='lat'><strong>45).</strong></span> <span class='ocrx_word' id='word_1_393' title='bbox 2709 2146 2841 2221; x_wconf 87' lang='lat' dir='ltr'><strong>Quis</strong></span> <span class='ocrx_word' id='word_1_394' title='bbox 2870 2168 3002 2207; x_wconf 90' lang='lat' dir='ltr'><strong>vero</strong></span> <span class='ocrx_word' id='word_1_395' title='bbox 3040 2152 3251 2223; x_wconf 86' lang='lat' dir='ltr'><strong>ignoret</strong></span> <span class='ocrx_word' id='word_1_396' title='bbox 3280 2148 3449 2203; x_wconf 89' lang='lat' dir='ltr'><strong>solem</strong></span> <span class='ocrx_word' id='word_1_397' title='bbox 3480 2147 3604 2199; x_wconf 87' lang='lat' dir='ltr'><strong>nive</strong></span> <span class='ocrx_word' id='word_1_398' title='bbox 3628 2162 3757 2201; x_wconf 87' lang='lat' dir='ltr'><strong>can-</strong></span> 
     </span>
    </p>
   </div>
   <div class='ocr_carea' id='block_1_52' title="bbox 2160 2240 3758 2315">
    <p class='ocr_par' dir='ltr' id='par_1_52' title="bbox 2160 2240 3758 2315">
     <span class='ocr_line' id='line_1_52' title="bbox 2160 2240 3758 2315; baseline -0.009 -8"><span class='ocrx_word' id='word_1_399' title='bbox 2160 2248 2461 2307; x_wconf 87' lang='lat' dir='ltr'><strong>didiorem?</strong></span> <span class='ocrx_word' id='word_1_400' title='bbox 2494 2250 2758 2307; x_wconf 67' lang='lat' dir='ltr'><strong>Prteterea</strong></span> <span class='ocrx_word' id='word_1_401' title='bbox 2781 2242 2982 2305; x_wconf 88' lang='lat' dir='ltr'><strong>candor</strong></span> <span class='ocrx_word' id='word_1_402' title='bbox 3004 2246 3140 2302; x_wconf 86' lang='lat' dir='ltr'><strong>nivis</strong></span> <span class='ocrx_word' id='word_1_403' title='bbox 3162 2246 3271 2302; x_wconf 90' lang='lat' dir='ltr'><strong>cito</strong></span> <span class='ocrx_word' id='word_1_404' title='bbox 3298 2240 3556 2315; x_wconf 71' lang='lat' dir='ltr'><strong>prmterit,</strong></span> <span class='ocrx_word' id='word_1_405' title='bbox 3591 2240 3758 2295; x_wconf 88' lang='lat' dir='ltr'><strong>decor</strong></span> 
     </span>
    </p>
   </div>
   <div class='ocr_carea' id='block_1_53' title="bbox 2158 2339 3337 2401">
    <p class='ocr_par' dir='ltr' id='par_1_53' title="bbox 2158 2339 3337 2401">
     <span class='ocr_line' id='line_1_53' title="bbox 2158 2339 3337 2401; baseline -0.004 -1"><span class='ocrx_word' id='word_1_406' title='bbox 2158 2354 2339 2401; x_wconf 88' lang='lat' dir='ltr'><strong>autem</strong></span> <span class='ocrx_word' id='word_1_407' title='bbox 2367 2351 2675 2401; x_wconf 77' lang='lat' dir='ltr'><strong>sanctorum</strong></span> <span class='ocrx_word' id='word_1_408' title='bbox 2709 2342 2761 2398; x_wconf 89' lang='lat' dir='ltr'><strong>in</strong></span> <span class='ocrx_word' id='word_1_409' title='bbox 2790 2352 3055 2397; x_wconf 70' lang='lat' dir='ltr'><strong>mternum</strong></span> <span class='ocrx_word' id='word_1_410' title='bbox 3078 2339 3337 2395; x_wconf 88' lang='lat' dir='ltr'><strong>manebit.</strong></span> 
     </span>
    </p>
   </div>
   <div class='ocr_carea' id='block_1_54' title="bbox 2232 2428 3757 2510">
    <p class='ocr_par' dir='ltr' id='par_1_54' title="bbox 2232 2428 3757 2510">
     <span class='ocr_line' id='line_1_54' title="bbox 2232 2428 3757 2510; baseline -0.009 -16"><span class='ocrx_word' id='word_1_411' title='bbox 2232 2437 2407 2510; x_wconf 83' lang='lat' dir='ltr'><strong>(Vers.</strong></span> <span class='ocrx_word' id='word_1_412' title='bbox 2441 2434 2520 2509; x_wconf 84' lang='lat'><strong>9.)</strong></span> <span class='ocrx_word' id='word_1_413' title='bbox 2560 2432 2769 2491; x_wconf 77' lang='lat' dir='ltr'><strong>Auditui</strong></span> <span class='ocrx_word' id='word_1_414' title='bbox 2798 2454 2908 2491; x_wconf 89' lang='lat' dir='ltr'><strong>meo</strong></span> <span class='ocrx_word' id='word_1_415' title='bbox 2939 2434 3086 2490; x_wconf 83' lang='lat' dir='ltr'><strong>dabis</strong></span> <span class='ocrx_word' id='word_1_416' title='bbox 3119 2433 3367 2508; x_wconf 84' lang='lat' dir='ltr'><strong>gaudium</strong></span> <span class='ocrx_word' id='word_1_417' title='bbox 3401 2428 3450 2485; x_wconf 81' lang='lat' dir='ltr'><strong>et</strong></span> <span class='ocrx_word' id='word_1_418' title='bbox 3494 2428 3757 2498; x_wconf 63' lang='lat' dir='ltr'><strong>laetitiam,</strong></span> 
     </span>
    </p>
   </div>
   <div class='ocr_carea' id='block_1_55' title="bbox 2158 2522 3031 2588">
    <p class='ocr_par' dir='ltr' id='par_1_55' title="bbox 2158 2522 3031 2588">
     <span class='ocr_line' id='line_1_55' title="bbox 2158 2522 3031 2588; baseline -0.007 0"><span class='ocrx_word' id='word_1_419' title='bbox 2158 2541 2206 2588; x_wconf 87' lang='lat' dir='ltr'><strong>et</strong></span> <span class='ocrx_word' id='word_1_420' title='bbox 2233 2522 2564 2587; x_wconf 74' lang='lat' dir='ltr'><strong>exsultabant</strong></span> <span class='ocrx_word' id='word_1_421' title='bbox 2592 2548 2711 2585; x_wconf 87' lang='lat' dir='ltr'><strong>ossa</strong></span> <span class='ocrx_word' id='word_1_422' title='bbox 2743 2529 3031 2583; x_wconf 85' lang='lat' dir='ltr'><strong>humiliata.</strong></span> 
     </span>
    </p>
   </div>
   <div class='ocr_carea' id='block_1_56' title="bbox 2231 2613 3759 2694">
    <p class='ocr_par' dir='ltr' id='par_1_56' title="bbox 2231 2613 3759 2694">
     <span class='ocr_line' id='line_1_56' title="bbox 2231 2613 3759 2694; baseline -0.007 -15"><span class='ocrx_word' id='word_1_423' title='bbox 2231 2624 2320 2679; x_wconf 83' lang='grc'><strong>10.</strong></span> <span class='ocrx_word' id='word_1_424' title='bbox 2365 2616 2516 2679; x_wconf 83' lang='lat' dir='ltr'><strong>Tunc</strong></span> <span class='ocrx_word' id='word_1_425' title='bbox 2543 2622 2761 2694; x_wconf 89' lang='lat' dir='ltr'><strong>quidem</strong></span> <span class='ocrx_word' id='word_1_426' title='bbox 2788 2638 2975 2678; x_wconf 88' lang='lat' dir='ltr'><strong>verum</strong></span> <span class='ocrx_word' id='word_1_427' title='bbox 3013 2628 3070 2677; x_wconf 89' lang='lat' dir='ltr'><strong>et</strong></span> <span class='ocrx_word' id='word_1_428' title='bbox 3100 2616 3472 2676; x_wconf 70' lang='lat' dir='ltr'><strong>intestimabile</strong></span> <span class='ocrx_word' id='word_1_429' title='bbox 3500 2613 3759 2686; x_wconf 77' lang='lat' dir='ltr'><strong>gaudium</strong></span> 
     </span>
    </p>
   </div>
   <div class='ocr_carea' id='block_1_57' title="bbox 2157 2705 3760 2783">
    <p class='ocr_par' dir='ltr' id='par_1_57' title="bbox 2157 2705 3760 2783">
     <span class='ocr_line' id='line_1_57' title="bbox 2157 2705 3760 2783; baseline -0.009 -9"><span class='ocrx_word' id='word_1_430' title='bbox 2157 2716 2396 2774; x_wconf 83' lang='lat' dir='ltr'><strong>habituri</strong></span> <span class='ocrx_word' id='word_1_431' title='bbox 2425 2725 2551 2772; x_wconf 91' lang='lat' dir='ltr'><strong>sunt</strong></span> <span class='ocrx_word' id='word_1_432' title='bbox 2579 2714 2779 2781; x_wconf 89' lang='lat' dir='ltr'><strong>sancti,</strong></span> <span class='ocrx_word' id='word_1_433' title='bbox 2819 2729 2941 2770; x_wconf 92' lang='lat' dir='ltr'><strong>cum</strong></span> <span class='ocrx_word' id='word_1_434' title='bbox 2972 2712 3151 2783; x_wconf 87' lang='lat' dir='ltr'><strong>impiis</strong></span> <span class='ocrx_word' id='word_1_435' title='bbox 3180 2720 3382 2765; x_wconf 66' lang='lat' dir='ltr'><strong>mterna</strong></span> <span class='ocrx_word' id='word_1_436' title='bbox 3412 2719 3590 2763; x_wconf 88' lang='lat' dir='ltr'><strong>morte</strong></span> <span class='ocrx_word' id='word_1_437' title='bbox 3622 2705 3760 2761; x_wconf 91' lang='lat' dir='ltr'><strong>mul-</strong></span> 
     </span>
    </p>
   </div>
   <div class='ocr_carea' id='block_1_58' title="bbox 2159 2802 3756 2879">
    <p class='ocr_par' dir='ltr' id='par_1_58' title="bbox 2159 2802 3756 2879">
     <span class='ocr_line' id='line_1_58' title="bbox 2159 2802 3756 2879; baseline -0.008 -12"><span class='ocrx_word' id='word_1_438' title='bbox 2159 2811 2339 2878; x_wconf 81' lang='lat' dir='ltr'><strong>ctatis,</strong></span> <span class='ocrx_word' id='word_1_439' title='bbox 2370 2802 2503 2865; x_wconf 89' lang='lat' dir='ltr'><strong>etin</strong></span> <span class='ocrx_word' id='word_1_440' title='bbox 2530 2802 2855 2865; x_wconf 86' lang='lat' dir='ltr'><strong>horrendam</strong></span> <span class='ocrx_word' id='word_1_441' title='bbox 2886 2802 3131 2879; x_wconf 90' lang='lat' dir='ltr'><strong>perpetui</strong></span> <span class='ocrx_word' id='word_1_442' title='bbox 3151 2804 3421 2859; x_wconf 70' lang='lat' dir='ltr'><strong>cruciatus</strong></span> <span class='ocrx_word' id='word_1_443' title='bbox 3442 2803 3756 2870; x_wconf 85' lang='lat' dir='ltr'><strong>voraginem</strong></span> 
     </span>
    </p>
   </div>
   <div class='ocr_carea' id='block_1_59' title="bbox 2157 2892 3757 2973">
    <p class='ocr_par' dir='ltr' id='par_1_59' title="bbox 2157 2892 3757 2973">
     <span class='ocr_line' id='line_1_59' title="bbox 2157 2892 3757 2973; baseline -0.007 -16"><span class='ocrx_word' id='word_1_444' title='bbox 2157 2918 2257 2973; x_wconf 89' lang='lat' dir='ltr'><strong>per</strong></span> <span class='ocrx_word' id='word_1_445' title='bbox 2281 2909 2538 2957; x_wconf 70' lang='lat' dir='ltr'><strong>extrema:</strong></span> <span class='ocrx_word' id='word_1_446' title='bbox 2562 2896 2923 2955; x_wconf 88' lang='lat' dir='ltr'><strong>damnationis</strong></span> <span class='ocrx_word' id='word_1_447' title='bbox 2948 2898 3273 2955; x_wconf 89' lang='lat' dir='ltr'><strong>sententiam</strong></span> <span class='ocrx_word' id='word_1_448' title='bbox 3298 2893 3494 2957; x_wconf 89' lang='lat' dir='ltr'><strong>missis,</strong></span> <span class='ocrx_word' id='word_1_449' title='bbox 3522 2892 3757 2947; x_wconf 88' lang='lat' dir='ltr'><strong>audituri</strong></span> 
     </span>
    </p>
   </div>
   <div class='ocr_carea' id='block_1_60' title="bbox 2159 2978 3756 3057">
    <p class='ocr_par' dir='ltr' id='par_1_60' title="bbox 2159 2978 3756 3057">
     <span class='ocr_line' id='line_1_60' title="bbox 2159 2978 3756 3057; baseline -0.007 -9"><span class='ocrx_word' id='word_1_450' title='bbox 2159 3000 2283 3048; x_wconf 89' lang='lat' dir='ltr'><strong>sunt</strong></span> <span class='ocrx_word' id='word_1_451' title='bbox 2309 3011 2322 3046; x_wconf 88' lang='lat'><strong>:</strong></span> <span class='ocrx_word' id='word_1_452' title='bbox 2360 2989 2541 3047; x_wconf 80' lang='lat' dir='ltr'><strong>Venite</strong></span> <span class='ocrx_word' id='word_1_453' title='bbox 2562 3036 2575 3057; x_wconf 92' lang='lat'><strong>,</strong></span> <span class='ocrx_word' id='word_1_454' title='bbox 2607 2988 2855 3045; x_wconf 84' lang='lat' dir='ltr'><strong>benedicti</strong></span> <span class='ocrx_word' id='word_1_455' title='bbox 2883 2982 3061 3043; x_wconf 83' lang='lat' dir='ltr'><strong>Patris</strong></span> <span class='ocrx_word' id='word_1_456' title='bbox 3102 2990 3236 3056; x_wconf 89' lang='lat' dir='ltr'><strong>mei,</strong></span> <span class='ocrx_word' id='word_1_457' title='bbox 3265 2978 3512 3057; x_wconf 81' lang='lat' dir='ltr'><strong>percipite</strong></span> <span class='ocrx_word' id='word_1_458' title='bbox 3541 3001 3756 3055; x_wconf 83' lang='lat' dir='ltr'><strong>regnum</strong></span> 
     </span>
    </p>
   </div>
   <div class='ocr_carea' id='block_1_61' title="bbox 2160 3064 3750 3154">
    <p class='ocr_par' dir='ltr' id='par_1_61' title="bbox 2160 3064 3750 3154">
     <span class='ocr_line' id='line_1_61' title="bbox 2160 3064 3750 3154; baseline -0.005 -19"><span class='ocrx_word' id='word_1_459' title='bbox 2160 3084 2294 3154; x_wconf 87' lang='lat' dir='ltr'><strong>quod</strong></span> <span class='ocrx_word' id='word_1_460' title='bbox 2324 3084 2461 3137; x_wconf 83' lang='lat' dir='ltr'><strong>vobis</strong></span> <span class='ocrx_word' id='word_1_461' title='bbox 2486 3092 2725 3153; x_wconf 88' lang='lat' dir='ltr'><strong>paratum</strong></span> <span class='ocrx_word' id='word_1_462' title='bbox 2746 3089 2823 3135; x_wconf 89' lang='lat' dir='ltr'><strong>est</strong></span> <span class='ocrx_word' id='word_1_463' title='bbox 2844 3080 2907 3133; x_wconf 89' lang='lat' dir='ltr'><strong>ab</strong></span> <span class='ocrx_word' id='word_1_464' title='bbox 2936 3070 3135 3151; x_wconf 84' lang='lat' dir='ltr'><strong>origine</strong></span> <span class='ocrx_word' id='word_1_465' title='bbox 3162 3077 3339 3131; x_wconf 88' lang='lat' dir='ltr'><strong>mundi</strong></span> <span class='ocrx_word' id='word_1_466' title='bbox 3372 3064 3590 3144; x_wconf 71' lang='lat' dir='ltr'><strong>(Matth.</strong></span> <span class='ocrx_word' id='word_1_467' title='bbox 3627 3091 3750 3140; x_wconf 73' lang='lat' dir='ltr'><strong>xxv,</strong></span> 
     </span>
    </p>
   </div>
   <div class='ocr_carea' id='block_1_62' title="bbox 3117 3164 3752 3229">
    <p class='ocr_par' dir='ltr' id='par_1_62' title="bbox 3117 3164 3752 3229">
     <span class='ocr_line' id='line_1_62' title="bbox 3117 3164 3752 3229; baseline -0.011 -6"><span class='ocrx_word' id='word_1_468' title='bbox 3117 3165 3375 3223; x_wconf 83' lang='lat' dir='ltr'><strong>Gaudium</strong></span> <span class='ocrx_word' id='word_1_469' title='bbox 3401 3176 3449 3219; x_wconf 87' lang='lat' dir='ltr'><strong>et</strong></span> <span class='ocrx_word' id='word_1_470' title='bbox 3480 3164 3752 3229; x_wconf 72' lang='lat' dir='ltr'><strong>lteliliam;</strong></span> 
     </span>
    </p>
   </div>
   <div class='ocr_carea' id='block_1_63' title="bbox 450 3252 3754 3341">
    <p class='ocr_par' dir='ltr' id='par_1_63' title="bbox 450 3252 3754 3341">
     <span class='ocr_line' id='line_1_63' title="bbox 450 3252 3754 3341; baseline -0.002 -22"><span class='ocrx_word' id='word_1_471' title='bbox 450 3266 701 3333; x_wconf 88' lang='lat' dir='ltr'><strong>maciam,</strong></span> <span class='ocrx_word' id='word_1_472' title='bbox 735 3264 875 3320; x_wconf 84' lang='lat' dir='ltr'><strong>sicut</strong></span> <span class='ocrx_word' id='word_1_473' title='bbox 902 3264 1067 3321; x_wconf 86' lang='lat' dir='ltr'><strong>herba</strong></span> <span class='ocrx_word' id='word_1_474' title='bbox 1098 3265 1188 3321; x_wconf 89' lang='lat' dir='ltr'><strong>illa</strong></span> <span class='ocrx_word' id='word_1_475' title='bbox 1209 3258 1451 3338; x_wconf 91' lang='lat' dir='ltr'><strong>pulmoni</strong></span> <span class='ocrx_word' id='word_1_476' title='bbox 1474 3266 1660 3322; x_wconf 83' lang='lat' dir='ltr'><strong>innato</strong></span> <span class='ocrx_word' id='word_1_477' title='bbox 1689 3266 1909 3321; x_wconf 89' lang='lat' dir='ltr'><strong>adhibet</strong></span> <span class='ocrx_word' id='word_1_478' title='bbox 1939 3283 2053 3323; x_wconf 87' lang='lat' dir='ltr'><strong>me-</strong></span> <span class='ocrx_word' id='word_1_479' title='bbox 2082 3252 2129 3316; x_wconf 85' lang='lat' dir='ltr'><strong>C</strong></span> <span class='ocrx_word' id='word_1_480' title='bbox 2159 3260 2429 3341; x_wconf 79' lang='lat' dir='ltr'><strong>duplicem</strong></span> <span class='ocrx_word' id='word_1_481' title='bbox 2458 3276 2766 3323; x_wconf 87' lang='lat' dir='ltr'><strong>sanctorum</strong></span> <span class='ocrx_word' id='word_1_482' title='bbox 2794 3263 3195 3320; x_wconf 89' lang='lat' dir='ltr'><strong>venerationem</strong></span> <span class='ocrx_word' id='word_1_483' title='bbox 3228 3258 3494 3329; x_wconf 80' lang='lat' dir='ltr'><strong>intelligo,</strong></span> <span class='ocrx_word' id='word_1_484' title='bbox 3547 3260 3638 3330; x_wconf 87' lang='lat' dir='ltr'><strong>qui</strong></span> <span class='ocrx_word' id='word_1_485' title='bbox 3677 3258 3754 3312; x_wconf 84' lang='lat' dir='ltr'><strong>vi-</strong></span> 
     </span>
    </p>
   </div>
   <div class='ocr_carea' id='block_1_64' title="bbox 448 3350 2051 3431">
    <p class='ocr_par' dir='ltr' id='par_1_64' title="bbox 448 3350 2051 3431">
     <span class='ocr_line' id='line_1_64' title="bbox 448 3350 2051 3431; baseline 0.004 -21"><span class='ocrx_word' id='word_1_486' title='bbox 448 3352 704 3412; x_wconf 88' lang='lat' dir='ltr'><strong>dicinam.</strong></span> <span class='ocrx_word' id='word_1_487' title='bbox 731 3355 863 3424; x_wconf 91' lang='lat' dir='ltr'><strong>Quis</strong></span> <span class='ocrx_word' id='word_1_488' title='bbox 885 3357 1083 3414; x_wconf 90' lang='lat' dir='ltr'><strong>etenim</strong></span> <span class='ocrx_word' id='word_1_489' title='bbox 1100 3350 1213 3429; x_wconf 80' lang='lat' dir='ltr'><strong>jam</strong></span> <span class='ocrx_word' id='word_1_490' title='bbox 1235 3354 1557 3430; x_wconf 90' lang='lat' dir='ltr'><strong>dedignetur</strong></span> <span class='ocrx_word' id='word_1_491' title='bbox 1580 3359 1634 3415; x_wconf 95' lang='lat' dir='ltr'><strong>in</strong></span> <span class='ocrx_word' id='word_1_492' title='bbox 1656 3360 1856 3416; x_wconf 90' lang='lat' dir='ltr'><strong>mundo</strong></span> <span class='ocrx_word' id='word_1_493' title='bbox 1873 3377 1932 3418; x_wconf 92' lang='lat' dir='ltr'><strong>se</strong></span> <span class='ocrx_word' id='word_1_494' title='bbox 1953 3378 2051 3431; x_wconf 89' lang='lat' dir='ltr'><strong>pro</strong></span> 
     </span>
    </p>
   </div>
   <div class='ocr_carea' id='block_1_65' title="bbox 446 3448 2053 3529">
    <p class='ocr_par' dir='ltr' id='par_1_65' title="bbox 446 3448 2053 3529">
     <span class='ocr_line' id='line_1_65' title="bbox 446 3448 2053 3529; baseline 0.006 -25"><span class='ocrx_word' id='word_1_495' title='bbox 446 3448 559 3505; x_wconf 92' lang='lat' dir='ltr'><strong>Deo</strong></span> <span class='ocrx_word' id='word_1_496' title='bbox 590 3450 856 3523; x_wconf 87' lang='lat' dir='ltr'><strong>abjicere,</strong></span> <span class='ocrx_word' id='word_1_497' title='bbox 904 3462 1024 3510; x_wconf 84' lang='lat' dir='ltr'><strong>eum</strong></span> <span class='ocrx_word' id='word_1_498' title='bbox 1056 3450 1237 3510; x_wconf 88' lang='lat' dir='ltr'><strong>audiat</strong></span> <span class='ocrx_word' id='word_1_499' title='bbox 1282 3454 1379 3511; x_wconf 89' lang='lat' dir='ltr'><strong>Dei</strong></span> <span class='ocrx_word' id='word_1_500' title='bbox 1426 3456 1624 3514; x_wconf 87' lang='lat' dir='ltr'><strong>Filium</strong></span> <span class='ocrx_word' id='word_1_501' title='bbox 1675 3456 1967 3529; x_wconf 87' lang='lat' dir='ltr'><strong>opprobria</strong></span> <span class='ocrx_word' id='word_1_502' title='bbox 1998 3465 2053 3513; x_wconf 86' lang='lat' dir='ltr'><strong>et</strong></span> 
     </span>
    </p>
   </div>
   <div class='ocr_carea' id='block_1_66' title="bbox 446 3540 2052 3621">
    <p class='ocr_par' dir='ltr' id='par_1_66' title="bbox 446 3540 2052 3621">
     <span class='ocr_line' id='line_1_66' title="bbox 446 3540 2052 3621; baseline 0.005 -24"><span class='ocrx_word' id='word_1_503' title='bbox 446 3540 743 3600; x_wconf 86' lang='lat' dir='ltr'><strong>derisiones</strong></span> <span class='ocrx_word' id='word_1_504' title='bbox 766 3546 1030 3603; x_wconf 83' lang='lat' dir='ltr'><strong>subiisse?</strong></span> <span class='ocrx_word' id='word_1_505' title='bbox 1069 3546 1198 3614; x_wconf 90' lang='lat' dir='ltr'><strong>Quis</strong></span> <span class='ocrx_word' id='word_1_506' title='bbox 1229 3548 1551 3619; x_wconf 89' lang='lat' dir='ltr'><strong>supplicium</strong></span> <span class='ocrx_word' id='word_1_507' title='bbox 1578 3566 1675 3621; x_wconf 89' lang='lat' dir='ltr'><strong>pro</strong></span> <span class='ocrx_word' id='word_1_508' title='bbox 1706 3544 1817 3605; x_wconf 90' lang='lat' dir='ltr'><strong>Deo</strong></span> <span class='ocrx_word' id='word_1_509' title='bbox 1841 3540 2052 3621; x_wconf 84' lang='lat' dir='ltr'><strong>perpeti</strong></span> 
     </span>
    </p>
   </div>
   <div class='ocr_carea' id='block_1_67' title="bbox 448 3632 2053 3712">
    <p class='ocr_par' dir='ltr' id='par_1_67' title="bbox 448 3632 2053 3712">
     <span class='ocr_line' id='line_1_67' title="bbox 448 3632 2053 3712; baseline 0.007 -23"><span class='ocrx_word' id='word_1_510' title='bbox 448 3635 741 3691; x_wconf 88' lang='lat' dir='ltr'><strong>arbitretur</strong></span> <span class='ocrx_word' id='word_1_511' title='bbox 770 3632 1024 3705; x_wconf 85' lang='lat' dir='ltr'><strong>dedecus,</strong></span> <span class='ocrx_word' id='word_1_512' title='bbox 1062 3656 1181 3693; x_wconf 64' lang='lat' dir='ltr'><strong>tum</strong></span> <span class='ocrx_word' id='word_1_513' title='bbox 1208 3640 1321 3711; x_wconf 89' lang='lat' dir='ltr'><strong>ipse</strong></span> <span class='ocrx_word' id='word_1_514' title='bbox 1352 3640 1468 3697; x_wconf 82' lang='lat' dir='ltr'><strong>Rex</strong></span> <span class='ocrx_word' id='word_1_515' title='bbox 1498 3658 1686 3712; x_wconf 83' lang='lat' dir='ltr'><strong>regum</strong></span> <span class='ocrx_word' id='word_1_516' title='bbox 1717 3652 1771 3698; x_wconf 93' lang='lat' dir='ltr'><strong>et</strong></span> <span class='ocrx_word' id='word_1_517' title='bbox 1792 3642 2053 3700; x_wconf 80' lang='lat' dir='ltr'><strong>Dominus</strong></span> 
     </span>
    </p>
   </div>
   <div class='ocr_carea' id='block_1_68' title="bbox 448 3724 2047 3808">
    <p class='ocr_par' dir='ltr' id='par_1_68' title="bbox 448 3724 2047 3808">
     <span class='ocr_line' id='line_1_68' title="bbox 448 3724 2047 3808; baseline 0.006 -26"><span class='ocrx_word' id='word_1_518' title='bbox 448 3724 837 3783; x_wconf 87' lang='lat' dir='ltr'><strong>dominantium</strong></span> <span class='ocrx_word' id='word_1_519' title='bbox 870 3730 1051 3801; x_wconf 81' lang='lat' dir='ltr'><strong>(Apoc.</strong></span> <span class='ocrx_word' id='word_1_520' title='bbox 1090 3728 1203 3801; x_wconf 82' lang='lat' dir='ltr'><strong>xix)</strong></span> <span class='ocrx_word' id='word_1_521' title='bbox 1236 3745 1411 3789; x_wconf 90' lang='lat' dir='ltr'><strong>morte</strong></span> <span class='ocrx_word' id='word_1_522' title='bbox 1452 3730 1759 3806; x_wconf 87' lang='lat' dir='ltr'><strong>turpissima</strong></span> <span class='ocrx_word' id='word_1_523' title='bbox 1800 3734 1953 3808; x_wconf 87' lang='lat' dir='ltr'><strong>(Sap.</strong></span> <span class='ocrx_word' id='word_1_524' title='bbox 1988 3736 2047 3808; x_wconf 87' lang='grc' dir='ltr'><strong>ιι)</strong></span> 
     </span>
    </p>
   </div>
   <div class='ocr_carea' id='block_1_69' title="bbox 449 3822 2051 3899">
    <p class='ocr_par' dir='ltr' id='par_1_69' title="bbox 449 3822 2051 3899">
     <span class='ocr_line' id='line_1_69' title="bbox 449 3822 2051 3899; baseline 0.004 -22"><span class='ocrx_word' id='word_1_525' title='bbox 449 3835 672 3893; x_wconf 84' lang='lat' dir='ltr'><strong>propter</strong></span> <span class='ocrx_word' id='word_1_526' title='bbox 702 3839 801 3879; x_wconf 90' lang='lat' dir='ltr'><strong>nos</strong></span> <span class='ocrx_word' id='word_1_527' title='bbox 823 3822 892 3879; x_wconf 89' lang='lat' dir='ltr'><strong>sit</strong></span> <span class='ocrx_word' id='word_1_528' title='bbox 912 3825 1334 3882; x_wconf 85' lang='lat' dir='ltr'><strong>condemnatus?</strong></span> <span class='ocrx_word' id='word_1_529' title='bbox 1364 3827 1662 3885; x_wconf 79' lang='lat' dir='ltr'><strong>[’rzesertim</strong></span> <span class='ocrx_word' id='word_1_530' title='bbox 1690 3844 1815 3884; x_wconf 89' lang='lat' dir='ltr'><strong>cum</strong></span> <span class='ocrx_word' id='word_1_531' title='bbox 1837 3830 1951 3899; x_wconf 89' lang='lat' dir='ltr'><strong>ipse</strong></span> <span class='ocrx_word' id='word_1_532' title='bbox 1980 3830 2051 3884; x_wconf 89' lang='lat' dir='ltr'><strong>sit</strong></span> 
     </span>
    </p>
   </div>
   <div class='ocr_carea' id='block_1_70' title="bbox 449 3912 2045 3993">
    <p class='ocr_par' dir='ltr' id='par_1_70' title="bbox 449 3912 2045 3993">
     <span class='ocr_line' id='line_1_70' title="bbox 449 3912 2045 3993; baseline 0.006 -25"><span class='ocrx_word' id='word_1_533' title='bbox 449 3912 605 3969; x_wconf 89' lang='lat' dir='ltr'><strong>nobis</strong></span> <span class='ocrx_word' id='word_1_534' title='bbox 630 3916 835 3985; x_wconf 89' lang='lat' dir='ltr'><strong>positus</strong></span> <span class='ocrx_word' id='word_1_535' title='bbox 861 3916 1031 3971; x_wconf 83' lang='lat' dir='ltr'><strong>forma</strong></span> <span class='ocrx_word' id='word_1_536' title='bbox 1054 3917 1299 3987; x_wconf 73' lang='lat' dir='ltr'><strong>justitim,</strong></span> <span class='ocrx_word' id='word_1_537' title='bbox 1333 3918 1486 3989; x_wconf 90' lang='lat' dir='ltr'><strong>cujus</strong></span> <span class='ocrx_word' id='word_1_538' title='bbox 1508 3929 1562 3974; x_wconf 88' lang='lat' dir='ltr'><strong>et</strong></span> <span class='ocrx_word' id='word_1_539' title='bbox 1586 3914 1771 3976; x_wconf 86' lang='lat' dir='ltr'><strong>audire</strong></span> <span class='ocrx_word' id='word_1_540' title='bbox 1798 3921 2045 3993; x_wconf 87' lang='lat' dir='ltr'><strong>imperia,</strong></span> 
     </span>
    </p>
   </div>
   <div class='ocr_carea' id='block_1_71' title="bbox 449 4002 2046 4080">
    <p class='ocr_par' dir='ltr' id='par_1_71' title="bbox 449 4002 2046 4080">
     <span class='ocr_line' id='line_1_71' title="bbox 449 4002 2046 4080; baseline 0.005 -21"><span class='ocrx_word' id='word_1_541' title='bbox 449 4012 503 4059; x_wconf 89' lang='lat' dir='ltr'><strong>et</strong></span> <span class='ocrx_word' id='word_1_542' title='bbox 533 4006 685 4075; x_wconf 88' lang='lat' dir='ltr'><strong>sequi</strong></span> <span class='ocrx_word' id='word_1_543' title='bbox 714 4006 1010 4062; x_wconf 89' lang='lat' dir='ltr'><strong>debeamus</strong></span> <span class='ocrx_word' id='word_1_544' title='bbox 1040 4008 1323 4079; x_wconf 76' lang='lat' dir='ltr'><strong>exempla;</strong></span> <span class='ocrx_word' id='word_1_545' title='bbox 1356 4020 1492 4065; x_wconf 73' lang='lat' dir='ltr'><strong>srcut</strong></span> <span class='ocrx_word' id='word_1_546' title='bbox 1522 4011 1638 4080; x_wconf 47' lang='lat' dir='ltr'><strong>ipse</strong></span> <span class='ocrx_word' id='word_1_547' title='bbox 1668 4010 1719 4064; x_wconf 92' lang='lat' dir='ltr'><strong>in</strong></span> <span class='ocrx_word' id='word_1_548' title='bbox 1753 4002 2046 4080; x_wconf 82' lang='lat' dir='ltr'><strong>Evangelio</strong></span> 
     </span>
    </p>
   </div>
   <div class='ocr_carea' id='block_1_72' title="bbox 448 4090 2045 4169">
    <p class='ocr_par' dir='ltr' id='par_1_72' title="bbox 448 4090 2045 4169">
     <span class='ocr_line' id='line_1_72' title="bbox 448 4090 2045 4169; baseline 0.006 -23"><span class='ocrx_word' id='word_1_549' title='bbox 448 4093 521 4147; x_wconf 86' lang='lat' dir='ltr'><strong>ait</strong></span> <span class='ocrx_word' id='word_1_550' title='bbox 551 4112 563 4147; x_wconf 89' lang='lat'><strong>:</strong></span> <span class='ocrx_word' id='word_1_551' title='bbox 598 4090 796 4150; x_wconf 86' lang='lat' dir='ltr'><strong>Discite</strong></span> <span class='ocrx_word' id='word_1_552' title='bbox 836 4114 868 4149; x_wconf 92' lang='lat' dir='ltr'><strong>a</strong></span> <span class='ocrx_word' id='word_1_553' title='bbox 906 4114 1020 4165; x_wconf 90' lang='lat' dir='ltr'><strong>me,</strong></span> <span class='ocrx_word' id='word_1_554' title='bbox 1070 4098 1190 4169; x_wconf 88' lang='lat' dir='ltr'><strong>quia</strong></span> <span class='ocrx_word' id='word_1_555' title='bbox 1238 4099 1378 4153; x_wconf 89' lang='lat' dir='ltr'><strong>mitis</strong></span> <span class='ocrx_word' id='word_1_556' title='bbox 1409 4116 1520 4153; x_wconf 87' lang='lat' dir='ltr'><strong>sum</strong></span> <span class='ocrx_word' id='word_1_557' title='bbox 1551 4108 1600 4153; x_wconf 90' lang='lat' dir='ltr'><strong>et</strong></span> <span class='ocrx_word' id='word_1_558' title='bbox 1644 4100 1853 4155; x_wconf 84' lang='lat' dir='ltr'><strong>humilis</strong></span> <span class='ocrx_word' id='word_1_559' title='bbox 1890 4103 2045 4157; x_wconf 86' lang='lat' dir='ltr'><strong>corde</strong></span> 
     </span>
    </p>
   </div>
   <div class='ocr_carea' id='block_1_73' title="bbox 444 4185 2044 4263">
    <p class='ocr_par' dir='ltr' id='par_1_73' title="bbox 444 4185 2044 4263">
     <span class='ocr_line' id='line_1_73' title="bbox 444 4185 2044 4263; baseline 0.007 -25"><span class='ocrx_word' id='word_1_560' title='bbox 444 4185 659 4258; x_wconf 85' lang='lat' dir='ltr'><strong>(Matth.</strong></span> <span class='ocrx_word' id='word_1_561' title='bbox 714 4204 809 4257; x_wconf 75' lang='lat' dir='ltr'><strong>xx,</strong></span> <span class='ocrx_word' id='word_1_562' title='bbox 856 4187 969 4259; x_wconf 73' lang='lat'><strong>29).</strong></span> <span class='ocrx_word' id='word_1_563' title='bbox 1011 4188 1179 4244; x_wconf 82' lang='lat' dir='ltr'><strong>&#39;Juxta</strong></span> <span class='ocrx_word' id='word_1_564' title='bbox 1232 4188 1365 4259; x_wconf 76' lang='lat' dir='ltr'><strong>legis</strong></span> <span class='ocrx_word' id='word_1_565' title='bbox 1413 4206 1629 4263; x_wconf 89' lang='lat' dir='ltr'><strong>quoque</strong></span> <span class='ocrx_word' id='word_1_566' title='bbox 1679 4193 2044 4250; x_wconf 89' lang='lat' dir='ltr'><strong>testimonium</strong></span> 
     </span>
    </p>
   </div>
   <div class='ocr_carea' id='block_1_74' title="bbox 449 4270 2043 4355">
    <p class='ocr_par' dir='ltr' id='par_1_74' title="bbox 449 4270 2043 4355">
     <span class='ocr_line' id='line_1_74' title="bbox 449 4270 2043 4355; baseline 0.007 -24"><span class='ocrx_word' id='word_1_567' title='bbox 449 4270 646 4349; x_wconf 88' lang='lat' dir='ltr'><strong>(Num.</strong></span> <span class='ocrx_word' id='word_1_568' title='bbox 679 4272 840 4350; x_wconf 68' lang='lat' dir='ltr'><strong>nux),</strong></span> <span class='ocrx_word' id='word_1_569' title='bbox 895 4280 1202 4349; x_wconf 86' lang='lat' dir='ltr'><strong>inquinatos</strong></span> <span class='ocrx_word' id='word_1_570' title='bbox 1244 4282 1541 4339; x_wconf 87' lang='lat' dir='ltr'><strong>mundabat</strong></span> <span class='ocrx_word' id='word_1_571' title='bbox 1582 4284 1821 4355; x_wconf 88' lang='lat' dir='ltr'><strong>ejusdem</strong></span> <span class='ocrx_word' id='word_1_572' title='bbox 1862 4285 2043 4343; x_wconf 68' lang='lat' dir='ltr'><strong>herbm</strong></span> 
     </span>
    </p>
   </div>
   <div class='ocr_carea' id='block_1_75' title="bbox 445 4362 2039 4444">
    <p class='ocr_par' dir='ltr' id='par_1_75' title="bbox 445 4362 2039 4444">
     <span class='ocr_line' id='line_1_75' title="bbox 445 4362 2039 4444; baseline 0.006 -22"><span class='ocrx_word' id='word_1_573' title='bbox 445 4362 764 4433; x_wconf 82' lang='lat' dir='ltr'><strong>fasciculus,</strong></span> <span class='ocrx_word' id='word_1_574' title='bbox 795 4378 969 4425; x_wconf 67' lang='lat' dir='ltr'><strong>vacem</strong></span> <span class='ocrx_word' id='word_1_575' title='bbox 1004 4370 1134 4426; x_wconf 72' lang='lat' dir='ltr'><strong>rufa:</strong></span> <span class='ocrx_word' id='word_1_576' title='bbox 1160 4390 1353 4430; x_wconf 88' lang='lat' dir='ltr'><strong>cruore</strong></span> <span class='ocrx_word' id='word_1_577' title='bbox 1383 4376 1659 4432; x_wconf 89' lang='lat' dir='ltr'><strong>intinctus.</strong></span> <span class='ocrx_word' id='word_1_578' title='bbox 1693 4376 1829 4444; x_wconf 86' lang='lat' dir='ltr'><strong>Quid</strong></span> <span class='ocrx_word' id='word_1_579' title='bbox 1859 4386 2039 4433; x_wconf 89' lang='lat' dir='ltr'><strong>autem</strong></span> 
     </span>
    </p>
   </div>
   <div class='ocr_carea' id='block_1_76' title="bbox 448 4459 2041 4539">
    <p class='ocr_par' dir='ltr' id='par_1_76' title="bbox 448 4459 2041 4539">
     <span class='ocr_line' id='line_1_76' title="bbox 448 4459 2041 4539; baseline 0.009 -28"><span class='ocrx_word' id='word_1_580' title='bbox 448 4470 547 4527; x_wconf 88' lang='lat' dir='ltr'><strong>per</strong></span> <span class='ocrx_word' id='word_1_581' title='bbox 575 4466 813 4522; x_wconf 78' lang='lat' dir='ltr'><strong>vaccam,</strong></span> <span class='ocrx_word' id='word_1_582' title='bbox 843 4459 943 4513; x_wconf 90' lang='lat' dir='ltr'><strong>nisi</strong></span> <span class='ocrx_word' id='word_1_583' title='bbox 966 4461 1030 4514; x_wconf 91' lang='lat' dir='ltr'><strong>ad</strong></span> <span class='ocrx_word' id='word_1_584' title='bbox 1062 4463 1380 4521; x_wconf 80' lang='lat' dir='ltr'><strong>sacriﬁcium</strong></span> <span class='ocrx_word' id='word_1_585' title='bbox 1412 4474 1685 4539; x_wconf 87' lang='lat' dir='ltr'><strong>assumpta</strong></span> <span class='ocrx_word' id='word_1_586' title='bbox 1715 4470 2041 4525; x_wconf 90' lang='lat' dir='ltr'><strong>incarnatio-</strong></span> 
     </span>
    </p>
   </div>
   <div class='ocr_carea' id='block_1_77' title="bbox 445 4542 2081 4632">
    <p class='ocr_par' dir='ltr' id='par_1_77' title="bbox 445 4542 2081 4632">
     <span class='ocr_line' id='line_1_77' title="bbox 445 4542 2081 4632; baseline 0.009 -28"><span class='ocrx_word' id='word_1_587' title='bbox 445 4550 529 4605; x_wconf 88' lang='lat' dir='ltr'><strong>nis</strong></span> <span class='ocrx_word' id='word_1_588' title='bbox 559 4542 851 4607; x_wconf 68' lang='lat' dir='ltr'><strong>D&#39;ominiea:</strong></span> <span class='ocrx_word' id='word_1_589' title='bbox 886 4550 1170 4612; x_wconf 80' lang='lat' dir='ltr'><strong>inﬁrmitas</strong></span> <span class='ocrx_word' id='word_1_590' title='bbox 1200 4556 1552 4629; x_wconf 79' lang='lat' dir='ltr'><strong>designatur?</strong></span> <span class='ocrx_word' id='word_1_591' title='bbox 1593 4560 1739 4619; x_wconf 86' lang='lat' dir='ltr'><strong>Sicut</strong></span> <span class='ocrx_word' id='word_1_592' title='bbox 1770 4563 1912 4617; x_wconf 89' lang='lat' dir='ltr'><strong>enim</strong></span> <span class='ocrx_word' id='word_1_593' title='bbox 1944 4578 2040 4632; x_wconf 90' lang='lat' dir='ltr'><strong>per</strong></span> <span class='ocrx_word' id='word_1_594' title='bbox 2080 4626 2081 4629; x_wconf 26' lang='grc' dir='ltr'><strong>η</strong></span> 
     </span>
    </p>
   </div>
   <div class='ocr_carea' id='block_1_78' title="bbox 2158 3352 3754 3423">
    <p class='ocr_par' dir='ltr' id='par_1_78' title="bbox 2158 3352 3754 3423">
     <span class='ocr_line' id='line_1_78' title="bbox 2158 3352 3754 3423; baseline -0.011 -6"><span class='ocrx_word' id='word_1_595' title='bbox 2158 3361 2313 3418; x_wconf 86' lang='lat' dir='ltr'><strong>sione</strong></span> <span class='ocrx_word' id='word_1_596' title='bbox 2336 3358 2595 3414; x_wconf 87' lang='lat' dir='ltr'><strong>claritatis</strong></span> <span class='ocrx_word' id='word_1_597' title='bbox 2622 3359 2671 3410; x_wconf 93' lang='lat' dir='ltr'><strong>in</strong></span> <span class='ocrx_word' id='word_1_598' title='bbox 2705 3352 2790 3409; x_wconf 88' lang='lat' dir='ltr'><strong>illa</strong></span> <span class='ocrx_word' id='word_1_599' title='bbox 2821 3355 2925 3421; x_wconf 90' lang='lat' dir='ltr'><strong>die,</strong></span> <span class='ocrx_word' id='word_1_600' title='bbox 2955 3362 3214 3423; x_wconf 88' lang='lat' dir='ltr'><strong>quantum</strong></span> <span class='ocrx_word' id='word_1_601' title='bbox 3238 3354 3476 3421; x_wconf 85' lang='lat' dir='ltr'><strong>cogitare</strong></span> <span class='ocrx_word' id='word_1_602' title='bbox 3499 3365 3608 3402; x_wconf 86' lang='lat' dir='ltr'><strong>non</strong></span> <span class='ocrx_word' id='word_1_603' title='bbox 3633 3362 3754 3418; x_wconf 84' lang='lat' dir='ltr'><strong>pos-</strong></span> 
     </span>
    </p>
   </div>
   <div class='ocr_carea' id='block_1_79' title="bbox 2156 3438 3751 3516">
    <p class='ocr_par' dir='ltr' id='par_1_79' title="bbox 2156 3438 3751 3516">
     <span class='ocr_line' id='line_1_79' title="bbox 2156 3438 3751 3516; baseline -0.009 -7"><span class='ocrx_word' id='word_1_604' title='bbox 2156 3468 2341 3509; x_wconf 88' lang='lat' dir='ltr'><strong>sumus</strong></span> <span class='ocrx_word' id='word_1_605' title='bbox 2371 3450 2639 3514; x_wconf 82' lang='lat' dir='ltr'><strong>illuslrati,</strong></span> <span class='ocrx_word' id='word_1_606' title='bbox 2674 3440 2813 3503; x_wconf 87' lang='lat' dir='ltr'><strong>sicut</strong></span> <span class='ocrx_word' id='word_1_607' title='bbox 2836 3447 3133 3501; x_wconf 87' lang='lat' dir='ltr'><strong>animarum</strong></span> <span class='ocrx_word' id='word_1_608' title='bbox 3157 3446 3501 3516; x_wconf 77' lang='lat' dir='ltr'><strong>perfruentur</strong></span> <span class='ocrx_word' id='word_1_609' title='bbox 3520 3438 3751 3498; x_wconf 81' lang='lat' dir='ltr'><strong>beatitu-</strong></span> 
     </span>
    </p>
   </div>
   <div class='ocr_carea' id='block_1_80' title="bbox 2156 3533 3749 3612">
    <p class='ocr_par' dir='ltr' id='par_1_80' title="bbox 2156 3533 3749 3612">
     <span class='ocr_line' id='line_1_80' title="bbox 2156 3533 3749 3612; baseline -0.008 -10"><span class='ocrx_word' id='word_1_610' title='bbox 2156 3546 2300 3612; x_wconf 88' lang='lat' dir='ltr'><strong>dine,</strong></span> <span class='ocrx_word' id='word_1_611' title='bbox 2332 3545 2403 3599; x_wconf 85' lang='lat' dir='ltr'><strong>ita</strong></span> <span class='ocrx_word' id='word_1_612' title='bbox 2432 3547 2592 3597; x_wconf 78' lang='lat' dir='ltr'><strong>etiam</strong></span> <span class='ocrx_word' id='word_1_613' title='bbox 2624 3542 2865 3611; x_wconf 82' lang='lat' dir='ltr'><strong>corporis</strong></span> <span class='ocrx_word' id='word_1_614' title='bbox 2894 3540 3192 3595; x_wconf 85' lang='lat' dir='ltr'><strong>vestientur</strong></span> <span class='ocrx_word' id='word_1_615' title='bbox 3219 3536 3643 3606; x_wconf 84' lang='lat' dir='ltr'><strong>incorruptione.</strong></span> <span class='ocrx_word' id='word_1_616' title='bbox 3674 3533 3749 3589; x_wconf 86' lang='lat' dir='ltr'><strong>De</strong></span> 
     </span>
    </p>
   </div>
   <div class='ocr_carea' id='block_1_81' title="bbox 2154 3624 3747 3706">
    <p class='ocr_par' dir='ltr' id='par_1_81' title="bbox 2154 3624 3747 3706">
     <span class='ocr_line' id='line_1_81' title="bbox 2154 3624 3747 3706; baseline -0.009 -15"><span class='ocrx_word' id='word_1_617' title='bbox 2154 3636 2282 3706; x_wconf 67' lang='lat' dir='ltr'><strong>ipsis</strong></span> <span class='ocrx_word' id='word_1_618' title='bbox 2312 3636 2451 3689; x_wconf 86' lang='lat' dir='ltr'><strong>enim</strong></span> <span class='ocrx_word' id='word_1_619' title='bbox 2490 3633 2745 3701; x_wconf 83' lang='lat' dir='ltr'><strong>scriptum</strong></span> <span class='ocrx_word' id='word_1_620' title='bbox 2785 3636 2867 3685; x_wconf 82' lang='lat' dir='ltr'><strong>est</strong></span> <span class='ocrx_word' id='word_1_621' title='bbox 2893 3649 2903 3682; x_wconf 92' lang='lat'><strong>:</strong></span> <span class='ocrx_word' id='word_1_622' title='bbox 2940 3628 3006 3683; x_wconf 77' lang='lat' dir='ltr'><strong>In</strong></span> <span class='ocrx_word' id='word_1_623' title='bbox 3032 3634 3169 3683; x_wconf 86' lang='lat' dir='ltr'><strong>terra</strong></span> <span class='ocrx_word' id='word_1_624' title='bbox 3198 3644 3293 3682; x_wconf 88' lang='lat' dir='ltr'><strong>sua</strong></span> <span class='ocrx_word' id='word_1_625' title='bbox 3321 3628 3551 3697; x_wconf 81' lang='lat' dir='ltr'><strong>duplicia</strong></span> <span class='ocrx_word' id='word_1_626' title='bbox 3583 3624 3747 3695; x_wconf 84' lang='lat' dir='ltr'><strong>possi-</strong></span> 
     </span>
    </p>
   </div>
   <div class='ocr_carea' id='block_1_82' title="bbox 2155 3712 3744 3795">
    <p class='ocr_par' dir='ltr' id='par_1_82' title="bbox 2155 3712 3744 3795">
     <span class='ocr_line' id='line_1_82' title="bbox 2155 3712 3744 3795; baseline -0.007 -16"><span class='ocrx_word' id='word_1_627' title='bbox 2155 3724 2343 3779; x_wconf 87' lang='lat' dir='ltr'><strong>debunt</strong></span> <span class='ocrx_word' id='word_1_628' title='bbox 2374 3720 2530 3795; x_wconf 81' lang='lat' dir='ltr'><strong>(lsai.</strong></span> <span class='ocrx_word' id='word_1_629' title='bbox 2561 3738 2668 3787; x_wconf 71' lang='lat' dir='ltr'><strong>LM,</strong></span> <span class='ocrx_word' id='word_1_630' title='bbox 2698 3716 2775 3792; x_wconf 82' lang='lat'><strong>7).</strong></span> <span class='ocrx_word' id='word_1_631' title='bbox 2808 3721 2991 3775; x_wconf 87' lang='lat' dir='ltr'><strong>Sancti</strong></span> <span class='ocrx_word' id='word_1_632' title='bbox 3025 3720 3223 3775; x_wconf 88' lang='lat' dir='ltr'><strong>ctenim</strong></span> <span class='ocrx_word' id='word_1_633' title='bbox 3270 3718 3368 3771; x_wconf 82' lang='lat' dir='ltr'><strong>viri</strong></span> <span class='ocrx_word' id='word_1_634' title='bbox 3413 3719 3598 3769; x_wconf 88' lang='lat' dir='ltr'><strong>mundi</strong></span> <span class='ocrx_word' id='word_1_635' title='bbox 3629 3712 3744 3784; x_wconf 85' lang='lat' dir='ltr'><strong>glo-</strong></span> 
     </span>
    </p>
   </div>
   <div class='ocr_carea' id='block_1_83' title="bbox 2153 3802 3745 3887">
    <p class='ocr_par' dir='ltr' id='par_1_83' title="bbox 2153 3802 3745 3887">
     <span class='ocr_line' id='line_1_83' title="bbox 2153 3802 3745 3887; baseline -0.007 -14"><span class='ocrx_word' id='word_1_636' title='bbox 2153 3818 2287 3873; x_wconf 85' lang='lat' dir='ltr'><strong>riam</strong></span> <span class='ocrx_word' id='word_1_637' title='bbox 2313 3818 2506 3873; x_wconf 88' lang='lat' dir='ltr'><strong>mentis</strong></span> <span class='ocrx_word' id='word_1_638' title='bbox 2528 3812 2783 3887; x_wconf 85' lang='lat' dir='ltr'><strong>despectu</strong></span> <span class='ocrx_word' id='word_1_639' title='bbox 2806 3814 3097 3878; x_wconf 86' lang='lat' dir='ltr'><strong>calcantes,</strong></span> <span class='ocrx_word' id='word_1_640' title='bbox 3126 3826 3313 3867; x_wconf 88' lang='lat' dir='ltr'><strong>omnes</strong></span> <span class='ocrx_word' id='word_1_641' title='bbox 3341 3810 3393 3863; x_wconf 89' lang='lat' dir='ltr'><strong>in</strong></span> <span class='ocrx_word' id='word_1_642' title='bbox 3418 3824 3481 3862; x_wconf 90' lang='lat' dir='ltr'><strong>se</strong></span> <span class='ocrx_word' id='word_1_643' title='bbox 3507 3802 3745 3862; x_wconf 79' lang='lat' dir='ltr'><strong>carnales</strong></span> 
     </span>
    </p>
   </div>
   <div class='ocr_carea' id='block_1_84' title="bbox 2152 3898 3745 3977">
    <p class='ocr_par' dir='ltr' id='par_1_84' title="bbox 2152 3898 3745 3977">
     <span class='ocr_line' id='line_1_84' title="bbox 2152 3898 3745 3977; baseline -0.008 -14"><span class='ocrx_word' id='word_1_644' title='bbox 2152 3904 2458 3977; x_wconf 84' lang='lat' dir='ltr'><strong>voluptates</strong></span> <span class='ocrx_word' id='word_1_645' title='bbox 2487 3904 2835 3969; x_wconf 85' lang='lat' dir='ltr'><strong>mortilicant,</strong></span> <span class='ocrx_word' id='word_1_646' title='bbox 2869 3912 2927 3957; x_wconf 89' lang='lat' dir='ltr'><strong>ut</strong></span> <span class='ocrx_word' id='word_1_647' title='bbox 2954 3903 3007 3956; x_wconf 89' lang='lat' dir='ltr'><strong>in</strong></span> <span class='ocrx_word' id='word_1_648' title='bbox 3034 3898 3143 3956; x_wconf 86' lang='lat' dir='ltr'><strong>Deo</strong></span> <span class='ocrx_word' id='word_1_649' title='bbox 3176 3898 3521 3970; x_wconf 89' lang='lat' dir='ltr'><strong>postmodum</strong></span> <span class='ocrx_word' id='word_1_650' title='bbox 3554 3914 3745 3968; x_wconf 87' lang='lat' dir='ltr'><strong>peren-</strong></span> 
     </span>
    </p>
   </div>
   <div class='ocr_carea' id='block_1_85' title="bbox 2152 3980 3742 4062">
    <p class='ocr_par' dir='ltr' id='par_1_85' title="bbox 2152 3980 3742 4062">
     <span class='ocr_line' id='line_1_85' title="bbox 2152 3980 3742 4062; baseline -0.008 -10"><span class='ocrx_word' id='word_1_651' title='bbox 2152 3998 2291 4053; x_wconf 84' lang='lat' dir='ltr'><strong>niter</strong></span> <span class='ocrx_word' id='word_1_652' title='bbox 2316 3996 2520 4051; x_wconf 75' lang='lat' dir='ltr'><strong>vivant.</strong></span> <span class='ocrx_word' id='word_1_653' title='bbox 2555 3994 2657 4060; x_wconf 89' lang='lat' dir='ltr'><strong>Qui</strong></span> <span class='ocrx_word' id='word_1_654' title='bbox 2702 3994 2954 4062; x_wconf 86' lang='lat' dir='ltr'><strong>quoniam</strong></span> <span class='ocrx_word' id='word_1_655' title='bbox 3006 3990 3190 4045; x_wconf 88' lang='lat' dir='ltr'><strong>mundi</strong></span> <span class='ocrx_word' id='word_1_656' title='bbox 3219 3980 3465 4043; x_wconf 88' lang='lat' dir='ltr'><strong>miserias</strong></span> <span class='ocrx_word' id='word_1_657' title='bbox 3508 4004 3607 4057; x_wconf 90' lang='lat' dir='ltr'><strong>pro</strong></span> <span class='ocrx_word' id='word_1_658' title='bbox 3638 3982 3742 4040; x_wconf 86' lang='lat' dir='ltr'><strong>Deo</strong></span> 
     </span>
    </p>
   </div>
   <div class='ocr_carea' id='block_1_86' title="bbox 2150 4076 3739 4163">
    <p class='ocr_par' dir='ltr' id='par_1_86' title="bbox 2150 4076 3739 4163">
     <span class='ocr_line' id='line_1_86' title="bbox 2150 4076 3739 4163; baseline -0.008 -18"><span class='ocrx_word' id='word_1_659' title='bbox 2150 4090 2262 4163; x_wconf 88' lang='lat' dir='ltr'><strong>pati</strong></span> <span class='ocrx_word' id='word_1_660' title='bbox 2292 4089 2512 4143; x_wconf 87' lang='lat' dir='ltr'><strong>minime</strong></span> <span class='ocrx_word' id='word_1_661' title='bbox 2542 4087 2833 4157; x_wconf 80' lang='lat' dir='ltr'><strong>refugiunt,</strong></span> <span class='ocrx_word' id='word_1_662' title='bbox 2876 4076 3224 4140; x_wconf 84' lang='lat' dir='ltr'><strong>beatitudinis</strong></span> <span class='ocrx_word' id='word_1_663' title='bbox 3264 4091 3481 4137; x_wconf 64' lang='lat' dir='ltr'><strong>(eterna:</strong></span> <span class='ocrx_word' id='word_1_664' title='bbox 3510 4080 3739 4136; x_wconf 61' lang='lat' dir='ltr'><strong>retribua</strong></span> 
     </span>
    </p>
   </div>
   <div class='ocr_carea' id='block_1_87' title="bbox 2151 4173 3739 4249">
    <p class='ocr_par' dir='ltr' id='par_1_87' title="bbox 2151 4173 3739 4249">
     <span class='ocr_line' id='line_1_87' title="bbox 2151 4173 3739 4249; baseline -0.006 -16"><span class='ocrx_word' id='word_1_665' title='bbox 2151 4184 2353 4237; x_wconf 87' lang='lat' dir='ltr'><strong>tionem</strong></span> <span class='ocrx_word' id='word_1_666' title='bbox 2385 4180 2691 4249; x_wconf 86' lang='lat' dir='ltr'><strong>acquirunt.</strong></span> <span class='ocrx_word' id='word_1_667' title='bbox 2724 4178 2851 4245; x_wconf 76' lang='lat' dir='ltr'><strong>Qua:</strong></span> <span class='ocrx_word' id='word_1_668' title='bbox 2876 4177 3124 4231; x_wconf 88' lang='lat' dir='ltr'><strong>nimirum</strong></span> <span class='ocrx_word' id='word_1_669' title='bbox 3150 4173 3431 4230; x_wconf 78' lang='lat' dir='ltr'><strong>beatitudo</strong></span> <span class='ocrx_word' id='word_1_670' title='bbox 3458 4180 3511 4229; x_wconf 90' lang='lat' dir='ltr'><strong>et</strong></span> <span class='ocrx_word' id='word_1_671' title='bbox 3540 4175 3739 4227; x_wconf 83' lang='lat' dir='ltr'><strong>abima-</strong></span> 
     </span>
    </p>
   </div>
   <div class='ocr_carea' id='block_1_88' title="bbox 2150 4264 3739 4333">
    <p class='ocr_par' dir='ltr' id='par_1_88' title="bbox 2150 4264 3739 4333">
     <span class='ocr_line' id='line_1_88' title="bbox 2150 4264 3739 4333; baseline -0.007 -5"><span class='ocrx_word' id='word_1_672' title='bbox 2150 4274 2249 4328; x_wconf 88' lang='lat' dir='ltr'><strong>bus</strong></span> <span class='ocrx_word' id='word_1_673' title='bbox 2278 4282 2465 4326; x_wconf 83' lang='lat' dir='ltr'><strong>eurum</strong></span> <span class='ocrx_word' id='word_1_674' title='bbox 2498 4276 2625 4324; x_wconf 87' lang='lat' dir='ltr'><strong>ante</strong></span> <span class='ocrx_word' id='word_1_675' title='bbox 2662 4269 3116 4324; x_wconf 83' lang='lat' dir='ltr'><strong>resurrectionem</strong></span> <span class='ocrx_word' id='word_1_676' title='bbox 3146 4264 3419 4331; x_wconf 80' lang='lat' dir='ltr'><strong>tribuitur,</strong></span> <span class='ocrx_word' id='word_1_677' title='bbox 3462 4264 3517 4319; x_wconf 90' lang='lat' dir='ltr'><strong>et</strong></span> <span class='ocrx_word' id='word_1_678' title='bbox 3547 4270 3739 4333; x_wconf 85' lang='lat' dir='ltr'><strong>corpo-</strong></span> 
     </span>
    </p>
   </div>
   <div class='ocr_carea' id='block_1_89' title="bbox 2148 4346 3739 4435">
    <p class='ocr_par' dir='ltr' id='par_1_89' title="bbox 2148 4346 3739 4435">
     <span class='ocr_line' id='line_1_89' title="bbox 2148 4346 3739 4435; baseline -0.008 -12"><span class='ocrx_word' id='word_1_679' title='bbox 2148 4368 2297 4424; x_wconf 87' lang='lat' dir='ltr'><strong>ribus</strong></span> <span class='ocrx_word' id='word_1_680' title='bbox 2325 4364 2674 4421; x_wconf 76' lang='lat' dir='ltr'><strong>nihiiominuS</strong></span> <span class='ocrx_word' id='word_1_681' title='bbox 2697 4371 2821 4435; x_wconf 90' lang='lat' dir='ltr'><strong>post</strong></span> <span class='ocrx_word' id='word_1_682' title='bbox 2849 4356 3115 4433; x_wconf 75' lang='lat' dir='ltr'><strong>judicium</strong></span> <span class='ocrx_word' id='word_1_683' title='bbox 3144 4359 3487 4425; x_wconf 84' lang='lat' dir='ltr'><strong>conferetur;</strong></span> <span class='ocrx_word' id='word_1_684' title='bbox 3520 4358 3660 4413; x_wconf 86' lang='lat' dir='ltr'><strong>sicut</strong></span> <span class='ocrx_word' id='word_1_685' title='bbox 3688 4346 3739 4410; x_wconf 83' lang='lat' dir='ltr'><strong>in</strong></span> 
     </span>
    </p>
   </div>
   <div class='ocr_carea' id='block_1_90' title="bbox 2148 4434 3740 4530">
    <p class='ocr_par' dir='ltr' id='par_1_90' title="bbox 2148 4434 3740 4530">
     <span class='ocr_line' id='line_1_90' title="bbox 2148 4434 3740 4530; baseline -0.01 -17"><span class='ocrx_word' id='word_1_686' title='bbox 2148 4454 2471 4530; x_wconf 79' lang='lat' dir='ltr'><strong>Apocalypsi</strong></span> <span class='ocrx_word' id='word_1_687' title='bbox 2503 4434 2739 4512; x_wconf 71' lang='lat' dir='ltr'><strong>Joannes</strong></span> <span class='ocrx_word' id='word_1_688' title='bbox 2783 4454 3061 4525; x_wconf 79' lang='lat' dir='ltr'><strong>apostolos</strong></span> <span class='ocrx_word' id='word_1_689' title='bbox 3104 4452 3312 4517; x_wconf 84' lang='lat' dir='ltr'><strong>scribit,</strong></span> <span class='ocrx_word' id='word_1_690' title='bbox 3358 4444 3583 4505; x_wconf 86' lang='lat' dir='ltr'><strong>dicens:</strong></span> <span class='ocrx_word' id='word_1_691' title='bbox 3624 4434 3740 4500; x_wconf 61' lang='lat' dir='ltr'><strong>Vidi</strong></span> 
     </span>
    </p>
   </div>
   <div class='ocr_carea' id='block_1_91' title="bbox 2146 4538 3739 4615">
    <p class='ocr_par' dir='ltr' id='par_1_91' title="bbox 2146 4538 3739 4615">
     <span class='ocr_line' id='line_1_91' title="bbox 2146 4538 3739 4615; baseline -0.01 -11"><span class='ocrx_word' id='word_1_692' title='bbox 2146 4550 2238 4604; x_wconf 85' lang='lat' dir='ltr'><strong>sub</strong></span> <span class='ocrx_word' id='word_1_693' title='bbox 2277 4549 2432 4603; x_wconf 88' lang='lat' dir='ltr'><strong>altari</strong></span> <span class='ocrx_word' id='word_1_694' title='bbox 2480 4547 2576 4602; x_wconf 83' lang='lat' dir='ltr'><strong>Dei</strong></span> <span class='ocrx_word' id='word_1_695' title='bbox 2617 4548 2821 4601; x_wconf 80' lang='lat' dir='ltr'><strong>animos</strong></span> <span class='ocrx_word' id='word_1_696' title='bbox 2860 4547 3254 4615; x_wconf 78' lang='lat' dir='ltr'><strong>interfectorum</strong></span> <span class='ocrx_word' id='word_1_697' title='bbox 3296 4551 3509 4613; x_wconf 82' lang='lat' dir='ltr'><strong>propter</strong></span> <span class='ocrx_word' id='word_1_698' title='bbox 3536 4538 3739 4593; x_wconf 74' lang='lat' dir='ltr'><strong>uerbum</strong></span> 
     </span>
    </p>
   </div>
   <div class='ocr_carea' id='block_1_92' title="bbox 447 4632 3740 4723">
    <p class='ocr_par' dir='ltr' id='par_1_92' title="bbox 447 4632 3740 4723">
     <span class='ocr_line' id='line_1_92' title="bbox 447 4632 3740 4723; baseline -0.005 -21"><span class='ocrx_word' id='word_1_699' title='bbox 447 4636 804 4699; x_wconf 81' lang='lat' dir='ltr'><strong>masculinum</strong></span> <span class='ocrx_word' id='word_1_700' title='bbox 827 4658 1013 4701; x_wconf 85' lang='lat' dir='ltr'><strong>sexum</strong></span> <span class='ocrx_word' id='word_1_701' title='bbox 1037 4646 1176 4703; x_wconf 88' lang='lat' dir='ltr'><strong>solet</strong></span> <span class='ocrx_word' id='word_1_702' title='bbox 1202 4649 1463 4707; x_wconf 75' lang='lat' dir='ltr'><strong>fortitudo</strong></span> <span class='ocrx_word' id='word_1_703' title='bbox 1485 4650 1728 4721; x_wconf 59' lang='lat' dir='ltr'><strong>intelligi,</strong></span> <span class='ocrx_word' id='word_1_704' title='bbox 1758 4654 1835 4708; x_wconf 77' lang='lat' dir='ltr'><strong>sic</strong></span> <span class='ocrx_word' id='word_1_705' title='bbox 1864 4660 1918 4707; x_wconf 74' lang='lat' dir='ltr'><strong>et</strong></span> <span class='ocrx_word' id='word_1_706' title='bbox 1941 4669 2038 4723; x_wconf 67' lang='lat' dir='ltr'><strong>per</strong></span> <span class='ocrx_word' id='word_1_707' title='bbox 2068 4636 2118 4696; x_wconf 82' lang='lat' dir='ltr'><strong>D</strong></span> <span class='ocrx_word' id='word_1_708' title='bbox 2146 4644 2265 4711; x_wconf 87' lang='lat' dir='ltr'><strong>Dei,</strong></span> <span class='ocrx_word' id='word_1_709' title='bbox 2296 4653 2345 4697; x_wconf 88' lang='lat' dir='ltr'><strong>et</strong></span> <span class='ocrx_word' id='word_1_710' title='bbox 2371 4634 2715 4697; x_wconf 51' lang='lat' dir='ltr'><strong>testimonium</strong></span> <span class='ocrx_word' id='word_1_711' title='bbox 2746 4640 2880 4712; x_wconf 87' lang='lat' dir='ltr'><strong>quod</strong></span> <span class='ocrx_word' id='word_1_712' title='bbox 2912 4638 3187 4705; x_wconf 81' lang='lat' dir='ltr'><strong>habebant,</strong></span> <span class='ocrx_word' id='word_1_713' title='bbox 3216 4644 3265 4692; x_wconf 80' lang='lat' dir='ltr'><strong>et</strong></span> <span class='ocrx_word' id='word_1_714' title='bbox 3296 4632 3596 4691; x_wconf 85' lang='lat' dir='ltr'><strong>clamabant</strong></span> <span class='ocrx_word' id='word_1_715' title='bbox 3626 4636 3740 4686; x_wconf 72' lang='lat' dir='ltr'><strong>rore</strong></span> 
     </span>
    </p>
   </div>
   <div class='ocr_carea' id='block_1_93' title="bbox 441 4730 2036 4811">
    <p class='ocr_par' dir='ltr' id='par_1_93' title="bbox 441 4730 2036 4811">
     <span class='ocr_line' id='line_1_93' title="bbox 441 4730 2036 4811; baseline 0.009 -25"><span class='ocrx_word' id='word_1_716' title='bbox 441 4730 756 4790; x_wconf 79' lang='lat' dir='ltr'><strong>femininum</strong></span> <span class='ocrx_word' id='word_1_717' title='bbox 780 4744 958 4807; x_wconf 80' lang='lat' dir='ltr'><strong>potest</strong></span> <span class='ocrx_word' id='word_1_718' title='bbox 988 4734 1269 4794; x_wconf 88' lang='lat' dir='ltr'><strong>inlirmltas</strong></span> <span class='ocrx_word' id='word_1_719' title='bbox 1298 4741 1598 4811; x_wconf 87' lang='lat' dir='ltr'><strong>designari;</strong></span> <span class='ocrx_word' id='word_1_720' title='bbox 1632 4752 1685 4797; x_wconf 92' lang='lat' dir='ltr'><strong>et</strong></span> <span class='ocrx_word' id='word_1_721' title='bbox 1711 4743 1777 4798; x_wconf 91' lang='lat' dir='ltr'><strong>de</strong></span> <span class='ocrx_word' id='word_1_722' title='bbox 1803 4759 1869 4799; x_wconf 92' lang='lat' dir='ltr'><strong>eo</strong></span> <span class='ocrx_word' id='word_1_723' title='bbox 1899 4745 2036 4800; x_wconf 89' lang='lat' dir='ltr'><strong>scri-</strong></span> 
     </span>
    </p>
   </div>
   <div class='ocr_carea' id='block_1_94' title="bbox 442 4818 2040 4903">
    <p class='ocr_par' dir='ltr' id='par_1_94' title="bbox 442 4818 2040 4903">
     <span class='ocr_line' id='line_1_94' title="bbox 442 4818 2040 4903; baseline 0.006 -23"><span class='ocrx_word' id='word_1_724' title='bbox 442 4835 597 4896; x_wconf 85' lang='lat' dir='ltr'><strong>ptum</strong></span> <span class='ocrx_word' id='word_1_725' title='bbox 632 4836 717 4885; x_wconf 89' lang='lat' dir='ltr'><strong>est</strong></span> <span class='ocrx_word' id='word_1_726' title='bbox 753 4845 767 4882; x_wconf 89' lang='lat'><strong><em>:</em></strong></span> <span class='ocrx_word' id='word_1_727' title='bbox 804 4818 939 4893; x_wconf 69' lang='lat' dir='ltr'><strong>Quia</strong></span> <span class='ocrx_word' id='word_1_728' title='bbox 980 4831 1077 4885; x_wconf 85' lang='lat' dir='ltr'><strong>etsi</strong></span> <span class='ocrx_word' id='word_1_729' title='bbox 1104 4841 1333 4886; x_wconf 88' lang='lat' dir='ltr'><strong>mortuus</strong></span> <span class='ocrx_word' id='word_1_730' title='bbox 1364 4841 1439 4886; x_wconf 88' lang='lat' dir='ltr'><strong>est</strong></span> <span class='ocrx_word' id='word_1_731' title='bbox 1480 4846 1543 4887; x_wconf 74' lang='lat' dir='ltr'><strong>ex</strong></span> <span class='ocrx_word' id='word_1_732' title='bbox 1585 4833 1917 4903; x_wconf 80' lang='lat' dir='ltr'><strong>inﬁrmitate,</strong></span> <span class='ocrx_word' id='word_1_733' title='bbox 1949 4832 2040 4889; x_wconf 87' lang='lat' dir='ltr'><strong>sed</strong></span> 
     </span>
    </p>
   </div>
   <div class='ocr_carea' id='block_1_95' title="bbox 441 4912 2037 4994">
    <p class='ocr_par' dir='ltr' id='par_1_95' title="bbox 441 4912 2037 4994">
     <span class='ocr_line' id='line_1_95' title="bbox 441 4912 2037 4994; baseline 0.006 -22"><span class='ocrx_word' id='word_1_734' title='bbox 441 4920 562 4974; x_wconf 74' lang='lat' dir='ltr'><strong>vivit</strong></span> <span class='ocrx_word' id='word_1_735' title='bbox 602 4932 666 4974; x_wconf 74' lang='lat' dir='ltr'><strong>ex</strong></span> <span class='ocrx_word' id='word_1_736' title='bbox 707 4922 892 4976; x_wconf 83' lang='lat' dir='ltr'><strong>virtute</strong></span> <span class='ocrx_word' id='word_1_737' title='bbox 937 4912 1035 4977; x_wconf 84' lang='lat' dir='ltr'><strong>Del</strong></span> <span class='ocrx_word' id='word_1_738' title='bbox 1081 4920 1167 4994; x_wconf 87' lang='lat' dir='ltr'><strong>(Il</strong></span> <span class='ocrx_word' id='word_1_739' title='bbox 1200 4920 1320 4977; x_wconf 85' lang='lat' dir='ltr'><strong>Cor.</strong></span> <span class='ocrx_word' id='word_1_740' title='bbox 1361 4930 1475 4991; x_wconf 68' lang='lat' dir='ltr'><strong>stu,</strong></span> <span class='ocrx_word' id='word_1_741' title='bbox 1509 4922 1585 4994; x_wconf 68' lang='grc'><strong>4).</strong></span> <span class='ocrx_word' id='word_1_742' title='bbox 1637 4921 1755 4994; x_wconf 85' lang='lat' dir='ltr'><strong>Ipse</strong></span> <span class='ocrx_word' id='word_1_743' title='bbox 1784 4933 1867 4979; x_wconf 85' lang='lat' dir='ltr'><strong>est</strong></span> <span class='ocrx_word' id='word_1_744' title='bbox 1894 4927 2037 4982; x_wconf 86' lang='lat' dir='ltr'><strong>enim</strong></span> 
     </span>
    </p>
   </div>
   <div class='ocr_carea' id='block_1_96' title="bbox 444 5006 2042 5087">
    <p class='ocr_par' dir='ltr' id='par_1_96' title="bbox 444 5006 2042 5087">
     <span class='ocr_line' id='line_1_96' title="bbox 444 5006 2042 5087; baseline 0.006 -24"><span class='ocrx_word' id='word_1_745' title='bbox 444 5018 685 5065; x_wconf 83' lang='lat' dir='ltr'><strong>summus</strong></span> <span class='ocrx_word' id='word_1_746' title='bbox 716 5006 965 5068; x_wconf 79' lang='lat' dir='ltr'><strong>Pontifex</strong></span> <span class='ocrx_word' id='word_1_747' title='bbox 989 5020 1195 5081; x_wconf 79' lang='lat' dir='ltr'><strong>noster,</strong></span> <span class='ocrx_word' id='word_1_748' title='bbox 1226 5008 1317 5083; x_wconf 87' lang='lat' dir='ltr'><strong>qui</strong></span> <span class='ocrx_word' id='word_1_749' title='bbox 1342 5013 1395 5069; x_wconf 86' lang='lat' dir='ltr'><strong>in</strong></span> <span class='ocrx_word' id='word_1_750' title='bbox 1423 5024 1514 5068; x_wconf 84' lang='lat' dir='ltr'><strong>ara</strong></span> <span class='ocrx_word' id='word_1_751' title='bbox 1544 5016 1719 5069; x_wconf 84' lang='lat' dir='ltr'><strong>crucis</strong></span> <span class='ocrx_word' id='word_1_752' title='bbox 1749 5025 1845 5087; x_wconf 86' lang='lat' dir='ltr'><strong>pro</strong></span> <span class='ocrx_word' id='word_1_753' title='bbox 1875 5010 2042 5072; x_wconf 86' lang='lat' dir='ltr'><strong>totius</strong></span> 
     </span>
    </p>
   </div>
   <div class='ocr_carea' id='block_1_97' title="bbox 443 5096 2033 5178">
    <p class='ocr_par' dir='ltr' id='par_1_97' title="bbox 443 5096 2033 5178">
     <span class='ocr_line' id='line_1_97' title="bbox 443 5096 2033 5178; baseline 0.005 -25"><span class='ocrx_word' id='word_1_754' title='bbox 443 5100 626 5155; x_wconf 90' lang='lat' dir='ltr'><strong>mundi</strong></span> <span class='ocrx_word' id='word_1_755' title='bbox 653 5102 881 5158; x_wconf 87' lang='lat' dir='ltr'><strong>sanitate</strong></span> <span class='ocrx_word' id='word_1_756' title='bbox 901 5143 915 5169; x_wconf 93' lang='lat'><strong>,</strong></span> <span class='ocrx_word' id='word_1_757' title='bbox 948 5103 1029 5157; x_wconf 89' lang='lat' dir='ltr'><strong>sui</strong></span> <span class='ocrx_word' id='word_1_758' title='bbox 1061 5104 1306 5174; x_wconf 88' lang='lat' dir='ltr'><strong>corporis</strong></span> <span class='ocrx_word' id='word_1_759' title='bbox 1350 5096 1581 5159; x_wconf 83' lang='lat' dir='ltr'><strong>hostiam</strong></span> <span class='ocrx_word' id='word_1_760' title='bbox 1613 5096 1805 5160; x_wconf 91' lang='lat' dir='ltr'><strong>obtulit</strong></span> <span class='ocrx_word' id='word_1_761' title='bbox 1836 5102 2033 5178; x_wconf 72' lang='lat' dir='ltr'><strong>(Hebr.</strong></span> 
     </span>
    </p>
   </div>
   <div class='ocr_carea' id='block_1_98' title="bbox 442 5191 2041 5271">
    <p class='ocr_par' dir='ltr' id='par_1_98' title="bbox 442 5191 2041 5271">
     <span class='ocr_line' id='line_1_98' title="bbox 442 5191 2041 5271; baseline 0.007 -27"><span class='ocrx_word' id='word_1_762' title='bbox 442 5191 542 5262; x_wconf 80' lang='lat' dir='ltr'><strong>IX).</strong></span> <span class='ocrx_word' id='word_1_763' title='bbox 586 5191 833 5249; x_wconf 79' lang='lat' dir='ltr'><strong>Pontifex</strong></span> <span class='ocrx_word' id='word_1_764' title='bbox 861 5193 1118 5251; x_wconf 87' lang='lat' dir='ltr'><strong>videlicet</strong></span> <span class='ocrx_word' id='word_1_765' title='bbox 1145 5194 1451 5252; x_wconf 73' lang='lat' dir='ltr'><strong>futurarum</strong></span> <span class='ocrx_word' id='word_1_766' title='bbox 1482 5197 1746 5253; x_wconf 86' lang='lat' dir='ltr'><strong>bonorum</strong></span> <span class='ocrx_word' id='word_1_767' title='bbox 1766 5238 1781 5265; x_wconf 91' lang='lat'><strong>,</strong></span> <span class='ocrx_word' id='word_1_768' title='bbox 1820 5200 1912 5269; x_wconf 67' lang='lat' dir='ltr'><strong>Qui</strong></span> <span class='ocrx_word' id='word_1_769' title='bbox 1942 5208 2041 5271; x_wconf 76' lang='lat' dir='ltr'><strong>per</strong></span> 
     </span>
    </p>
   </div>
   <div class='ocr_carea' id='block_1_99' title="bbox 442 5285 2038 5363">
    <p class='ocr_par' dir='ltr' id='par_1_99' title="bbox 442 5285 2038 5363">
     <span class='ocr_line' id='line_1_99' title="bbox 442 5285 2038 5363; baseline 0.008 -25"><span class='ocrx_word' id='word_1_770' title='bbox 442 5285 721 5353; x_wconf 85' lang='lat' dir='ltr'><strong>proprium</strong></span> <span class='ocrx_word' id='word_1_771' title='bbox 750 5286 1064 5355; x_wconf 82' lang='lat' dir='ltr'><strong>sanguinem</strong></span> <span class='ocrx_word' id='word_1_772' title='bbox 1095 5290 1147 5343; x_wconf 91' lang='lat' dir='ltr'><strong>in</strong></span> <span class='ocrx_word' id='word_1_773' title='bbox 1178 5292 1395 5357; x_wconf 86' lang='lat' dir='ltr'><strong>sancta,</strong></span> <span class='ocrx_word' id='word_1_774' title='bbox 1439 5296 1639 5345; x_wconf 82' lang='lat' dir='ltr'><strong>:cterna</strong></span> <span class='ocrx_word' id='word_1_775' title='bbox 1664 5288 2038 5363; x_wconf 77' lang='lat' dir='ltr'><strong>redemptione</strong></span> 
     </span>
    </p>
   </div>
   <div class='ocr_carea' id='block_1_100' title="bbox 444 5372 2038 5440">
    <p class='ocr_par' dir='ltr' id='par_1_100' title="bbox 444 5372 2038 5440">
     <span class='ocr_line' id='line_1_100' title="bbox 444 5372 2038 5440; baseline 0.007 -13"><span class='ocrx_word' id='word_1_776' title='bbox 444 5373 685 5440; x_wconf 89' lang='lat' dir='ltr'><strong>inventa,</strong></span> <span class='ocrx_word' id='word_1_777' title='bbox 724 5376 892 5433; x_wconf 86' lang='lat' dir='ltr'><strong>semel</strong></span> <span class='ocrx_word' id='word_1_778' title='bbox 923 5372 1160 5433; x_wconf 83' lang='lat' dir='ltr'><strong>intravit.</strong></span> <span class='ocrx_word' id='word_1_779' title='bbox 1192 5372 1318 5436; x_wconf 64' lang='lat' dir='ltr'><strong>ilice</strong></span> <span class='ocrx_word' id='word_1_780' title='bbox 1346 5386 1523 5436; x_wconf 87' lang='lat' dir='ltr'><strong>autem</strong></span> <span class='ocrx_word' id='word_1_781' title='bbox 1553 5392 1718 5437; x_wconf 84' lang='lat' dir='ltr'><strong>vacca</strong></span> <span class='ocrx_word' id='word_1_782' title='bbox 1750 5381 1865 5436; x_wconf 80' lang='lat' dir='ltr'><strong>rufa</strong></span> <span class='ocrx_word' id='word_1_783' title='bbox 1904 5382 2038 5438; x_wconf 88' lang='lat' dir='ltr'><strong>dici-</strong></span> 
     </span>
    </p>
   </div>
   <div class='ocr_carea' id='block_1_101' title="bbox 445 5462 2036 5539">
    <p class='ocr_par' dir='ltr' id='par_1_101' title="bbox 445 5462 2036 5539">
     <span class='ocr_line' id='line_1_101' title="bbox 445 5462 2036 5539; baseline 0.009 -24"><span class='ocrx_word' id='word_1_784' title='bbox 445 5470 562 5527; x_wconf 89' lang='lat' dir='ltr'><strong>tur,</strong></span> <span class='ocrx_word' id='word_1_785' title='bbox 593 5474 650 5519; x_wconf 91' lang='lat' dir='ltr'><strong>ut</strong></span> <span class='ocrx_word' id='word_1_786' title='bbox 693 5462 744 5521; x_wconf 92' lang='lat' dir='ltr'><strong>in</strong></span> <span class='ocrx_word' id='word_1_787' title='bbox 777 5480 839 5523; x_wconf 90' lang='lat' dir='ltr'><strong>ea</strong></span> <span class='ocrx_word' id='word_1_788' title='bbox 886 5468 1164 5539; x_wconf 84' lang='lat' dir='ltr'><strong>sanguinis</strong></span> <span class='ocrx_word' id='word_1_789' title='bbox 1194 5462 1389 5526; x_wconf 86' lang='lat' dir='ltr'><strong>Christi</strong></span> <span class='ocrx_word' id='word_1_790' title='bbox 1429 5471 1595 5526; x_wconf 85' lang='lat' dir='ltr'><strong>rubor</strong></span> <span class='ocrx_word' id='word_1_791' title='bbox 1640 5468 1916 5528; x_wconf 87' lang='lat' dir='ltr'><strong>evidenter</strong></span> <span class='ocrx_word' id='word_1_792' title='bbox 1943 5473 2036 5529; x_wconf 82' lang='lat' dir='ltr'><strong>de-</strong></span> 
     </span>
    </p>
   </div>
   <div class='ocr_carea' id='block_1_102' title="bbox 446 5558 2037 5635">
    <p class='ocr_par' dir='ltr' id='par_1_102' title="bbox 446 5558 2037 5635">
     <span class='ocr_line' id='line_1_102' title="bbox 446 5558 2037 5635; baseline 0.011 -29"><span class='ocrx_word' id='word_1_793' title='bbox 446 5562 797 5613; x_wconf 82' lang='lat' dir='ltr'><strong>monstretur.</strong></span> <span class='ocrx_word' id='word_1_794' title='bbox 846 5558 927 5615; x_wconf 82' lang='lat' dir='ltr'><strong>De</strong></span> <span class='ocrx_word' id='word_1_795' title='bbox 964 5577 1071 5630; x_wconf 92' lang='lat' dir='ltr'><strong>quo</strong></span> <span class='ocrx_word' id='word_1_796' title='bbox 1114 5560 1170 5617; x_wconf 87' lang='lat' dir='ltr'><strong>in</strong></span> <span class='ocrx_word' id='word_1_797' title='bbox 1212 5560 1447 5620; x_wconf 84' lang='lat' dir='ltr'><strong>Canticis</strong></span> <span class='ocrx_word' id='word_1_798' title='bbox 1478 5566 1812 5621; x_wconf 75' lang='lat' dir='ltr'><strong>Canticorum</strong></span> <span class='ocrx_word' id='word_1_799' title='bbox 1841 5574 2037 5635; x_wconf 75' lang='lat' dir='ltr'><strong>Sponsa</strong></span> 
     </span>
    </p>
   </div>
   <div class='ocr_carea' id='block_1_103' title="bbox 446 5645 2035 5716">
    <p class='ocr_par' dir='ltr' id='par_1_103' title="bbox 446 5645 2035 5716">
     <span class='ocr_line' id='line_1_103' title="bbox 446 5645 2035 5716; baseline 0.009 -18"><span class='ocrx_word' id='word_1_800' title='bbox 446 5645 705 5716; x_wconf 88' lang='lat' dir='ltr'><strong>loquitur,</strong></span> <span class='ocrx_word' id='word_1_801' title='bbox 738 5650 923 5706; x_wconf 85' lang='lat' dir='ltr'><strong>dicens</strong></span> <span class='ocrx_word' id='word_1_802' title='bbox 954 5669 967 5706; x_wconf 88' lang='lat'><strong>:</strong></span> <span class='ocrx_word' id='word_1_803' title='bbox 1011 5651 1241 5709; x_wconf 81' lang='lat' dir='ltr'><strong>Dilectus</strong></span> <span class='ocrx_word' id='word_1_804' title='bbox 1268 5666 1407 5711; x_wconf 87' lang='lat' dir='ltr'><strong>meus</strong></span> <span class='ocrx_word' id='word_1_805' title='bbox 1439 5656 1691 5713; x_wconf 79' lang='lat' dir='ltr'><strong>candidus</strong></span> <span class='ocrx_word' id='word_1_806' title='bbox 1712 5668 1761 5713; x_wconf 87' lang='lat' dir='ltr'><strong>et</strong></span> <span class='ocrx_word' id='word_1_807' title='bbox 1790 5658 2035 5713; x_wconf 82' lang='lat' dir='ltr'><strong>rubicun-</strong></span> 
     </span>
    </p>
   </div>
   <div class='ocr_carea' id='block_1_104' title="bbox 449 5736 2037 5813">
    <p class='ocr_par' dir='ltr' id='par_1_104' title="bbox 449 5736 2037 5813">
     <span class='ocr_line' id='line_1_104' title="bbox 449 5736 2037 5813; baseline 0.013 -24"><span class='ocrx_word' id='word_1_808' title='bbox 449 5736 543 5792; x_wconf 87' lang='lat' dir='ltr'><strong>dus</strong></span> <span class='ocrx_word' id='word_1_809' title='bbox 577 5739 748 5811; x_wconf 82' lang='lat' dir='ltr'><strong>(Cant.</strong></span> <span class='ocrx_word' id='word_1_810' title='bbox 788 5752 841 5809; x_wconf 84' lang='lat' dir='ltr'><strong>v,</strong></span> <span class='ocrx_word' id='word_1_811' title='bbox 875 5742 987 5813; x_wconf 77' lang='grc'><strong>16).</strong></span> <span class='ocrx_word' id='word_1_812' title='bbox 1025 5744 1297 5803; x_wconf 86' lang='lat' dir='ltr'><strong>Candidus</strong></span> <span class='ocrx_word' id='word_1_813' title='bbox 1334 5751 1584 5805; x_wconf 84' lang='lat' dir='ltr'><strong>nimirum</strong></span> <span class='ocrx_word' id='word_1_814' title='bbox 1633 5762 1699 5807; x_wconf 78' lang='lat' dir='ltr'><strong>ex</strong></span> <span class='ocrx_word' id='word_1_815' title='bbox 1744 5744 2037 5809; x_wconf 79' lang='lat' dir='ltr'><strong>divinitatis</strong></span> 
     </span>
    </p>
   </div>
   <div class='ocr_carea' id='block_1_105' title="bbox 449 5830 2036 5915">
    <p class='ocr_par' dir='ltr' id='par_1_105' title="bbox 449 5830 2036 5915">
     <span class='ocr_line' id='line_1_105' title="bbox 449 5830 2036 5915; baseline 0.014 -35"><span class='ocrx_word' id='word_1_816' title='bbox 449 5830 653 5901; x_wconf 84' lang='lat' dir='ltr'><strong>specie,</strong></span> <span class='ocrx_word' id='word_1_817' title='bbox 699 5833 1030 5894; x_wconf 88' lang='lat' dir='ltr'><strong>rubicundus</strong></span> <span class='ocrx_word' id='word_1_818' title='bbox 1071 5854 1139 5893; x_wconf 82' lang='lat' dir='ltr'><strong>ex</strong></span> <span class='ocrx_word' id='word_1_819' title='bbox 1177 5841 1440 5909; x_wconf 82' lang='lat' dir='ltr'><strong>passionis</strong></span> <span class='ocrx_word' id='word_1_820' title='bbox 1470 5860 1682 5900; x_wconf 90' lang='lat' dir='ltr'><strong>cruore.</strong></span> <span class='ocrx_word' id='word_1_821' title='bbox 1713 5844 1825 5902; x_wconf 85' lang='lat' dir='ltr'><strong>llac</strong></span> <span class='ocrx_word' id='word_1_822' title='bbox 1852 5846 2036 5915; x_wconf 81' lang='lat' dir='ltr'><strong>itaque</strong></span> 
     </span>
    </p>
   </div>
   <div class='ocr_carea' id='block_1_106' title="bbox 2144 4720 3734 4806">
    <p class='ocr_par' dir='ltr' id='par_1_106' title="bbox 2144 4720 3734 4806">
     <span class='ocr_line' id='line_1_106' title="bbox 2144 4720 3734 4806; baseline -0.008 -16"><span class='ocrx_word' id='word_1_823' title='bbox 2144 4752 2335 4806; x_wconf 84' lang='lat' dir='ltr'><strong>magna</strong></span> <span class='ocrx_word' id='word_1_824' title='bbox 2364 4735 2589 4788; x_wconf 85' lang='lat' dir='ltr'><strong>dicentes</strong></span> <span class='ocrx_word' id='word_1_825' title='bbox 2614 4751 2629 4787; x_wconf 91' lang='lat'><em>:</em></span> <span class='ocrx_word' id='word_1_826' title='bbox 2663 4732 2952 4806; x_wconf 85' lang='lat' dir='ltr'><strong>Usquequo,</strong></span> <span class='ocrx_word' id='word_1_827' title='bbox 2988 4720 3231 4797; x_wconf 90' lang='lat' dir='ltr'><strong>Domine,</strong></span> <span class='ocrx_word' id='word_1_828' title='bbox 3256 4732 3467 4783; x_wconf 81' lang='lat' dir='ltr'><strong>sanctus</strong></span> <span class='ocrx_word' id='word_1_829' title='bbox 3492 4736 3542 4780; x_wconf 85' lang='lat' dir='ltr'><strong>et</strong></span> <span class='ocrx_word' id='word_1_830' title='bbox 3572 4742 3734 4793; x_wconf 80' lang='lat' dir='ltr'><strong>verus,</strong></span> 
     </span>
    </p>
   </div>
   <div class='ocr_carea' id='block_1_107' title="bbox 2145 4818 3739 4897">
    <p class='ocr_par' dir='ltr' id='par_1_107' title="bbox 2145 4818 3739 4897">
     <span class='ocr_line' id='line_1_107' title="bbox 2145 4818 3739 4897; baseline -0.007 -15"><span class='ocrx_word' id='word_1_831' title='bbox 2145 4845 2246 4882; x_wconf 90' lang='lat' dir='ltr'><strong>non</strong></span> <span class='ocrx_word' id='word_1_832' title='bbox 2290 4827 2522 4882; x_wconf 71' lang='lat' dir='ltr'><strong>vindicas</strong></span> <span class='ocrx_word' id='word_1_833' title='bbox 2553 4829 2857 4897; x_wconf 78' lang='lat' dir='ltr'><strong>sanguinem</strong></span> <span class='ocrx_word' id='word_1_834' title='bbox 2886 4832 3151 4890; x_wconf 86' lang='lat' dir='ltr'><strong>nostrum,</strong></span> <span class='ocrx_word' id='word_1_835' title='bbox 3201 4820 3263 4876; x_wconf 88' lang='lat' dir='ltr'><strong>de</strong></span> <span class='ocrx_word' id='word_1_836' title='bbox 3300 4821 3378 4875; x_wconf 90' lang='lat' dir='ltr'><strong>his</strong></span> <span class='ocrx_word' id='word_1_837' title='bbox 3408 4821 3498 4893; x_wconf 89' lang='lat' dir='ltr'><strong>qui</strong></span> <span class='ocrx_word' id='word_1_838' title='bbox 3526 4828 3649 4874; x_wconf 85' lang='lat' dir='ltr'><strong>sunt</strong></span> <span class='ocrx_word' id='word_1_839' title='bbox 3688 4818 3739 4871; x_wconf 86' lang='lat' dir='ltr'><strong>in</strong></span> 
     </span>
    </p>
   </div>
   <div class='ocr_carea' id='block_1_108' title="bbox 2144 4910 3737 4988">
    <p class='ocr_par' dir='ltr' id='par_1_108' title="bbox 2144 4910 3737 4988">
     <span class='ocr_line' id='line_1_108' title="bbox 2144 4910 3737 4988; baseline -0.008 -13"><span class='ocrx_word' id='word_1_840' title='bbox 2144 4920 2323 4975; x_wconf 85' lang='lat' dir='ltr'><strong>terra?</strong></span> <span class='ocrx_word' id='word_1_841' title='bbox 2354 4917 2421 4972; x_wconf 78' lang='lat' dir='ltr'><strong>Et</strong></span> <span class='ocrx_word' id='word_1_842' title='bbox 2447 4916 2583 4972; x_wconf 73' lang='lat' dir='ltr'><strong>data:</strong></span> <span class='ocrx_word' id='word_1_843' title='bbox 2609 4924 2725 4971; x_wconf 84' lang='lat' dir='ltr'><strong>sunl</strong></span> <span class='ocrx_word' id='word_1_844' title='bbox 2760 4919 2835 4972; x_wconf 87' lang='lat' dir='ltr'><strong>eis</strong></span> <span class='ocrx_word' id='word_1_845' title='bbox 2864 4916 3085 4988; x_wconf 70' lang='lat' dir='ltr'><strong>singulm</strong></span> <span class='ocrx_word' id='word_1_846' title='bbox 3107 4914 3257 4969; x_wconf 68' lang='lat' dir='ltr'><strong>stola:</strong></span> <span class='ocrx_word' id='word_1_847' title='bbox 3285 4912 3437 4977; x_wconf 69' lang='lat' dir='ltr'><strong>albaz,</strong></span> <span class='ocrx_word' id='word_1_848' title='bbox 3471 4920 3521 4967; x_wconf 90' lang='lat' dir='ltr'><strong>et</strong></span> <span class='ocrx_word' id='word_1_849' title='bbox 3547 4910 3737 4965; x_wconf 77' lang='lat' dir='ltr'><strong>dictum</strong></span> 
     </span>
    </p>
   </div>
   <div class='ocr_carea' id='block_1_109' title="bbox 2144 4998 3738 5085">
    <p class='ocr_par' dir='ltr' id='par_1_109' title="bbox 2144 4998 3738 5085">
     <span class='ocr_line' id='line_1_109' title="bbox 2144 4998 3738 5085; baseline -0.006 -16"><span class='ocrx_word' id='word_1_850' title='bbox 2144 5023 2216 5070; x_wconf 88' lang='lat' dir='ltr'><strong>est</strong></span> <span class='ocrx_word' id='word_1_851' title='bbox 2246 5013 2369 5079; x_wconf 86' lang='lat' dir='ltr'><strong>illis,</strong></span> <span class='ocrx_word' id='word_1_852' title='bbox 2412 5022 2467 5067; x_wconf 87' lang='lat' dir='ltr'><strong>ut</strong></span> <span class='ocrx_word' id='word_1_853' title='bbox 2498 5012 2867 5085; x_wconf 77' lang='lat' dir='ltr'><strong>requiescerent</strong></span> <span class='ocrx_word' id='word_1_854' title='bbox 2895 5008 3092 5078; x_wconf 79' lang='lat' dir='ltr'><strong>lempus</strong></span> <span class='ocrx_word' id='word_1_855' title='bbox 3123 5002 3291 5061; x_wconf 88' lang='lat' dir='ltr'><strong>adhuc</strong></span> <span class='ocrx_word' id='word_1_856' title='bbox 3320 5002 3601 5070; x_wconf 84' lang='lat' dir='ltr'><strong>modicum,</strong></span> <span class='ocrx_word' id='word_1_857' title='bbox 3644 4998 3738 5059; x_wconf 83' lang='lat' dir='ltr'><strong>do-</strong></span> 
     </span>
    </p>
   </div>
   <div class='ocr_carea' id='block_1_110' title="bbox 2144 5100 3737 5178">
    <p class='ocr_par' dir='ltr' id='par_1_110' title="bbox 2144 5100 3737 5178">
     <span class='ocr_line' id='line_1_110' title="bbox 2144 5100 3737 5178; baseline -0.006 -17"><span class='ocrx_word' id='word_1_858' title='bbox 2144 5125 2234 5161; x_wconf 88' lang='lat' dir='ltr'><strong>nec</strong></span> <span class='ocrx_word' id='word_1_859' title='bbox 2263 5107 2537 5178; x_wconf 71' lang='lat' dir='ltr'><strong>impleatur</strong></span> <span class='ocrx_word' id='word_1_860' title='bbox 2565 5122 2802 5159; x_wconf 88' lang='lat' dir='ltr'><strong>numerus</strong></span> <span class='ocrx_word' id='word_1_861' title='bbox 2842 5118 3203 5158; x_wconf 86' lang='lat' dir='ltr'><strong>conservorum</strong></span> <span class='ocrx_word' id='word_1_862' title='bbox 3243 5100 3291 5155; x_wconf 80' lang='lat' dir='ltr'><strong>et</strong></span> <span class='ocrx_word' id='word_1_863' title='bbox 3331 5103 3557 5171; x_wconf 78' lang='lat' dir='ltr'><strong>fratrum</strong></span> <span class='ocrx_word' id='word_1_864' title='bbox 3594 5101 3737 5169; x_wconf 82' lang='lat' dir='ltr'><strong>ipso-</strong></span> 
     </span>
    </p>
   </div>
   <div class='ocr_carea' id='block_1_111' title="bbox 2140 5186 3732 5270">
    <p class='ocr_par' dir='ltr' id='par_1_111' title="bbox 2140 5186 3732 5270">
     <span class='ocr_line' id='line_1_111' title="bbox 2140 5186 3732 5270; baseline -0.008 -17"><span class='ocrx_word' id='word_1_865' title='bbox 2140 5217 2274 5265; x_wconf 89' lang='lat' dir='ltr'><strong>rum,</strong></span> <span class='ocrx_word' id='word_1_866' title='bbox 2309 5194 2395 5270; x_wconf 83' lang='lat' dir='ltr'><strong>qui</strong></span> <span class='ocrx_word' id='word_1_867' title='bbox 2440 5188 2786 5268; x_wconf 75' lang='lat' dir='ltr'><strong>interficiendi</strong></span> <span class='ocrx_word' id='word_1_868' title='bbox 2816 5204 2932 5249; x_wconf 86' lang='lat' dir='ltr'><strong>sunt</strong></span> <span class='ocrx_word' id='word_1_869' title='bbox 2963 5193 3093 5247; x_wconf 86' lang='lat' dir='ltr'><strong>sicut</strong></span> <span class='ocrx_word' id='word_1_870' title='bbox 3124 5203 3173 5247; x_wconf 83' lang='lat' dir='ltr'><strong>et</strong></span> <span class='ocrx_word' id='word_1_871' title='bbox 3216 5186 3293 5246; x_wconf 87' lang='lat' dir='ltr'><strong>illi</strong></span> <span class='ocrx_word' id='word_1_872' title='bbox 3326 5186 3512 5262; x_wconf 71' lang='lat' dir='ltr'><strong>(Apoc.</strong></span> <span class='ocrx_word' id='word_1_873' title='bbox 3545 5208 3627 5256; x_wconf 82' lang='lat' dir='ltr'><strong>vi,</strong></span> <span class='ocrx_word' id='word_1_874' title='bbox 3662 5188 3732 5257; x_wconf 88' lang='lat'><strong>9).</strong></span> 
     </span>
    </p>
   </div>
   <div class='ocr_carea' id='block_1_112' title="bbox 2143 5272 3733 5358">
    <p class='ocr_par' dir='ltr' id='par_1_112' title="bbox 2143 5272 3733 5358">
     <span class='ocr_line' id='line_1_112' title="bbox 2143 5272 3733 5358; baseline -0.001 -15"><span class='ocrx_word' id='word_1_875' title='bbox 2143 5289 2281 5357; x_wconf 86' lang='lat' dir='ltr'><strong>Quid</strong></span> <span class='ocrx_word' id='word_1_876' title='bbox 2310 5304 2540 5358; x_wconf 90' lang='lat' dir='ltr'><strong>namque</strong></span> <span class='ocrx_word' id='word_1_877' title='bbox 2571 5296 2653 5343; x_wconf 82' lang='lat' dir='ltr'><strong>est</strong></span> <span class='ocrx_word' id='word_1_878' title='bbox 2680 5284 2917 5355; x_wconf 83' lang='lat' dir='ltr'><strong>singulas</strong></span> <span class='ocrx_word' id='word_1_879' title='bbox 2947 5280 3051 5339; x_wconf 84' lang='lat' dir='ltr'><strong>illis</strong></span> <span class='ocrx_word' id='word_1_880' title='bbox 3076 5284 3245 5339; x_wconf 88' lang='lat' dir='ltr'><strong>stolas</strong></span> <span class='ocrx_word' id='word_1_881' title='bbox 3283 5272 3434 5338; x_wconf 79' lang='lat' dir='ltr'><strong>albas</strong></span> <span class='ocrx_word' id='word_1_882' title='bbox 3464 5276 3733 5341; x_wconf 72' lang='lat' dir='ltr'><strong>tribuere.</strong></span> 
     </span>
    </p>
   </div>
   <div class='ocr_carea' id='block_1_113' title="bbox 2142 5372 3734 5439">
    <p class='ocr_par' dir='ltr' id='par_1_113' title="bbox 2142 5372 3734 5439">
     <span class='ocr_line' id='line_1_113' title="bbox 2142 5372 3734 5439; baseline -0.008 0"><span class='ocrx_word' id='word_1_883' title='bbox 2142 5376 2242 5439; x_wconf 91' lang='lat' dir='ltr'><strong>nisi</strong></span> <span class='ocrx_word' id='word_1_884' title='bbox 2288 5382 2570 5438; x_wconf 88' lang='lat' dir='ltr'><strong>animabus</strong></span> <span class='ocrx_word' id='word_1_885' title='bbox 2602 5396 2788 5435; x_wconf 88' lang='lat' dir='ltr'><strong>eorum</strong></span> <span class='ocrx_word' id='word_1_886' title='bbox 2828 5372 3181 5436; x_wconf 79' lang='lat' dir='ltr'><strong>beatitudinis</strong></span> <span class='ocrx_word' id='word_1_887' title='bbox 3210 5387 3424 5434; x_wconf 61' lang='lat' dir='ltr'><strong>aeternae</strong></span> <span class='ocrx_word' id='word_1_888' title='bbox 3454 5377 3734 5432; x_wconf 53' lang='lat' dir='ltr'><strong>inimum.</strong></span> 
     </span>
    </p>
   </div>
   <div class='ocr_carea' id='block_1_114' title="bbox 2141 5468 3731 5543">
    <p class='ocr_par' dir='ltr' id='par_1_114' title="bbox 2141 5468 3731 5543">
     <span class='ocr_line' id='line_1_114' title="bbox 2141 5468 3731 5543; baseline -0.006 -12"><span class='ocrx_word' id='word_1_889' title='bbox 2141 5477 2346 5531; x_wconf 86' lang='lat' dir='ltr'><strong>litatem</strong></span> <span class='ocrx_word' id='word_1_890' title='bbox 2376 5472 2653 5531; x_wconf 79' lang='lat' dir='ltr'><strong>conferre?</strong></span> <span class='ocrx_word' id='word_1_891' title='bbox 2695 5468 2835 5541; x_wconf 89' lang='lat' dir='ltr'><strong>Quid</strong></span> <span class='ocrx_word' id='word_1_892' title='bbox 2870 5488 3000 5529; x_wconf 86' lang='lat' dir='ltr'><strong>vero</strong></span> <span class='ocrx_word' id='word_1_893' title='bbox 3047 5480 3129 5528; x_wconf 88' lang='lat' dir='ltr'><strong>est</strong></span> <span class='ocrx_word' id='word_1_894' title='bbox 3155 5515 3171 5543; x_wconf 93' lang='lat'><strong>,</strong></span> <span class='ocrx_word' id='word_1_895' title='bbox 3215 5471 3389 5527; x_wconf 82' lang='lat' dir='ltr'><strong>donec</strong></span> <span class='ocrx_word' id='word_1_896' title='bbox 3435 5471 3731 5526; x_wconf 71' lang='grc' dir='ltr'><strong>θὶιΞΟὋιιιιι]</strong></span> 
     </span>
    </p>
   </div>
   <div class='ocr_carea' id='block_1_115' title="bbox 2139 5556 3731 5637">
    <p class='ocr_par' dir='ltr' id='par_1_115' title="bbox 2139 5556 3731 5637">
     <span class='ocr_line' id='line_1_115' title="bbox 2139 5556 3731 5637; baseline -0.006 -13"><span class='ocrx_word' id='word_1_897' title='bbox 2139 5584 2393 5624; x_wconf 88' lang='lat' dir='ltr'><strong>numerus</strong></span> <span class='ocrx_word' id='word_1_898' title='bbox 2420 5566 2707 5637; x_wconf 88' lang='lat' dir='ltr'><strong>impleatur</strong></span> <span class='ocrx_word' id='word_1_899' title='bbox 2736 5566 3097 5636; x_wconf 86' lang='lat' dir='ltr'><strong>requiescere,</strong></span> <span class='ocrx_word' id='word_1_900' title='bbox 3128 5560 3231 5620; x_wconf 88' lang='lat' dir='ltr'><strong>nisi</strong></span> <span class='ocrx_word' id='word_1_901' title='bbox 3260 5556 3454 5619; x_wconf 80' lang='lat' dir='ltr'><strong>futura:</strong></span> <span class='ocrx_word' id='word_1_902' title='bbox 3481 5577 3731 5617; x_wconf 78' lang='lat' dir='ltr'><strong>resurre-</strong></span> 
     </span>
    </p>
   </div>
   <div class='ocr_carea' id='block_1_116' title="bbox 2139 5644 3727 5729">
    <p class='ocr_par' dir='ltr' id='par_1_116' title="bbox 2139 5644 3727 5729">
     <span class='ocr_line' id='line_1_116' title="bbox 2139 5644 3727 5729; baseline -0.008 -13"><span class='ocrx_word' id='word_1_903' title='bbox 2139 5661 2332 5716; x_wconf 90' lang='lat' dir='ltr'><strong>ctionis</strong></span> <span class='ocrx_word' id='word_1_904' title='bbox 2363 5658 2587 5729; x_wconf 81' lang='lat' dir='ltr'><strong>gloriam</strong></span> <span class='ocrx_word' id='word_1_905' title='bbox 2617 5659 2972 5729; x_wconf 79' lang='lat' dir='ltr'><strong>exspectare?</strong></span> <span class='ocrx_word' id='word_1_906' title='bbox 3013 5644 3072 5713; x_wconf 89' lang='lat' dir='ltr'><strong>ln</strong></span> <span class='ocrx_word' id='word_1_907' title='bbox 3118 5666 3221 5729; x_wconf 78' lang='lat' dir='ltr'><strong>qlia</strong></span> <span class='ocrx_word' id='word_1_908' title='bbox 3251 5654 3505 5711; x_wconf 88' lang='lat' dir='ltr'><strong>nimirum</strong></span> <span class='ocrx_word' id='word_1_909' title='bbox 3539 5654 3727 5709; x_wconf 89' lang='lat' dir='ltr'><strong>iterum</strong></span> 
     </span>
    </p>
   </div>
   <div class='ocr_carea' id='block_1_117' title="bbox 2135 5736 3728 5821">
    <p class='ocr_par' dir='ltr' id='par_1_117' title="bbox 2135 5736 3728 5821">
     <span class='ocr_line' id='line_1_117' title="bbox 2135 5736 3728 5821; baseline -0.008 -12"><span class='ocrx_word' id='word_1_910' title='bbox 2135 5750 2373 5820; x_wconf 80' lang='lat' dir='ltr'><strong>singulas</strong></span> <span class='ocrx_word' id='word_1_911' title='bbox 2411 5751 2580 5805; x_wconf 85' lang='lat' dir='ltr'><strong>stolas</strong></span> <span class='ocrx_word' id='word_1_912' title='bbox 2608 5751 2758 5806; x_wconf 86' lang='lat' dir='ltr'><strong>albas</strong></span> <span class='ocrx_word' id='word_1_913' title='bbox 2797 5748 3094 5821; x_wconf 81' lang='lat' dir='ltr'><strong>accipient;</strong></span> <span class='ocrx_word' id='word_1_914' title='bbox 3141 5748 3263 5819; x_wconf 88' lang='lat' dir='ltr'><strong>quia</strong></span> <span class='ocrx_word' id='word_1_915' title='bbox 3307 5736 3635 5801; x_wconf 85' lang='lat' dir='ltr'><strong>immortalia</strong></span> <span class='ocrx_word' id='word_1_916' title='bbox 3676 5749 3728 5797; x_wconf 90' lang='lat' dir='ltr'><strong>et</strong></span> 
     </span>
    </p>
   </div>
   <div class='ocr_carea' id='block_1_118' title="bbox 2137 5837 3727 5911">
    <p class='ocr_par' dir='ltr' id='par_1_118' title="bbox 2137 5837 3727 5911">
     <span class='ocr_line' id='line_1_118' title="bbox 2137 5837 3727 5911; baseline -0.003 -14"><span class='ocrx_word' id='word_1_917' title='bbox 2137 5839 2564 5911; x_wconf 85' lang='lat' dir='ltr'><strong>incorruptibilia</strong></span> <span class='ocrx_word' id='word_1_918' title='bbox 2620 5855 2907 5911; x_wconf 89' lang='lat' dir='ltr'><strong>corporum</strong></span> <span class='ocrx_word' id='word_1_919' title='bbox 2947 5854 3169 5898; x_wconf 83' lang='lat' dir='ltr'><strong>suorum</strong></span> <span class='ocrx_word' id='word_1_920' title='bbox 3204 5837 3532 5899; x_wconf 71' lang='lat' dir='ltr'><strong>vestimenta</strong></span> <span class='ocrx_word' id='word_1_921' title='bbox 3566 5848 3727 5894; x_wconf 81' lang='lat' dir='ltr'><strong>resu-</strong></span> 
     </span>
    </p>
   </div>
  </div>
