4038 6338
327 304 418 365 589
1021 301 1092 359 ΙΝ
1126 298 1399 359 SEPTEM
1436 294 1684 361 PSALM.
1720 296 1901 358 ΜΕΝ]

2022 296 2403 360 EXPOSITIO.
2440 331 2511 348 —-
2551 302 2748 364 PSAL.
2787 304 2876 363 Ν.

3474 308 3580 367 590

321 425 477 479 ment.
501 415 638 487 Quia
658 425 787 486 ergo
803 415 978 473 sancti
1012 416 1113 471 viri
1140 417 1207 471 ad
1226 424 1443 473 internae
1464 415 1736 472 felicitatis
1757 429 1891 487 prm-
1917 418 1970 479 Δ
1996 429 2148 473 vanae
2177 420 2292 489 spei
2317 420 2665 477 securitatem
2692 420 2983 493 promittis.
3014 418 3084 477 Et
3101 421 3228 492 quia
3255 421 3372 495 ipse
3395 431 3450 482 te
3472 442 3582 480 non

318 514 418 569 mia
447 526 549 566 non
577 508 751 564 solum
778 506 978 572 anima,
1017 505 1113 562 sed
1142 507 1304 563 etiam
1342 522 1570 580 corpore
1599 512 1722 576 post
1746 505 1891 575 judi~

319 608 450 662 cium
474 606 773 669 transeunt,
798 611 946 657 recte
965 601 1031 657 de
1055 603 1132 657 eis
1156 602 1372 669 dicitur,
1396 601 1520 672 quia
1548 601 1603 656 in
1630 610 1771 657 terra
1798 614 1895 655 sua

316 696 537 767 duplicia
585 693 957 767 possidebunt.
1015 690 1185 763 Hujus
1240 694 1574 750 incrementa
1628 692 1896 750 felicitatis

312 787 568 859 propheta
599 785 833 849 intuens,
864 786 939 840 ait
965 803 978 840 :
1010 776 1224 839 Auditui
1252 802 1362 841 meo
1393 782 1543 839 dabis
1572 783 1818 857 gaudium
1846 791 1897 838 et

312 883 561 947 lwtitiam,
610 887 659 935 et
700 868 1032 935 exsultabant
1079 896 1198 934 ossa
1237 878 1531 932 humiliata.
1583 873 1895 930 Animarum

308 981 609 1029 nostrarum
637 987 763 1029 ossa
789 972 1015 1027 virtutes
1052 980 1207 1037 sunt,
1241 984 1360 1040 qum
1401 968 1652 1025 nimirum
1701 969 1755 1022 in
1792 964 1897 1023 hac

306 1069 413 1124 vita
432 1066 802 1133 humiliantur,
826 1065 954 1137 quia
979 1064 1209 1123 assiduis
1230 1063 1592 1119 tentatiottum
1616 1063 1899 1132 impugna-

308 1162 542 1217 tionibus
591 1158 959 1217 indesinenter
1007 1159 1313 1214 turbantur.
1364 1146 1614 1212 Tentatio
1644 1155 1788 1211 enim
1817 1164 1899 1211 est

302 1253 408 1308 vita
432 1250 667 1308 hominis
688 1266 854 1322 super
879 1259 1078 1305 terram
1102 1244 1243 1321 (Job.
1270 1248 1401 1317 vn);
1433 1240 1594 1319 500
1615 1247 1667 1300 in
1693 1254 1896 1300 interna

302 1350 483 1399 autem
528 1344 642 1398 vita
685 1358 796 1399 non
842 1340 1017 1398 solum
1058 1338 1269 1396 invicta:
1297 1338 1581 1410 potestatis
1626 1328 1899 1405 accipient

298 1432 672 1489 fortitudinem
690 1475 706 1501 ,
756 1432 854 1488 sed
883 1434 1045 1487 etiam
1087 1431 1291 1487 nullam
1319 1428 1574 1486 vitiorum
1602 1426 1896 1485 adversan-

296 1525 435 1581 tium
464 1526 701 1582 sentient
722 1508 1203 1596 impugnationem.

369 1618 553 1690 (Vers.
586 1618 700 1691 10.)
739 1617 923 1673 Aperte
962 1618 1149 1689 faciem
1178 1624 1318 1672 tuam
1345 1632 1378 1671 a
1402 1615 1627 1687 peccatis
1658 1615 1814 1684 meis,
1847 1623 1898 1671 et

291 1727 475 1766 omnes
506 1712 805 1779 iniquitates
834 1727 974 1763 meas
1014 1706 1145 1765 dele.

1997 508 2166 577 vides,
2200 512 2343 580 quod
2370 529 2469 569 nec
2496 527 2596 583 ego
2618 520 2673 568 te
2695 513 2902 569 videam
2924 514 3233 585 suspicaris.
3254 498 3420 572 Putas
3438 516 3584 585 quod

1998 608 2051 655 te
2080 618 2189 657 non
2220 603 2429 659 videam
2456 605 2837 674 fornicantem,
2868 622 3030 676 quem
3059 607 3215 663 video
3260 592 3587 663 adulterium

1997 697 2357 766 cogitantem?
2395 697 2476 754 Ex
2515 699 2617 756 hoc
2660 700 2845 769 itaque
2892 707 2945 756 te
2983 712 3238 769 arguam,
3267 706 3324 755 et
3350 702 3588 756 statuam

1997 795 2188 843 contra
2212 787 2403 845 faciem
2435 797 2601 845 tuam.
2641 790 2697 847 Si
2722 807 2830 847 non
2851 791 2932 847 vis
2968 776 3057 848 hic
3083 792 3365 848 attendere
3396 790 3587 848 faciem

1998 887 2167 944 tuam,
2200 879 2393 936 faciam
2422 890 2481 937 ut
2509 898 2771 953 agnoscas
2798 886 3072 943 miseriam
3104 893 3272 943 tuam.
3310 884 3384 940 Et
3415 902 3591 942 omnes

1998 973 2295 1042 iniquitates
2324 992 2465 1030 meas
2495 977 2624 1032 dele.
2659 975 2764 1033 Per
2788 978 3106 1049 prophetam
3128 978 3390 1034 Dominus
3419 976 3551 1033 dicit
3577 995 3588 1030 :

1997 1064 2113 1138 Ego
2133 1083 2246 1122 sum
2274 1069 2360 1138 qui
2386 1068 2531 1123 deleo
2556 1070 2851 1140 iniquitates
2882 1078 3019 1136 tuas,
3044 1080 3093 1125 et
3121 1086 3315 1126 memor
3344 1085 3447 1125 non
3471 1084 3593 1135 sro;

2003 1166 2054 1211 tu
2083 1169 2254 1213 autem
2282 1177 2479 1217 menter
2517 1171 2647 1230 esto,
2678 1172 2727 1216 et
2748 1163 3042 1235 judicemur
3083 1162 3239 1236 (Isai.
3292 1178 3442 1229 nm,
3478 1158 3592 1232 25).

2001 1246 2139 1304 Audi
2165 1266 2272 1320 qua
2301 1253 2614 1309 conditione
2644 1254 2987 1326 ittiquitatum
3014 1264 3227 1311 tuarum
3258 1270 3321 1311 se
3344 1269 3464 1312 esse
3495 1253 3597 1308 im-

2001 1346 2495 1420 memoremﬁicat,
2519 1347 2774 1403 videlicet
2813 1348 2859 1403 si
2903 1355 2958 1403 tu
2991 1362 3200 1403 memor
3227 1336 3411 1403 fueris.
3449 1344 3597 1402 Cave

2002 1447 2132 1503 ergo
2163 1451 2233 1491 ne
2263 1452 2499 1507 unquam
2529 1436 2672 1509 quod
2698 1426 2997 1509 deliquisti,
3029 1453 3060 1493 a
3090 1438 3351 1493 memoria
3379 1435 3473 1492 tibi
3502 1452 3598 1493 ex-

2002 1526 2166 1593 cidat,
2196 1537 2290 1584 aut
2318 1529 2498 1601 aliqua
2526 1530 2800 1587 oblivione
2830 1541 3053 1601 peccata
3084 1538 3177 1585 tua
3207 1529 3499 1595 obliteres;
3527 1542 3599 1584 ne

2002 1623 2049 1678 si
2075 1623 2374 1681 carnalium
2407 1621 2744 1695 voluptatum
2775 1624 3045 1681 illecebris
3087 1632 3300 1694 captus,
3346 1622 3596 1692 iniquita-

2004 1724 2115 1769 tum
2144 1725 2358 1772 tuarum
2388 1733 2599 1773 memor
2628 1733 2737 1772 non
2780 1715 2965 1781 fueris,
2998 1716 3205 1771 dicatur
3233 1715 3328 1771 tibi
3369 1714 3428 1770 in
3459 1722 3599 1770 tem-

369 1796 459 1856 Ηο
502 1800 637 1868 ρυίό
683 1811 905 1871 Ρεεεθιει
934 1813 1031 1855 sua
1075 1813 1291 1870 εθιηρεν
1334 1786 1502 1855 habet
1547 1812 1657 1869 ρτω
1700 1788 1893 1865 Ocnus.
1930 1798 1978 1871 Β
2004 1823 2138 1878 pere
2160 1811 2536 1866 necessitatis:
2566 1808 2849 1881 Projecisti
2872 1824 3135 1865 sermones
3156 1824 3295 1864 meos
3315 1814 3600 1863 retrorsum

291 1895 492 1951 merito
526 1904 679 1964 rogat
724 1901 785 1948 ut
832 1888 975 1949 Deus
1006 1893 1198 1949 facient
1227 1908 1377 1949 suam
1407 1900 1617 1948 avertat
1645 1892 1712 1947 ab
1743 1882 1893 1962 ipsis.

290 1988 561 2060 Superius
592 2003 787 2058 nempe
829 1984 1096 2058 propheta
1126 1985 1377 2043 dixerat?
1406 1985 1687 2042 Peccatum
1727 2002 1897 2040 meum

288 2092 477 2139 contra
506 2098 591 2137 me
614 2091 691 2137 est
720 2094 940 2152 semper.
974 2080 1077 2147 Qui
1098 2094 1228 2151 ergo
1254 2088 1542 2153 peccatum
1570 2095 1726 2135 suum
1756 2094 1897 2135 seru-

285 2190 388 2246 per
430 2173 681 2241 videbat,
723 2172 1041 2229 continuum
1085 2187 1183 2242 pro
1226 2186 1292 2226 eo
1338 2166 1580 2226 dolorem
1629 2170 1684 2224 itt
1734 2168 1899 2223 corde

286 2266 569 2337 gestabat.
600 2263 668 2319 Et
694 2263 816 2319 ideo
833 2262 1020 2319 oculos
1048 2258 1115 2318 ab
1139 2262 1252 2327 ejus
1276 2270 1499 2333 peccato
1514 2252 1656 2316 Deus
1678 2260 1897 2328 avertit,

284 2363 414 2433 quia
464 2361 594 2432 ipse
640 2359 771 2415 illud
820 2357 935 2414 sine
986 2356 1290 2414 cessatione
1327 2354 1726 2410 animadvertit.
1775 2351 1897 2407 Non

283 2459 429 2514 enim
464 2457 615 2513 Deus
644 2471 829 2513 eorum
857 2463 1079 2527 peccata
1122 2452 1425 2521 ulciscitur,
1457 2452 1552 2523 qui
1584 2452 1637 2506 in
1678 2449 1896 2506 occulto

281 2551 467 2607 cordis
491 2550 569 2605 de
590 2564 882 2620 pravorum
904 2562 1130 2618 operum
1152 2546 1414 2602 memoria
1440 2545 1769 2615 sﬂliguntur.
1794 2543 1899 2611 Qui

281 2644 557 2698 nimirum
579 2642 646 2697 ad
669 2640 773 2697 hoc
799 2630 1123 2711 semetipsos
1138 2638 1406 2708 judicent,
1434 2644 1495 2693 ut
1518 2636 1758 2693 terribile
1782 2650 1900 2692 oms

280 2735 597 2805 nipotentis
631 2733 894 2803 judicium
933 2731 1199 2799 evadant,
1242 2729 1397 2800 juxta
1445 2728 1576 2783 illud
1615 2726 1848 2798 apostoli
1880 2744 1893 2782 :

282 2829 344 2881 Si
376 2826 730 2896 nosmetipsos
758 2824 1183 2895 diiudicaremus,
1216 2838 1322 2876 non
1350 2821 1523 2892 utique
1544 2819 1901 2891 judicaremur

280 2916 333 2992 (Ἰ
370 2920 504 2977 Cor.
540 2935 615 2983 x1,
643 2918 757 2988 51).
796 2922 863 2973 At
886 2923 1075 2971 contra
1106 2913 1345 2985 reprobi,
1376 2913 1502 2982 quia
1524 2926 1588 2967 ea
1609 2926 1729 2982 qua:
1750 2918 1902 2965 eom-

281 3014 589 3077 miserunt,
623 3022 964 3081 nequaquam
994 3005 1356 3076 conspiciunt,
1388 3010 1542 3059 actus
1570 3016 1697 3057 suos
1721 3016 1753 3055 a
1773 3014 1902 3056 con-

276 3117 484 3176 spectu
513 3100 712 3173 judicis
741 3116 849 3156 non
887 3098 1243 3155 abscondunt.
1274 3097 1343 3153 Et
1369 3104 1573 3168 quanto
1601 3096 1774 3167 magis
1802 3111 1901 3152 er-

2006 1901 2180 1969 (Psal.
2214 1916 2360 1967 xux,
2398 1900 2509 1970 17).

2076 1992 2253 2064 (Vers.
2278 1992 2391 2063 11.)
2411 1992 2513 2048 Cor
2537 1991 2786 2047 mundum
2816 2008 2934 2046 crea
2956 1992 3011 2045 in
3034 2006 3135 2058 me,
3166 1976 3328 2056 Deus,
3358 1996 3407 2045 et
3436 1980 3599 2061 spiri-

2004 2094 2111 2139 tum
2137 2096 2333 2139 rectum
2356 2086 2547 2140 innoua
2567 2086 2623 2141 in
2645 2086 2921 2141 visceribus
2948 2087 3095 2139 meis.

2077 2177 2235 2247 501
2280 2176 2366 2231 12.
2406 2176 2468 2231 In
2490 2166 2781 2248 Evangelia
2805 2177 3065 2247 scripturn
3092 2182 3172 2235 est
3198 2192 3211 2228 :
3238 2172 3389 2229 Beati
3408 2168 3600 2227 mundo

2002 2270 2157 2323 corde
2192 2260 2406 2337 (Matth.
2440 2286 2489 2337 v,
2530 2268 2608 2341 8).
2658 2268 2717 2324 Si
2756 2268 2908 2322 illum
2937 2266 3031 2337 qui
3071 2265 3139 2321 ab
3180 2264 3331 2320 omni
3375 2269 3603 2334 peccato

2002 2360 2237 2416 mundus
2268 2371 2380 2431 est,
2430 2360 2485 2416 in
2525 2359 2703 2417 cordis
2731 2360 2907 2416 nostri
2952 2357 3190 2429 hospitio
3218 2342 3421 2412 habere
3446 2354 3605 2412 volu-

2002 2472 2143 2526 mus,
2174 2466 2391 2527 oportet
2418 2455 2595 2526 primo
2624 2464 2683 2509 ut
2721 2454 2855 2509 illud
2882 2453 2950 2509 ab
2979 2453 3129 2509 omni
3159 2452 3413 2508 vitiorum
3439 2450 3604 2508 sorde

2003 2565 2316 2622 purgemus.
2340 2548 2706 2605 Emundemus
2717 2560 2849 2618 ergo
2873 2546 3138 2603 interiora
3158 2545 3358 2601 mentis
3379 2552 3600 2611 nostras,

1994 2652 2064 2721 et
2108 2642 2395 2711 diligenter
2424 2647 2777 2710 peccatorum
2822 2646 3131 2694 nostrorum
3160 2646 3369 2694 secreta
3398 2644 3606 2693 scrute-
3686 2694 3693 2701 ,

2004 2751 2149 2801 mur,
2180 2749 2250 2789 ne
2271 2748 2337 2788 ex
2368 2730 2566 2788 atiectu
2588 2738 2776 2786 nostro
2807 2730 3017 2801 peccati
3038 2726 3327 2785 delectatio
3354 2725 3606 2797 pullulet,

2007 2846 2077 2886 ne
2099 2838 2256 2899 turpe
2275 2827 2604 2884 desiderium
2633 2840 2731 2881 cor
2752 2825 2808 2880 in
2836 2824 3051 2880 occulto
3074 2822 3277 2889 titillet,
3302 2836 3374 2877 ne
3398 2820 3608 2890 passio-

2008 2939 2137 2980 num
2164 2937 2233 2977 ex
2262 2936 2330 2977 eo
2358 2918 2738 2977 contentiones
2764 2916 3033 2986 prodeant
3051 2954 3068 2981 ,
3110 2930 3183 2971 ne
3227 2926 3604 2985 perversurum

2009 3000 2399 3085 cogitationum
2458 3012 2890 3084 dispensatioues
2942 3006 3232 3079 aliquando
3294 3010 3604 3073 erumpant.

2008 3108 2294 3179 Templum
2334 3105 2477 3164 enim
2522 3104 2617 3159 Dei
2658 3119 2767 3160 non
2798 3107 2982 3173 potest
3009 3113 3131 3157 esse
3160 3096 3447 3169 pollutum,
3477 3094 3607 3164 quia

284 3212 454 3252 rores
503 3211 634 3251 suos
684 3194 783 3263 ipsi
831 3192 1173 3248 considerare
1201 3189 1502 3261 refugiunt,
1553 3198 1703 3266 tanto
1733 3188 1901 3258 magis

2012 3204 2271 3273 scriptum
2297 3208 2381 3256 est
2422 3217 2435 3253 :
2490 3198 2759 3268 Templum
2789 3195 2887 3250 Dei
2914 3201 3151 3250 sanctum
3188 3198 3286 3256 est,
3319 3188 3455 3262 quod
3484 3188 3608 3242 estis

276 3304 383 3345 eos
414 3287 745 3357 conspectui
790 3284 983 3340 divinae
1022 3284 1323 3353 maiestatis
1362 3289 1667 3353 opponunt.
1721 3280 1904 3335 Delin-

276 3382 587 3453 quentium
618 3392 799 3434 autem
828 3377 969 3433 mala
997 3375 1142 3432 Deus
1171 3376 1343 3440 videt,
1386 3391 1496 3431 non
1529 3382 1587 3429 ut
1616 3372 1898 3444 approbet,

272 3477 382 3533 sed
409 3483 477 3530 ut
502 3472 863 3537 condemnet;
898 3484 1004 3524 non
1030 3477 1088 3522 ut
1109 3466 1309 3534 foveat,
1345 3467 1438 3521 sed
1462 3474 1523 3520 ut
1545 3465 1762 3535 puniat;
1794 3479 1903 3519 non

272 3580 343 3624 ut
375 3578 612 3634 semper
640 3563 897 3634 patiatur,
929 3562 1022 3615 sed
1053 3566 1110 3613 ut
1144 3561 1196 3613 in
1222 3558 1426 3625 judicio
1457 3556 1769 3611 ulciscatur.
1802 3555 1905 3609 Dc-

268 3664 467 3731 niqtte
499 3657 637 3713 oculi
665 3654 877 3710 Domini
905 3669 1058 3723 super
1088 3652 1334 3723 facientes
1357 3648 1519 3731 mala,
1550 3656 1608 3701 ut
1629 3646 1814 3717 perdat
1841 3646 1907 3701 de

272 3766 432 3810 terra
479 3750 787 3806 memoriam
809 3762 985 3801 eorum
1017 3744 1189 3816 (Psal.
1218 3757 1415 3808 ,xxmt,
1444 3727 1558 3812 i7).
1604 3737 1794 3795 Gravis
1823 3739 1907 3794 ul-
1954 3792 1957 3795 γ

268 3850 381 3915 tio,
417 3859 543 3901 non
572 3843 745 3899 solum
764 3841 836 3896 de
858 3849 996 3895 terra
1027 3839 1167 3894 mala
1190 3835 1448 3894 facientes
1480 3834 1779 3906 expellere,
1808 3833 1905 3889 sed

270 3944 461 3998 etiam
526 3952 746 3993 omnem
799 3935 1013 4006 penitus
1068 3932 1382 3988 memoriam
1428 3946 1616 3986 eorum
1660 3929 1900 3985 abolere.

269 4033 727 4093 Consideremus
755 4045 885 4100 ergo
934 4031 1073 4084 mala
1113 4043 1231 4097 quae
1263 4026 1515 4093 fecimus,
1571 4033 1626 4082 et
1674 4039 1739 4080 ea
1777 4032 1904 4079 ante

270 4128 499 4185 mentis
542 4125 731 4182 oculos
758 4125 875 4179 sine
920 4121 1327 4178 intermissione
1355 4135 1650 4191 ponamus,
1680 4133 1752 4175 ne
1776 4134 1903 4175 cum

269 4231 414 4278 ante
445 4219 655 4290 judicis
695 4218 836 4272 illius
865 4222 1215 4285 conspectum
1254 4215 1596 4281 venerimus,
1638 4220 1767 4269 tunc
1792 4214 1904 4284 pri-

270 4329 441 4368 mum
480 4300 752 4381 quidquid
781 4309 1133 4379 gesserimus,
1186 4307 1437 4364 nolentes
1465 4306 1761 4363 videamus.
1794 4305 1902 4361 lm-

269 4403 595 4476 raanitenti
638 4402 780 4457 enim
830 4399 970 4456 Deus
1013 4398 1328 4455 terribiliter
1369 4399 1629 4466 minatur,
1668 4398 1899 4454 dicens:

270 4498 644 4554 Existimasti
670 4496 844 4569 inique
868 4496 1004 4568 quod
1031 4512 1118 4551 ero
1149 4495 1224 4550 tui
1252 4494 1467 4561 similis;
1504 4510 1725 4567 arguam
1753 4503 1823 4563 te,
1853 4502 1906 4549 et

2007 3316 2093 3355 vos
2117 3297 2172 3370 (Ι
2196 3297 2315 3353 Cor.
2340 3312 2417 3357 tu,
2444 3294 2558 3363 17).
2588 3292 2789 3348 Verum
2810 3292 2924 3362 quis
2946 3287 3258 3362 gloriabitur
3280 3285 3529 3342 mundum
3552 3298 3609 3338 se

2007 3392 2196 3444 habere
2216 3406 2327 3454 cor,
2358 3398 2447 3442 aut
2473 3388 2755 3441 immunem
2774 3399 2887 3438 esse
2918 3398 2970 3438 se
2993 3398 3026 3436 α
3052 3389 3264 3451 peccato
3295 3377 3488 3449 (Prov.
3514 3391 3606 3441 xx,

2009 3485 2064 3552 9,
2090 3498 2193 3537 sec.
2222 3480 2540 3551 Septttag.)?
2568 3476 2625 3532 Si
2648 3475 2908 3546 propheta
2930 3473 3200 3544 pollutum
3228 3469 3385 3526 labiis
3408 3481 3467 3523 se
3489 3480 3611 3521 esse

2011 3574 2230 3639 asserit,
2259 3571 2412 3641 cujus
2444 3587 2502 3626 os
2533 3568 2819 3640 Serapbim
2847 3566 3086 3624 carbone
3109 3578 3270 3635 quem
3296 3566 3611 3631 susceperat

2009 3671 2078 3726 de
2104 3668 2281 3732 altari,
2307 3666 2556 3737 purgavit
2584 3663 2742 3735 (Isai.
2768 3662 2843 3731 Vl)
2870 3680 2881 3715 :
2905 3660 3037 3731 quid
3057 3657 3253 3716 dicturi
3272 3670 3461 3713 sumus
3486 3667 3610 3717 nos,

2009 3779 2145 3834 quos
2172 3762 2383 3817 luxuria
2410 3759 2679 3829 inquinat,
2708 3754 2905 3811 invidia
2927 3757 3197 3824 angustat,
3228 3748 3452 3805 ambitio
3473 3761 3612 3816 prae-

2009 3854 2228 3924 cipitat,
2269 3850 2521 3922 superbia
2550 3848 2792 3904 exultat?
2831 3844 2948 3901 Non
2977 3852 3061 3900 est
3086 3843 3231 3899 enim
3261 3840 3477 3895 virtutis
3503 3836 3607 3892 hu-

2008 3964 2184 4006 mante
2212 3950 2285 4003 ita
2332 3948 2400 4003 ab
2446 3945 2649 4002 illicitis
2690 3941 2928 3999 motibus
2964 3938 3226 3994 mundare
3255 3933 3515 3995 animum,
3552 3935 3611 3983 ut

2009 4039 2467 4113 perstrepentium
2494 4052 2663 4094 voces
2689 4051 2800 4090 non
2822 4031 3024 4088 sentiat
3048 4026 3459 4094 cogitationum.
3500 4020 3609 4075 Sed

2010 4136 2137 4205 quia
2166 4132 2279 4189 Deo
2310 4131 2443 4187 nihil
2471 4136 2556 4186 est
2584 4124 2952 4197 impossibile,
2993 4120 3288 4177 clamemus
3327 4114 3395 4170 ad
3434 4113 3607 4169 Deum

2010 4236 2126 4284 tota
2156 4228 2351 4283 virtute
2385 4242 2398 4278 :
2432 4223 2532 4277 Cor
2560 4218 2810 4276 mundum
2838 4231 2957 4271 crea
2980 4215 3035 4268 in
3066 4229 3168 4282 me,
3192 4209 3353 4279 Deus,
3377 4217 3428 4266 et
3451 4208 3610 4281 spiri-

2012 4327 2123 4375 tum
2150 4327 2345 4373 rectum
2372 4316 2565 4370 inneva
2586 4313 2641 4366 in
2663 4305 2937 4364 visceribus
2964 4307 3112 4362 meis.

2085 4413 2174 4469 13.
2216 4411 2351 4468 Vide
2399 4407 2643 4463 ordinem
2697 4423 2710 4455 τ
2762 4404 2938 4473 primo
2966 4416 3063 4459 eor
3091 4401 3377 4466 mundum,
3410 4398 3611 4456 deinde

2014 4507 2261 4578 spiritum
2292 4508 2502 4558 rectum
2529 4498 2793 4571 propheta
2825 4513 2855 4552 a
2883 4497 2994 4553 Dee
3014 4496 3259 4566 requirit.
3283 4493 3437 4550 Prius
3462 4493 3610 4550 enim

266 4604 536 4650 statuam
576 4600 757 4647 contra
787 4592 969 4663 [aciem
998 4598 1141 4645 tuam
1171 4590 1345 4660 (Psal.
1372 4605 1525 4656 xm,
1556 4587 1671 4661 2|).
1702 4589 1905 4644 Similis
1930 4595 1988 4658 Ι)
2014 4592 2503 4654 abrenuntiandut‘n
2544 4599 2628 4647 est
2668 4589 2763 4646 tibi
2793 4589 2939 4644 omni
2966 4596 3223 4658 peccato,
3262 4595 3321 4643 et
3363 4587 3539 4642 omnis
3574 4600 3608 4640 α

268 4690 359 4744 tui
396 4702 620 4753 essem,
652 4687 695 4742 si
721 4694 1002 4758 peccatum
1030 4692 1183 4740 tuum
1210 4684 1533 4755 impunitum
1555 4683 1902 4739 dimitterem.

271 4784 364 4839 Tu
396 4782 568 4839 enim
596 4781 723 4836 illud
745 4797 854 4837 non
883 4780 1060 4837 solum
1090 4795 1199 4836 non
1224 4779 1309 4837 vis
1338 4778 1549 4849 punire,
1579 4778 1674 4834 sed
1701 4784 1760 4833 et
1785 4784 1911 4847 post

269 4887 524 4947 tergum
552 4875 796 4947 projicis,
818 4890 890 4931 ne
913 4873 1090 4946 possis
1109 4873 1313 4929 videre.
1331 4871 1447 4942 Ego
1463 4879 1642 4928 autem
1664 4873 1757 4940 qui
1774 4870 1908 4926 illud

271 4966 488 5034 video,
524 4964 652 5033 quid
674 4962 904 5020 faciam?
943 4960 1193 5033 Nunquid
1237 4961 1558 5032 impunitum
1603 4960 1907 5016 dimittam?

271 5058 480 5114 Judex
514 5072 636 5113 sum
656 5065 713 5114 et
732 5056 928 5128 justus,
952 5055 1119 5126 judex
1144 5070 1262 5111 sum
1290 5062 1347 5110 et
1373 5053 1518 5108 ultor
1540 5052 1904 5123 iniquitatumt

271 5150 602 5221 Quomodo
630 5164 760 5219 ergo
789 5149 987 5219 iniuste
1007 5148 1294 5219 iudicabo]
1322 5146 1605 5215 Quomodo
1628 5146 1910 5201 veritatem

2011 4690 2177 4749 corde
2214 4689 2469 4743 vitiorum
2509 4684 2725 4741 {reditas
2770 4680 3132 4745 eliminanda,
3179 4689 3240 4735 ut
3268 4693 3433 4736 omne
3460 4678 3607 4747 quod

2015 4784 2193 4853 agitur
2215 4784 2308 4837 aut
2334 4779 2552 4846 dicitur,
2585 4791 2652 4833 eo
2690 4786 2884 4848 purum
2911 4772 2966 4827 in
2986 4780 3283 4842 conspectu
3308 4771 3406 4826 Dei
3430 4785 3497 4826 ac
3524 4769 3609 4825 lu-

2014 4878 2195 4935 cidum
2242 4880 2524 4946 appareat,
2575 4884 2684 4940 quo
2732 4882 2800 4925 ex
2838 4867 2995 4923 bona:
3043 4861 3354 4920 intentionis
3401 4861 3613 4931 origine

2016 4967 2172 5043 quasi
2210 4967 2279 5023 de
2306 4970 2443 5037 pero
2471 4959 2873 5034 quodammodo
2901 4958 3051 5014 fonte
3078 4960 3285 5013 manat;
3325 4954 3612 5022 Quomodo

2016 5062 2161 5118 enim
2197 5057 2403 5131 poterit
2431 5071 2551 5112 esse
2580 5053 2957 5127 perstricuum‘,
2998 5047 3143 5119 quod
3169 5048 3225 5102 in
3255 5047 3369 5118 ipsa
3403 5045 3611 5113 origine

2018 5153 2181 5210 fuerit
2208 5149 2491 5206 vitiatum?
2520 5147 2794 5216 Scriptum
2834 5150 2918 5200 est
2945 5142 3087 5198 enim
3115 5158 3129 5195 :
3158 5138 3334 5194 Bonus
3366 5139 3516 5193 homo
3546 5137 3611 5189 de

2021 5249 2153 5301 bono
2194 5246 2434 5300 thesauro
2468 5245 2669 5311 profert
2704 5238 2874 5301 bona,
2914 5244 2965 5289 et
3003 5234 3172 5288 malus
3200 5232 3349 5287 homo
3377 5231 3442 5283 de
3467 5229 3610 5285 male

2023 5340 2261 5395 thesauro
2279 5337 2477 5408 profert
2498 5334 2636 5387 mala
2670 5327 2882 5401 (Matth.
2908 5341 3001 5391 xtt,
3034 5324 3148 5396 35);
3170 5322 3431 5378 Omnibus
3450 5320 3611 5391 igitur

2022 5431 2328 5489 carnalibus
2358 5424 2637 5481 desideriis
2662 5436 2693 5476 a
2721 5420 2883 5477 corde
2912 5416 3169 5485 exclusis,
3201 5420 3326 5487 pete
3352 5429 3382 5469 a
3410 5413 3521 5469 Deo
3549 5419 3612 5467 ut

2020 5524 2271 5595 spiritum
2300 5528 2505 5575 rectum
2534 5522 2790 5576 renovet,
2834 5526 2903 5566 ne
2946 5509 3087 5566 forte
3126 5508 3347 5579 spititus
3388 5507 3483 5561 ille
3508 5507 3611 5560 im-

2020 5617 2253 5671 mundus
2295 5610 2572 5666 invenietis
2602 5606 2820 5660 domum
2862 5603 2930 5666 de
2970 5618 3077 5674 qua
3104 5602 3274 5658 exivit
3303 5606 3608 5666 vacantem,

2020 5703 2311 5775 assumptis
2341 5701 2460 5756 aliis
2489 5706 2698 5767 septem
2727 5693 3079 5765 nequioribus
3114 5708 3195 5761 se,
3240 5704 3365 5747 cum
3406 5689 3490 5744 eis
3536 5686 3609 5740 ibi

2018 5800 2251 5867 habitet,
2276 5802 2331 5853 et
2354 5796 2489 5853 iisut
2508 5791 2806 5853 novissima
2831 5798 2924 5847 tua
2946 5787 3136 5862 pejora
3157 5784 3445 5859 prioribus.
3477 5778 3609 5835 Hae

271 5243 601 5304 mendacio
630 5246 888 5301 mutabo?
928 5244 1116 5315 Tacui,
1155 5245 1395 5316 nunquid
1437 5258 1653 5315 semper
1682 5242 1913 5299 tacebo?

270 5338 517 5407 Tacui,
565 5340 691 5409 quia
736 5337 1161 5395 misericordiam
1199 5339 1520 5408 prmrogavi.
1568 5337 1912 5407 iniquitatem

266 5444 454 5492 tuam
493 5431 868 5503 dissimulavi,
916 5438 1129 5501 tempus
1155 5431 1486 5501 poenitentiae
1537 5430 1755 5486 indulsi.
1804 5430 1914 5485 Sed

268 5524 560 5598 notiquid
580 5540 795 5596 semper
817 5524 1045 5580 tacebo?
1097 5522 1210 5580 [mo
1259 5542 1475 5597 arguam
1498 5532 1576 5591 te,
1609 5533 1658 5579 et
1685 5534 1911 5579 statuam

262 5631 501 5679 contra
528 5621 713 5690 [aciem
741 5628 882 5674 tuam
910 5617 1098 5689 (Ibid.,
1119 5616 1235 5687 2|).
1266 5618 1497 5685 Arguam
1520 5620 1739 5687 quidem
1770 5627 1821 5671 te
1844 5617 1912 5673 de

260 5715 624 5783 mendacio,
655 5714 871 5785 quando
900 5713 1145 5770 cordium
1184 5712 1408 5768 consilia
1449 5712 1833 5768 manifestabo.
1867 5710 1913 5766 Δ

258 5804 562 5884 peccatis
585 5805 698 5863 tuis
725 5805 929 5864 avertis
966 5804 1162 5865 oculos
1204 5812 1357 5873 tuos,
1394 5814 1454 5863 et
1495 5805 1784 5874 quamdam
1815 5803 1913 5860 tibi
