4038 6338
400 388 497 452 sat
738 349 755 360 ’
788 349 798 365 ’
1196 364 1208 385 ’
1334 364 1339 369 ’
1606 387 1847 447 SANCTI
1888 385 2213 447 GREGORII
2254 385 2468 445 MAGNl

288 541 301 551 .
403 522 485 565 est
517 512 700 563 autem
727 502 952 577 spiritus
981 496 1117 561 recti
1145 501 1439 570 innovatio,
1471 512 1531 557 ut
1560 516 1774 557 omnem
1804 499 1989 556 mundi
2018 504 2069 563 Α
2097 510 2215 558 erat
2264 505 2497 569 semine,
2553 508 2843 575 antequam
2892 503 3190 574 laberetur,
3240 504 3528 575 gaudebat.
3579 511 3691 567 Sed

399 601 627 672 gloriam
658 608 839 656 mente
862 599 1153 669 despicias,
1183 606 1419 653 mentem
1446 596 1753 653 medullitus
1780 595 1833 651 in
1858 611 1992 651 cou-

398 693 591 749 ditoris
620 692 699 747 tui
728 706 915 747 amore
954 690 1163 761 intigas,
1212 690 1375 745 illatis
1413 689 1753 745 contumeliis
1783 689 1992 758 patien-

399 785 528 840 tiam
559 783 853 852 custodias,
885 784 1220 840 etcustodita
1240 784 1495 851 patientia
1520 783 1762 837 dolorem
1781 798 1810 836 a
1829 781 1991 837 corde

396 875 650 946 repellas,
681 877 931 932 omnibus
960 884 1014 930 te
1044 891 1142 945 per
1165 874 1522 930 humilitatem
1551 874 1860 929 inferiorem
1891 873 1989 929 de-

394 979 587 1041 putes,
621 972 689 1028 de
718 983 894 1027 morte
937 971 1140 1027 inimici
1170 973 1475 1027 nullatenus
1518 972 1783 1039 exsultes,
1817 972 1990 1026 aliena

395 1079 506 1119 non
530 1064 756 1131 ambias,
788 1067 1010 1135 pr0pria
1032 1065 1313 1133 egentibus
1342 1064 1654 1131 distribuas,
1682 1064 1911 1117 amicum
1936 1063 1991 1117 in

396 1155 535 1223 Deo,
558 1164 613 1212 et
637 1156 913 1212 inimicum
944 1165 1164 1227 propter
1186 1156 1354 1211 Deum
1378 1156 1584 1225 diligas,
1617 1156 1669 1209 in
1698 1153 1992 1209 alllictione

393 1251 630 1320 proximi
683 1251 909 1321 teipsum
958 1264 1053 1319 per
1100 1250 1531 1319 compassionem
1587 1248 1811 1317 allligas.
1861 1247 1991 1303 llaec

405 1345 624 1413 quidem
653 1352 737 1399 est
775 1345 865 1399 illa
895 1345 1114 1415 spiritus
1158 1346 1469 1408 innovatio,
1511 1360 1671 1414 quam
1704 1343 1992 1415 persuadet

395 1436 699 1507 apostolus,
729 1436 913 1491 dicens
939 1454 950 1488 :
990 1434 1329 1489 Renovamini
1359 1436 1543 1506 spiritu
1569 1435 1752 1488 mentis
1783 1444 1985 1498 vestrw,

391 1535 443 1582 et
473 1527 670 1581 induite
698 1543 881 1580 novum
911 1526 1190 1593 hominem,
1221 1527 1307 1597 qui
1332 1525 1611 1579 secundum
1641 1524 1805 1577 Deum
1836 1541 1989 1577 crea-

393 1623 476 1669 tus
500 1626 595 1683 est,
620 1618 673 1671 in
687 1618 894 1688 justitia
917 1627 966 1672 et
985 1620 1261 1671 sanctitate
1288 1618 1515 1671 veritatis
1539 1616 1756 1689 (Ephes.
1779 1633 1848 1681 tv,
1869 1616 1983 1685 23).

392 1703 461 1759 Et
489 1705 684 1761 iterum
712 1723 725 1758 :
760 1706 824 1760 Si
845 1723 945 1775 qua
966 1708 1127 1777 igitur
1149 1707 1202 1759 in
1233 1706 1434 1760 Christo
1463 1722 1592 1761 nova
1622 1716 1880 1769 creatura,
1906 1721 1990 1758 ve-

391 1804 501 1853 tera
528 1800 866 1864 transierunt,
907 1808 957 1853 et
998 1815 1113 1852 ecce
1153 1801 1293 1869 facta
1323 1806 1443 1851 sunt
1472 1815 1603 1851 nova
1650 1797 1737 1867 (ΙΙ
1778 1796 1897 1851 Cor.
1928 1812 1985 1863 ν,

3585 385 3691 452 ῖςῖεὶ

2096 604 2379 666 postquam
2434 596 2620 651 uxoris
2672 594 2813 650 Uria:
2862 612 3047 652 amore
3102 600 3360 667 deceptus
3404 598 3517 671 (11.
3553 600 3689 673 Reg.

2095 682 2184 756 i9.)
2215 686 2435 742 modum
2465 687 2515 741 in
2539 687 2810 758 peccando
2833 705 2939 744 non
2970 690 3175 754 habuit,
3202 706 3269 746 ne
3289 693 3391 747 sibi
3420 692 3563 749 Deus
3587 695 3694 751 hoc

2096 777 2331 834 ollensus
2377 782 2757 846 subtraheret,
2791 782 2935 850 quod
2964 791 3120 837 antea
3150 782 3396 853 placatus
3425 786 3695 855 promise-

2095 881 2199 936 rat,
2222 873 2550 927 formidavit.
2579 873 2816 943 Ideoque
2839 876 2915 929 ait
2942 895 2953 929 :
2982 875 3160 931 Redde
3181 877 3309 931 mihi
3331 878 3568 932 lwtitiam
3598 896 3692 932 sa-

2096 966 2277 1020 lutaris
2308 967 2402 1020 tui.
2451 966 2711 1021 Salutaris
2742 969 2864 1036 quis
2891 978 3007 1037 est,
3037 970 3137 1024 nisi
3170 970 3267 1025 Dei
3301 972 3696 1041 hominumque

2096 1058 2361 1112 mediator
2392 1059 2409 1129 (
2436 1057 2485 1112 1.
2516 1058 2647 1112 Tim.
2680 1076 2715 1113 lt
2742 1060 2801 1130 )?
2847 1060 2924 1115 De
2952 1076 3060 1129 quo
3104 1060 3206 1117 iste
3234 1062 3376 1117 idem
3417 1061 3695 1134 Propheta

2095 1148 2149 1203 in
2180 1164 2410 1219 persona
2442 1150 2536 1205 Dei
2568 1149 2742 1206 Patris
2777 1152 2989 1207 dixerat
3021 1173 3032 1206 :
3064 1152 3289 1225 Propter
3316 1157 3579 1210 miseriam
3608 1159 3694 1211 in-

2097 1260 2250 1312 opum
2268 1252 2317 1296 et
2333 1246 2577 1314 gemitum
2588 1261 2873 1314 pauperum
2897 1262 3031 1298 nunc
3058 1263 3354 1317 exsurgant,
3371 1248 3497 1301 dicit
3512 1247 3693 1303 Domi-

2095 1352 2212 1389 nus.
2244 1334 2449 1391 Portam
2470 1338 2523 1390 in
2552 1338 2791 1405 salutari,
2824 1338 3139 1408 ﬁducialiter
3165 1358 3316 1411 agam
3346 1343 3401 1395 in
3423 1358 3483 1395 eo
3512 1340 3689 1413 (Psal.

2095 1445 2172 1495 ιι,
2225 1428 2304 1498 6).
2359 1427 2663 1500 Exsurgere
2718 1430 2863 1486 enim
2909 1431 3107 1487 dicitur
3154 1432 3295 1488 Deus
3340 1431 3523 1498 Pater,
3565 1449 3691 1489 cum

2096 1519 2264 1574 tilium
2306 1519 2510 1589 mittit,
2543 1521 2633 1591 qui
2660 1522 2812 1591 quasi
2838 1520 3022 1590 jacere
3046 1523 3192 1578 visus
3214 1532 3322 1601 est,
3352 1539 3475 1579 cum
3504 1538 3696 1580 servos

2094 1612 2263 1668 misit.
2324 1611 2405 1666 llli
2456 1614 2601 1668 enim
2657 1614 2925 1670 neminem
2968 1616 3182 1672 salvare
3224 1624 3563 1686 potuerunt:
3597 1618 3695 1674 sed

2094 1702 2267 1757 Filius
2298 1704 2521 1759 hominis
2566 1706 2703 1759 venit
2739 1723 2969 1777 quaerere
2991 1748 3007 1774 ,
3050 1716 3100 1761 et
3130 1707 3324 1761 salvum
3356 1710 3529 1780 facere
3555 1709 3696 1781 quod

2093 1794 2318 1864 perierat
2342 1792 2493 1865 (Luc.
2518 1836 2535 1863 ,
2577 1811 2696 1862 xtx,
2730 1796 2841 1867 10).
2892 1796 3125 1869 Ideoque
3160 1798 3459 1868 perfectam
3487 1810 3541 1856 et
3568 1817 3689 1857 ma-

389 1893 502 1963 17).
547 1894 628 1949 Ad
656 1904 903 1950 veterem
934 1894 1135 1964 quippe
1184 1893 1457 1947 hominem
1489 1892 1723 1961 pertinet
1748 1933 1762 1959 ,
1803 1890 1989 1946 mundi
2020 1883 2070 1942 Β
2096 1892 2318 1941 nentem
2352 1886 2707 1942 salvationem
2752 1888 2807 1943 in
2846 1903 2912 1944 eo
2942 1904 3001 1945 se
3042 1892 3342 1961 positurum
3373 1895 3600 1959 astruit,
3630 1903 3694 1949 et

390 1983 555 2054 hujus
574 1984 800 2053 gloriam
816 1985 1226 2055 concupiscere,
1257 1982 1492 2038 animum
1522 1999 1552 2037 a
1584 1982 1693 2037 Deo
1720 1989 1987 2049 avertere,

388 2075 713 2146 patientiam
765 2091 874 2132 non
918 2091 1172 2145 servare,
1223 2076 1689 2145 opportunitatem
1741 2074 1989 2131 vindicta:

389 2165 703 2235 exquirere,
734 2168 1049 2223 melioribus
1070 2167 1371 2237 quibusque
1392 2167 1663 2237 despectis
1688 2167 1988 2238 superbire,

389 2258 568 2313 aliena
614 2258 879 2330 diripere,
928 2261 1148 2330 propria
1200 2260 1465 2326 retinere,
1518 2258 1722 2313 nullum
1765 2271 1992 2329 propter

388 2348 563 2405 Deum
582 2350 824 2421 diligere,
850 2352 917 2407 de
944 2352 1149 2407 inimici
1178 2360 1354 2406 morte
1380 2350 1633 2420 gaudere.
1660 2350 1785 2406 llaec
1807 2359 1988 2407 autem

388 2442 575 2496 omnia
601 2441 692 2498 ille
718 2444 945 2513 reSpuit,
977 2443 1069 2513 qui
1105 2444 1271 2498 Deum
1305 2442 1498 2510 induit,
1528 2442 1726 2512 quique
1751 2444 1804 2499 in
1834 2443 1990 2499 novi-

384 2539 499 2589 tate
530 2534 655 2590 vitze
694 2534 975 2590 ambulare
1004 2534 1302 2590 contendit.

457 2624 637 2695 (Vcrs.
668 2624 781 2696 η.)
822 2622 907 2679 Ne
925 2626 1175 2697 projicias
1202 2642 1283 2680 me
1310 2643 1342 2680 a
1373 2625 1508 2697 facie
1529 2635 1635 2694 tua,
1662 2635 1710 2681 et
1732 2624 1988 2697 Spiritum

386 2726 621 2775 sanctum
649 2729 790 2773 tuum
820 2736 884 2773 ne
905 2722 1117 2792 auferas
1146 2738 1178 2775 a
1202 2737 1300 2775 me.

454 2806 546 2863 M.
588 2807 636 2864 A
662 2807 799 2865 facie
814 2810 909 2866 Dei
933 2812 1233 2882 projicitur,
1264 2811 1349 2867 cui
1379 2827 1503 2883 spes
1524 2812 1696 2868 venite
1719 2822 1842 2883 pust
1864 2827 1989 2884 pec-

382 2906 563 2955 catum
591 2910 845 2972 negatur.
880 2900 981 2965 Qui
1011 2903 1157 2957 enim
1186 2904 1471 2972 peccaverit
1495 2904 1549 2957 in
1579 2902 1834 2972 Spiritum
1862 2919 1989 2957 san-

383 2999 545 3059 ctum,
572 3009 676 3046 non
704 2995 992 3046 remittetur
1014 2995 1059 3046 ei
1090 3011 1249 3065 neque
1272 2996 1326 3047 in
1350 2996 1443 3048 hoc
1473 2995 1679 3063 strculo,
1702 2995 1863 3066 502
1892 3012 1987 3049 ne-

382 3099 480 3154 que
506 3082 559 3136 in
588 3085 764 3154 futuro
810 3082 1027 3156 (Matth.
1072 3102 1166 3151 xu,
1200 3086 1313 3158 52).
1363 3086 1495 3153 Quis
1545 3098 1627 3143 est
1673 3097 1854 3143 autem
1893 3089 1988 3158 qui

382 3182 583 3244 peccat
606 3175 661 3231 in
686 3174 949 3246 Spiritum
990 3186 1259 3245 sanctum,
1290 3180 1394 3235 nisi
1428 3181 1521 3250 qui
1553 3197 1660 3237 non
1689 3182 1862 3238 credit
1891 3198 1983 3238 re-

2096 1978 2151 2033 in
2182 1993 2249 2034 eo
2276 1978 2597 2037 ﬁducialiter
2625 1995 2685 2036 se
2714 1980 2845 2036 dicit
2874 1997 3033 2052 agere
3059 2025 3075 2052 ,
3106 1999 3269 2053 quem
3303 1995 3519 2040 constat
3561 1987 3696 2041 nihil

2095 2068 2319 2124 omnino
2371 2069 2576 2139 peccati
2623 2070 2898 2127 habuisse.
2944 2072 3046 2140 Qui
3094 2075 3238 2129 enim
3296 2076 3538 2145 gravium
3590 2078 3696 2133 sibi

2094 2160 2344 2215 conscius
2363 2170 2449 2216 est
2468 2162 2810 2230 delictorum,
2833 2180 2943 2219 non
2960 2173 3143 2235 potest
3164 2164 3485 2224 ﬁducialiter
3507 2184 3695 2239 agere,

2094 2253 2221 2322 quia
2267 2256 2469 2324 poterit
2506 2269 2631 2310 eum
2666 2256 2752 2312 vel
2803 2257 2894 2312 ille
2942 2272 3104 2327 quem
3134 2260 3359 2330 corripit
3387 2262 3693 2330 reprehen-

2095 2342 2243 2412 dere,
2270 2345 2359 2401 vel
2384 2348 2717 2403 conscientia
2746 2350 2964 2418 propria
2993 2350 3325 2407 remordere.
3359 2352 3697 2425 Redemptor

2093 2449 2226 2490 vero
2274 2444 2461 2492 noster
2502 2452 2569 2493 eo
2616 2438 2785 2495 libere
2831 2439 2982 2510 loqui
3026 2442 3241 2512 potuit,
3273 2457 3380 2513 quo
3416 2459 3696 2513 nunquam

2092 2527 2300 2596 peccati
2338 2528 2612 2584 maculam
2642 2545 2710 2585 ex
2747 2531 3030 2588 nativitate
3049 2572 3065 2601 ,
3096 2533 3184 2588 vel
3211 2533 3371 2589 etiam
3401 2550 3470 2589 ex
3500 2551 3697 2607 opera-

2094 2618 2244 2675 tione
2260 2624 2551 2677 contraxit.
2574 2620 2729 2680 Unde
2755 2624 2926 2681 turbis
2953 2625 3260 2684 Jndteorum
3280 2636 3334 2683 et
3350 2628 3696 2699 principibus

2092 2712 2439 2768 sacerdotum
2469 2714 2834 2771 invidentibus
2872 2725 2928 2772 et
2956 2717 3363 2774 detrahentibus
3389 2720 3509 2789 ipse
3538 2720 3694 2777 dice-

2092 2801 2187 2857 bat
2220 2821 2232 2856 :
2268 2804 2393 2869 Quis
2423 2822 2488 2860 ea:
2515 2806 2654 2861 vobis
2677 2817 2861 2880 arguet
2888 2825 2970 2863 me
2998 2809 3061 2863 de
3087 2819 3296 2880 peccato
3328 2809 3509 2883 (Joan.
3562 2828 3656 2867 vui
3674 2851 3693 2881 ,

2093 2891 2233 2965 46)?
2261 2894 2605 2953 Fiducialiter
2645 2914 2775 2968 ergo
2829 2901 3060 2969 agebat,
3110 2916 3271 2971 quem
3301 2902 3355 2956 in
3381 2902 3532 2956 nullo
3556 2918 3691 2957 con-

2091 2988 2321 3043 scientia
2348 2989 2653 3045 accusabat.
2688 2989 2821 3045 Nam
2847 2998 2903 3045 et
2932 2992 2998 3046 de
3026 3006 3093 3046 eo
3116 2994 3372 3064 scriptum
3398 3002 3511 3059 est,
3545 2992 3693 3063 quod

2091 3087 2205 3133 erat
2232 3078 2421 3135 docens
2452 3089 2701 3153 tanquam
2741 3090 3046 3151 potestatem
3076 3082 3269 3138 habens
3288 3124 3302 3149 ,
3348 3093 3395 3138 et
3425 3100 3530 3137 non
3560 3084 3694 3137 sicut

2090 3169 2276 3224 scriba:
2303 3178 2351 3223 et
2380 3170 2625 3239 pharisa'i
2656 3170 2897 3241 (Matth.,
2930 3188 3023 3239 vn,
3054 3171 3168 3244 29).
3199 3171 3365 3241 Hujus
3389 3189 3521 3242 ergo
3546 3174 3692 3227 salu-

382 3266 699 3325 missionem
732 3271 1122 3339 peccatorum?
1152 3269 1421 3330 Remissio
1460 3273 1603 3328 enim
1633 3282 1980 3345 peccatorum

2093 3261 2226 3316 laris
2251 3261 2354 3316 sibi
2380 3261 2531 3316 reddi
2556 3261 2801 3317 ltetitiam
2824 3261 2990 3317 David
3016 3263 3274 3332 postulat,
3299 3263 3351 3317 in
3374 3278 3481 3333 quo
3510 3262 3687 3319 omnis

382 3373 519 3429 opus
544 3358 779 3431 Spiritus
809 3360 981 3416 sancti
1005 3371 1106 3417 est.
1133 3362 1268 3419 Nam
1295 3370 1350 3419 et
1374 3362 1441 3419 de
1464 3365 1734 3437 baptismo
1759 3366 1980 3435 Christi,

381 3449 435 3504 in
465 3464 574 3521 quo
603 3453 853 3508 remissio
883 3464 1245 3525 peccatorum»
1266 3456 1446 3513 danda
1478 3466 1626 3526 erat,
1659 3459 1795 3514 dixit
1818 3458 1986 3515 Jnan-

379 3557 477 3597 nes
522 3561 535 3597 :
584 3543 708 3615 Ipse
753 3562 842 3601 vos
891 3546 1173 3618 baptizabit
1212 3552 1267 3604 in
1311 3550 1513 3622 Spiritu
1553 3564 1734 3607 sancto
1772 3564 1822 3607 et
1864 3555 1985 3625 igne

381 3632 597 3705 (Matth.
624 3652 705 3700 tu,
739 3636 851 3707 H).
890 3637 1040 3695 Unde
1063 3644 1224 3696 etiam
1256 3659 1422 3714 super
1442 3644 1772 3715 baptizatum
1797 3646 1983 3703 Domi-

381 3745 511 3783 num
542 3728 597 3783 in
624 3729 888 3784 columbae
919 3734 1102 3801 specie
1130 3733 1365 3803 Spiritus
1407 3745 1625 3792 sanctus
1668 3738 1979 3807 descendit;

381 3827 443 3871 ut
465 3833 531 3873 ex
559 3818 663 3873 hoc
692 3829 881 3890 aperte
906 3823 1220 3878 ostenderet
1248 3826 1372 3893 quia
1397 3827 1656 3895 Spiritalis
1682 3830 1854 3897 gratia
1884 3845 1983 3900 per

381 3910 655 3966 lavacrum
704 3912 1045 3983 baptismatis
1090 3917 1426 3974 credentium
1465 3922 1628 3976 corda
1674 3925 1978 3981 mundaret.

378 4000 461 4055 An
492 4018 601 4059 non
632 4003 686 4059 in
717 4003 979 4075 Spiritum
1009 4017 1255 4065 sanctum
1283 4009 1414 4065 Cain
1446 4014 1720 4082 peccavit,
1760 4016 1979 4084 quando

376 4092 510 4149 dixit
536 4112 549 4147 :
584 4095 764 4169 Major
783 4109 860 4153 est
880 4099 1130 4173 iniquitas
1154 4120 1267 4157 mea
1289 4120 1442 4175 quam
1466 4114 1522 4159 ut
1546 4107 1745 4161 veniam
1774 4125 1977 4164 merear

377 4184 585 4257 (Cenes.
620 4205 692 4255 rv,
724 4190 853 4262 l5)?
904 4192 970 4245 Et
998 4194 1122 4264 quia
1154 4194 1222 4251 de
1251 4198 1411 4252 venia
1455 4198 1801 4271 desperavit,
1854 4202 1977 4258 ideo

375 4276 513 4331 dixit
553 4298 566 4332 :
614 4278 751 4335 Ecce
780 4281 927 4353 ejicis
956 4300 1037 4337 me
1066 4302 1097 4337 ο
1128 4288 1263 4356 [acie
1293 4298 1399 4342 tua.
1452 4288 1526 4344 De
1554 4305 1662 4359 quo
1698 4300 1755 4347 et
1784 4301 1974 4361 postea

375 4367 643 4435 subditur,
694 4373 839 4440 quod
871 4388 1120 4442 egressus
1160 4378 1228 4430 sit
1276 4394 1306 4432 a
1356 4379 1492 4435 facie
1535 4381 1767 4437 Domini.
1811 4383 1976 4440 Vides

375 4461 837 4529 quemadmodum
863 4464 955 4519 ille
984 4467 1076 4535 qui
1104 4467 1157 4522 in
1188 4468 1579 4539 desperationis
1605 4474 1815 4529 foveam
1848 4474 1976 4530 labi-

374 4560 483 4618 tur,
516 4568 547 4606 a
573 4551 713 4623 facie,
736 4554 832 4610 Dei
855 4557 1190 4626 projiciatur.
1207 4558 1276 4615 Et
1295 4562 1549 4633 Spiritum
1571 4577 1805 4621 sanctum
1828 4578 1969 4622 tuum

2094 3360 2221 3408 ante
2250 3353 2539 3408 adventum
2574 3354 2743 3426 ipsius
2773 3356 2978 3411 electus
3010 3357 3286 3427 sperabat.

2164 3444 2251 3499 16.
2292 3443 2363 3498 Et
2400 3444 2588 3516 spiritu
2624 3446 2903 3518 principali
2944 3449 3197 3518 conﬁrma
3227 3466 3329 3504 me.
3371 3447 3523 3505 Solet
3560 3450 3684 3519 qui-

2089 3536 2315 3591 busdam
2339 3538 2679 3607 contingere,
2713 3549 2774 3594 ut
2798 3541 2924 3594 dum
2952 3556 3012 3596 se
3042 3550 3299 3612 purgatos
3327 3558 3423 3614 per
3450 3544 3690 3600 satisfac-

2088 3630 2291 3685 tionem
2319 3639 2595 3701 reputant,
2627 3632 2694 3687 ab
2717 3632 2943 3688 interna:
2964 3634 3159 3689 mentis
3179 3633 3420 3691 custodia
3447 3636 3687 3695 animum

2089 3722 2382 3777 resolvant.
2408 3722 2510 3789 Qui
2535 3723 2757 3793 quidem
2789 3725 2904 3795 ipsa
2934 3740 3029 3781 sua
3060 3727 3297 3783 elatione
3325 3729 3584 3798 depressi,
3617 3743 3685 3785 eo

2088 3812 2325 3871 deterius
2353 3825 2633 3881 corruunt,
2664 3830 2773 3886 quo
2802 3817 2904 3873 sibi
2951 3819 3016 3874 de
3040 3819 3373 3889 indulgentia
3400 3821 3685 3877 blandien-

2090 3915 2193 3973 tes,
2224 3922 2373 3962 vame
2396 3909 2511 3979 spei
2544 3910 2889 3965 securitatem
2912 3912 3252 3982 promittunt.
3277 3912 3403 3968 lnde
3432 3923 3515 3969 est
3541 3915 3686 3984 quod

2085 4000 2358 4071 Pmpheta
2400 4014 2620 4073 exorat,
2652 4005 2837 4062 dicens
2870 4005 3136 4063 :Laztetur
3165 4026 3255 4065 cor
3290 4027 3488 4077 meum,
3524 4011 3683 4083 503

2085 4106 2141 4151 ut
2171 4098 2348 4151 timeat
2377 4114 2565 4153 nomen
2596 4109 2738 4154 tuum
2780 4102 2952 4172 (Psal.
2984 4119 3162 4160 Lxxxv
3186 4148 3201 4174 ,
3248 4107 3355 4177 Η).
3390 4109 3507 4164 Νοη
3552 4110 3683 4164 dicit

2085 4186 2325 4256 laetatur,
2348 4197 2410 4245 ut
2429 4205 2682 4247 securum
2713 4192 2801 4257 sit,
2834 4192 2929 4249 sed
2955 4196 3184 4264 ltetetur,
3218 4208 3275 4252 ut
3304 4199 3509 4254 timeat.
3530 4199 3605 4254 Ac
3635 4199 3680 4255 si

2085 4290 2275 4352 aperte
2317 4284 2461 4339 dicat
2494 4284 2613 4339 :Ita
2659 4302 2749 4342 me
2788 4298 3089 4345 correctum
3134 4289 3297 4347 facito
3340 4292 3575 4361 gaudere
3614 4291 3681 4347 de

2082 4376 2261 4442 venia,
2287 4386 2346 4431 ut
2375 4386 2555 4433 tamen
2585 4381 3128 4449 nunquam.desinam
3154 4398 3273 4438 esse
3303 4394 3584 4455 suspectus
3613 4383 3680 4438 de

2083 4467 2262 4536 culpa.
2304 4467 2396 4523 Sic
2424 4477 2476 4523 et
2507 4470 2560 4523 in
2591 4470 2696 4526 hoc
2726 4472 2845 4528 loco
2867 4514 2881 4540 ,
2913 4484 3197 4544 postquam
3226 4475 3327 4530 sibi
3356 4476 3505 4530 reddi
3536 4476 3681 4531 salu—

2083 4562 2212 4617 taris
2235 4561 2332 4617 Dei
2361 4562 2602 4618 lzetitiam
2627 4565 2798 4633 petiit,
2821 4582 2889 4620 ne
2916 4566 3017 4621 sibi
3046 4566 3298 4623 dimissus
3320 4568 3387 4621 ad
3409 4567 3680 4624 deteriora

372 4656 441 4695 ne
462 4644 675 4715 auferas
697 4663 727 4699 a
758 4664 859 4701 me.
892 4648 1127 4706 Attende
1155 4653 1387 4721 qualiter
1416 4657 1684 4725 postulat,
1720 4675 1790 4715 ne
1818 4675 1972 4731 spem
1998 4644 2056 4707 Ῑ)
2083 4670 2391 4731 prorueret,
2426 4662 2571 4717 illico
2604 4660 2853 4732 adjunxit
2888 4680 2901 4716 :
2934 4660 3003 4716 Et
3030 4665 3216 4734 spiritu
3243 4666 3522 4735 principali
3562 4683 3679 4720 con-

370 4747 543 4789 venta:
590 4744 714 4805 post
757 4749 1044 4808 peccatum
1083 4742 1315 4798 amittat.
1370 4743 1471 4801 Ubi
1518 4745 1751 4818 Spiritus
1797 4752 1971 4807 sancti

370 4826 661 4895 prmsentia
692 4836 799 4897 est,
831 4828 905 4885 ibi
934 4829 1241 4901 desperatio
1270 4850 1390 4892 esse
1430 4851 1538 4892 non
1579 4846 1778 4908 potest.
1811 4840 1971 4897 Fides

372 4919 518 4974 enim
549 4920 602 4975 in
633 4923 824 4993 Spiritu
848 4923 1030 4989 datur,
1070 4926 1213 4981 sicut
1254 4926 1546 4997 Apostolus
1576 4931 1689 4986 ait:
1723 4931 1970 5004 Denique

368 5011 479 5082 ipse
506 5016 735 5083 postulat
760 5034 854 5087 pro
871 5016 1019 5072 nobis
1035 5019 1307 5089 gemitibus
1328 5022 1760 5081 inenarrabitibus
1784 5027 1962 5096 (Rom.

368 5119 483 5169 vm,
515 5105 625 5171 26).
678 5106 747 5161 Et
786 5125 936 5164 nemo
972 5111 1026 5165 in
1054 5112 1238 5181 spiritu
1269 5111 1367 5167 Dei
1396 5114 1637 5187 loquens,
1682 5119 1807 5173 dicit
1835 5138 1966 5177 ana-

371 5194 539 5249 thema
577 5195 703 5252 Iesu
734 5196 800 5268 (1
833 5198 954 5255 Cor.
990 5217 1095 5270 xit,
1124 5202 1212 5271 5).
1254 5202 1390 5259 Nam
1426 5205 1479 5260 in
1520 5222 1585 5263 eo
1614 5208 1913 5268 clamamus
1946 5230 1961 5268 :

368 5287 511 5342 Abba
544 5301 692 5359 pater
719 5292 907 5363 (Rom.
930 5311 1056 5365 vrtr,
1091 5296 1201 5369 15),
1232 5300 1358 5370 quia
1386 5302 1647 5372 scriptum
1674 5313 1757 5361 est
1787 5324 1799 5360 :
1840 5307 1964 5363 Veri

369 5380 673 5467 adoratores
717 5386 1011 5444 adorabunt
1058 5389 1275 5448 Patrem
1322 5394 1378 5449 in
1431 5396 1614 5467 spiritu
1655 5406 1705 5453 et
1750 5402 1964 5457 veritate

370 5466 551 5534 (Joan.
582 5490 655 5539 ιν,
686 5476 799 5547 23).

440 5558 617 5657 (Vers.
647 5564 762 5633 15.)
792 5568 969 5628 Redde
992 5575 1118 5629 mihi
1140 5575 1375 5633 lwtitiam
1394 5580 1639 5637 salutaris
1663 5585 1756 5654 tui,
1779 5594 1829 5638 et
1848 5587 1959 5657 spi-

365 5652 469 5705 ritu
489 5655 763 5727 principali
788 5666 1037 5734 conﬁrma
1066 5686 1165 5725 me.

438 5744 525 5801 15.
585 5746 893 5809 laetabatur
921 5761 1185 5829 propheta
1214 5762 1283 5819 de
1312 5763 1550 5821 adventu
1581 5766 1701 5822 Filii
1735 5767 1829 5823 Dei
1859 5783 1956 5823 an-

366 5840 587 5908 tequam
613 5853 888 5916 peccaret,
917 5855 973 5905 et
1002 5859 1183 5909 certus
1206 5855 1354 5923 quod
1396 5856 1465 5913 de
1502 5873 1603 5917 suo
1647 5860 1958 5919 nasciturus

2080 4754 2235 4823 ﬁrma
2255 4771 2355 4810 me.
2381 4754 2603 4811 Sciebat
2622 4756 2765 4812 enim
2791 4757 2916 4827 quia
2944 4755 3155 4810 inlirma
3176 4765 3261 4812 est
3282 4758 3456 4813 omnis
3474 4758 3673 4825 anima,

2080 4846 2185 4902 nisi
2214 4849 2387 4903 sancti
2419 4847 2651 4919 Spiritus
2679 4849 2841 4907 fuerit
2870 4850 3065 4906 virtute
3095 4851 3325 4907 ﬁrmata.
3358 4852 3493 4908 Nam
3525 4862 3579 4907 et
3607 4852 3677 4907 de

2079 4939 2341 5008 apostolis
2370 4938 2570 4995 dictum
2592 4950 2676 4996 est
2705 4959 2717 4995 :
2752 4940 2918 4997 Verbo
2941 4940 3154 4998 Domini
3176 4944 3289 4997 creti
3314 4944 3513 5014 ﬁrmati
3533 4951 3672 5009 sunt,

2077 5039 2128 5084 et
2148 5031 2331 5101 spiritu
2354 5034 2458 5087 oris
2478 5034 2591 5105 ejus
2611 5036 2776 5090 omnis
2798 5037 2957 5090 virtus
2983 5052 3159 5091 eorum
3184 5036 3356 5105 (Psal.
3389 5053 3559 5103 xxxrt,
3594 5037 3673 5104 6).

2077 5122 2217 5189 Quid
2246 5125 2392 5179 enim
2417 5126 2679 5183 caelorum
2706 5128 2952 5193 nomine,
2986 5128 3088 5182 nisi
3118 5129 3288 5183 sancti
3321 5127 3552 5198 apostoli
3576 5126 3674 5182 de-

2076 5218 2401 5288 signantur?
2441 5220 2543 5288 Qui
2578 5221 2828 5276 nimirum
2857 5221 3146 5277 verborum
3178 5222 3441 5277 imbribus
3472 5229 3671 5276 terram

2074 5309 2257 5364 cordis
2298 5310 2468 5365 nostri
2508 5311 2778 5365 inebriant
2808 5310 2981 5381 (Psat.
3022 5311 3194 5382 xvm),
3235 5310 3449 5367 venturi
3483 5310 3670 5379 judicii

2073 5400 2235 5455 minis
2264 5408 2321 5456 et
2351 5402 2645 5457 terroribus
2675 5402 2940 5467 intonant,
2978 5402 3365 5457 miraculorum
3409 5400 3575 5471 signis
3616 5406 3669 5461 et

2074 5508 2300 5562 operum
2339 5493 2626 5548 sanctitate
2666 5500 2976 5548 coruscant.
3003 5492 3242 5563 Denique
3270 5493 3373 5563 ipsi
3400 5500 3547 5557 sunt,
3575 5490 3665 5560 qui

2073 5595 2329 5642 enarrant
2356 5587 2583 5656 gloriam
2615 5585 2729 5641 Dei.
2766 5584 2968 5652 Quibus
3007 5585 3243 5655 profecto
3272 5593 3403 5642 tunc
3436 5584 3665 5657 Spiritus

2071 5681 2325 5736 virtutem
2382 5679 2602 5744 tribuit,
2661 5694 2783 5734 cum
2834 5679 2887 5733 in
2944 5679 3114 5747 igneis
3164 5678 3358 5748 linguis
3400 5690 3663 5749 apparens

2070 5775 2208 5846 (Act.
2230 5816 2245 5843 ,
2276 5774 2335 5844 ιι)
2360 5814 2375 5838 ,
2408 5774 2459 5827 in
2489 5772 2744 5829 cordibus
2770 5787 2957 5827 eorum
2981 5773 3149 5828 divini
3192 5771 3437 5828 ﬂammas
3464 5769 3660 5824 amoris

2070 5864 2510 5933 a‘ccendit.Quod
2540 5864 2761 5936 quidem
2787 5873 2974 5937 aperte
3000 5878 3331 5936 cognoscere
3353 5876 3653 5935 possumus,
