4038 6338
379 386 484 444 593

1123 380 1193 439 IN
1230 379 1502 439 SEPTEM
1542 378 1791 439 PSALM.
1836 375 2099 436 ΡοΕΝιτ.
2142 379 2527 446 E-XPOSITIO.
2566 415 2637 431 —
2675 386 2872 448 PSAL.
2915 389 3005 447 IV.

3561 404 3669 461 594

377 507 425 564 si
449 504 636 576 quales
667 509 815 569 ante,
841 500 1029 573 quales
1054 509 1177 573 post
1205 502 1495 559 adventum
1524 501 1701 558 sancti
1729 497 1962 570 Spiritus
1989 496 2039 558 A
2137 501 2313 574 (Vers.
2353 504 2468 575 15.)
2504 504 2693 563 Libera
2726 525 2806 564 me
2828 509 2891 565 de
2911 469 3481 584 sanguinibus,'Detts,
3522 517 3665 577 Deus

379 598 614 663 fuerunt,
649 593 1061 667 perpendamus.
1097 594 1199 661 Qui
1235 594 1379 650 enim
1409 593 1478 648 ad
1507 593 1811 665 passionem
1844 599 1965 646 ten-

377 689 593 745 dentem
640 687 955 756 magistrum
1006 686 1272 756 fugientes
1337 686 1671 756 reliquerant
1728 684 1963 757 (Matth.

377 780 550 850 x'xvr),
582 780 923 851 postmodum
953 795 1051 850 per
1069 779 1376 849 adjunctam
1404 778 1574 834 sancti
1595 777 1826 848 Spiritus
1846 790 1968 845 gra-

376 874 507 928 tiam
545 871 782 927 roborati
805 915 818 937 ,
856 879 1170 927 constanter
1195 878 1251 926 et
1277 869 1492 941 publice
1520 884 1720 924 nomen
1768 867 1968 923 Christi
2008 872 2013 873 “

377 966 761 1037 ρηεάἰεειιιειιι.
795 963 926 1019 Nam
954 972 1013 1019 ut
1042 963 1280 1033 reliquos
1310 961 1785 1033 praetermittamus
1810 1002 1823 1025 ,
1854 960 1968 1031 ipse

376 1058 747 1133 apostolorum
779 1057 1035 1128 princeps
1062 1055 1155 1126 qui
1179 1054 1318 1110 mori
1347 1062 1593 1110 metuens
1619 1054 1783 1108 vitam
1814 1065 1968 1121 nega-

372 1161 528 1209 verat
557 1151 826 1225 (Ibidem),
852 1166 974 1208 cum
995 1151 1138 1207 facto
1170 1157 1441 1205 conventu
1461 1192 1476 1217 ,
1507 1149 1660 1205 caesis
1689 1146 1966 1218 apostolis,

375 1242 683 1300 sacerdotes
712 1250 767 1296 et
791 1242 983 1296 scriba:
1013 1255 1081 1294 ne
1120 1241 1175 1295 in
1205 1240 1424 1294 nomine
1452 1238 1651 1294 Christi
1680 1238 1969 1308 loqueren-

376 1343 482 1401 tur,
513 1333 887 1404 prohiberent,
922 1332 1102 1386 aiebat
1139 1349 1151 1384 :
1186 1328 1408 1385 Obedire
1442 1338 1641 1402 oportet
1662 1327 1775 1383 Deo
1802 1328 1968 1398 magis

373 1444 528 1498 quam
558 1426 847 1482 hominibus
877 1424 1013 1496 (Act.
1044 1439 1097 1490 v,
1137 1423 1252 1492 29).
1294 1424 1564 1489 (Scelerum
1592 1421 1756 1490 igitur
1798 1420 1969 1475 virtus

375 1516 447 1573 de
470 1516 672 1587 Spiritu
700 1523 887 1573 sancto
907 1523 1008 1581 est,
1028 1513 1152 1583 quia
1179 1529 1275 1583 per
1294 1512 1521 1567 infusam
1544 1510 1719 1567 sancti
1738 1511 1970 1581 Spiritus

373 1610 603 1677 gratiam
634 1609 764 1663 facti
793 1616 919 1662 sunt
947 1607 999 1661 in
1028 1606 1230 1660 Christi
1274 1605 1611 1661 confessione
1637 1604 1804 1659 fortes
1833 1620 1969 1675 apo-

372 1701 497 1758 stoli
520 1743 536 1769 ,
575 1700 666 1771 qui
707 1701 855 1771 prius
884 1698 1097 1755 fuerant
1123 1714 1192 1754 ex
1221 1697 1504 1767 fragilitate
1536 1699 1715 1754 carnis
1744 1697 1966 1755 infirmi.

372 1790 485 1848 Nisi
523 1790 663 1846 enim
702 1790 967 1861 promissa
1008 1791 1393 1845 charismatum
1424 1789 1567 1845 dona
1596 1790 1676 1845 illi
1704 1790 1969 1847 Dominici

2071 594 2255 650 salutis
2284 614 2411 653 mea:
2439 616 2456 653 :
2487 610 2536 654 et
2561 602 2840 656 exsultabit
2868 604 3049 675 lingua
3082 621 3197 659 mea
3210 594 3472 676 justitiam
3500 616 3666 667 tuam.

2144 685 2232 741 18.
2281 687 2392 742 Nisi
2432 690 2677 759 primitus
2711 708 2796 747 me
2833 708 2863 747 a
2899 696 3135 763 peccatis
3170 696 3483 754 liberaveris
3508 742 3523 767 ,
3556 717 3668 760 non

2071 786 2263 849 potero
2305 780 2423 835 aliis
2463 796 2581 836 esse
2624 784 2929 853 exemplum
2975 786 3419 843 conversationis.
3469 788 3668 845 Libera

2072 883 2203 938 ergo
2241 885 2329 924 me
2369 870 2435 925 de
2464 871 2813 941 sanguinibus
2837 913 2852 938 ,
2884 874 3167 931 desideriis
3196 876 3445 932 videlicet
3474 894 3670 935 carna-

2070 960 2211 1016 libus
2230 1004 2245 1030 ,
2275 977 2396 1031 qum
2424 963 2653 1018 militant
2688 965 2943 1022 adversus
2968 969 3222 1024 animam.
3276 969 3412 1027 Caro
3436 973 3580 1027 enim
3611 979 3668 1029 et

2069 1055 2284 1125 sanguis
2317 1071 2530 1127 regnum
2561 1055 2658 1111 Dei
2693 1074 2797 1111 non
2832 1060 3185 1129 possidebunt.
3238 1062 3383 1119 Deus
3416 1063 3554 1119 Deus
3578 1081 3670 1119 sa-

2072 1146 2193 1201 lutis
2231 1164 2379 1202 meaz.
2413 1149 2545 1202 Nota
2586 1149 2641 1204 in
2676 1152 3001 1221 repetitione
3037 1154 3269 1211 nominis
3308 1170 3561 1227 magnum
3590 1158 3673 1212 af-

2071 1238 2275 1295 fectum
2314 1242 2492 1297 cordis
2514 1284 2528 1309 ,
2572 1244 2726 1312 quasi
2757 1244 2901 1300 dicat
2933 1262 2945 1298 :
2979 1246 3167 1303 Merito
3199 1256 3251 1304 te
3277 1256 3335 1303 ut
3365 1265 3453 1305 me
3491 1251 3672 1309 salves

2072 1331 2302 1397 invoco,
2350 1334 2476 1404 quia
2507 1342 2565 1389 tu
2604 1335 2751 1391 solus
2790 1351 2847 1391 es
2889 1346 3078 1393 auctor
3115 1339 3302 1395 salutis
3346 1356 3502 1396 meae.
3534 1342 3674 1399 Nam

2071 1424 2284 1480 Domini
2323 1434 2399 1480 est
2438 1425 2580 1481 salus
2612 1425 2631 1497 (
2656 1426 2805 1482 Psal.
2841 1444 2894 1483 ιιι
2918 1468 2933 1493 ,
2968 1427 3059 1500 9).
3086 1428 3130 1482 A
3160 1437 3214 1485 te
3242 1431 3359 1485 solo
3389 1439 3472 1489 est
3500 1433 3672 1503 salus,

2072 1518 2198 1586 quia
2230 1518 2297 1572 ab
2328 1520 2579 1573 omnibus
2607 1519 2724 1573 aliis
2776 1529 2859 1575 est
2887 1519 3188 1587 infirmitas,
3220 1522 3431 1577 vanitas
3457 1524 3673 1579 vanita-

2073 1615 2220 1676 tum,
2267 1617 2318 1664 et
2349 1610 2530 1664 omnia
2578 1610 2788 1667 vanitas
2827 1610 3025 1682 (Eccle.
3070 1628 3119 1680 ι,
3159 1610 3237 1683 2).
3282 1611 3405 1667 Νοη
3447 1614 3674 1670 solvatur

2072 1717 2165 1754 rex
2212 1719 2305 1771 per
2342 1703 2560 1756 multam
2594 1706 2849 1768 virtutem,
2896 1712 2945 1757 et
2983 1705 3132 1776 gigas
3171 1721 3274 1759 non
3307 1704 3590 1760 salvabitur
3617 1709 3677 1762 in

2074 1796 2404 1851 multitudine
2447 1797 2650 1851 virtutis
2687 1812 2797 1850 sua:
2843 1795 3017 1867 (Psal.
3050 1812 3229 1863 xxxtt,
3262 1795 3373 1867 16).
3409 1797 3675 1869 Denique,

371 1882 549 1952 gregis
579 1889 822 1952 pastores
850 1882 1184 1952 susciperent
1211 1924 1227 1950 ,
1258 1896 1445 1937 eurum
1471 1882 1635 1936 corda
1663 1883 1810 1937 nullo
1848 1883 1957 1937 vir-
1989 1879 2040 1941 Β
2068 1887 2235 1960 fallax
2275 1904 2430 1960 equus
2471 1888 2540 1940 ad
2578 1885 2815 1940 salutem.
2850 1884 2931 1939 Ex
2958 1886 3152 1955 quibus
3181 1885 3362 1941 verbis
3405 1887 3677 1956 colligitur

377 1976 509 2031 tutis
535 1974 733 2029 decore
749 1973 1092 2029 claruissent.
1118 1972 1246 2030 Haec
1273 1989 1508 2045 namque
1521 1975 1692 2030 virtus
1716 1975 1963 2046 Spiritus,

372 2068 511 2125 sicut
538 2068 605 2121 ab
634 2066 781 2122 omni
808 2082 1091 2137 poenarum
1117 2076 1173 2121 et
1200 2068 1390 2122 mortis
1420 2066 1613 2121 timore
1634 2082 1770 2137 quos
1792 2067 1969 2137 reple-

374 2159 513 2215 verit
539 2157 704 2214 efficit
729 2158 952 2225 liberos,
977 2159 1051 2213 ita
1083 2159 1149 2214 ab
1179 2158 1326 2213 omni
1355 2158 1632 2215 diabolica:
1648 2160 1822 2214 reddit
1854 2168 1969 2215 ten-

376 2259 592 2315 tatiouis
608 2258 823 2314 incursu
836 2255 1273 2314 securos.Merito
1287 2271 1416 2326 ergo
1431 2258 1518 2312 cui
1542 2256 1793 2312 salutaris
1808 2256 1901 2312 Dei
1914 2257 1968 2312 in

374 2349 745 2406 remissionem
760 2357 1104 2421 peccatorum
1120 2349 1301 2404 laetitia
1315 2348 1577 2416 redditur,
1590 2350 1829 2419 postulat
1844 2359 1901 2404 ut
1914 2351 1969 2405 in

374 2457 502 2498 vera
516 2442 820 2498 innocentia
833 2440 1051 2511 spiritus
1060 2440 1374 2511 principalis
1387 2440 1586 2494 virtute
1598 2439 1967 2497 continuatur.

414 2526 419 2529 ’
448 2532 625 2605 (Vers.
667 2531 777 2603 14.)
812 2531 1014 2588 Docebo
1038 2534 1241 2605 iniquos
1263 2532 1373 2588 vias
1404 2540 1550 2601 tuas,
1580 2541 1629 2587 et
1659 2534 1804 2606 impii
1825 2533 1892 2587 ad
1919 2540 1970 2588 te

373 2632 753 2681 convertentur.
1948 2640 1953 2643 λ

448 2715 539 2770 17.
579 2716 707 2773 111οε
734 2716 917 2772 divina
941 2716 1229 2773 clementia
1258 2731 1288 2771 a
1310 2716 1548 2788 peccatis
1570 2731 1667 2788 per
1690 2716 1970 2772 remissio-

374 2822 501 2864 nem
532 2806 698 2863 efficit
724 2808 951 2877 liberos,
993 2809 1428 2879 quospracvidet
1456 2809 1672 2865 utilitati
1715 2809 1972 2865 Ecclesiae

375 2906 500 2970 post
519 2900 925 2957 conversionem
946 2898 1277 2971 profuturos.
1301 2898 1455 2956 Unde
1479 2902 1698 2955 Ananiae
1718 2903 1786 2955 de
1809 2901 1972 2958 Saulo

375 2990 512 3048 dixit
555 3011 569 3047 :
609 2993 757 3049 Vade
779 3034 792 3061 ,
824 2994 1069 3066 quoniam
1100 3010 1186 3048 vas
1215 2995 1478 3049 electionis
1513 2995 1639 3048 milii
1668 3002 1744 3050 est
1765 2996 1883 3063 iste,
1915 3004 1973 3051 ut

375 3094 544 3156 portet
591 3102 775 3141 nomen
826 3102 994 3141 meum
1040 3103 1218 3141 coram
1254 3085 1519 3157 gentibus,
1560 3095 1610 3142 et
1639 3087 1876 3160 regibus,
1922 3096 1973 3141 et

375 3175 500 3247 ﬁliis
530 3173 701 3231 Israel
716 3176 853 3248 (Act.
879 3194 955 3245 ix,
984 3176 1096 3248 15).
1138 3178 1331 3248 Magno
1363 3179 1524 3249 igitur
1548 3179 1725 3235 fructu
1752 3181 1971 3236 dimissa

2073 1980 2219 2049 quod
2253 1994 2356 2034 nec
2382 1996 2448 2033 ex
2480 1978 2680 2033 divitiis
2712 1977 3101 2048 temporalibus
3124 2016 3141 2043 ,
3177 1993 3278 2033 uec
3304 1992 3370 2033 ex
3403 1978 3678 2049 corporali

2074 2068 2394 2125 fortitudine
2423 2069 2568 2123 salus
2595 2070 2925 2138 acquiratur.
2960 2067 3027 2121 Et
3051 2068 3332 2123 exsultabit
3359 2068 3535 2140 lingua
3558 2086 3677 2125 mea

2063 2159 2329 2232 justitiam
2359 2170 2520 2215 tuam.
2550 2160 2763 2214 Justitia
2792 2160 2918 2229 Dei,
2951 2159 3082 2215 fides
3112 2168 3221 2227 εει,
3253 2160 3390 2217 sicut
3414 2162 3678 2232 scriptum

2074 2262 2157 2307 est
2187 2272 2199 2306 :
2232 2252 2465 2306 Credidit
2502 2252 2765 2306 Abraham
2795 2252 2906 2308 Deo
2926 2296 2940 2320 ,
2983 2262 3031 2307 et
3057 2261 3350 2323 reputatum
3382 2264 3459 2308 est
3492 2252 3571 2308 illi
3603 2251 3678 2307 ad

2066 2345 2332 2417 justitiam
2382 2341 2538 2416 (Gen.
2565 2385 2580 2410 ,
2616 2360 2716 2409 xv,
2760 2343 2868 2415 6);
2909 2344 3034 2413 quia
3071 2343 3253 2399 Justus
3297 2359 3363 2398 ex
3407 2343 3514 2413 ﬁde
3556 2343 3681 2398 vivit

2074 2436 2279 2509 (Rom.,
2304 2453 2343 2505 ι,
2378 2437 2488 2508 18).
2522 2436 2580 2491 Si
2607 2450 2736 2504 ergo
2760 2436 2892 2507 justi
2919 2437 3026 2491 vita
3050 2435 3181 2492 fides
3209 2445 3313 2507 est,
3336 2450 3677 2508 consequens

2072 2538 2157 2586 est
2194 2530 2442 2585 eamdem
2486 2528 2645 2585 ﬁdem
2676 2529 3096 2599 essejustitiam,
3145 2529 3263 2585 sine
3300 2543 3407 2599 qua
3447 2528 3680 2599 quisque

2074 2639 2195 2681 esse
2246 2625 2424 2694 justus
2475 2640 2582 2679 non
2636 2632 2836 2695 potest.
2866 2624 3018 2681 Hauc
3059 2625 3243 2694 itaque
3282 2623 3377 2679 Dei
3414 2622 3679 2692 justitiam

2074 2717 2166 2772 ille
2195 2732 2318 2772 eum
2349 2717 2713 2772 exsultatione
2742 2718 3025 2781 enuntiat,
3060 2717 3152 2787 qui
3178 2732 3283 2773 nec
3306 2716 3493 2772 mundi
3517 2715 3680 2785 hujus

2077 2810 2289 2879 copiam
2329 2810 2570 2879 cupiens,
2609 2824 2712 2864 nec
2744 2809 2979 2880 inopiam
3010 2817 3278 2875 metuens,
3312 2823 3530 2863 omnem
3555 2808 3671 2863 ha:-

2075 2901 2301 2956 reticam
2340 2901 2662 2972 pravitatem
2708 2901 3008 2971 impugnat.
3056 2900 3157 2957 Vel
3190 2900 3400 2971 justitia
3429 2900 3530 2957 Dei
3568 2906 3679 2967 est,

2080 2992 2226 3061 quod
2268 3008 2378 3047 non
2420 2991 2538 3047 vult
2574 2999 2807 3048 mortem
2846 2992 3166 3063 peccatoris.
3217 2990 3438 3047 Homini
3480 3005 3681 3061 nempe

2069 3082 2274 3154 justum
2320 3084 2551 3148 videtur,
2606 3092 2666 3138 ut
2712 3099 2867 3139 suam
2913 3084 3207 3165 ulciscatur
3253 3084 3503 3153 iujuriam
3533 3101 3548 3138 :
3581 3082 3680 3140 Dei

2076 3190 2204 3231 vero
2229 3175 2437 3246 justitia
2468 3184 2553 3230 est
2577 3174 2858 3231 confitenti
2878 3176 3125 3229 relaxare
3154 3173 3435 3230 ofleusam.

329 3313 337 3321 .
374 3274 504 3322 sunt
538 3266 612 3322 illi
639 3282 672 3322 a
701 3267 813 3323 Deo
837 3279 1078 3338 peccata.
1111 3267 1212 3335 Qui
1250 3270 1393 3325 enim
1430 3271 1577 3340 prius
1603 3271 1969 3342 blaSphemus,
1999 3279 2049 3345 α
2150 3268 2327 3340 (Vers.
2363 3267 2476 3339 16.)
2503 3267 2755 3333 Domine,
2803 3265 2945 3320 labia
2963 3282 3077 3321 mea
3099 3267 3322 3338 aperias,
3348 3274 3397 3321 et
3426 3282 3483 3321 os
3508 3282 3679 3321 meum

375 3365 433 3414 et
462 3366 790 3429 persecutor,
815 3373 880 3413 ac
904 3359 1197 3428 injuriosus
1217 3360 1425 3415 exstitit
1464 3359 1540 3431 (Ι.
1570 3360 1703 3415 Tim.
1730 3362 1791 3431 ι),
1814 3370 1970 3431 post-

376 3450 596 3506 modum
638 3450 759 3520 plus
798 3450 1045 3505 omnibus
1087 3451 1371 3505 laboravit.
1411 3448 1682 3521 Propheta
1722 3465 1850 3521 ergo
1880 3452 1974 3520 qui

376 3542 551 3598 deleri
580 3541 890 3611 iniquitates
913 3557 1059 3607 suas,
1083 3550 1139 3597 et
1166 3542 1370 3614 Spiritu
1397 3552 1587 3599 sancto
1605 3543 1912 3599 confirmari
1940 3559 1974 3598 a

375 3632 610 3689 Domino
637 3632 909 3705 postulat,
947 3632 1093 3703 quod
1121 3648 1228 3688 non
1257 3634 1373 3689 sine
1400 3633 1577 3693 fructu
1601 3636 1705 3690 hoc
1730 3635 1800 3690 sit
1826 3636 1974 3690 futti-

374 3740 500 3781 rum
537 3724 792 3793 afﬁrmat,
816 3725 1001 3781 dicens
1034 3743 1048 3779 :
1090 3726 1293 3781 Docebo
1314 3728 1519 3798 iniquos
1540 3728 1647 3782 vias
1670 3734 1806 3783 tuas.
1842 3726 1972 3784 ΠΜ-

374 3832 562 3873 vsuss
589 3819 684 3873 vite
700 3816 913 3873 Domini
934 3817 1294 3874 misericordia
1326 3827 1377 3873 et
1404 3820 1588 3874 veritas
1615 3818 1789 3891 (Psal.
1819 3835 1968 3883 xxxv,

378 3910 489 3982 10).
520 3910 889 3967 Misericordia
940 3921 1042 3977 est,
1095 3928 1199 3983 qua
1238 3913 1355 3968 sine
1394 3913 1516 3968 ullis
1549 3913 1976 3983 praecedentibus

376 4002 603 4068 meritis,
638 4002 1023 4072 paenitentibus
1045 4004 1254 4059 veniam
1272 4003 1478 4069 tribuit,
1494 4004 1696 4059 veritas
1722 4020 1828 4074 qua
1852 4012 1977 4076 post

377 4093 602 4163 gratiam
652 4094 953 4149 vocationis
1000 4102 1060 4150 et
1097 4097 1267 4150 veniae
1294 4133 1310 4160 ,
1365 4104 1589 4167 peccata
1626 4096 1974 4167 impaeniten-

379 4185 513 4241 tium
534 4186 706 4257 punit.
731 4186 824 4242 Ille
844 4200 975 4256 ergo
1001 4187 1088 4241 cui
1111 4195 1334 4257 peccata
1354 4186 1716 4252 dimittuntur,
1742 4187 1857 4242 vias
1878 4186 1974 4242 Dei

380 4276 592 4347 iniquos
618 4277 797 4345 docet,
818 4293 941 4334 eum
963 4278 1315 4348 peccantibus
1343 4278 1388 4333 si
1413 4278 1755 4350 resipueriut,
1786 4293 1973 4333 exem-

378 4372 469 4442 plo
502 4372 583 4427 sui
630 4387 780 4443 spem
812 4372 996 4428 tribuit
1020 4372 1212 4439 veniae,
1243 4381 1298 4427 et
1326 4371 1838 4439 inconvertibilibus,
1873 4370 1975 4426 nisi

379 4464 449 4519 ad
474 4466 684 4521 veniam
713 4464 962 4535 redeant,
998 4464 1159 4522 infert
1196 4466 1445 4522 timorem
1473 4467 1749 4537 gehennae.
1781 4464 1853 4519 Et
1867 4466 1973 4519 im-

378 4558 453 4626 pii
482 4557 551 4610 ad
573 4568 620 4611 te
644 4565 1017 4613 convertentur.
1041 4557 1085 4613 Ο
1117 4572 1279 4628 quam
1314 4558 1459 4615 utilis
1500 4568 1583 4615 est
1628 4566 1972 4629 peccatorum

2080 3358 2413 3412 annuntiabit
2440 3358 2646 3411 laudem
2678 3367 2837 3411 tuam.

2152 3446 2240 3501 19.
2272 3447 2390 3502 Non
2414 3447 2570 3501 aliter
2586 3447 2851 3515 justitiam
2883 3455 3029 3501 tuam
3060 3447 3305 3519 proferre
3332 3455 3545 3519 potero,
3573 3448 3679 3505 nisi

2078 3548 2139 3594 ut
2166 3540 2309 3593 labia
2343 3554 2459 3593 mea
2490 3539 2722 3609 aperias.
2750 3538 2830 3593 Tu
2859 3554 2920 3595 es
2948 3540 3121 3606 enim,
3159 3539 3251 3609 qui
3281 3555 3377 3595 ora
3414 3541 3681 3611 superbo-

2078 3649 2197 3689 rum
2252 3632 2527 3700 obstruis,
2576 3640 2633 3688 et
2672 3632 2879 3703 linguas
2928 3631 3213 3688 infantium
3262 3632 3489 3690 disertas
3547 3632 3680 3689 facis

2081 3727 2235 3799 (ευρ.
2267 3744 2321 3794 x,
2350 3727 2466 3799 21).
2502 3726 2772 3783 Hactenus
2809 3743 2870 3782 os
2897 3741 3076 3782 meum
3108 3740 3209 3797 ego
3238 3726 3354 3797 ipse
3380 3726 3589 3797 aperui,
3620 3732 3680 3783 et

2078 3821 2202 3877 ideo
2227 3836 2295 3876 ex
2323 3822 2633 3891 vaniloquio
2660 3830 2944 3892 peccatum
2974 3820 3244 3876 contraxi.
3276 3820 3428 3878 Nunc
3452 3837 3583 3877 vero
3614 3827 3680 3877 ut

2079 3918 2139 3967 tu
2179 3912 2392 3983 aperias
2423 3912 2694 3981 desidero,
2729 3913 2851 3981 quia
2883 3912 3012 3967 nihil
3040 3913 3143 3968 nisi
3168 3914 3314 3983 quod
3342 3914 3677 3984 suggesseris

2076 4004 2226 4074 loqui
2269 4006 2616 4076 concupisco.
2666 4005 2814 4059 Illius
2860 4004 3001 4059 labia
3031 4004 3174 4060 Deus
3216 4004 3412 4074 aperit,
3453 4006 3544 4073 qui
3566 4021 3679 4063 non

2076 4097 2253 4153 solum
2274 4097 2400 4166 quid
2430 4097 2689 4166 loquitur,
2714 4094 2809 4150 sed
2830 4094 2991 4148 etiam
3014 4094 3250 4162 quando,
3284 4101 3338 4148 et
3366 4095 3478 4161 ubi,
3505 4104 3562 4151 et
3586 4094 3677 4152 cui

2076 4192 2330 4263 loquatur
2359 4191 2608 4246 attendit.
2660 4188 2937 4258 Sapientia
2966 4203 3202 4258 namque
3229 4188 3327 4243 Dei
3355 4189 3487 4246 dicit
3514 4208 3528 4244 :
3561 4190 3675 4246 Do-

2076 4285 2247 4337 minus
2291 4280 2429 4335 dedit
2475 4281 2602 4334 mihi
2637 4279 2869 4349 linguam
2910 4278 3162 4334 eruditam
3212 4279 3386 4353 (Isai,
3448 4298 3518 4351 1.,
3567 4282 3626 4353 4)
3653 4326 3671 4353 ,

2077 4374 2295 4445 quando
2339 4372 2545 4427 scilicet
2584 4378 2836 4441 oporteat
2880 4386 3190 4428 sermonem
3238 4372 3436 4430 dicere.
3475 4372 3675 4432 Merito

2079 4480 2209 4534 ergo
2240 4465 2458 4534 sapiens
2480 4470 2581 4528 est,
2601 4461 2729 4531 quia
2758 4463 2972 4532 accepit
2992 4479 3019 4518 a
3042 4463 3270 4520 Domino
3294 4480 3402 4536 quo
3426 4473 3676 4537 tempore

2079 4559 2181 4615 sibi
2226 4556 2557 4627 loquendum
2611 4555 2699 4609 sit.
2750 4553 2906 4610 Unde
2951 4572 3058 4612 non
3106 4558 3550 4614 ineonvenienter
3597 4560 3678 4615 ait

375 4636 781 4722 remissio,qua:
807 4667 1099 4709 conversos
1129 4668 1235 4708 non
1263 4653 1438 4709 solum
1461 4669 1491 4708 a
1518 4655 1755 4724 peccatis
1777 4653 1976 4709 liberos
2000 4658 2058 4722 ι)
2080 4650 2359 4719 Scriptura
2404 4666 2417 4702 :
2454 4648 2623 4704 Homo
2670 4650 2876 4719 sapiens
2931 4650 3115 4704 taceth
3157 4668 3315 4724 usque
3359 4655 3428 4705 ad
3477 4661 3674 4720 tempus

378 4741 572 4810 efficit,
619 4745 711 4799 sed
742 4744 901 4800 etiam
933 4745 1068 4801 alios
1111 4761 1141 4799 a
1169 4745 1256 4801 via
1295 4746 1587 4817 impietatis
1616 4755 1672 4801 et
1700 4746 1974 4815 injustitite

378 4837 648 4906 retrahit,
679 4836 893 4892 flamma
923 4838 1200 4894 charitatis
1239 4838 1503 4894 accendit.
1542 4837 1703 4911 504
1730 4838 1857 4895 Haec
1892 4846 1975 4894 est

382 4929 527 4983 enim
552 4930 832 4986 charitatis
861 4929 1083 4984 evidens
1110 4930 1382 4999 probatio,
1418 4937 1473 4983 ut
1504 4931 1591 4985 cui
1619 4946 1717 5000 per
1743 4931 1971 5001 gratiam

382 5016 482 5073 Dei
524 5020 812 5091 contigerit
848 5020 877 5075 ὲ
908 5029 1256 5090 peccatorum
1285 5020 1515 5075 vinculis
1552 5021 1710 5092 eripi,
1751 5022 1867 5093 ipse
1905 5038 1973 5078 ex

380 5111 500 5167 zelo
521 5110 742 5181 iustitia:
762 5111 973 5167 studeat
994 5110 1061 5167 ad
1084 5126 1232 5183 spem
1257 5112 1425 5167 venia:
1445 5109 1818 5182 delinquentes
1840 5113 1971 5168 hor-

376 5205 505 5260 tari.
538 5204 756 5261 Nullum
783 5207 981 5277 quippe
1010 5215 1119 5260 tam
1150 5214 1359 5275 gratum
1384 5205 1497 5261 Deo
1537 5214 1619 5261 est
1649 5204 1973 5264 sacriﬁcium

378 5313 542 5370 quam
575 5300 724 5355 zelus
752 5299 1071 5354 animarum.
1102 5298 1369 5355 Exerceat
1391 5313 1520 5369 ergo
1558 5314 1615 5354 se
1644 5298 1698 5353 in
1727 5299 1814 5353 via
1842 5298 1973 5369 Dei,

377 5391 471 5446 cui
494 5392 637 5447 Deus
664 5399 886 5463 peccata
915 5391 1133 5457 dimisit,
1177 5399 1232 5446 et
1259 5393 1508 5464 exemplo
1537 5408 1634 5448 suo
1660 5400 1973 5462 peccatores

379 5496 628 5552 quosque
662 5483 732 5538 ad
772 5482 1100 5555 paenitentite
1124 5482 1413 5552 confugere
1452 5484 1747 5540 remedium
1787 5486 1976 5542 admo-

381 5583 533 5630 neat.
560 5574 676 5629 Non
700 5575 770 5630 sit
791 5574 951 5629 arbor
972 5573 1323 5643 infructuosa,
1346 5585 1438 5630 aut
1466 5578 1670 5632 otiosus
1692 5577 1974 5648 operarius

386 5667 604 5739 (Matth.
624 5668 929 5738 xx),sciens
958 5667 1083 5737 quia
1113 5683 1222 5722 non
1245 5670 1420 5724 solum
1446 5685 1605 5726 mane
1626 5671 1972 5727 venientibus

386 5756 455 5811 ad
479 5757 695 5813 vineam
722 5773 931 5816 merces
948 5759 1299 5831 promittitur,
1326 5758 1419 5816 sed
1442 5760 1603 5815 etiam
1637 5761 1778 5817 circa
1802 5761 1974 5817 unde-

384 5850 585 5908 cituam
606 5852 795 5911 horam
806 5853 1011 5914 vocatis
1025 5853 1148 5911 vitae
1170 5860 1386 5913 aeternae
1409 5853 1659 5913 denarius
1680 5855 1967 5938 praebetur.

2081 4742 2288 4816 (Eccli.
2328 4758 2419 4809 xx,
2452 4742 2543 4813 7).
2578 4742 2712 4797 lliuc
2751 4758 2963 4798 rursum
2992 4744 3251 4814 scriptum
3282 4753 3365 4798 est
3407 4760 3421 4796 :
3455 4743 3556 4799 Uri
3584 4752 3673 4799 tuo

2077 4836 2163 4906 fac
2193 4834 2379 4888 ostium
2414 4841 2463 4887 et
2496 4842 2702 4897 vectem,
2732 4842 2781 4887 et
2819 4833 2874 4887 in
2903 4832 3068 4888 verbis
3103 4834 3200 4887 tuis
3220 4835 3408 4903 jugtmt
3432 4841 3485 4885 et
3514 4840 3674 4888 state-

2077 4942 2190 4979 ram
2221 4923 2406 4996 (Eccli.
2435 4965 2449 4991 ,
2484 4940 2669 4993 xxvut,
2700 4924 2815 4994 28).
2848 4924 2915 4979 Et
2943 4924 3176 4980 fortasse
3205 4925 3311 4980 hoc
3340 4925 3540 4981 ostium
3566 4925 3670 4982 sibi

2077 5012 2348 5084 PrOphcta
2379 5014 2687 5084 postulabat
2716 5030 2745 5068 a
2779 5015 3021 5079 Domino,
3056 5030 3176 5069 cum
3204 5016 3419 5070 dicebat
3452 5034 3464 5070 :
3493 5017 3668 5083 Pone,

2078 5103 2319 5170 Domine,
2354 5104 2641 5158 custodiam
2681 5105 2759 5159 ori
2795 5122 2906 5159 meo
2931 5144 2947 5170 ,
2986 5112 3035 5159 et
3056 5106 3248 5159 ostium
3266 5106 3673 5162 circumstantia:

2077 5201 2228 5255 labiis
2254 5202 2379 5255 meis
2403 5198 2575 5274 (Psal.
2619 5217 2741 5267 exc,
2773 5201 2851 5271 5).
2880 5200 3150 5257 Debemus
3171 5201 3313 5256 enim
3336 5216 3399 5256 os
3426 5210 3672 5257 nostrum

2078 5294 2332 5350 claudere
2354 5334 2369 5360 ,
2418 5303 2473 5349 et
2514 5293 2823 5362 diligentius
2862 5293 3151 5349 observare
3173 5334 3188 5359 ,
3221 5308 3291 5348 ne
3330 5292 3450 5362 quis
3480 5291 3534 5346 in
3565 5292 3672 5347 ira-

2080 5387 2330 5442 cundiam
2377 5387 2576 5441 excitet
2618 5400 2809 5439 vocem
2860 5393 3135 5451 nostram,
3186 5392 3242 5440 et
3285 5384 3672 5440 contumeliam
3734 5376 3737 5381 ’

2077 5480 2437 5551 rependamus
2502 5477 2861 5532 contumeliae.
2925 5476 3119 5546 Jugum
3170 5477 3332 5531 etiam
3389 5476 3443 5531 in
3493 5476 3672 5531 verbis

2079 5574 2279 5649 nostris
2310 5587 2428 5627 esse
2470 5578 2523 5623 et
2554 5577 2752 5623 statera
2782 5570 3088 5641 praecipitur
3116 5577 3173 5624 ut
3215 5583 3376 5625 omne
3405 5568 3547 5639 quod
3588 5568 3670 5623 lo-

2080 5672 2295 5740 quimur
2322 5678 2377 5723 et
2404 5666 2705 5722 humilitate
2746 5665 3050 5733 condiatur,
3097 5673 3151 5726 et
3179 5679 3435 5722 mensura
3461 5661 3668 5734 ponde-

2083 5770 2251 5819 retur.
2309 5758 2650 5815 Proferamus
2679 5772 2807 5829 ergo
2836 5771 3115 5821 sermones
3144 5756 3484 5813 examinatos
3529 5750 3667 5805 libra

2077 5852 2333 5925 iustitiae,
2360 5860 2419 5909 ut
2456 5851 2500 5909 si
2537 5852 2773 5929 gravitas
2810 5852 2865 5911 in
2902 5866 3087 5920 sensu,
3138 5850 3332 5910 modus
3366 5848 3423 5906 in
3462 5842 3663 5908 verbis.
