4038 6338
435 401 539 458 595

1619 384 1865 452 SANCTl
1902 381 2233 446 GRBGORII
2277 378 2490 446 HAGNI

3606 380 3718 440 596

436 515 596 600 505
633 483 846 583 p'ondus
883 508 938 562 in
976 517 1247 600 sermone.
1297 464 1418 600 Nec.
1448 499 1600 574 prius
1622 500 1912 600 .loquendo
1951 512 2016 600 ps

2141 502 2462 568 peccatorum
2500 505 2721 556 suorum
2754 489 3134 600 recordatiotte
3167 490 3458 600 quamdam
3492 493 3722 565 spiritus

433 586 763 675 aperiamus,
812 611 971 668 quam
1016 593 1284 666 expediat,
1327 591 1421 648 sed
1462 589 1829 646 examinemus
1855 586 2020 644 verba

417 699 650 759 ‘nostra,
707 689 751 744 si
801 685 1086 742 tacendum
1141 685 1273 753 hoc,
1329 682 1374 736 si
1423 680 1710 737 dicendum
1763 678 2022 744 adversus

432 783 577 839 hunc
601 823 618 850 ,
649 778 695 834 si
727 788 940 844 tempus
969 776 1039 831 sit
1079 774 1345 830 sermonis
1385 772 1570 842 hujus,
1613 777 1886 841 postremo
1915 768 1959 823 si
1988 783 2020 822 a

433 877 634 931 virtute
683 869 962 926 modestia:
1014 882 1122 922 non
1175 865 1476 920 dissentiat.
1535 863 1677 919 Nihil
1731 861 2020 926 indecens,

434 969 567 1026 nihll
620 965 963 1021 inhonestum
990 1003 1004 1029 ,
1045 959 1179 1014 nihil
1231 958 1465 1013 invidum
1521 971 1720 1012 sonans
1753 959 2021 1026 erumpat.

434 1060 634 1116 Verum
661 1057 787 1127 quia
812 1053 879 1109 ad
906 1053 1023 1108 haec
1046 1051 1224 1110 omnia
1248 1049 1426 1106 idonei
1447 1064 1565 1105 esse
1581 1065 1684 1103 non
1713 1060 2020 1118 possumus,

435 1152 539 1208 nisi
568 1152 674 1207 hoc
701 1165 732 1204 a
766 1147 1020 1216 largitore
1049 1143 1224 1199 omnis
1253 1143 1439 1211 gratia:
1480 1140 1873 1212 percipiamus,
1923 1153 2021 1191 ex-

425 1241 776 1300 clamandum
806 1245 888 1293 est
919 1235 1073 1292 nobis
1099 1250 1218 1290 cum
1251 1233 1513 1304 propheta
1547 1250 1559 1286 :
1595 1230 1814 1284 Domine
1838 1269 1852 1294 ,
1883 1224 2025 1280 labia

435 1351 550 1390 mea
589 1331 789 1402 aperias
815 1370 830 1396 ,
889 1337 937 1383 et
990 1344 1046 1383 os
1074 1342 1238 1382 meum
1267 1322 1596 1378 annuntiabit
1627 1319 1828 1375 laudem
1857 1327 2018 1372 tuam.

434 1427 550 1482 Non
581 1435 656 1481 est
678 1426 908 1498 speciosa
939 1421 1050 1476 laus
1081 1422 1134 1474 in
1162 1436 1250 1473 ore
1269 1416 1552 1488 peccatoris
1608 1412 1794 1485 (Eccli.
1830 1427 1921 1478 xv,
1943 1409 2021 1477 9).

436 1520 671 1592 Ideoque
701 1517 969 1588 Propheta
1000 1512 1383 1582 indulgentiam
1413 1517 1766 1580 peccatorum
1794 1505 2025 1576 primum

437 1628 468 1667 a
497 1612 724 1672 Domino
753 1610 994 1682 expetit,
1041 1616 1096 1661 et
1121 1604 1463 1678 postmodum
1494 1601 1705 1656 laudem
1736 1613 1793 1653 se
1815 1597 1910 1650 Dei
1939 1611 2029 1650 an-

434 1705 800 1773 nuntiaturum
825 1715 944 1756 esse
967 1697 1235 1770 promittit
1258 1711 1272 1760 ;
1306 1693 1460 1749 nobis
1487 1697 1738 1772 patenter
1775 1688 2022 1749 innuens,

435 1794 562 1866 quia
600 1794 672 1849 illi
701 1793 801 1850 soli
833 1790 1002 1846 laudis
1031 1787 1128 1843 Dei
1155 1792 1380 1858 possunt
1406 1781 1608 1838 sentire
1650 1777 1981 1834 dulcedinem
2005 1814 2021 1841 ,

2129 587 2529 648 tribulationem
2563 601 2672 646 non
2701 584 2886 649 sentit.
2931 581 3088 658 Quod
3115 582 3330 654 quidem
3357 585 3606 658 reprobi;
3631 586 3721 642 fa-

2125 682 2332 742 miliare
2371 688 2484 748 est;
2522 677 2648 748 quia
2676 677 2776 740 etsi
2817 674 3105 745 aliquando
3144 684 3368 748 peccata
3405 692 3503 732 sua
3544 677 3721 733 conli-

2125 777 2374 842 teantur,
2403 784 2468 824 ea
2511 777 2689 826 tamen
2717 766 2968 826 distriottc
2995 765 3476 830 animadversionis
3503 766 3725 830 ﬂetibus

2125 880 2236 926 non
2280 868 2694 931 persequuntur.
2732 857 2898 922 Electi
2937 874 3070 916 vero
3097 859 3260 919 etiam
3288 859 3336 922 si
3361 860 3586 926 minima
3612 861 3725 918 sint

2126 970 2246 1030 qua:
2277 955 2328 1012 in
2352 969 2412 1010 se
2441 951 2709 1026 punienda
2738 950 3037 1016 inveniunt,
3066 953 3184 1010 zelo
3214 953 3556 1010 rectitudinis
3584 969 3724 1010 con-

2129 1057 2207 1112 tra
2229 1063 2286 1103 se
2311 1046 2500 1113 erecti,
2525 1045 2590 1101 ad
2623 1045 2951 1120 poenitentia:
2978 1060 3037 1101 se
3064 1045 3297 1102 lamenta
3326 1047 3571 1108 studiose
3595 1061 3726 1104 suc-

2127 1132 2382 1196 cendunt.
2413 1136 2515 1205 Qui
2555 1137 2680 1192 dum
2711 1145 2910 1192 sancire
2937 1136 3407 1213 contemplationis
3435 1138 3630 1209 pennis
3656 1140 3726 1194 ad

2127 1230 2364 1290 coelestia
2406 1245 2465 1292 se
2504 1228 2759 1290 intuenda
2807 1228 3046 1296 erigunt,
3087 1243 3153 1284 eo
3196 1228 3446 1290 subtilius
3481 1231 3649 1302 506
3683 1229 3731 1286 si

2127 1324 2252 1394 quitl
2299 1323 2352 1376 in
2392 1320 2521 1392 ipsis
2548 1320 2802 1380 vitiosum
2832 1318 3033 1374 latebat
3061 1319 3358 1385 inveniunt,
3387 1335 3499 1390 quo
3535 1321 3604 1376 ad
3647 1322 3731 1376 di-

2128 1415 2262 1473 vinae
2312 1412 2446 1468 lucis
2495 1409 2796 1466 claritatem
2839 1408 3068 1466 vicinius
3106 1409 3390 1472 accedunt.
3441 1408 3733 1480 Tantoque

2129 1507 2208 1566 eis
2229 1505 2478 1576 displicet
2499 1500 2647 1574 quod
2673 1500 2942 1555 inlirmum
2966 1516 3028 1556 ex
3054 1516 3217 1555 carne
3246 1501 3499 1566 tolerant,
3521 1512 3732 1576 quanto

2129 1614 2224 1656 eos
2247 1597 2478 1658 delectat
2497 1595 2640 1666 quod
2666 1610 2732 1652 ex
2760 1593 3179 1663 incorruptibilis
3200 1594 3321 1650 vita:
3346 1596 3617 1656 suavitate
3635 1596 3733 1652 de-

2129 1697 2362 1764 gustant.
2388 1683 2542 1752 Unde
2571 1685 2629 1740 tit
2653 1685 2798 1755 quod
2822 1684 2972 1754 gravi
2995 1685 3047 1740 in
3067 1684 3274 1754 seipsos
3299 1684 3382 1750 vel
3406 1699 3507 1756 pro
3540 1686 3734 1748 otiosis

2131 1781 2341 1848 verbis,
2384 1777 2471 1840 vel
2509 1794 2608 1848 pro
2636 1777 2788 1838 vanis
2827 1776 3240 1846 cogitationibus
3280 1777 3588 1841 invectione
3623 1777 3731 1836 de-

436 1889 528 1959 qui
541 1897 884 1959 peccatorum
905 1897 1126 1938 suorum
1142 1878 1437 1934 meruerint
1452 1874 1727 1955 percipere
1748 1870 2029 1927 reluissioe
2055 1885 2106 1950 Β
2131 1871 2389 1935 saeviant;
2418 1877 2473 1930 et
2497 1882 2618 1948 qua:
2646 1867 2786 1922 levia
2810 1876 2934 1930 ante
2965 1866 3339 1938 crediderant.
3369 1884 3500 1932 mox
3525 1877 3585 1925 ut
3605 1882 3732 1938 gra-

437 1967 582 2034 nem.
640 1977 794 2034 Unde
831 1977 1091 2048 scriptum
1129 1983 1212 2030 est
1253 1990 1268 2030 :
1313 1971 1498 2027 Rectos
1535 1970 1678 2026 decet
1715 1967 2026 2023 collaudatio

437 2069 615 2140 (Psal.
643 2086 810 2138 xxxii,
836 2069 910 2139 l).
937 2067 1075 2135 Quid
1105 2075 1283 2122 autem
1316 2064 1636 2132 laudabilius
1661 2064 1713 2119 in
1735 2063 1845 2118 Deo
1867 2077 2028 2136 quam

437 2159 857 2216 misericordia?
905 2143 1174 2232 SCriptum
1219 2174 1452 2230 namque
1491 2165 1576 2212 est
1626 2155 2032 2226 :Conﬁteantur

436 2250 665 2306 Domino
688 2251 1057 2306 misericordia:
1085 2253 1197 2318 eius
1237 2248 1407 2322 (Psal.
1438 2265 1618 2328 cxuv,
1650 2245 1759 2317 10).
1792 2245 2032 2315 Denique

437 2345 792 2412 miserationes
809 2346 920 2417 ejus
929 2361 1084 2416 super
1098 2345 1272 2402 omnia
1294 2360 1450 2414 opera
1470 2343 1602 2413 ejus.
1621 2339 1876 2408 Quamvis,
1888 2338 2033 2393 enim

438 2436 708 2493 laudabile
736 2437 807 2496 sit
840 2423 991 2508 quod
1017 2438 1290 2494 hominem
1319 2436 1387 2491 de
1417 2435 1544 2494 limo
1576 2445 1731 2496 terra:
1753 2433 2030 2501 condidit,

438 2528 758 2585 laudabilius
768 2537 949 2585 tamen
972 2539 1054 2586 est
1072 2529 1218 2600 quod
1231 2529 1504 2599 perditum
1522 2529 1723 2614 proprii
1742 2526 1832 2582 lilii
1859 2535 2035 2590 morte

437 2620 686 2676 redemit.
719 2618 960 2702 Denique
990 2620 1120 2675 illttd
1153 2620 1435 2702 potestatis
1463 2629 1561 2686 est,
1596 2620 1700 2675 hoc
1729 2619 1930 2689 gratim.
1963 2616 2034 2670 Et

440 2729 500 2768 os
527 2727 694 2767 meum
721 2712 1045 2768 annuntiabit
1069 2712 1273 2768 laudem
1299 2722 1459 2769 tuam.
1490 2710 1624 2772 Sunt
1639 2714 1777 2766 enim
1793 2712 2036 2782 plerique

439 2803 532 2872 qui
564 2819 672 2858 non
699 2819 798 2860 suo
827 2819 922 2860 ore
944 2803 1165 2860 laudant
1203 2804 1387 2866 Deum.
1419 2802 1701 2885 Nunquam
1727 2819 1826 2859 suo
1853 2803 2035 2858 laudat

439 2911 534 2952 ore
561 2895 730 2954 Deum
749 2913 960 2962 avarus,
985 2910 1254 2971 nunquam
1283 2915 1380 2960 suo
1398 2899 1685 2965 orelaudat
1705 2899 2032 2962 luxoriosus.

442 2988 632 3046 Nonne
644 2979 796 3058 quasi
820 2991 1052 3045 alienum
1075 3007 1136 3046 os
1158 2992 1254 3046 tibi
1274 2991 1485 3046 videtur
1503 3006 1795 3058 assumere,
1819 2992 1947 3054 dum
1970 3006 2034 3047 ea

445 3087 676 3132 conatur
703 3094 822 3148 quae
851 3080 905 3134 in
934 3080 1100 3136 corde
1113 3097 1218 3136 non
1235 3081 1396 3135 sentit
1423 3080 1705 3152 proferre?
1736 3083 1810 3137 De
1842 3083 2035 3156 quibus

446 3170 693 3239 profecto
723 3158 980 3252 scriptum
1021 3180 1104 3226 est
1150 3189 1163 3225 :
1206 3170 1307 3226 Cor
1347 3190 1524 3228 eorum
1553 3174 1702 3250 longe
1723 3184 1797 3238 est
1819 3192 1850 3228 a
1875 3175 2033 3238 disci-

2135 1964 2222 2019 via
2243 1972 2298 2017 et
2319 1961 2594 2024 mortifera
2616 1960 3046 2030 perhorrescant.
3065 1959 3332 2027 Beneﬁcia
3352 1962 3454 2022 sibi
3475 1962 3732 2026 divinitus

2138 2055 2336 2112 collata
2383 2051 2765 2126 conspiciunt,
2816 2051 3003 2124 culpas
3056 2053 3405 2116 nihilonan
3455 2063 3735 2119 anteactas

2139 2145 2206 2201 ad
2253 2145 2573 2208 memoriam
2620 2141 2906 2206 reducunt.
2961 2141 3099 2198 Vitae
3145 2142 3305 2216 hujus
3359 2145 3736 2220 corruptibilis

2137 2252 2465 2295 aerumnosas
2497 2234 2844 2291 necessitates
2873 2246 3192 2300 enumerant
3211 2277 3228 2303 ι
3285 2247 3494 2308 quanta
3520 2239 3594 2294 sit
3621 2255 3736 2302 ce-

2138 2329 2292 2392 lestis
2320 2327 2505 2400 gloria:
2544 2326 2804 2394 lelicitas,
2836 2327 2890 2390 in
2921 2327 3271 2395 meditatione
3299 2340 3659 2402 pertractant.
3691 2332 3738 2386 Α

2136 2436 2244 2493 qua
2284 2421 2410 2494 quia
2447 2435 2546 2492 per
2569 2419 2743 2476 carnis
2767 2416 3106 2490 fragilitatem
3135 2421 3336 2487 retrahi
3367 2438 3427 2478 se
3464 2425 3726 2489 sentiunt,

2139 2513 2454 2577 validissimi
2504 2512 2711 2598 seipsos
2763 2512 2993 2578 interius
3039 2513 3262 2582 vulnere
3305 2515 3511 2580 doloris
3562 2526 3735 2571 trans-

2138 2607 2330 2676 tigunt.
2369 2605 2506 2660 Dum
2537 2619 2668 2674 ergo
2696 2604 2813 2660 hzec
2849 2607 3030 2660 omnia
3057 2614 3181 2660 ante
3207 2606 3403 2668 mentis
3431 2607 3626 2672 oculos
3653 2607 3736 2662 in-

2137 2707 2288 2764 tenta
2343 2697 2782 2762 consideratione,
2834 2696 3193 2768 recolligunt,
3245 2697 3735 2764 vehementissima:

2137 2791 2498 2858 tribulationis
2533 2788 2656 2861 igne
2694 2789 3016 2854 intrinsecus
3045 2789 3410 2855 inardescunt.
3465 2789 3596 2854 Haec
3649 2798 3739 2846 est

2139 2887 2232 2943 illa
2265 2884 2524 2958 spiritalis
2550 2891 2857 2949 sanctorum.
2888 2883 3183 2948 tribulatio.
3216 2900 3380 2958 quam
3404 2884 3463 2948 in
3487 2885 3738 2949 cordibus

2139 2993 2326 3034 eorum
2373 2985 2595 3048 generat
2635 2975 2965 3054 poenitentiae
2999 2984 3055 3042 et
3080 2974 3329 3042 desiderii
3358 2976 3508 3032 dilati
3540 2977 3737 3037 amari-

2139 3072 2291 3128 tudo.
2341 3069 2494 3134 llanc
2546 3069 2796 3134 nimirum
2841 3067 2942 3130 Job
2987 3068 3276 3133 sentiebat,
3308 3081 3428 3132 cum
3469 3067 3734 3126 dicebat:

2143 3163 2354 3238 Loquar
2379 3165 2433 3219 in
2463 3161 2794 3220 tribulatione
2821 3162 3037 3238 spiritus
3057 3161 3159 3219 mei
3183 3159 3320 3232 (Job,
3344 3175 3436 3230 vn,
3456 3159 3564 3232 Η).
3588 3158 3739 3224 Eleo-

445 3261 622 3332 plina;
661 3270 931 3333 prapterea
959 3279 1060 3317 non
1085 3262 1413 3325 exsultabant
1453 3263 1589 3340 (Job.
1622 3255 1750 3328 xvtt,
1780 3264 1836 3340 4)
1867 3285 1880 3329 ς
1912 3267 2040 3335 quia
2062 3263 2110 3331 ο
2145 3267 2321 3316 torum
2344 3257 2543 3316 etenim
2585 3255 2793 3330 linguas
2823 3255 3099 3320 tribulatio
3127 3255 3351 3336 spiritus.
3387 3262 3689 3316 commovet
3710 3293 3730 3328 ,

447 3355 696 3410 nimirum
715 3372 900 3412 eorum
923 3356 1037 3412 laus
1065 3357 1130 3412 ad
1145 3359 1529 3430 omnipotentis
1544 3359 1637 3414 Dei
1660 3376 1818 3426 aures
1837 3375 2040 3432 nequa-

446 3459 607 3514 quam
655 3444 953 3511 extollitur,
984 3459 1213 3514 quorutn
1255 3463 1350 3510 cor
1402 3462 1433 3503 a
1469 3449 1657 3503 semita
1687 3449 1906 3518 iustitia:
1942 3465 2041 3521 per

445 3550 626 3605 prava:
657 3537 966 3593 intentionis
997 3537 1230 3593 studium
1270 3539 1573 3608 elongatur.
1599 3539 1759 3595 Tales
1782 3549 1935 3604 erant
1964 3540 2041 3602 illi

448 3627 516 3681 de
527 3628 718 3696 quibus
734 3628 990 3684 Dominus
1006 3627 1249 3684 dicebat:
1279 3629 1505 3708 Populus
1528 3632 1608 3684 hic
1629 3630 1779 3687 labiis
1792 3649 1870 3686 me
1886 3634 2042 3688 hono-

449 3728 555 3785 rat,
584 3735 674 3774 cor
721 3729 889 3775 autem
919 3718 1091 3776 e'orum
1118 3723 1267 3794 longe
1292 3733 1368 3777 est
1406 3741 1438 3777 a
1464 3740 1545 3778 me
1569 3723 1806 3796 (Matth,
1837 3741 1933 3790 xv,
1959 3724 2036 3798 8).

526 3808 704 3879 (Vera.
737 3809 851 3880 Π.)
886 3809 1142 3874 Quoniam
1169 3815 1211 3867 si
1234 3814 1476 3869 voluisses
1505 3816 1841 3894 sacriﬁcium,
1869 3816 2043 3872 dedis-

451 3923 554 3960 sem
584 3905 756 3978 utique
782 3920 803 3961 :
832 3905 1144 3961 holocaustis
1169 3924 1273 3972 non
1301 3908 1650 3966 delectaberis.

521 3995 607 4052 20.
648 3995 868 4052 Sciebat
897 3995 1164 4067 Propheta
1193 4015 1289 4078 per
1316 4001 1561 4072 spiritum
1581 4043 1597 4070 ,
1625 4001 1750 4083 quia
1779 3999 1869 4058 illa
1899 4001 2044 4072 lega-

449 4088 580 4144 lium
608 4088 848 4145 instituta
888 4089 1278 4156 sacriﬁciorum
1302 4135 1318 4162 ,
1345 4093 1413 4149 ad
1440 4094 1719 4151 invisibilis
1741 4105 1917 4152 essent
1945 4098 2043 4152 ob-

451 4179 671 4237 lationis
698 4181 1103 4252 intelligentiam
1135 4185 1537 4254 transferenda;
1560 4188 1684 4266 quia
1713 4187 1838 4242 illud
1858 4203 2042 4243 terum

449 4279 509 4326 et
535 4273 866 4344 acceptablie
891 4283 972 4330 est
993 4276 1313 4332 sacriﬁcium
1348 4279 1491 4361 quod
1509 4280 1699 4350 aliquis
1717 4296 1852 4360 puro
1880 4281 2043 4347 corde

451 4362 635 4417 laudat
674 4364 866 4420 Deum.
915 4361 1069 4422 Unde
1108 4375 1162 4423 et
1203 4370 1307 4424 alio
1355 4371 1407 4425 in
1457 4372 1578 4428 loco
1622 4373 1749 4428 dicit
1792 4391 1803 4425 :
1853 4370 1921 4425 In
1963 4389 2044 4436 me

454 4463 611 4523 sunt,
643 4456 781 4512 Deus
803 4496 819 4523 ,
867 4465 983 4513 vota
1016 4469 1102 4526 tua
1128 4479 1240 4534 qua:
1277 4461 1490 4518 reddam
1514 4503 1530 4530 ι
1583 4465 1904 4530 laudationes
1954 4464 2044 4518 tibi

457 4544 633 4615 (Psal.
663 4561 732 4601 ιν
755 4589 772 4616 ,
803 4545 917 4620 12).
949 4548 1017 4604 Εῑ
1053 4552 1242 4619 iterum
1276 4571 1289 4607 :
1320 4553 1542 4609 Immola
1574 4553 1682 4608 Deo
1727 4556 2044 4626 sacriﬁcium

2142 3359 2203 3404 ut
2243 3358 2458 3404 reatum
2499 3347 2654 3418 pravi
2683 3347 2859 3428 operis
2897 3363 3005 3404 vox
3039 3345 3394 3413 confessionis
3434 3348 3728 3420 impugnet.

2143 3439 2246 3497 Cor
2272 3442 2547 3508 contritum
2575 3449 2623 3494 et
2652 3438 3194 3512 humilitatumﬂeut.
3232 3457 3336 3504 non
3359 3439 3628 3510 despicies.
3721 3446 3724 3447 '

2210 3529 2302 3585 22.
2345 3529 2496 3584 Multi
2542 3529 2742 3594 habent
2767 3545 2864 3586 cor
2888 3530 3179 3592 contritum
3208 3571 3226 3598 ,
3255 3529 3348 3601 qui
3398 3545 3505 3596 non
3533 3529 3736 3585 habent

2142 3637 2239 3679 cor
2268 3620 2628 3676 hutniliatum.
2681 3619 2820 3675 Sunt
2847 3620 2994 3686 enim
3033 3620 3278 3701 plerique
3307 3619 3400 3696 qui
3425 3660 3439 3686 .
3481 3621 3586 3682 etsi
3613 3633 3736 3690 poc—

2143 3723 2264 3771 cata
2311 3729 2407 3778 sua
2437 3713 2651 3769 ﬂetibus
2688 3713 2910 3784 puniant
2934 3753 2954 3788 ,
3002 3729 3288 3796 pauperes,
3323 3724 3505 3778 tamen
3558 3715 3738 3785 oppri-

2143 3821 2293 3861 mere
2348 3805 2630 3876 potestatis
2673 3819 2784 3860 suac
2834 3803 3205 3872 deipatione
3251 3820 3362 3871 non
3389 3813 3623 3868 cessant.
3670 3802 3735 3858 lli

2145 3898 2394 3954 nimirum
2448 3912 2790 3976 nequaquam
2831 3912 3024 3968 purum
3076 3896 3400 3963 sacriﬁcium
3445 3898 3556 3962 D00
3601 3895 3733 3958 uie-

2143 3999 2308 4058 runt;
2349 3989 2476 4062 quia
2525 3989 2862 4054 detestabilis
2919 3989 3189 4060 superbiae
3236 3989 3366 4054 illud
3413 3988 3738 4053 admistione

2143 4087 2515 4150 corrumpunt.
2549 4077 2647 4133 Vel
2687 4079 2825 4136 sicut
2852 4077 3044 4146 beatus
3073 4077 3440 4160 Hieronymus
3473 4077 3580 4156 [In
3607 4079 3735 4138 [tunc

2144 4170 2333 4242 psalm.
2371 4167 2565 4241 lhuuc
2610 4169 2790 4234 locum
2833 4170 3096 4243 exponit,
3144 4170 3221 4228 illi
3267 4184 3362 4234 eor
3409 4179 3736 4239 conterunt,

2145 4264 2240 4319 sed
2272 4247 2694 4324 non'humiliant
2718 4305 2735 4331 ,
2757 4263 2848 4336 qui
2877 4273 3098 4344 peccata
3125 4261 3343 4335 quidem
3366 4277 3488 4338 qua:
3514 4264 3738 4330 commi-

2147 4365 2332 4412 serunt
2354 4355 2556 4420 deﬂent
2579 4397 2592 4424 ,
2634 4356 2733 4422 sed
2777 4365 2957 4422 tamen
2984 4355 3170 4422 eadem
3199 4358 3548 4420 committere
3579 4357 3741 4414 etiam

2148 4460 2272 4536 post
2309 4449 2466 4506 ﬂetus
2496 4466 2602 4516 non
2649 4450 2860 4516 timent,
2891 4451 3026 4516 Dum
3055 4451 3199 4516 enim
3244 4466 3492 4516 errorum
3521 4466 3742 4510 suorum

2151 4543 2588 4606 consideratione
2635 4543 2915 4608 revocati,
2949 4543 3016 4598 ad
3045 4558 3110 4608 ea
3147 4559 3268 4626 qua:
3307 4544 3627 4611 dimiserant
3654 4561 3739 4602 re-

454 4636 626 4693 laudis
650 4636 822 4710 (Psal.
853 4655 998 4706 χιιι,
1025 4642 1134 4714 Μ).
1161 4642 1225 4698 Ει
1244 4659 1453 4711 rursum
1485 4664 1497 4699 :
1523 4646 1851 4717 Sacriﬁcium
1875 4648 2050 4730 laudis
2070 4642 2124 4714 υ
2151 4635 2316 4690 deum
2338 4673 2353 4699 9
2381 4651 2440 4689 se
2469 4643 2660 4730 Οοιιῑτξ
2689 4635 3026 4730 ροηίὶὶιᾳιήεω.
3050 4652 3209 4701 suum
3237 4653 3336 4710 per
3364 4649 3532 4718 opera.
3559 4638 3742 4711 ρηγί-

456 4727 822 4800 ltonoriﬁeabit
841 4747 938 4786 me.
957 4729 1090 4788 Cum
1114 4749 1240 4802 ergo
1263 4735 1484 4798 dixisset
1510 4754 1522 4790 :
1548 4737 1624 4799 Os,
1643 4754 1810 4792 meum
1835 4727 2041 4804 annuit?

459 4820 608 4876 tiablt
634 4821 838 4877 laudern
868 4829 1037 4893 tuam,
1074 4826 1216 4881 illico
1251 4827 1524 4895 subjunxit
1555 4846 1568 4880 :
1602 4827 1857 4900 Quoniam
1887 4833 1933 4885 si
1958 4847 2045 4898 ro—

459 4911 640 4968 luissss
661 4915 992 4986 sacrificium,
1015 4910 1267 4984 dedissem
1285 4918 1474 4992 utique.
1491 4917 1570 4974 Ac
1581 4921 1625 4974 si
1651 4919 1791 4977 dicat
1813 4942 1824 4975 :
1853 4922 2044 4986 Laudis

459 5002 556 5058 tibi
585 5005 802 5059 oﬂeram
829 5007 1171 5074 sacriﬁcium,
1192 4996 1382 5062 sciens
1407 5009 1552 5078 quia,
1583 5011 1873 5066 carnalium
1905 5013 2044 5072 nolis

460 5091 856 5152 observantiam
882 5099 1343 5153 carcmoniarum.
1361 5099 1619 5176 Quoniam
1639 5104 1683 5157 si
1706 5103 1942 5168 voluisses
1955 5122 2043 5162 sa-

460 5187 734 5256 criﬁcium,
760 5187 1013 5243 dedissem
1027 5192 1218 5262 utique;
1238 5191 1548 5259 holocaustis
1570 5213 1672 5252 non
1691 5197 2040 5268 delectaberis.

461 5277 592 5334 Ideo
625 5280 751 5336 nolo
787 5281 1057 5339 conlidere
1103 5284 1155 5339 in
1186 5287 1418 5350 carnalis
1455 5288 1560 5356 ritu
1606 5290 1849 5346 sacrilicii
1871 5331 1884 5357 ,
1917 5293 2043 5366 quia

463 5370 578 5426 scio
599 5377 652 5426 te
679 5372 950 5429 hircorum
978 5383 1034 5430 et
1062 5377 1287 5433 arietum
1326 5380 1596 5438 occisione
1625 5399 1730 5438 non
1762 5384 2040 5442 delectari.

465 5458 547 5514 Tu
569 5475 628 5518 es
655 5465 798 5519 enim
828 5468 918 5536 qui
948 5469 1127 5525 dixisti
1156 5488 1168 5524 :
1196 5469 1321 5527 Non
1342 5475 1589 5543 accipiam
1610 5476 1672 5529 de
1698 5479 1849 5533 domo
1865 5491 1949 5532 tua
1970 5480 2046 5542 vi-

466 5551 630 5618 tulos,
661 5570 822 5626 neque
849 5557 911 5610 de
939 5560 1174 5630 gregibus
1209 5563 1306 5616 tuis
1353 5562 1544 5619 hircos.
1579 5565 1739 5639 (Ibid.
1775 5585 1921 5636 thx,
1967 5567 2042 5640 9).

537 5641 714 5712 (Vere.
742 5646 852 5716 18).
877 5648 1206 5721 Sacri/icium
1229 5651 1336 5708 Deo
1361 5694 1376 5720 ,
1408 5657 1617 5726 spiritus
1641 5651 2012 5716 contribulatus
2029 5678 2048 5716 :

468 5751 558 5794 cor
583 5742 860 5795 contritum
889 5751 938 5796 et
965 5743 1286 5800 ltumiliatum
1314 5745 1455 5803 Deus
1483 5768 1585 5805 non
1619 5753 1883 5823 despicies.

537 5832 628 5890 21.
668 5833 1016 5906 Nequaquam
1059 5852 1187 5893 vere
1237 5841 1606 5910 paenitentiam
1655 5847 1800 5917 agit,
1853 5848 1944 5918 qui
1983 5865 2048 5906 es

2153 4728 2276 4782 tatis
2303 4727 2589 4786 extollunt.
2618 4725 2693 4781 Ex
2725 4728 2989 4798 superbia:
3012 4745 3247 4801 namque
3274 4731 3407 4790 vitio
3435 4741 3518 4787 est
3541 4773 3562 4806 ,
3588 4732 3744 4786 timo-

2150 4835 2265 4874 rem
2312 4818 2408 4882 Dei
2463 4825 2852 4888 contemnere,
2895 4822 3190 4888 conditoris
3245 4831 3511 4898 prmoepta
3567 4837 3744 4895 prava:

2153 4909 2379 4965 actionis
2411 4911 2835 4982 transgressione
2862 4912 3073 4978 calcare
3095 4956 3112 4984 ,
3135 4899 3376 4978 cmlestis.
3397 4915 3520 4975 vitae
3550 4915 3744 4984 gaudia

2150 5016 2405 5056 mansura
2455 5003 2766 5074 negligere,
2798 5003 3162 5071 damnationis
3213 5014 3490 5078 perpetua:
3536 5007 3744 5068 infinita

2151 5095 2411 5165 supplicia
2446 5111 2558 5153 non
2590 5097 2802 5164 timere.
2834 5096 3055 5163 Illorqu
3086 5113 3216 5170 ergo
3247 5099 3575 5168 sacriﬁcium
3603 5101 3746 5161 Deus

2147 5201 2256 5241 non
2296 5187 2492 5268 accipit
2517 5229 2536 5266 ,
2559 5187 2650 5259 qui
2679 5189 2930 5262 lacryntis
2959 5190 3179 5261 quidem
3226 5207 3284 5250 se
3313 5196 3744 5266 compupctionis

2148 5277 2396 5344 abluunt,
2437 5280 2531 5340 sed
2576 5281 2816 5352 eisdem,
2858 5297 2888 5336 a
2943 5283 3139 5352 quibus.
3186 5295 3311 5346 ante
3339 5285 3588 5352 mundati
3624 5301 3744 5352 esse

2147 5369 2415 5440 videntur,
2444 5381 2792 5443 peccatorum
2809 5359 3045 5432 maculis
3072 5377 3126 5439 in
3149 5376 3380 5448 idipsum
3410 5389 3743 5446 revertentes

2148 5460 2483 5518 sordescunt.
2514 5463 2589 5519 De
2611 5465 2806 5530 talibus
2834 5467 3094 5537 scriptum
3114 5476 3235 5536 est:
3264 5468 3363 5544 Qui
3395 5471 3688 5541 baptizatur
3712 5489 3744 5526 α

2156 5562 2384 5619 mortuo,
2418 5564 2466 5608 et
2497 5556 2679 5609 iterum
2731 5559 2895 5629 tangit
2938 5575 3093 5628 eum,
3137 5561 3258 5633 quid
3286 5562 3498 5632 prodest
3555 5565 3741 5629 lauatio

2153 5646 2262 5718 ejus
2288 5646 2485 5720 (Eccli.
2514 5665 2694 5716 xxxrv,
2720 5649 2816 5723 50)
2835 5652 2857 5706 ?
2879 5651 2974 5707 llle
2996 5655 3195 5736 quippe
3220 5655 3432 5724 lavatur
3451 5672 3483 5716 a
3501 5668 3738 5740 monito,

2153 5741 2242 5810 qui
2275 5757 2373 5812 per
2411 5744 2780 5814 paenitentiam
2821 5747 3112 5815 mundatur
3140 5765 3170 5814 a
3199 5759 3446 5822 peccato,
3487 5750 3660 5823 Quem
3694 5751 3738 5806 si

2154 5835 2438 5904 contigerit
2484 5836 2671 5892 eadem
2716 5853 2836 5908 quae
2887 5842 3170 5912 punierat,
3223 5845 3469 5912 iterando
3517 5857 3736 5915 peccata
