4038 6338
329 365 431 429 597
1054 358 1121 415 lN
1158 357 1432 417 serram
1472 356 1720 419 essm.
1764 354 1943 415 roum

2065 352 2448 418 EXPOSITIO.
2490 382 2558 395 --
2598 354 2792 412 PSAL.
2834 356 2922 413 ιν.
3507 360 3612 417 598

326 477 704 547 committere,
734 474 871 543 nihil
906 472 1200 539 contulisse
1244 472 1457 537 videtur
1495 470 1734 535 adhibita
1763 469 1920 525 satis—
1948 471 2000 537 Α
2024 465 2229 527 hitasse
2273 466 2629 535 perhibentur
2657 466 2952 537 (Itidem).
2985 467 3121 528 Cum
3174 472 3321 530 enim
3348 470 3617 529 Christus

326 570 579 637 factionis
602 569 799 628 lavatio
825 610 842 638 ,
869 581 1031 643 quem
1057 564 1346 633 maculavit
1366 564 1705 625 inhonestius
1730 563 1921 621 iterata
2022 579 2152 627 vere
2180 564 2250 625 sit
2294 563 2485 623 Oriens
2511 606 2528 632 .
2559 565 2823 634 propheta
2879 572 3171 621 attestante
3209 567 3302 636 qui
3338 568 3448 621 sit:
3482 566 3619 623 Εοοε

326 661 579 727 facinoris
622 658 915 735 turpiluqu
960 656 1096 733 Quia
1143 656 1304 727 igitur
1340 656 1601 725 scriptum
1645 652 1923 724 esl,=Deu8
2025 661 2101 717 vir
2154 656 2343 719 Oriens
2383 675 2569 715 nomen
2617 660 2732 729 ejus
2774 657 2959 729 (Zach.
3008 674 3090 722 vt,
3136 657 3353 727 tenue
3400 659 3619 716 Oriente

328 755 562 825 superbis
620 756 855 821 resistit,
907 751 1181 813 humilibus
1234 759 1409 809 autem
1434 750 1524 809 dat.
1575 749 1801 823 gratiam
1850 745 1921 818 (ι
2025 752 2290 821 veniunt,
2319 750 2410 819 qui
2453 750 2702 809 auliristi
2731 751 3010 807 consortio
3034 751 3177 806 male
3204 752 3437 808 vivendo
3460 769 3615 809 recc-

332 845 478 901 Petr.
511 862 566 919 v,
581 844 634 927 5)
652 865 666 914 ;
684 846 807 907 illos
832 844 924 923 qui
947 842 1312 916 superbiende
1337 840 1407 903 ad
1429 848 1653 913 peccata
1676 838 1922 904 redeunt.
2027 844 2181 903 dunt.
2208 842 2449 901 Sennaar
2468 851 2649 901 autem
2674 843 3061 913 interpretatur
3083 846 3331 900 excussio
3355 845 3618 911 dentium,

332 938 511 994 divina
554 937 761 1009 iustitia
800 936 1028 1009 respuit.
1072 935 1201 999 illos
1228 948 1360 995 vero
1382 932 1475 1003 qui
1507 930 1833 993 continendo
1871 939 1929 985 et

331 1029 666 1091 humiliando
712 1036 837 1099 post
880 1040 1089 1097 tergum
1125 1042 1233 1093 non
1279 1024 1610 1099 respiciunt,
1642 1021 1926 1085 clementia

332 1118 428 1181 Dei
452 1136 560 1181 non
584 1120 972 1197 despicit,quia
992 1119 1254 1190 scriptum
1283 1124 1365 1183 est
1390 1133 1403 1185 ξ
1437 1114 1612 1186 Progne
1637 1123 1714 1175 est
1741 1113 1927 1179 Domi—

332 1231 428 1269 nus
452 1216 530 1271 his
577 1217 663 1285 qui
715 1214 964 1275 lribulato
997 1222 1117 1273 sunt
1161 1210 1348 1279 corde,
1381 1217 1429 1268 et
1480 1209 1698 1269 humiles
1744 1208 1931 1279 spiritu

332 1305 550 1361 salvabit
584 1306 811 1377 (l‘salm.
840 1321 1008 1365 XXXIII
1032 1344 1050 1373 ι
1080 1302 1195 1375 19),

406 1398 583 1469 (Vers.
618 1397 732 1469 19.)
759 1398 989 1470 Benigne
1023 1396 1394 1478 {ac,‘Dominc,
1425 1396 1481 1451 in
1508 1394 1643 1452 bona
1672 1393 1933 1451 voluntate

335 1498 424 1549 tua
452 1490 584 1546 Sion
610 1531 626 1557 ,
650 1500 704 1547 ut
732 1492 1057 1561 aediﬁcentur
1087 1491 1225 1549 muri
1253 1489 1570 1545 Jerusalem.

405 1581 495 1636 23.
536 1582 666 1639 Sion
693 1584 994 1654 speculatio
1022 1583 1425 1652 interpretatur,
1440 1594 1537 1651 per
1557 1593 1718 1647 quam
1745 1583 1931 1637 sancta

332 1671 669 1740 significatur
690 1670 953 1727 Ecclesia.
974 1670 1109 1738 Quia
1134 1672 1187 1727 in
1208 1669 1657 1729 eminentioribus
1675 1670 1931 1727 virtutum

334 1772 392 1827 et
436 1763 674 1821 scientia:
720 1764 900 1825 locata
938 1750 1177 1833 vestigiis
1201 1802 1215 1828 ,
1247 1772 1303 1825 et
1324 1762 1607 1825 caelestem
1644 1762 1876 1834 patriam
1902 1777 1932 1818 a

2029 935 2147 992 sive
2175 935 2337 995 imtor
2366 950 2575 993 eorum.
2607 934 2667 991 In
2696 950 2888 1007 campo
2914 951 3045 1006 ergo
3073 936 3321 995 Sennaar
3348 938 3625 1005 habitant,

2030 1030 2124 1101 qui
2150 1029 2310 1098 positi
2355 1044 2465 1085 non
2512 1028 2566 1083 in
2615 1028 2934 1084 celsitudine
2974 1029 3256 1097 virtutum,
3287 1030 3381 1085 sed
3420 1030 3473 1084 in
3505 1031 3625 1099 pla-

2031 1121 2167 1177 nitie
2194 1121 2479 1183 vitiorum,
2511 1128 2566 1175 et
2610 1120 3004 1175 detractionum
3034 1122 3302 1176 morsibus
3351 1122 3628 1192 proximos

2032 1204 2273 1271 lacerant
2291 1254 2307 1280 ,
2329 1220 2384 1268 et
2412 1213 2466 1267 in
2494 1210 2685 1269 otiosae
2708 1210 2832 1266 vitae
2860 1211 3146 1267 volutahro
3172 1212 3416 1281 iacentes
3441 1255 3457 1279 ,
3491 1213 3630 1267 infa-

2033 1305 2156 1361 mia:
2184 1319 2297 1361 sum
2334 1305 2762 1374 circumquaque
2796 1302 3044 1358 fauorem
3074 1306 3351 1359 exhalant.
3386 1303 3630 1371 Quorum

2035 1395 2227 1453 dentes
2249 1402 2379 1451 tunc
2427 1395 2772 1465 omnipotens
2801 1394 3046 1460 excutit,
3088 1410 3210 1449 cum
3240 1395 3457 1451 illorum
3489 1395 3632 1450 facta

2034 1488 2195 1549 simul
2220 1495 2275 1544 et
2300 1487 2465 1545 verba
2514 1486 2814 1545 confundit.
2846 1485 3004 1541 Unde
3026 1500 3126 1555 per
3152 1488 3474 1556 prophetam
3500 1487 3633 1542 scri-

2036 1589 2191 1651 ptum
2219 1588 2302 1637 est
2328 1597 2341 1633 :
2374 1579 2567 1637 Dentes
2594 1589 2923 1648 peccatorum
2950 1579 3232 1635 contrivisti
3277 1578 3401 1648 (Ps.
3424 1595 3518 1643 ιιι,
3544 1578 3631 1649 8).

2036 1669 2106 1731 Et
2136 1673 2331 1729 iterum
2355 1690 2369 1725 :
2401 1672 2655 1729 Dominus
2680 1679 2906 1728 conteret
2932 1672 3111 1728 dentes
3138 1688 3315 1727 eorum
3356 1674 3413 1729 in
3440 1688 3531 1727 ore
3556 1673 3639 1743 ip-

2039 1782 2215 1825 sorum
2232 1783 2249 1831 ;
2274 1765 2442 1823 molas
2472 1766 2676 1821 leonum
2706 1763 3000 1835 confringet
3028 1762 3287 1819 Dentinus
3312 1761 3331 1835 (
3352 1761 3505 1817 Psal.
3528 1776 3637 1831 vn,

332 1856 496 1925 longe
537 1854 829 1926 prospicit,
855 1864 909 1917 et
940 1855 1209 1915 irruentes
1238 1854 1562 1925 spiritalium
1592 1855 1933 1913 inimicorum
1966 1859 2014 1929 Β
2042 1857 2176 1929 5?).
2203 1857 2339 1915 Nam
2366 1858 2434 1914 de
2481 1857 2682 1913 foetore
2735 1872 2925 1913 eorum
2976 1870 3076 1928 per
3109 1857 3277 1912 alium
3316 1856 3639 1925 prophetam

335 1964 539 2005 cuneos
576 1947 823 2005 interiori
862 1947 1057 2007 intuitu
1093 1946 1469 2017 deprehendit.
1503 1946 1603 2003 Cui
1631 1946 1777 2005 Deus
1804 1953 1933 2005 tunc

335 2038 566 2107 benigne
589 2035 715 2094 fecit
732 2078 746 2104 ,
768 2037 983 2106 quando
1014 2036 1183 2097 ﬁlium
1210 2052 1366 2097 suum
1395 2037 1451 2091 in
1472 2037 1734 2095 mundum
1763 2038 1927 2093 misit.

332 2126 571 2184 Veniens
617 2134 798 2183 autem
829 2127 997 2187 Filius
1043 2125 1169 2194 Dei,
1192 2126 1542 2198 quaur507
1574 2125 1641 2182 de
1670 2125 1933 2183 diabolica

334 2228 610 2293 potcState
655 2220 853 2291 eripit,
884 2228 1126 2277 sanctam
1170 2219 1273 2275 sibi
1313 2218 1613 2279 Ecclesiam
1641 2220 1698 2275 in
1727 2220 1935 2276 unitate

334 2311 560 2382 spiritus
611 2310 1019 2371 confoederavit.
1068 2309 1145 2369 De
1196 2326 1304 2383 quo
1357 2309 1596 2369 Joannes
1636 2312 1711 2371 ait
1756 2329 1770 2365 :
1835 2312 1936 2377 Qui

338 2404 490 2460 habet
539 2422 783 2476 sponsam
812 2446 828 2479 η
855 2421 1075 2475 sponsus
1119 2413 1194 2459 est
1226 2403 1452 2477 (Joann.
1507 2421 1563 2460 ιιι
1588 2445 1605 2473 ,
1643 2405 1763 2476 l9).
1798 2405 1935 2473 Quid

339 2506 521 2559 autem
545 2498 827 2569 benignius
850 2539 865 2565 ,
891 2514 1052 2571 quam
1082 2498 1275 2557 Filium
1301 2498 1398 2555 Dei
1426 2498 1679 2563 servilem
1707 2498 1934 2555 fortnam

338 2588 563 2647 induere
585 2589 807 2663 (Philip.
841 2599 919 2659 tt),
947 2591 1138 2653 mortis
1164 2590 1372 2661 legibus
1394 2589 1697 2659 subiacere,
1716 2590 1936 2662 pr0prio

340 2685 601 2755 sanguine
632 2701 731 2755 nos
766 2686 1032 2747 redimere
1055 2725 1072 2753 ,
1102 2696 1319 2745 aeternae
1348 2688 1471 2745 vitae
1500 2687 1703 2747 aditum
1728 2727 1743 2755 ,
1775 2703 1937 2758 quem

338 2778 497 2847 culpa
526 2779 889 2847 obstruxerat,
910 2780 1156 2850 aperire;
1180 2794 1411 2852 corpore
1432 2796 1533 2835 suo
1560 2796 1660 2836 nos
1690 2796 1935 2851 pascere,

339 2877 398 2925 et
426 2869 491 2925 de
518 2871 865 2927 tenebrarum
894 2879 1165 2941 potestate
1188 2880 1372 2929 erutos
1388 2910 1404 2938 ,
1428 2870 1497 2926 ad
1522 2871 1800 2929 ccelestem
1823 2874 1941 2941 glo-

338 2962 475 3017 riam
502 2970 557 3018 et
578 2963 644 3017 ad
668 2978 893 3035 regnum
916 2979 1014 3023 nos
1036 2964 1173 3019 lucis
1194 2964 1527 3023 transferre?
1545 2964 1684 3031 Quid
1708 2965 1942 3037 denique

336 3053 625 3123 benignius
657 3040 819 3127 quam
850 3054 997 3125 quod
1027 3052 1171 3113 Deus
1219 3054 1440 3113 tradidit
1468 3052 1637 3117 ﬁlium
1663 3094 1679 3121 ,
1706 3064 1765 3110 ut
1794 3056 1939 3113 redi-

341 3154 518 3203 n-eret
543 3149 804 3205 servum?
835 3146 1231 3223 Benignitatem
1260 3147 1611 3207 nihilominus
1634 3148 1731 3207 Dei
1761 3150 1940 3221 quati-

2036 1951 2295 2022 scriptum
2334 1958 2416 2007 est
2448 1968 2462 2005 :
2494 1950 2929 2022 Computruerunt
2950 1949 3191 2020 jumenta
3216 1950 3273 2005 in
3300 1956 3526 2003 stercore
3548 1963 3639 2002 suo

2037 2044 2197 2116 (Joel.
2230 2060 2278 2108 ι,
2308 2042 2373 2096 17
2394 2042 2434 2113 ).
2464 2043 2918 2113 Computrescere
2960 2040 3207 2110 iumenta
3229 2080 3245 2105 ,
3282 2048 3367 2095 est
3395 2040 3642 2097 carnales

2039 2136 2289 2192 homines
2314 2136 2367 2189 in
2388 2134 2585 2191 {retere
2613 2134 2837 2189 luxuriae
2853 2132 3021 2193 vitam
3046 2130 3219 2187 ﬁnire.
3246 2130 3313 2185 Et
3336 2130 3503 2186 lsalas
3531 2130 3633 2185 ait:

2040 2228 2115 2285 Et
2153 2230 2253 2283 erit
2297 2245 2393 2300 pro
2441 2228 2585 2282 suavi
2632 2227 2792 2282 odore
2838 2227 3009 2297 fmtor,
3061 2241 3156 2294 pro
3202 2240 3336 2279 aena
3387 2221 3645 2293 funiculus

2043 2321 2181 2393 (lsa.
2210 2336 2287 2385 ιιι,
2318 2319 2388 2372 24
2407 2318 2448 2389 ).
2468 2318 2605 2385 Quia
2636 2318 2890 2372 nimirum
2916 2316 2971 2369 hi
3001 2315 3153 2385 pravi
3183 2314 3367 2384 operis
3396 2312 3643 2368 timorem

2040 2413 2334 2476 emittunt,
2365 2412 2459 2480 qui
2486 2409 2702 2479 abiecto
2750 2407 2969 2475 cingulo
3009 2404 3277 2461 castitatis
3302 2444 3317 2468 ,
3350 2401 3643 2458 funiculum

2041 2503 2293 2559 intexunt
2319 2500 2571 2556 lasciviat.
2606 2498 2685 2553 De
2712 2497 2907 2568 quibus
2932 2495 3131 2552 dicitur
3154 2508 3251 2565 per
3278 2493 3641 2566 prophetam:

2052 2595 2143 2653 γω
2165 2595 2250 2665 qui
2274 2592 2433 2647 trahit
2457 2599 2673 2661 peccata
2694 2591 2826 2645 sicut
2845 2598 3032 2644 restent
3047 2589 3256 2659 longam
3272 2585 3427 2656 (lsai.
3446 2600 3502 2649 v,
3527 2584 3642 2654 18).

2044 2688 2238 2744 Merito
2286 2700 2418 2754 ergo
2446 2685 2537 2754 qui
2586 2684 2640 2740 in
2688 2684 2935 2741 Scnnaar
2966 2684 3215 2739 habitant
3238 2725 3252 2748 ,
3277 2680 3347 2737 de
3388 2680 3647 2735 lateribus

2044 2781 2318 2836 civitatem
2362 2777 2633 2833 aediﬁcant
2655 2817 2673 2844 ,
2702 2776 2827 2846 quia
2860 2777 2951 2845 qui
2998 2776 3227 2831 terrenis
3249 2774 3432 2829 'dediti
3474 2780 3604 2828 sunt
3626 2812 3641 2837 ,

2046 2872 2417 2942 voluptatibus
2469 2871 2650 2924 carnis
2701 2869 3043 2933 inserviunt,
3076 2867 3146 2922 de
3195 2866 3371 2937 fragili
3420 2862 3646 2919 materia

2047 2966 2246 3021 mentis
2277 2964 2635 3021 mutationem
2663 2960 2941 3015 attollunt.

2117 3078 2208 3134 25.
2250 3076 2514 3133 Caeterum
2545 3075 2635 3147 qui
2659 3082 2971 3147 contempta
3003 3081 3342 3129 terrenarum
3363 3085 3527 3143 opum
3556 3084 3649 3127 cu-

2047 3172 2272 3243 piditate
2322 3171 2518 3242 503,
2576 3176 2631 3223 et
2678 3167 2907 3223 carnalis
2962 3166 3087 3221 vita:
3144 3164 3409 3221 abdicatis
3462 3163 3650 3220 illece-

341 3240 432 3303 die
480 3242 643 3305 sentit
694 3240 963 3309 Ecclesia,
997 3258 1119 3303 cum
1171 3241 1318 3305 illam
1365 3242 1508 3301 Deus
1555 3241 1806 3300 claritate
1832 3258 1941 3301 sua:

2051 3267 2180 3326 bris.
2202 3280 2301 3334 per
2330 3277 2494 3333 Opera
2524 3260 2827 3317 sanctitatis
2851 3261 3113 3315 virtutum
3142 3260 3197 3314 in
3236 3255 3651 3331 seipsis-sancti-

341 3333 671 3402 cognitionis
700 3332 1001 3403 illuminat,
1033 3333 1174 3395 inter
1204 3334 1386 3393 saeculi
1412 3333 1657 3391 turbines
1684 3332 1943 3391 ﬂuctuan-

343 3433 454 3481 tem
484 3425 704 3495 spiritus
734 3426 817 3481 sni
846 3426 1044 3481 virtute
1072 3424 1360 3487 conﬁrmat
1383 3464 1398 3491 .
1429 3426 1713 3483 suavitatis
1741 3426 1942 3481 intima!

342 3513 550 3571 deliciis
579 3516 791 3581 reiicit,
826 3523 987 3582 atque
1032 3530 1128 3589 per
1174 3529 1295 3581 eam
1337 3515 1689 3591 peccantibus
1717 3526 1945 3584 peccata

344 3606 591 3667 dimittit.
640 3606 707 3659 Et
752 3606 1050 3665 notandum
1077 3608 1223 3683 quod
1251 3605 1365 3663 ait:
1397 3604 1465 3661 In
1517 3604 1651 3663 bona
1684 3607 1947 3662 roluntate

347 3707 474 3764 tua,
506 3707 564 3753 ut
604 3698 873 3769 intelligas
924 3698 1057 3757 nihil
1107 3696 1408 3769 perfectum
1453 3698 1645 3757 haberi
1682 3715 1842 3769 posse
1880 3717 1947 3755 ex

342 3792 587 3861 meritis,
617 3792 709 3851 sed
743 3800 953 3853 tantum
984 3791 1220 3849 conterri
1241 3794 1476 3863 gratuito
1499 3808 1726 3851 munere
1756 3795 1948 3853 divinae

346 3885 729 3941 miserationis.
757 3882 825 3940 Ut
852 3886 1177 3955 rediﬁcentur
1206 3887 1338 3941 muri
1365 3883 1682 3943 Jerusalem.
1719 3885 1826 3945 Per
1853 3886 1948 3944 Je-

346 3978 611 4045 rusalem,
643 3994 761 4049 quae
792 3978 925 4035 visio
955 3978 1103 4053 pacis
1133 3979 1540 4049 interpretatur,
1558 3988 1743 4039 sancta
1769 3981 1948 4038 anima

350 4072 637 4140 accipitur,
688 4084 807 4141 quae
850 4071 1088 4127 futuram
1148 4078 1465 4129 sanctorum
1520 4087 1711 4145 pacem
1753 4076 1950 4131 mentis

352 4165 551 4225 intuitu
590 4164 853 4234 conspicit
878 4182 892 4231 ;
920 4171 976 4223 et
1006 4163 1256 4221 omnibus
1281 4163 1337 4222 in
1364 4179 1424 4220 se
1452 4165 1790 4223 mortiﬁcatis
1818 4168 1949 4228 hos-

355 4259 499 4321 tibus
524 4301 542 4329 ,
570 4258 882 4319 illicitorum
912 4266 1159 4317 motuum
1187 4257 1654 4330 impugnationem
1683 4277 1794 4321 non
1821 4277 1940 4319 sen-

356 4351 440 4407 tit.
492 4349 657 4421 Cujus
707 4350 847 4411 muri
894 4350 1126 4406 virtutes
1179 4357 1347 4417 sunt,
1388 4366 1525 4422 quos
1568 4352 1662 4413 ille
1696 4354 1951 4411 nimirum

357 4443 583 4505 aediﬁcet
603 4484 619 4515 ,
646 4442 737 4517 qui
766 4458 831 4501 ex
862 4442 1116 4517 operibus
1134 4441 1359 4512 iustitiae
1376 4451 1431 4498 et
1450 4444 1690 4514 pietatis,
1712 4447 1954 4517 spiritale

359 4545 675 4593 construere
715 4534 999 4595 mdiﬁcium
1021 4550 1130 4592 non
1154 4542 1349 4599 cessat.
1370 4532 1751 4608 Unusquisque
1770 4546 1955 4593 autem

2046 3358 2350 3413 ticationem
2381 3355 2749 3421 accumulant,
2773 3354 2828 3407 bi
2862 3351 3111 3423 profecto
3140 3352 3338 3407 lateres
3368 3351 3421 3405 in
3447 3349 3652 3419 lapides

2046 3458 2279 3506 mutant.
2310 3448 2379 3501 Et
2420 3461 2598 3516 neque
2649 3447 2703 3501 in
2760 3461 2926 3500 arena
2975 3445 3265 3499 mundanae
3308 3442 3649 3500 conﬁdentiae

2046 3538 2342 3609 spiritalem
2375 3544 2701 3591 structuram
2731 3533 3014 3606 erigunt(l
3042 3534 3161 3590 Cor.
3197 3533 3387 3604 x),sed
3415 3534 3470 3588 in
3500 3540 3654 3605 petra

2050 3633 2174 3689 ﬁdei
2204 3674 2217 3697 ,
2243 3647 2364 3703 qua:
2388 3630 2638 3687 Christus
2665 3639 2748 3685 est
2774 3629 2988 3701 (Matth.
3014 3632 3110 3699 vn)
3136 3671 3149 3695 ,
3185 3629 3320 3687 atria
3351 3629 3481 3684 nulli
3507 3628 3656 3685 exci-

2051 3728 2141 3783 dio
2171 3726 2427 3796 obnoxia,
2446 3726 2512 3780 ad
2533 3723 2934 3780 similitudinem
2966 3723 3305 3795 Evangeliczc
3334 3724 3476 3778 illius
3506 3739 3658 3794 para-

2050 3820 2188 3875 bolze
2242 3820 2591 3875 constituunt.
2642 3816 2799 3872 Tales
2854 3817 3105 3873 nimirum
3160 3826 3306 3875 recte
3354 3833 3473 3873 cum
3519 3817 3655 3872 lsaia

2051 3920 2282 3983 possunt
2310 3912 2523 3966 dicere:
2558 3907 2768 3963 Lateres
2801 3909 3131 3973 ceciderunt,-
3160 3909 3251 3963 sed
3279 3910 3492 3981 quadris
3523 3909 3659 3979 lapi-

2052 4005 2201 4059 dibus
2230 4005 2600 4075 (ediﬁcabimus
2626 4021 2641 4059 :
2664 4020 2960 4075 sycomoros
2984 4003 3333 4068 succiderunt,
3358 4002 3447 4057 sed
3477 4002 3656 4057 cedrus

2051 4096 2615 4167 immutabimus(1sai.
2644 4112 2732 4158 ιχ,
2764 4094 2873 4164 10).
2909 4093 3190 4148 Lateribus
3220 4094 3417 4161 quippe
3456 4094 3653 4147 caden-

2055 4191 2197 4245 tibus
2220 4232 2233 4256 ,
2259 4190 2523 4261 lapidibus
2566 4187 2787 4256 quadris
2835 4186 3069 4240 :cdiﬁcat
3093 4228 3108 4252 ,
3139 4186 3447 4257 quicunque
3482 4186 3659 4241 carnis

2056 4282 2328 4339 lasciviam
2382 4280 2679 4350 disciplinac
2730 4278 3015 4335 strictioris
3061 4279 3241 4349 rigore
3270 4279 3536 4350 castigat,
3567 4280 3662 4351 qui

2056 4374 2423 4430 membrorum
2449 4373 2622 4440 legem
2652 4370 2848 4424 mentis
2875 4371 2992 4440 lege
3013 4380 3235 4441 superat
3257 4412 3271 4438 ,
3300 4373 3390 4440 qui
3414 4370 3659 4442 corporis

2058 4466 2425 4521 fortitudinem
2450 4462 2667 4533 spiritus
2689 4462 2888 4518 virtute
2909 4472 3225 4520 commutat.
3268 4464 3405 4521 llinc
3428 4478 3660 4535 namque

2059 4574 2157 4629 per
2203 4557 2523 4627 prophetam
2567 4554 2805 4609 dicitur:
2841 4554 2943 4619 Qui
2976 4557 3245 4628 conﬁdunt
3285 4558 3339 4612 in
3389 4556 3613 4612 Domino
3642 4598 3658 4625 ,

358 4622 813 4694 Jerusalem,'aut
856 4626 1152 4701 Babylonis
1194 4626 1326 4685 civis
1365 4635 1469 4689 est.
1499 4626 1653 4687 Sicut
1681 4630 1826 4687 enim
1858 4645 1943 4699 per

2062 4622 2331 4700 initiabunt
2379 4644 2731 4715 fortitudinem
2756 4643 2891 4714 (Isa.
2940 4661 3038 4712 XL,
3072 4622 3190 4717 3i).
3233 4645 3337 4712 Qui
3385 4647 3511 4702 dum
3554 4622 3662 4700 non

360 4740 602 4793 amorem
645 4723 742 4787 Dei
784 4735 1005 4789 sanctus
1042 4723 1271 4795 quisque
1298 4720 1601 4781 Jerusalem
1626 4723 1762 4781 civis
1780 4720 1955 4778 elﬁci-

362 4824 482 4882 tur;
516 4817 591 4875 ita
613 4831 710 4891 per
735 4830 979 4877 amorem
1007 4814 1217 4883 amenti,
1246 4812 1429 4875 omnis
1453 4812 1671 4883 iniun
1695 4813 1751 4870 in
1779 4812 1955 4882 Baby-

361 4910 521 4975 lonia:
541 4918 814 4973 structura
840 4916 1119 4980 operatur.

424 4997 525 5057 24.
568 5001 652 5058 Ad
694 4999 1123 5063 construendum
1158 5006 1341 5061 autem
1365 4997 1525 5067 hujus
1561 4998 1825 5069 spiritalis
1850 4999 1955 5054 Ba.

365 5093 594 5168 bylonia:
640 5094 957 5162 aediﬁcium,
990 5092 1233 5165 perversi
1278 5092 1481 5161 quique
1526 5093 1673 5151 illius
1722 5096 1956 5165 antiqua

363 5188 533 5246 Bahel
561 5190 578 5261 (
603 5188 732 5247 Ceu.
765 5187 863 5258 xi)
892 5187 1170 5253 imitantur
1217 5185 1545 5255 exemplum.
1576 5186 1743 5258 Cujus
1770 5229 1786 5255 ,
1820 5196 1958 5245 teste

362 5290 553 5339 sancta
596 5280 877 5357 Scriptura
900 5320 919 5353 ,
948 5280 1183 5349 civitatis
1234 5288 1527 5346 auctores,
1565 5289 1623 5338 et
1674 5296 1772 5352 pre
1813 5285 1959 5339 saxis

364 5375 597 5443 lateres,
629 5378 686 5432 et
712 5389 812 5445 pro
842 5382 1109 5433 caemento
1133 5373 1381 5433 bitumen
1407 5373 1661 5435 habuisse
1686 5375 1956 5444 leguntur.

365 5467 472 5529 Per
499 5469 643 5543 quod
690 5467 1004 5538 intelligitur
1030 5466 1180 5535 quod
1216 5467 1403 5523 mundi
1430 5475 1703 5525 amatores
1728 5470 1961 5526 carnalis

365 5563 492 5618 vitae
544 5568 864 5619 construunt
901 5557 1463 5628 municipium,qu
1506 5559 1575 5615 ad
1620 5559 1729 5616 vim
1770 5568 1962 5617 vento-

367 5669 523 5718 rum,
556 5661 611 5708 et
650 5653 881 5723 impetus
916 5650 1106 5719 ﬂuvii,
1146 5650 1289 5706 facili
1316 5652 1555 5722 impulsu
1601 5654 1856 5710 velociter
1882 5663 1964 5711 est

2064 4739 2232 4803 dixit,
2264 4737 2558 4805 accipient,
2583 4737 2679 4792 sed
2708 4738 2994 4792 mutabunt
3024 4779 3038 4804 ,
3063 4748 3247 4808 aperte
3278 4738 3513 4795 ostendit
3535 4738 3663 4808 quia

2065 4830 2167 4885 alia
2193 4837 2275 4884 est
2300 4828 2558 4884 fortitudo
2587 4845 2705 4900 quae
2736 4828 3045 4905 deponitur,
3078 4839 3132 4883 et
3163 4830 3265 4882 alia
3295 4844 3413 4895 quae
3443 4830 3659 4885 novitcr

2067 4922 2373 4978 inchoatur.
2394 4920 2607 4976 Habent
2626 4921 2767 4975 enim
2790 4920 2965 4976 sancti
2986 4920 3083 4974 viri
3113 4935 3263 4973 suam
3294 4918 3347 4972 in
3373 4919 3475 4973 hac
3499 4933 3665 4975 carne

2064 5017 2225 5088 positi
2256 5017 2618 5071 fortitudinem
2645 5059 2661 5085 ,
2692 5031 2815 5073 cum
2843 5015 2929 5073 vel
2952 5031 3050 5097 pro
3080 5014 3185 5070 ﬁde
3212 5022 3521 5081 certantes,
3552 5023 3664 5070 tor-

2065 5115 2247 5163 menta
2276 5107 2455 5162 omnia
2484 5107 2799 5163 constantiae
2835 5106 3034 5162 virtute
3065 5105 3403 5176 despiciunt,
3427 5106 3513 5161 vel
3546 5117 3664 5160 tuna

2064 5196 2296 5252 taliones
2340 5195 2635 5252 diabolicas
2667 5198 2829 5252 armis
2864 5196 3195 5267 spiritalibus
3224 5196 3454 5267 protecti
3484 5194 3666 5265 repel-

2064 5289 2201 5345 lunt.
2235 5288 2312 5343 De
2349 5288 2426 5343 eis
2466 5303 2696 5359 namque
2722 5303 2820 5359 per
2846 5286 3193 5343 Salomonem
3237 5287 3496 5367 scriptum
3538 5294 3621 5340 est
3651 5302 3663 5339 :

2065 5384 2149 5440 En
2180 5386 2419 5440 lectulum
2470 5384 2769 5440 Salomonis
2818 5387 3091 5457 sexaginta
3120 5387 3280 5458 fortes
3325 5380 3560 5439 ambiunt
3596 5398 3661 5437 ea:

2075 5478 2372 5549 fortissimis
2398 5474 2570 5531 Israel
2590 5476 2762 5547 (Cant.
2794 5490 2851 5530 ιιι
2875 5518 2889 5543 ,
2916 5476 3003 5548 '7).
3029 5476 3315 5539 Lectulum
3339 5478 3541 5549 quippe
3564 5474 3666 5531 Sa-

2075 5569 2306 5624 lomonis
2330 5570 2493 5624 fortes
2514 5566 2778 5635 ambiunt,
2816 5568 2939 5638 quia
2963 5567 3205 5623 intimam
3236 5569 3405 5626 nostri
3430 5568 3665 5625 Redem-
3728 5563 3735 5571 “

2071 5662 2243 5732 ptoris
2259 5661 2518 5730 requiem,
2538 5660 2706 5713 sancti
2732 5676 2927 5730 quique
2952 5660 3217 5719 indefessa
3230 5662 3478 5719 desiderii
3502 5660 3664 5717 scdu-

368 5746 759 5803 subrncndum.
790 5744 1099 5801 Notandum
1134 5759 1266 5801 vero
1295 5752 1379 5802 est
1415 5746 1541 5815 quia
1571 5746 1649 5803 illi
1676 5747 1743 5803 de
1770 5748 1967 5817 quibus
2072 5755 2219 5808 litate
2243 5752 2694 5820 contemplantur.
2720 5751 2856 5807 llinc
2884 5752 2951 5809 de
2981 5764 3160 5810 sancta
3188 5754 3424 5809 Ecclesia
3456 5755 3665 5806 electo-

372 5840 570 5910 agitur,
591 5840 659 5897 de
684 5840 903 5897 Oriente
931 5839 1180 5907 venisse,
1212 5847 1268 5897 et
1295 5840 1348 5897 in
1368 5853 1563 5911 catnpo
1590 5840 1833 5897 Sennaar
1862 5844 1963 5899 ha-

2072 5863 2187 5901 mi“
2230 5844 2459 5900 ἀίεῖῑιῐΐῒ
2519 5840 2792 5900 Fortitudo
2841 5856 2886 5899 et
2942 5846 3091 5901 (levor
3144 5847 3495 5901 indumentum
3549 5841 3665 5908 «jus
