4038 6338
386 315 491 372 599

1590 297 1835 359 SANCTI
1873 297 2198 356 GREGORII
2235 298 2450 360 MAG-Nl

3565 297 3689 358 600

382 431 569 504 (Prov.
598 440 758 494 xxxr,
788 422 905 495 25).
934 421 1038 490 Qui
1057 422 1203 480 enim
1227 419 1299 479 ita
1327 433 1387 478 se
1417 419 1472 476 in
1498 418 1786 476 virtutibus
1811 418 1976 473 deco-
2005 423 2053 480 Α
2080 427 2305 490 peccato
2334 417 2529 475 orabit.
2558 414 2620 472 ln
2662 420 2870 471 tantum
2899 421 3135 482 namque
3162 416 3446 483 peccatum
3467 411 3689 469 delebi-

377 537 503 579 rum
532 518 788 586 exhibet,
813 522 875 572 ut
901 524 1081 571 tamen
1104 516 1463 572 tentationum
1492 510 1983 584 impugnationibus

381 630 495 670 non
522 616 816 682 repugnet,
836 608 924 663 hic
960 607 1212 662 nimirum
1243 607 1440 661 decore
1462 604 1528 659 ad
1552 611 1767 672 tempus
1806 600 1981 655 indui-

382 714 491 771 tur,
515 705 611 761 sed
654 701 968 759 fortitudine
1013 714 1351 769 nequaquam
1389 697 1633 753 vestitur.
1678 694 1819 761 Quia
1847 709 1979 749 vero

379 799 559 856 sancti
600 796 695 851 Dei
739 803 795 850 et
822 810 891 851 ex
925 793 1181 863 operibus
1200 791 1421 861 iustitiae
1446 788 1629 857 fulgidi
1656 829 1671 853 ,
1702 796 1754 842 et
1783 802 1850 841 ex
1880 785 1978 841 ad-

382 889 749 946 versariorum
781 893 1045 958 apparent
1068 880 1767 955 impugnationibus.vestiti
1791 918 1806 944 ,
1831 886 1980 935 recte

384 981 454 1037 de
478 981 560 1036 eis
588 981 687 1035 sub
708 987 837 1051 typo
872 977 1126 1033 Ecclesiae
1155 976 1385 1030 dicitur:
1419 972 1697 1028 Fortitudo
1736 979 1786 1026 et
1827 971 1980 1026 decor

379 1072 742 1127 indumentum
770 1072 904 1141 ejus.
936 1066 1188 1136 Quisquis
1216 1080 1344 1135 ergo
1375 1064 1586 1119 inﬁrma
1616 1064 1794 1120 carnis
1822 1063 1978 1117 forti-

383 1165 572 1220 tudine
619 1172 931 1234 contempta
954 1204 968 1228 ,
1009 1164 1062 1217 in
1099 1161 1253 1217 virile
1294 1160 1516 1231 spiritus
1546 1158 1713 1214 robur
1746 1158 1979 1211 animam
2014 1229 2029 1239 ν

379 1257 611 1325 excitat,
634 1256 788 1326 quasi
814 1256 1011 1310 lateres
1035 1254 1086 1308 iu
1108 1269 1235 1309 saxa
1257 1293 1274 1319 ,
1297 1252 1490 1321 quibus
1518 1250 1658 1305 muri
1684 1247 1981 1304 Jerusalem

373 1348 742 1415 aediﬁcentur,
773 1354 1089 1403 commutat.
1122 1345 1412 1400 Possumus
1453 1356 1670 1413 quoque
1699 1354 1796 1411 per
1824 1338 1981 1394 Jeru-

370 1480 374 1483 η
430 1443 585 1517 ,ιθω,
632 1441 777 1495 illam
818 1448 1060 1495 sanctam
1105 1438 1376 1494 civitatem
1425 1436 1708 1505 accipere,
1750 1448 1870 1502 quae
1913 1446 1981 1488 ex

343 1535 523 1593 ~-Jivis
553 1534 818 1604 lapidibus
858 1534 910 1587 in
955 1532 1108 1587 ctelis
1135 1530 1465 1586 construitur
1496 1530 1689 1599 (Apoc.
1724 1524 1853 1596 xxi)
1878 1567 1891 1591 ,
1925 1531 1980 1579 et

384 1627 527 1683 sicut
554 1641 753 1697 sponsa
784 1632 975 1680 ornata
1023 1624 1142 1679 viro
1170 1639 1269 1680 suo
1300 1639 1330 1677 a
1361 1623 1471 1678 Deo
1502 1628 1742 1692 paratur.
1786 1618 1862 1673 De
1891 1617 1981 1672 illa

379 1733 623 1787 namque
651 1717 781 1774 dicit
827 1716 1140 1786 apostolus:
1178 1715 1283 1770 Illa
1310 1722 1477 1768 autem
1520 1728 1633 1784 quae
1674 1727 1877 1765 sursum
1906 1718 1984 1763 est

383 1808 678 1863 Jerusalem
698 1808 863 1862 libera
884 1816 985 1875 est,
1000 1822 1118 1879 qua:
1136 1814 1212 1860 est
1230 1814 1395 1859 mater
1415 1812 1593 1858 nostra
1608 1801 1750 1875 (Gal.
1770 1818 1839 1863 ιν,
1864 1799 1979 1870 26).

388 1899 519 1965 Quae
543 1899 743 1954 merito
764 1898 960 1953 dicitur
982 1896 1149 1951 libera
1168 1938 1183 1963 ,
1205 1895 1328 1963 quia
1360 1894 1427 1947 ab
1450 1893 1595 1947 omni
1624 1891 1986 1962 corruptionis

388 1990 641 2046 molestia
689 1990 958 2045 invenitur
986 1987 1185 2041 aliena.
1225 1985 1336 2041 Nec
1366 1986 1659 2053 incongrue
1684 1983 1986 2040 Jerusalem

379 2079 740 2148 dicitur,quac
758 2093 944 2133 veram
964 2078 1018 2132 in
1040 2078 1216 2147 seipsa
1236 2092 1423 2147 pacem
1447 2075 1565 2131 sine
1584 2074 1797 2129 defectu
1822 2088 1987 2144 expc.

382 2174 547 2228 ritur.
580 2171 679 2227 Illa
717 2178 799 2228 est
847 2171 991 2227 enim
1034 2170 1225 2227 civitas
1270 2169 1456 2241 pacis,
1498 2169 1553 2223 in
1597 2183 1759 2238 quam
1808 2167 1987 2222 nullus

385 2262 566 2319 hostis
615 2262 931 2333 ingreditur,
960 2270 1017 2318 et
1054 2278 1124 2318 ex
1152 2276 1259 2332 qua
1300 2260 1481 2317 nullus
1509 2259 1644 2315 civis
1690 2258 1982 2329 egreditur.

381 2354 595 2411 Civitas
621 2398 637 2424 ,
666 2357 885 2426 inquam
908 2396 926 2425 ,
958 2356 1113 2427 cujus
1131 2356 1326 2427 plateae
1354 2368 1487 2408 auro
1509 2352 1710 2408 mundo
1739 2360 1989 2408 sternun-

390 2454 480 2502 tur
501 2447 696 2519 (Apoc.
726 2464 820 2503 xxr
844 2448 862 2519 )
884 2488 900 2513 ,
925 2456 982 2503 et
1023 2447 1077 2502 in
1105 2463 1211 2517 qua
1261 2445 1529 2501 canticum
1559 2444 1758 2499 laetitiae
1787 2443 1987 2499 indesi-

384 2545 586 2593 nenter
614 2548 887 2595 cantatur.
936 2538 1067 2606 Quae
1094 2538 1311 2609 quidem
1337 2577 1352 2603 ,
1391 2537 1535 2592 sicut
1561 2537 1824 2606 scriptum
1864 2544 1947 2592 est
1971 2578 1988 2603 ,

392 2646 505 2686 non
552 2638 676 2701 eget
713 2632 868 2701 sole,
902 2647 1075 2701 neque
1117 2632 1285 2699 luna;
1318 2630 1443 2702 quia
1488 2646 1612 2686 cum
1661 2629 1806 2684 illam
1849 2629 1993 2684 Deus

388 2723 679 2791 praesentia
708 2738 819 2779 sum
844 2723 1106 2779 claritatis
1131 2722 1397 2779 illuminet
1414 2763 1430 2789 ,
1463 2720 1798 2792 impossibile
1824 2726 1907 2774 est
1934 2727 1994 2773 ut

386 2826 513 2867 cam
536 2812 713 2882 aliqua
741 2813 986 2883 caliginis
1016 2813 1357 2869 obumbratio
1386 2814 1658 2869 obscuret.
1689 2810 1830 2865 Deus
1854 2810 1994 2864 enim

388 2903 488 2959 lux
512 2910 620 2969 est,
652 2905 795 2960 sicut
821 2904 897 2958 ait
924 2904 979 2959 iu
1007 2902 1246 2975 Epistola
1275 2920 1370 2959 sua
1409 2903 1645 2959 Joannes
1675 2902 1952 2973 apostolus
1976 2918 1991 2968 ;

389 3005 445 3051 et
474 2998 697 3050 tenebra:
744 2999 800 3051 in
838 3013 898 3050 eo
940 3013 1045 3051 non
1098 3005 1219 3051 sunt
1244 2997 1366 3051 ulla:
1395 2986 1596 3065 (Joan.
1625 3013 1677 3061 1,
1707 2995 1808 3066 γι).
1839 2993 1994 3061 Quod

394 3088 445 3146 si
472 3094 623 3143 tanta
660 3096 744 3143 est
772 3088 993 3144 claritas
1040 3089 1169 3144 solis
1189 3098 1249 3143 ut
1289 3098 1459 3144 totam
1489 3097 1612 3144 ortu
1656 3104 1755 3145 suo
1794 3096 1995 3143 terram

2016 1856 2065 1916 B

2089 520 2194 577 tur,
2226 519 2285 565 ut
2324 514 2486 565 etlam
2515 524 2675 580 paena
2702 507 2911 579 peccati
2939 505 3158 561 omnino
3181 504 3513 572 destruatur,
3540 507 3692 563 sicut

2085 606 2347 676 scriptum
2379 611 2489 658 est:
2522 603 2779 673 Absorpta
2810 608 2886 656 est
2932 616 3074 655 mors
3109 615 3141 652 α
3170 600 3405 654 victoria.
3455 599 3556 655 Ubi
3578 608 3686 667 est,

2085 715 2221 753 mors
2248 739 2263 763 ,
2288 696 2503 751 victoria
2536 695 2664 748 tua?
2690 693 2777 747 ubi
2802 701 2876 746 est
2902 730 2918 757 ,
2949 708 3119 758 mors,
3150 691 3359 745 aculeus
3389 692 3546 746 tuus?
3564 690 3688 747 Sti-

2084 792 2253 846 mulus
2280 791 2417 843 enim
2455 789 2638 843 mortis
2666 795 2930 856 peccatum
2959 793 3037 839 est
3065 785 3084 856 (
3112 783 3250 849 Ibid.
3284 801 3377 853 xv,
3405 782 3478 839 55
3502 785 3544 854 ).
3574 784 3691 840 Ne-

2087 884 2329 943 cessario
2359 883 2432 938 ibi
2454 889 2738 953 peccatum
2765 880 2959 935 deesse
2980 878 3341 946 convincitur,
3374 878 3466 931 ubi
3491 879 3691 932 mortis

2087 976 2309 1031 aculeus
2340 990 2445 1030 non
2477 972 2770 1029 invenitur.
2796 970 2915 1026 Non
2945 970 3107 1040 igitur
3130 976 3349 1040 oportet
3376 968 3453 1023 ibi
3499 967 3691 1024 offerri

2085 1086 2184 1142 pro
2207 1076 2430 1140 peccato
2458 1064 2802 1131 sacriﬁcium,
2822 1065 2913 1120 ubi
2934 1079 3035 1120 nec
3063 1064 3118 1119 in
3139 1063 3471 1133 cogitatione
3491 1062 3693 1115 admit-

2087 1165 2217 1220 titur
2243 1162 2516 1219 delictum.
2548 1159 2885 1216 Sacriticium
2936 1157 3118 1226 itaque
3153 1155 3377 1225 iustitia:
3425 1154 3601 1209 sancti
3636 1154 3693 1208 in

2083 1266 2285 1313 aeterna
2331 1254 2439 1309 vita
2478 1252 2591 1308 Deo
2641 1250 2871 1307 oll‘crent
2898 1290 2915 1317 ,
2942 1250 3071 1319 quia
3120 1249 3174 1303 in
3222 1247 3341 1303 solo
3390 1246 3695 1302 conditoris

2086 1363 2271 1403 amore
2293 1345 2488 1402 intenti
2510 1386 2525 1413 ,
2547 1344 2842 1400 indefessas
2871 1339 3266 1397 remuneratori
3289 1354 3389 1394 suo
3420 1340 3475 1392 in
3502 1338 3695 1393 laetitia

2086 1440 2266 1496 cordis
2315 1437 2501 1493 laudes
2527 1437 2728 1492 dicent.
2761 1433 2915 1489 Unde
2950 1433 3226 1503 Scriptum
3268 1439 3390 1486 est:
3426 1430 3573 1483 Beati
3602 1430 3695 1502 qui

2088 1532 2325 1587 habitant
2354 1534 2409 1586 in
2450 1532 2601 1585 domo
2640 1538 2749 1593 tua,
2780 1527 3003 1583 Domine
3027 1569 3042 1592 ,
3066 1527 3120 1580 in
3164 1524 3355 1580 sarcula
3382 1523 3696 1578 «sculorum

2085 1626 2372 1681 laudabunt
2412 1633 2460 1679 te
2502 1622 2725 1694 (Psalm.
2777 1636 3006 1687 uxxru,
3068 1616 3145 1689 5).
3201 1618 3266 1673 Et
3306 1618 3543 1674 iterum:
3576 1618 3696 1673 Vo:

2088 1716 2452 1771 exsultationis
2473 1724 2521 1769 et
2541 1714 2722 1769 salutis
2744 1713 2797 1767 in
2831 1712 3173 1766 tabernaculis
3188 1708 3693 1783 justorum(Psalm.

2089 1823 2251 1871 cxvu,
2286 1807 2409 1875 l5).
2453 1806 2605 1861 Tunc
2642 1806 2938 1861 electorum
2967 1819 3192 1860 suorum
3218 1804 3517 1860 oblationes
3546 1804 3696 1858 Deus

2091 1908 2341 1974 acceptas
2368 1900 2591 1955 habebit
2622 1941 2638 1967 ,
2667 1899 2795 1969 quia
2824 1905 3039 1953 sanctas
3078 1912 3269 1952 eorum
3310 1896 3697 1953 meditationes

2091 1993 2290 2047 nullius
2317 1991 2597 2061 pravitatis
2628 1988 2877 2044 admistio
2898 1988 3336 2044 commaculabit.
3360 1986 3698 2043 Holocausta

2090 2083 2441 2140 nihilominus
2471 2098 2660 2138 eorum
2700 2080 2932 2151 accipiet
2955 2122 2969 2147 ,
3001 2079 3126 2149 quia
3156 2087 3327 2134 totum
3357 2078 3503 2147 quod
3532 2079 3587 2133 in
3616 2080 3701 2134 eis

2091 2176 2194 2231 erit
2219 2216 2232 2239 ,
2266 2174 2478 2228 ﬁamma
2509 2172 2704 2227 divinae
2730 2170 3009 2226 charitatis
3038 2169 3319 2225 accendet.
3352 2167 3420 2223 Et
3451 2179 3571 2223 tunc
3600 2171 3701 2223 im-

2091 2277 2283 2337 ponent
2326 2283 2481 2337 super
2510 2266 2679 2319 altare
2723 2275 2863 2319 tuum
2892 2263 3098 2319 vitulos.
3148 2262 3371 2330 Altare,
3421 2261 3517 2317 Dei
3560 2263 3699 2319 illius

2093 2368 2206 2425 est,
2238 2359 2305 2414 de
2334 2374 2442 2428 quo
2469 2357 2584 2428 ipse
2609 2356 2869 2415 Dominus
2890 2356 2966 2411 ait
2992 2373 3004 2409 :
3029 2355 3209 2409 Altare
3230 2355 3295 2408 de
3325 2362 3465 2408 terra
3496 2357 3700 2427 facietis

2094 2452 2221 2507 mihi
2248 2450 2445 2522 (Exod.
2480 2465 2627 2515 xxiv,
2659 2448 2775 2520 20).
2805 2448 2946 2516 Quid
2973 2455 3057 2503 est
3084 2448 3226 2501 enim
3254 2445 3398 2501 aliud
3430 2445 3604 2501 altare
3630 2446 3700 2503 de

2097 2553 2241 2601 terra
2266 2544 2444 2599 facere
2469 2584 2484 2610 ,
2516 2542 2619 2598 nisi
2646 2542 2714 2597 de
2744 2541 2839 2597 Dei
2867 2541 2957 2597 ﬁlii
2999 2541 3369 2596 incarnatione
3399 2554 3510 2595 non
3537 2539 3695 2595 dubi-

2100 2637 2248 2691 tare?
2270 2635 2389 2705 Ipse
2408 2642 2492 2690 est
2512 2648 2744 2703 namque
2769 2634 2858 2689 cui
2882 2634 2935 2688 in
2964 2633 3067 2688 hac
3086 2634 3197 2687 vita
3216 2631 3460 2689 cordium
3487 2640 3699 2687 nostro-

2098 2744 2219 2785 rum
2248 2728 2511 2784 sacriﬁcia
2539 2727 2865 2797 imponimus
2888 2768 2903 2793 ,
2922 2734 2977 2781 et
3000 2726 3053 2780 in
3078 2740 3185 2795 quo
3207 2724 3566 2795 cogitationes
3595 2724 3697 2779 illi-

2101 2825 2236 2880 citas
2264 2836 2334 2877 ne
2358 2822 2740 2878 convalescant
2766 2829 3085 2877 mactamus.
3117 2818 3271 2875 Unde
3292 2820 3554 2890 scriptum
3584 2827 3695 2874 est:

2103 2916 2294 2973 Beatus
2328 2918 2413 2988 qui
2439 2915 2629 2971 tenebit
2665 2925 2715 2970 et
2761 2915 2941 2970 allidet
2978 2914 3220 2986 parvulos
3248 2928 3367 2967 suos
3406 2913 3478 2965 ad
3502 2924 3701 2983 petram

2105 3009 2278 3082 (Psal.
2306 3025 2527 3077 cxxxvl,
2549 3010 2626 3080 9).
2650 3008 2730 3063 Ad
2757 3018 2965 3079 petram
2985 3008 3183 3078 quippe
3204 3007 3458 3078 parvulos
3485 3015 3699 3062 nostros

2104 3102 2375 3157 allidimus
2401 3141 2417 3167 ,
2447 3117 2571 3157 cum
2619 3101 2857 3157 orientes
2898 3108 3077 3155 motus
3106 3099 3319 3155 illicitos
3340 3138 3358 3165 ,
3384 3098 3701 3153 imitationis

395 3178 665 3233 illuminet
687 3218 703 3245 ,
732 3188 933 3250 quanta
962 3179 1275 3235 aestimanda
1307 3189 1388 3235 est
1417 3181 1511 3235 Dei
1541 3180 1760 3236 claritas
1784 3178 1912 3249 ,qui
1939 3184 1989 3232 et

2103 3192 2304 3249 Christi
2326 3194 2628 3249 intentione
2665 3191 3075 3249 mortiﬁcamus.
3103 3191 3377 3262 Scriptum
3405 3201 3487 3247 est
3508 3190 3654 3245 enim
3677 3207 3691 3242 :

396 3270 574 3341 ipsum
617 3270 789 3327 solem
839 3271 1197 3340 condidit,et
1238 3272 1288 3326 ei
1315 3271 1385 3325 ad
1416 3272 1701 3327 utilitatem
1750 3281 1992 3327 nostram

393 3362 539 3417 hanc
570 3378 731 3434 quam
769 3364 1041 3419 cernimus
1086 3363 1305 3419 luminis
1335 3370 1675 3419 venustatem
1712 3362 1996 3418 infundit?

390 3452 562 3525 Hujus
583 3455 746 3526 igitur
770 3455 1072 3513 Jerusalem
1092 3458 1231 3513 muri
1260 3455 1622 3522 aediﬁcantur,
1652 3471 1774 3511 cum
1807 3454 1994 3511 ﬁdeles

392 3546 461 3601 ad
483 3547 648 3603 vitam
678 3550 1043 3619 praedestinati
1069 3590 1084 3617 ,
1115 3550 1182 3604 ad
1220 3548 1609 3620 perfectionem
1635 3548 1856 3617 iustitia:
1894 3548 1994 3605 de-

392 3640 684 3695 ducuntur.
723 3641 980 3710 Figuram
1009 3652 1190 3700 autem
1217 3644 1377 3714 hujus
1401 3643 1636 3699 civitatis
1668 3643 1801 3699 illud
1838 3643 1996 3700 Salo-

392 3731 571 3786 monis
600 3732 858 3802 templum
884 3734 1153 3803 gestavit(
1179 3734 1271 3789 111
1304 3735 1433 3807 Reg.
1464 3737 1539 3806 γι)
1559 3777 1575 3802 ,
1604 3736 1658 3789 in
1680 3735 1834 3807 cujus
1860 3737 1987 3792 aedi-

394 3818 651 3876 ﬁcatione
686 3820 953 3897 lapidibus
988 3830 1261 3879 exstructa
1288 3863 1303 3889 ,
1334 3825 1513 3879 mallei
1542 3825 1752 3881 sonitus
1782 3826 1998 3881 auditus

396 3924 510 3966 non
540 3910 657 3967 fuit.
682 3912 743 3968 In
774 3915 943 3969 sacris
972 3914 1118 3969 enim
1145 3913 1383 3970 aedificiis
1410 3918 1747 3985 permansuri
1772 3957 1787 3982 ,
1821 3918 1997 3975 adhuc

394 4001 525 4059 foris
549 4020 647 4077 per
664 4004 875 4075 ﬂagella
898 4006 1197 4075 tundimur,
1217 4015 1278 4063 ut
1306 4007 1360 4063 in
1382 4009 1583 4078 templo
1606 4008 1818 4065 Domini
1845 4018 1994 4081 post-

395 4098 614 4154 modum
690 4100 854 4172 509
912 4100 1029 4157 sine
1074 4100 1251 4171 aliqua
1300 4101 1649 4172 percussione
1693 4100 1990 4173 disciplinae

396 4191 1051 4264 disponamur,quatenus
1080 4194 1341 4265 quidquid
1372 4196 1425 4249 in
1456 4194 1608 4250 nobis
1636 4193 1988 4266 superﬂuum,

397 4294 493 4339 aut
520 4286 808 4342 distortum
846 4295 957 4355 est,
986 4287 1146 4342 modo
1185 4287 1463 4357 percussio
1489 4296 1740 4353 resecet,
1771 4296 1827 4344 et
1866 4298 1994 4344 tunc

395 4375 514 4430 sola
543 4377 597 4431 in
627 4377 834 4433 ctelesti
859 4377 1083 4433 :ediﬁcio
1110 4380 1396 4435 concordia
1423 4380 1667 4437 veritatis
1701 4380 1849 4450 liget.
1883 4380 1994 4438 Nec

397 4468 594 4524 mirum
623 4470 665 4525 si
696 4470 955 4539 templum
986 4469 1175 4525 eadem
1196 4470 1384 4527 civitas
1421 4472 1649 4540 dicatur,
1681 4488 1801 4543 qua:
1828 4473 1992 4528 etiam

395 4561 806 4619 tabernaculum
834 4561 1048 4628 dicitur,
1076 4562 1216 4618 sicut
1237 4564 1495 4635 scriptum
1518 4573 1633 4623 est:
1658 4565 1795 4622 Ecce
1819 4566 1995 4621 taber-

395 4649 641 4707 naculum
668 4651 767 4707 Dei
797 4670 911 4707 cum
935 4653 1222 4710 hominibus
1248 4656 1430 4728 (Apoc.
1463 4672 1585 4724 χχι,
1617 4658 1705 4729 5).

471 4744 648 4815 (Vers.
682 4743 798 4817 20.)
841 4744 985 4800 Tunc
1022 4747 1312 4818 acceptabis
1362 4750 1679 4820 sacri/icium
1727 4749 1951 4820 justitite
1976 4792 1993 4819 ,

394 4836 706 4906 oblationes,
754 4846 805 4892 et
829 4838 1166 4908 holocausta;
1208 4847 1326 4895 tunc
1348 4840 1615 4912 imponent
1642 4858 1797 4913 super
1825 4844 1993 4899 altare

397 4938 538 4983 tuum
558 4931 763 4984 vitulos.
1486 4981 1497 4985 Α

466 5021 556 5076 26.
599 5020 886 5079 AEdiﬁcata
913 5024 1121 5082 caelesti
1147 5024 1441 5082 Jerusalem
1468 5069 1483 5095 ,
1508 5026 1829 5084 sacrificium
1854 5028 1991 5085 dun-

398 5119 547 5165 taxat
571 5111 795 5180 justitiae
834 5125 1121 5187 acceptum
1162 5118 1267 5174 erit
1308 5118 1573 5184 Domino,
1599 5121 1724 5190 quia
1766 5119 1837 5175 ibi
1883 5137 1993 5178 non

395 5203 499 5257 erit
524 5218 659 5274 opus
688 5204 871 5261 offerri
900 5209 1223 5266 sacriﬁcium
1249 5227 1346 5281 pro
1368 5218 1612 5282 peccato.
1635 5210 1694 5266 In
1722 5211 1825 5269 hac
1844 5215 1988 5271 enim

400 5293 505 5347 vita
527 5296 652 5365 quia
686 5297 740 5353 in
784 5299 967 5355 multis
994 5302 1235 5371 quotidie
1257 5302 1614 5373 delinquimus
1637 5344 1653 5372 ,
1684 5314 1900 5376 oportet
1930 5316 1990 5363 ut

397 5385 617 5439 contriti
644 5389 820 5446 cordis
847 5399 902 5445 et
922 5392 1267 5450 contribulati
1292 5396 1511 5466 spiritus
1535 5398 1648 5454 Deo
1668 5400 1987 5457 sacriﬁcium

399 5472 714 5565 offeramus.
741 5479 799 5534 In
830 5486 1235 5543 resurrectione
1257 5498 1435 5545 autem
1457 5534 1472 5559 ,
1497 5506 1618 5547 cum
1642 5495 1993 5565 corruptibile

400 5562 507 5617 hoc
536 5565 771 5622 induerit
794 5570 1243 5645 incorruptionem
1262 5621 1277 5647 ,
1296 5589 1350 5636 et
1378 5585 1604 5640 mortale
1626 5586 1732 5641 hoc
1759 5562 1991 5643 induerit

400 5652 864 5717 immortalitatem
882 5662 937 5734 (Ι
960 5663 1213 5740 Cor._xv),
1238 5686 1339 5727 nec
1365 5673 1505 5731 ullus
1528 5684 1836 5731 sanctorum
1862 5693 1988 5748 pec-

2104 3286 2266 3342 Petra
2286 3296 2459 3342 autem
2489 3298 2603 3342 erat
2633 3287 2867 3341 Christus
2894 3284 2949 3357 (I
2976 3285 3100 3341 Cor.
3132 3301 3183 3350 ι,
3214 3287 3291 3355 l).
3321 3283 3436 3354 Ipse
3462 3296 3590 3353 ergo
3611 3288 3697 3338 est

2099 3385 2255 3448 petra
2282 3378 2349 3433 ad
2371 3393 2529 3447 quam
2560 3377 2917 3447 cogitationes
2944 3384 3157 3431 nostras
3182 3385 3461 3437 tenemus;
3492 3374 3606 3443 ipse
3627 3372 3699 3427 al-

2097 3476 2237 3538 tare,
2267 3470 2420 3539 cujus
2448 3468 2747 3524 clementiae
2769 3476 3113 3537 peccatorum
3152 3466 3396 3522 victimas
3422 3465 3701 3534 imponere

2099 3563 2495 3636 pmsumimus.
2520 3560 2764 3630 Denique
2793 3568 3005 3631 peccata
3035 3568 3215 3614 nostra
3244 3559 3355 3630 ipse
3382 3557 3645 3628 portavit(
3674 3554 3695 3610 ι

2100 3653 2246 3709 Petr.
2282 3671 2337 3723 ιι,
2360 3656 2476 3725 24).
2506 3656 2683 3727 Super
2706 3657 2878 3726 ipsum
2905 3670 3035 3727 ergo
3063 3655 3261 3710 vitulos
3290 3654 3343 3709 in
3369 3662 3574 3709 atterua
3594 3652 3700 3707 vita

2108 3749 2281 3803 sancti
2307 3749 2515 3819 seipsos
2535 3749 2836 3819 imponent,
2861 3748 2985 3818 quia
3009 3762 3107 3819 per
3130 3748 3355 3817 gratiam
3376 3746 3471 3801 Dei
3494 3744 3702 3800 Lberati

2109 3854 2141 3893 a
2167 3840 2286 3909 lege
2312 3840 2522 3911 peccati
2552 3848 2607 3896 et
2635 3841 2827 3896 mortis
2850 3880 2866 3905 ,
2898 3840 3042 3911 quod
3073 3840 3206 3894 nulli
3231 3838 3363 3909 jugo
3416 3837 3555 3907 legis
3579 3844 3701 3907 post

2106 3932 2329 3987 modum
2381 3941 2544 3988 erunt
2572 3932 2803 3999 subditi,
2837 3940 3010 3987 totum
3057 3932 3352 3987 attribucnt
3389 3931 3581 4000 gratia:
3612 3930 3699 3984 ﬁlii

2104 4022 2222 4077 Dei.
2254 4022 2440 4078 Nullus
2461 4024 2604 4079 enim
2632 4025 2911 4080 hominum
2932 4024 2987 4079 in
3007 4024 3203 4080 caelum
3231 4022 3572 4088 ascenderet,
3603 4020 3700 4076 nisi

2104 4110 2245 4167 ﬁlius
2294 4112 2391 4169 Dei
2435 4129 2535 4184 pro
2578 4115 2751 4171 salute
2780 4126 2962 4171 nostra
2996 4129 3214 4171 carnem
3235 4114 3576 4185 sumpsisset.
3610 4112 3703 4169 Vel

2099 4212 2252 4258 certe
2303 4203 2500 4260 vitulos
2545 4220 2711 4275 super
2753 4206 2923 4261 altare
2951 4206 3271 4277 imponent,
3301 4220 3423 4262 cum
3452 4204 3697 4276 deposita

2097 4296 2261 4365 primi
2281 4297 2517 4353 hominis
2538 4304 2837 4367 vetustate,
2866 4307 2922 4355 et
2949 4299 3268 4355 mortalibus
3291 4300 3438 4355 exuli
3469 4299 3698 4369 exuviis,

2099 4384 2231 4441 facti
2254 4387 2426 4453 vituli,
2445 4387 2497 4443 id
2514 4396 2597 4444 est
2617 4389 2856 4444 innovati
2879 4399 2935 4445 et
2950 4391 3067 4461 puri
3086 4392 3137 4446 in
3154 4399 3478 4463 perpetuum
3502 4392 3700 4447 vivent.

2170 4477 2261 4533 27.
2301 4479 2460 4547 Quod
2488 4481 2555 4548 si,
2583 4489 2645 4535 ut
2672 4482 3005 4552 praamissum
3034 4492 3135 4547 est,
3168 4484 3464 4541 secundum
3514 4499 3700 4542 mora-

2100 4569 2208 4625 lem
2234 4570 2642 4641 intelligentiam
2670 4573 3080 4632 :ediﬁcationem
3116 4575 3415 4632 Jerusalem
3455 4578 3700 4649 accipere

2098 4660 2350 4718 volumus
2373 4703 2388 4729 ,
2417 4664 2563 4720 hunc
2587 4680 2808 4736 quoque
2833 4682 3051 4723 versum
3072 4667 3246 4723 eidem
3272 4668 3571 4725 intellectui
3599 4669 3701 4725 hoc

2102 4752 2265 4809 modo
2287 4756 2678 4813 convenienter
2718 4766 2988 4828 aptamus.
3018 4758 3230 4815 Dictum
3279 4768 3363 4817 est
3391 4760 3559 4817 David
3588 4761 3701 4830 regi

2104 4863 2135 4901 a
2165 4847 2394 4904 Domino
2420 4867 2433 4903 :
2467 4848 2594 4905 Non
2622 4859 2677 4904 tu
2707 4852 2993 4922 wdiﬁcabis
3021 4854 3149 4907 mihi
3185 4854 3392 4909 domum
3416 4894 3431 4922 ,
3465 4856 3589 4926 quia
3627 4856 3702 4909 air

2105 4941 2420 5013 sanguinum
2446 4958 2501 4997 es
2534 4942 2553 5012 (
2578 4942 2605 4996 1
2635 4941 2819 4997 Paral.
2850 4960 2959 5001 xvu
2979 4983 2994 5011 ,
3022 4949 3047 4998 1
3074 4946 3093 5015 )
3122 4964 3133 4999 :
3165 4944 3362 5002 Postea
3403 4962 3536 5003 vero
3568 4948 3705 5007 ﬁlius

2103 5031 2223 5101 ejus
2249 5047 2309 5088 re
2332 5041 2388 5088 et
2424 5034 2644 5090 nomine
2690 5037 2946 5106 paciﬁcus
2970 5078 2986 5106 ,
3012 5045 3069 5092 et
3107 5038 3385 5108 sapientia:
3413 5041 3645 5109 gratiam
3673 5058 3703 5098 a

2109 5124 2339 5182 Domino
2370 5126 2533 5197 510
2561 5126 2700 5182 ultra
2732 5128 2990 5184 mortales
3029 5129 3297 5198 obtinuit,
3328 5140 3385 5186 et
3436 5134 3698 5203 templum

2099 5216 2311 5273 miriﬁci
2335 5218 2533 5289 operis,
2558 5220 2699 5276 sicut
2723 5220 2859 5276 liber
2879 5221 3226 5277 historiarum
3254 5231 3566 5291 attestatur,
3594 5226 3697 5281 Deo

2097 5310 2264 5368 Israel
2293 5311 2578 5369 aediﬁcavit
2598 5313 2730 5385 (ΙΙΙ
2756 5314 2886 5386 Reg.
2915 5316 3013 5388 vr).
3047 5316 3105 5372 ln
3129 5333 3237 5388 quo
3261 5317 3423 5375 datur
3449 5320 3690 5389 intelligi,
3735 5380 3751 5394 ν

2099 5406 2223 5477 quia
2251 5405 2375 5460 dum
2403 5420 2524 5460 cum
2553 5404 2841 5462 hostilibus
2868 5407 3123 5463 vitiorum
3171 5410 3359 5465 cuneis
3386 5449 3405 5477 ,
3433 5411 3690 5467 virtutum

2096 5496 2440 5568 oppositione
2484 5493 2863 5565 conﬁigimus,
2895 5498 3114 5555 domum
3165 5501 3441 5572 sapientia:
3487 5496 3741 5573 nequa-’;

2094 5586 2554 5660 quamcediﬁcare
2584 5589 2822 5647 valemus
2852 5607 2867 5657 ;
2898 5590 2986 5646 ubi
3016 5607 3147 5647 vero
3184 5595 3454 5663 superatis
3502 5596 3691 5650 adva-

2091 5679 2356 5737 sariorum
2383 5681 2684 5749 agminibus
2713 5690 2770 5739 et
2799 5684 3111 5755 passionum
3143 5685 3366 5757 depulsa
3392 5687 3644 5744 barbarie
3666 5727 3683 5753 ,

399 5757 528 5801 οπο
553 5748 900 5816 Ροεῐωοὰυηι
923 5757 1149 5826 poterit,
1170 5775 1275 5818 nec
1297 5763 1580 5833 quisquam
1607 5765 1674 5825 ad
1695 5767 1865 5824 Deum
1886 5784 1986 5841 pro
2091 5786 2280 5843 pacem
2308 5771 2365 5829 in
2394 5748 2594 5843 nostris
2636 5748 2835 5834 factam
2859 5817 2877 5847 ,
2904 5776 3155 5836 omnibus
3203 5748 3402 5852 mentis
3448 5748 3686 5852 imperiis

3673 5871 3695 5903 ὁ
