4038 6338
269 364 354 425 60l

918 351 985 410 ΙΝ
1023 350 1300 410 SEPTEM
1340 346 1585 406 PSAL'll.
1628 299 1833 411 PCEUI'

1939 342 2316 406 EXPOSITIO.
2355 371 2424 385 —
2467 341 2663 399 PSAL.
2704 342 2770 399 ν.

3409 345 3518 404 602

269 493 410 540 came
447 475 557 547 jam
612 471 1019 543 obtemperante
1069 469 1423 535 senserimus,
1457 475 1578 521 tunc
1628 480 1824 537 corpus
1855 467 1903 526 Α
1929 464 2054 520 dam
2078 464 2179 534 ipsi
2209 463 2573 519 attribuuntur
2600 461 2782 535 capiti,
2812 463 3058 534 quaedam
3087 436 3287 522 nostra:
3314 481 3518 525 conve-

265 581 484 631 nostrum
511 564 819 623 inviolabile
834 563 1092 634 templum
1122 561 1349 617 Domino
1375 558 1826 625 construimus,in

265 679 360 737 quo
404 670 455 716 et
480 657 798 715 sacriﬁcium
843 655 988 726 quod
1029 671 1096 710 ex
1141 654 1258 709 zelo
1283 652 1503 722 justitim
1540 653 1824 709 veritatem

260 757 594 833 prredicantes
643 753 950 820 offerimus,
982 751 1124 807 Deus
1171 751 1405 825 accipit,
1439 759 1496 808 et
1524 750 1825 808 oblationes

259 859 541 910 sanctarum
571 845 975 903 meditationum
1008 887 1023 914 ,
1054 853 1109 901 et
1135 844 1257 914 igne
1283 843 1539 900 ferventis
1566 841 1824 898 desiderii

255 943 540 998 ardentium
581 941 884 995 orationum
915 938 1230 993 holocausta
1259 939 1504 994 assumit.
1528 937 1703 1008 Super
1745 936 1825 991 al-

240 1043 360 1108 tare
411 1047 624 1103 quoque
674 1030 915 1086 cordium
969 1036 1276 1084 nostrorum
1323 1029 1576 1098 ponimus
1629 1026 1826 1082 vitulos

251 1125 409 1197 (Psal.
453 1126 694 1193 LXVIII),
727 1137 932 1179 cornua
978 1121 1339 1192 producentes
1389 1127 1444 1174 et
1491 1118 1747 1188 ungulas,
1779 1118 1826 1174 si

249 1223 606 1278 haereticorum
637 1217 932 1274 sententias
960 1215 1241 1284 utriusque
1271 1212 1604 1268 Testamenti
1633 1219 1823 1268 aucto-

243 1316 397 1371 ritate
442 1312 748 1368 noverimus
799 1309 1207 1372 comminuere,
1235 1314 1290 1360 et
1339 1305 1570 1360 virtutes
1607 1319 1638 1358 a
1683 1303 1826 1359 vitiis

241 1421 333 1478 per
355 1404 588 1460 studium
619 1399 960 1457 discretionis
989 1413 1260 1469 separare.
1294 1396 1398 1452 Per
1426 1395 1650 1464 ungulas
1677 1394 1824 1451 enim

239 1497 522 1554 vitulorum
545 1535 562 1563 ,
589 1510 708 1565 quae
738 1493 1012 1549 ﬁnduntur
1033 1533 1049 1559 ,
1083 1491 1464 1550 discretionem
1493 1487 1816 1560 accipimus;

235 1605 330 1663 per
375 1605 578 1646 cornua
621 1603 754 1644 vero
780 1629 797 1657 ,
850 1588 1132 1657 utriusque
1186 1587 1514 1643 Testamenti
1555 1592 1825 1659 praecepta

235 1690 498 1738 notamus.
532 1679 632 1735 Vel
662 1687 811 1734 certe
838 1694 1040 1734 cornua
1070 1679 1454 1750 producimus,
1486 1679 1532 1735 si
1578 1679 1738 1735 etiam
1766 1679 1823 1735 in

231 1773 311 1829 his
335 1787 458 1842 quae
487 1771 665 1828 carnis
693 1779 856 1838 sunt,
888 1771 999 1826 Deo
1026 1771 1246 1841 placere
1276 1771 1608 1827 Studeamus.
1638 1769 1825 1826 Cornu

233 1880 462 1936 namque
497 1880 619 1920 cum
650 1864 717 1919 de
766 1879 930 1921 carne
979 1864 1092 1930 sit,
1124 1880 1342 1920 carnem
1389 1865 1824 1934 superexcedens

230 1957 482 2013 durescit.
520 1956 774 2026 Quisquis
802 1971 930 2026 ergo
954 1998 968 2024 ,
1000 1957 1177 2013 carnis
1202 1956 1514 2013 infirmitate
1540 1957 1784 2026 deposita
1807 1993 1824 2024 ,

229 2047 384 2102 etiam
415 2062 514 2117 per
543 2048 721 2102 carnis
749 2048 1067 2119 obsequium
1101 2064 1266 2120 opera
1294 2048 1514 2103 virtutis
1543 2047 1783 2106 eﬂ‘ecerit
1806 2089 1823 2117 ,

226 2139 380 2210 quasi
408 2140 617 2195 cornua
645 2139 713 2194 de
744 2155 908 2195 carne
938 2141 1203 2210 producit.

826 2231 1247 2288 PROOEMIUM.

473 2317 531 2357 IN
560 2316 794 2365 QUINTUI
823 2320 1069 2359 PSALMUH
1099 2319 1577 2360 PCENITENTIALEI.

225 2395 409 2452 Oratio
437 2395 686 2468 pauperis
707 2415 821 2452 cum
852 2399 1099 2453 anxiatus
1123 2400 1300 2469 fuerit,
1324 2407 1376 2453 et
1403 2415 1580 2454 coram
1599 2396 1826 2453 Domino

697 2469 936 2538 eﬁ'uderit
961 2487 1162 2541 precem
1191 2487 1362 2524 suam.

291 2563 427 2629 Quis
456 2572 548 2620 est
582 2565 685 2620 iste
723 2577 926 2638 pauper
952 2561 1106 2631 cujus
1135 2562 1190 2616 in
1230 2562 1337 2617 hoc
1379 2561 1586 2632 psalmo
1611 2568 1832 2616 notatur

220 2656 398 2711 oratio
423 2697 440 2723 ,
473 2656 582 2711 nisi
610 2655 699 2710 ille
730 2654 797 2710 de
823 2670 930 2724 quo
955 2655 1032 2708 ait
1059 2653 1351 2724 Apostolus
1383 2671 1396 2707 :
1429 2652 1529 2717 Qui
1557 2669 1672 2707 cum
1699 2661 1832 2707 esset

217 2750 387 2817 dives,
433 2766 640 2820 pauper
687 2765 780 2820 pro
829 2747 975 2802 nobis
1025 2750 1193 2819 factus
1239 2756 1316 2802 est
1363 2746 1416 2820 (Ι
1444 2747 1562 2801 Cor.
1595 2763 1707 2813 vut,
1737 2747 1830 2817 9)?

216 2839 340 2912 Ipse
367 2843 521 2897 enim
550 2848 611 2895 ut
638 2857 737 2896 nos
761 2840 1068 2896 divitiarum
1097 2855 1315 2895 suarum
1345 2839 1588 2895 efﬁceret
1613 2837 1832 2909 partici-

213 2953 331 3010 pes,
359 2938 708 3010 paupertatis
731 2945 929 2992 nostra:
949 2933 1186 3004 suscepit
1214 2933 1566 2988 necessitates
1592 2950 1604 2985 :
1631 2931 1832 2988 Earinu-

213 3029 341 3083 nivit
371 3043 618 3097 namque
645 3027 973 3098 semetipsum
997 3065 1012 3091 ,
1045 3025 1269 3096 formam
1295 3025 1426 3077 servi
1455 3024 1742 3093 accipiens,
1773 3024 1829 3078 in

208 3121 625 3176 similitudinem
654 3121 914 3175 hominum
961 3124 1156 3192 factus,
1188 3127 1238 3172 et
1277 3117 1450 3171 habitu
1494 3119 1727 3172 inventus
1771 3123 1829 3169 ut

211 3215 411 3279 homo;
443 3215 742 3270 humiﬂavit
777 3216 1138 3284 semetipsum,
1185 3214 1351 3284 factus
1389 3210 1632 3266 obediens
1669 3226 1829 3281 usque

203 3309 279 3362 ad
303 3316 543 3363 mortem
562 3350 577 3375 ,
600 3316 816 3362 mortem
840 3315 1011 3361 autem
1039 3306 1206 3359 crucis
1235 3304 1454 3374 (Philip.
1482 3320 1536 3369 ιι,
1573 3304 1646 3375 7).
1676 3302 1829 3358 Sicut

1928 558 2083 613 niunt
2107 556 2422 612 inﬁrmitati.
2463 557 2574 613 Nec
2602 556 2902 612 mirandum
2925 557 2971 612 si
3005 571 3072 613 ea
3099 571 3218 627 qua:
3247 560 3402 616 nobis
3430 577 3521 618 so-

1928 649 2205 705 lummodo
2227 659 2546 719 congruunt,
2570 649 2722 721 quasi
2751 650 2861 706 sint
2887 666 2983 706 sua
3010 650 3254 708 Christus
3278 633 3524 724 prouun:

1928 741 2047 794 tiat.
2083 737 2259 795 Unum
2287 742 2487 811 quippe
2511 756 2708 810 corpus
2733 750 2816 797 est
2843 750 2955 798 tota
2982 752 3167 799 sancta
3203 747 3521 805 universalis

1926 832 2189 904 Ecclesia,
2220 836 2320 891 sub
2347 835 2560 910 Christo
2587 836 2710 893 Jesu
2729 879 2743 904 ,
2769 854 2868 894 suo
2888 838 3140 894 videlicet
3163 839 3358 909 capite,
3389 855 3522 897 con-

1929 927 2138 982 stituta.
2181 926 2333 982 Unde
2365 928 2440 982 ait
2469 929 2759 1001 Apostolus
2785 947 2799 984 :
2843 929 2965 1000 Ipse
2999 939 3076 986 est
3104 939 3258 1000 caput
3287 933 3522 1003 corporis

1931 1019 2205 1089 Ecclesiae,
2226 1023 2311 1093 qui
2339 1032 2415 1076 est
2445 1023 2786 1093 principium,
2819 1025 3190 1096 primogenitus
3209 1041 3274 1078 ex
3301 1025 3521 1080 mortuis

1933 1112 2070 1183 (Col.
2099 1130 2135 1179 ι,
2168 1112 2277 1181 18).
2329 1114 2447 1184 Ipsa
2479 1123 2561 1170 est
2598 1116 2740 1170 enim
2787 1132 2906 1186 quae
2947 1132 3040 1187 per
3068 1117 3393 1187 Prophetam
3433 1115 3524 1187 ju-

1932 1205 2215 1274 cundatur,
2241 1214 2296 1261 et
2325 1205 2454 1262 dicit
2484 1224 2501 1262 :
2535 1206 2692 1261 Nunc
2722 1209 2968 1263 exaltavit
2996 1218 3148 1279 caput
3174 1226 3340 1264 meum
3368 1224 3524 1280 super

1929 1298 2165 1354 inimicos
2186 1317 2325 1354 meos
2354 1300 2528 1372 (Psal.
2563 1317 2710 1364 xxvi,
2735 1301 2813 1374 6).
2845 1301 3004 1356 Pater
3025 1302 3166 1357 enim
3188 1302 3401 1367 Filium,
3427 1302 3525 1375 qui

1933 1398 2017 1447 est
2043 1401 2205 1462 caput
2250 1392 2539 1457 Ecclesitc,
2579 1409 2740 1464 super
2781 1393 3027 1449 inimicos
3066 1393 3186 1462 ejus
3228 1394 3523 1464 exaltavit,

1938 1497 2056 1542 tum
2087 1484 2360 1540 destructo
2387 1487 2574 1541 mortis
2598 1486 2844 1558 imperio,
2877 1486 2930 1540 in
2953 1500 3063 1540 suae
3091 1485 3240 1540 illum
3270 1487 3523 1555 majesta-

1932 1576 2003 1632 tis
2029 1578 2338 1648 aequalitate
2364 1579 2666 1646 constituit,
2698 1579 2784 1634 cui
2813 1588 2867 1634 et
2895 1579 3029 1633 dixit
3058 1595 3072 1632 :
3106 1578 3243 1633 Sede
3263 1595 3295 1631 a
3325 1577 3524 1633 dextris

1933 1672 2085 1737 meis,
2128 1671 2291 1727 donec
2338 1690 2531 1742 ponam
2573 1673 2810 1728 inimicos
2858 1683 2969 1728 tuos
3015 1673 3295 1727 scabellum
3339 1672 3528 1743 pedum

1935 1775 2135 1822 tuorum
2166 1763 2338 1837 (Psal.
2373 1782 2524 1831 cvm,
2547 1767 2623 1837 1).
2656 1766 2901 1823 Christus
2925 1767 3110 1834 itaque
3137 1782 3258 1822 cum
3284 1774 3397 1822 tota
3427 1781 3526 1822 sua

1933 1854 2194 1923 Ecclesia,
2226 1857 2339 1914 sive
2365 1873 2484 1927 quac
2512 1858 2686 1913 adhuc
2714 1866 2960 1914 versatur
2987 1859 3041 1912 in
3063 1860 3243 1926 terris,
3263 1859 3378 1913 sive
3407 1871 3528 1928 quae

1932 1964 2054 2003 cum
2077 1963 2145 2003 eo
2161 1948 2271 2016 jam
2301 1958 2489 2018 regnat
2516 1951 2567 2003 in
2597 1949 2744 2005 caelis
2763 1989 2778 2016 ,
2822 1965 2929 2004 una
2959 1964 3191 2020 persona
3219 1958 3320 2004 est.
3358 1948 3422 2002 Et
3450 1950 3527 2005 si-

1932 2053 2025 2098 cut
2051 2051 2134 2098 est
2161 2059 2264 2098 una
2311 2044 2490 2098 anima
2519 2059 2638 2112 quae
2666 2044 2877 2099 diversa
2905 2045 3150 2114 corporis
3178 2045 3419 2097 membra
3446 2042 3530 2097 vi-

1929 2131 2132 2200 vilicat,
2161 2134 2234 2188 ita
2262 2142 2430 2189 totam
2451 2135 2608 2188 simul
2648 2133 2943 2191 Ecclesiam
2972 2151 3110 2191 unus
3145 2134 3378 2206 Spiritus
3399 2149 3528 2190 san-

1931 2236 2052 2283 ctus
2078 2236 2293 2296 vegetat
2315 2237 2369 2283 et
2399 2228 2650 2283 illustrat.
2684 2228 2833 2283 Sicut
2868 2243 3101 2299 namque
3127 2227 3370 2284 Christus
3393 2271 3408 2296 ,
3435 2227 3532 2298 qui

1929 2326 2013 2372 est
2033 2324 2199 2387 caput
2225 2316 2511 2385 Ecclesiae,
2541 2318 2608 2373 de
2649 2318 2850 2388 Spiritu
2877 2326 3064 2374 sancto
3089 2326 3384 2388 conceptus
3412 2325 3530 2388 est,

1928 2408 2007 2466 sic
2034 2419 2219 2466 sancta
2250 2411 2491 2466 Ecclesia
2521 2425 2640 2480 qua:
2666 2427 2864 2482 corpus
2891 2411 3008 2480 ejus
3033 2418 3114 2466 est
3131 2451 3146 2478 ,
3187 2412 3381 2466 eodem
3408 2410 3532 2482 Spi-

1927 2503 2036 2558 ritu
2068 2511 2256 2558 sancto
2297 2504 2534 2573 repletur
2561 2511 2620 2558 ut
2650 2505 2829 2569 vivat;
2876 2503 2994 2573 ejus
3019 2503 3219 2558 virtute
3260 2503 3530 2572 ﬁrmatur,

1929 2602 1989 2649 ut
2036 2595 2089 2649 in
2132 2595 2293 2651 unius
2342 2595 2464 2649 ﬁdei
2509 2605 2567 2650 et
2615 2596 2898 2650 charitatis
2938 2610 3199 2665 compage
3245 2596 3528 2651 subsistat.

1937 2683 2085 2739 Unde
2108 2684 2237 2739 dicit
2260 2685 2553 2754 Apostolus
2578 2704 2591 2738 :
2624 2685 2710 2739 Ex
2737 2703 2835 2755 quo
2864 2694 3026 2740 totum
3043 2703 3230 2757 corpus
3250 2704 3343 2758 per
3365 2703 3530 2742 nexus

1927 2783 1979 2828 et
2016 2775 2402 2845 conjunctiones
2451 2777 2898 2831 subministratum
2933 2787 2983 2831 et
3025 2786 3376 2832 constructum
3414 2794 3530 2832 cre-

1932 2867 2032 2920 scit
2062 2867 2116 2919 in
2147 2875 2478 2938 augmentum
2509 2865 2604 2920 Dei
2647 2866 2780 2937 (Col.
2812 2883 2871 2933 ιι,
2904 2866 2981 2937 2).
3025 2865 3168 2922 Istud
3200 2876 3283 2924 est
3311 2884 3531 2939 corpus,

1936 2966 2090 3013 extra
2119 2960 2266 3027 quod
2297 2974 2406 3014 non
2431 2959 2668 3014 viviﬁcat
2698 2960 2941 3029 spiritus.
2975 2959 3129 3015 Unde
3172 2960 3300 3016 dicit
3341 2962 3534 3016 beatus

1934 3050 2261 3118 Augustinus
2292 3067 2304 3104 :
2333 3050 2393 3105 Si
2435 3052 2508 3105 vis
2550 3050 2716 3105 vivere
2744 3051 2809 3104 de
2849 3050 3032 3120 spiritu
3063 3050 3285 3120 Christi,
3332 3063 3439 3107 esto
3477 3053 3534 3106 in

1931 3157 2148 3212 corpore
2178 3141 2370 3196 Christi
2403 3140 2604 3214 [Traet.
2646 3140 2715 3195 26
2744 3143 2800 3196 in
2837 3141 3048 3214 Joan.].
3076 3142 3155 3198 De
3200 3143 3303 3199 hoc
3343 3143 3536 3214 spiritu

1933 3245 2042 3286 non
2075 3231 2206 3286 vivit
2230 3232 2536 3298 haereticus,
2565 3246 2672 3285 non
2698 3231 2827 3285 vivit
2853 3232 3247 3300 schismaticus,
3274 3249 3380 3288 non
3403 3233 3537 3288 vivit

1935 3325 2467 3388 excommunicatus;
2501 3338 2609 3376 non
2640 3322 2782 3376 enim
2808 3331 2935 3378 sunt
2960 3322 3030 3377 de
3057 3338 3307 3394 corpore.
3342 3323 3536 3379 Eccle-

207 3406 406 3455 autem
443 3374 656 3469 pauper
690 3414 790 3468 pro
831 3398 987 3453 nobis
1017 3396 1187 3453 factus
1213 3405 1333 3461 est,
1365 3396 1436 3449 ita
1464 3404 1519 3450 et
1549 3374 1646 3465 pro
1677 3394 1833 3449 nobis

1939 3414 2016 3469 sia
2045 3422 2231 3469 autem
2264 3414 2512 3484 spiritum
2557 3412 2919 3470 viviﬁcantem
2959 3416 3120 3471 habet
3137 3374 3324 3484 ,rquia
3366 3415 3534 3486 capiti

200 3492 484 3546 anxiatus
509 3497 611 3544 est.
645 3488 887 3556 Denique
912 3497 966 3543 et
988 3504 1086 3557 pro
1107 3488 1264 3542 nobis
1289 3495 1373 3541 est
1395 3486 1553 3540 morti
1583 3484 1830 3552 traditus,

202 3591 258 3638 et
285 3599 400 3654 pro
436 3579 603 3634 nobis
629 3579 682 3633 in
705 3579 850 3648 ligno
874 3594 1184 3650 suspensus.
1217 3577 1457 3631 Mortuus
1480 3586 1557 3630 est
1585 3578 1750 3639 enim,
1776 3583 1836 3630 ut

197 3673 278 3728 ait
307 3669 666 3742 Apostolus,
702 3679 912 3740 propter
951 3669 1138 3723 delicta
1177 3678 1356 3724 nostra
1397 3667 1452 3738 (1
1480 3667 1602 3722 Cor.
1633 3684 1724 3736 xv,
1754 3666 1836 3738 5),

197 3779 250 3823 et
295 3767 612 3823 resurrexit
649 3775 860 3836 propter
897 3765 1329 3836 justiﬁcationem
1372 3773 1604 3818 nostram
1654 3761 1833 3830 (Rom.

195 3877 273 3927 tv,
308 3859 441 3930 25).
473 3856 555 3911 Ex
584 3859 820 3912 humana
841 3865 1022 3911 autem
1052 3863 1244 3911 natura
1282 3855 1470 3911 habuit
1497 3862 1556 3909 ut
1582 3853 1836 3908 anxiare-

200 3960 329 4018 tur,
368 3965 447 4005 ex
497 3963 606 4018 qua
648 3947 835 4002 habuit
875 3946 1039 4001 etiam
1083 3953 1142 4000 ut
1189 3952 1510 4000 moreretur.
1543 3943 1676 3998 Orat
1705 3955 1836 4012 ergo

195 4049 379 4112 caput
435 4046 694 4094 nostrum
735 4038 790 4092 in
836 4035 1044 4108 psalmo
1074 4037 1210 4103 hoc,
1251 4045 1310 4090 ut
1356 4035 1483 4091 illuc
1509 4034 1838 4092 reducamus-

195 4149 304 4204 per
333 4132 610 4204 gratiam,
636 4129 777 4184 unde
806 4146 903 4200 per
929 4129 1090 4200 primi
1127 4128 1368 4199 parentis
1407 4126 1699 4183 cecidimus
1723 4124 1836 4181 cul-

193 4241 356 4297 pam.
402 4225 608 4282 Potest
630 4223 796 4279 etiam
838 4223 954 4277 haec
997 4220 1172 4276 oratio
1199 4218 1486 4275 convenire
1513 4217 1834 4286 unicuique,

195 4320 297 4388 qui
332 4330 659 4389 pauperem
688 4329 748 4370 se
785 4328 904 4368 esse
943 4310 1193 4380 intelligit
1221 4319 1277 4365 et
1317 4324 1536 4365 suarum
1564 4306 1839 4362 miseriam

188 4410 626 4468 necessitatum
668 4405 944 4474 agnoscit;
977 4404 1069 4473 qui
1111 4400 1331 4456 fallaces
1356 4415 1475 4456 esse
1502 4399 1717 4453 divitias
1740 4412 1844 4452 sm-

189 4504 313 4560 culi
347 4503 530 4558 istius
551 4498 879 4562 considerat,
912 4505 966 4550 et
988 4509 1152 4566 quam
1176 4491 1507 4549 horrendum
1537 4490 1608 4545 sit
1634 4490 1689 4544 in
1728 4503 1844 4543 ma-

189 4611 305 4651 nus
337 4593 452 4649 Dei
479 4591 712 4646 viventis
740 4589 1009 4655 incidere,
1033 4593 1242 4657 pensat.
1264 4585 1365 4651 Qui
1381 4593 1504 4654 post
1525 4591 1735 4650 tergum
1759 4594 1847 4634 re-

189 4689 395 4744 ductis
425 4683 614 4741 oculis
637 4683 840 4751 cogitat
868 4679 1012 4735 unde
1040 4678 1322 4746 ceciderit,
1353 4684 1410 4732 et
1437 4672 1847 4743 circumspectis

1935 3519 2037 3560 suo
2085 3504 2299 3559 Christo
2339 3504 2770 3574 inseparabiliter
2813 3504 3073 3562 adhaeret.
3130 3505 3403 3577 Scriptum
3454 3515 3538 3563 est

1939 3597 2084 3652 enim
2110 3613 2123 3649 :
2155 3594 2257 3660 Qui
2285 3596 2516 3651 adhazret
2540 3595 2767 3652 Domino
2786 3639 2802 3665 ,
2827 3614 2960 3652 unus
2982 3600 3193 3668 spiritus
3224 3607 3301 3653 est
3329 3616 3444 3653 cum
3476 3616 3536 3655 eo

1941 3687 1998 3760 (Ι
2029 3687 2149 3742 Cor.
2178 3704 2251 3753 vi,
2282 3688 2394 3759 17).
2443 3687 2548 3744 Pro
2587 3691 2842 3746 membris
2888 3691 3071 3762 itaque
3116 3701 3235 3747 orat
3276 3701 3439 3763 caput
3481 3693 3538 3749 in

1941 3782 2046 3838 hoc
2071 3781 2278 3852 psalmo
2303 3821 2318 3847 ,
2357 3790 2417 3835 ut
2464 3784 2707 3853 corporis
2750 3788 2832 3839 sui
2872 3786 3172 3841 orationem
3203 3785 3345 3841 Deus
3377 3784 3538 3842 Pater

1943 3871 2219 3935 exaudiat,
2248 3880 2303 3926 et
2334 3880 2392 3927 ut
2421 3873 2536 3942 ejus
2562 3873 2770 3929 clamor
2797 3875 2863 3930 ad
2893 3874 3087 3930 divina:
3108 3876 3407 3943 majestatis
3434 3892 3535 3930 au-

1942 3983 2030 4023 res
2051 3965 2328 4023 ascendat.
2361 3965 2614 4034 Quotidie
2639 3969 2782 4023 enim
2813 3976 2934 4023 orat
2957 3968 3202 4024 Christus
3228 3985 3328 4036 pro
3359 3967 3538 4022 Eccle-

1943 4060 2021 4115 sia
2046 4101 2060 4126 ,
2091 4059 2158 4114 de
2201 4075 2311 4130 quo
2357 4067 2588 4115 testatur
2613 4060 2889 4129 apostolus
2919 4058 3116 4114 Paulus
3143 4077 3154 4110 :
3189 4059 3322 4125 Quia
3355 4060 3539 4113 sedens

1943 4151 2012 4205 ad
2051 4151 2321 4205 dexteram
2348 4149 2527 4205 Patris
2563 4149 2860 4220 interpellat
2883 4165 2977 4218 pro
3017 4149 3166 4204 nobis
3194 4148 3372 4220 (Rom.
3409 4166 3537 4219 vtu,

1943 4239 2057 4309 '54).
2091 4241 2331 4309 Denique
2359 4247 2413 4293 et
2445 4239 2560 4307 ipse
2589 4246 2671 4292 est
2695 4237 3009 4307 propitiatio
3044 4253 3142 4308 pro
3177 4239 3411 4309 peccatis
3441 4257 3540 4296 no-

1945 4332 2072 4387 stris
2102 4330 2152 4403 (Ι
2182 4331 2342 4385 Joan.
2370 4328 2447 4399 2).
2486 4329 2671 4383 Potest
2700 4335 2878 4383 autem
2907 4329 3018 4385 haec
3046 4330 3221 4385 oratio
3251 4332 3541 4402 unicuique

1947 4427 2239 4481 convenire
2259 4423 2424 4487 ﬁdeli,
2448 4423 2592 4492 quia
2617 4421 2727 4477 Deo
2749 4424 2985 4492 postulat
3027 4424 3079 4479 in
3107 4425 3252 4481 bono
3290 4441 3540 4496 perseve-

1946 4516 2214 4580 rantiam,
2247 4522 2302 4569 et
2333 4520 2439 4566 tam
2483 4511 2654 4567 sancti
2695 4513 2944 4569 desiderii
2988 4530 3147 4584 quam
3192 4518 3353 4572 etiam
3403 4519 3539 4574 irre-

1949 4609 2130 4666 missm
2170 4606 2499 4676 operationis
2527 4605 2724 4660 emittit
2761 4606 3072 4662 clamorem.
3112 4606 3331 4665 Clamor
3359 4619 3540 4664 autem

1953 4697 2242 4769 aliquando
2286 4697 2339 4752 in
2383 4696 2548 4765 bona,
2580 4696 2870 4767 aliquando
2897 4697 2950 4751 in
2981 4697 3122 4752 mala
3150 4698 3543 4767 signiﬁcatione

188 4778 491 4835 omnibus
522 4788 646 4844 quae
675 4750 990 4836 imminent,
1032 4781 1166 4836 quas
1213 4764 1481 4821 invenerit
1509 4761 1833 4816 calamitates

1953 4788 2237 4858 accipitur.
2280 4787 2491 4843 Clamat
2518 4789 2662 4844 enim
2687 4789 2865 4859 justus
2888 4827 2906 4856 ,
2947 4803 3069 4844 cum
3100 4799 3356 4858 operatur
3379 4789 3540 4858 justi-

185 4867 493 4924 attendit.
528 4864 658 4918 llaec
678 4864 864 4933 itaque
887 4859 1066 4916 omnia
1093 4865 1221 4912 ante
1241 4854 1439 4912 mentis
1461 4853 1648 4908 oculos
1668 4850 1846 4905 omnis

180 4973 444 5034 pauper
498 4960 776 5024 congerat,
830 4960 886 5007 et
913 4963 1208 5022 pauperem
1237 4946 1509 5002 Christum
1546 4957 1646 5014 pro
1693 4940 1850 5034 nobis

182 5033 527 5109 anxiatum
547 5046 910 5110 considerans,
942 5043 1279 5098 miseriarum
1303 5053 1523 5096 suarum
1549 5033 1849 5092 multitudi-

184 5159 338 5201 nem
367 5139 665 5206 attendat;
692 5145 890 5207 quanta
905 5133 1072 5205 gloria
1088 5135 1141 5190 in
1162 5132 1333 5189 Adam
1355 5129 1515 5186 fuerit
1534 5133 1749 5183 creatus
1765 5139 1852 5180 re-

182 5236 487 5304 colligat,
509 5239 564 5286 et
579 5231 634 5285 in
654 5229 738 5284 his
754 5227 1000 5284 omnibus
1013 5226 1280 5290 anxiatus,
1295 5237 1403 5278 non
1420 5221 1473 5276 in
1485 5217 1657 5276 oculis
1673 5215 1848 5272 homi-

181 5346 341 5388 num
351 5367 370 5394 ,
390 5326 512 5383 sed
528 5340 710 5381 coram
723 5322 950 5378 Domino
961 5335 1176 5392 precem
1187 5334 1340 5374 suam
1361 5315 1437 5372 eﬁ‘
1434 5315 1620 5380 undat,
1631 5311 1817 5369 dicens
1833 5326 1849 5366 :

741 5418 898 5488 511
937 5409 1367 5466 EXPLANATIO

611 5523 794 5574 QUINTI
821 5521 1011 5561 PSALMI
1042 5515 1486 5560 MNITENTIALIS.

275 5605 498 5680 (Psal.
537 5602 754 5680 10i.—-_-
793 5601 942 5654 Vers.
985 5597 1061 5664 1.)
1104 5596 1362 5680 Domine,
1409 5591 1602 5680 exaudi
1649 5590 1849 5646 οναιξο-

186 5667 336 5736 neua
363 5691 587 5740 meam,
615 5682 664 5729 et
687 5672 882 5727 clamor
910 5684 1049 5724 meus
1075 5667 1144 5720 ad
1177 5675 1222 5718 te
1249 5667 1437 5718 veniat.

277 5775 348 5829 1.
403 5769 483 5827 In
518 5769 618 5827 hac
646 5769 896 5827 oratione
928 5778 1091 5836 quam
1119 5761 1416 5835 exposituri
1452 5775 1634 5820 sumus
1655 5797 1673 5828 ,
1701 5771 1851 5832 quae-

1954 4880 2084 4933 tiam
2109 4895 2178 4934 ex
2207 4879 2508 4946 desiderio;
2558 4880 2757 4935 clamat
2781 4888 2836 4936 et
2865 4880 3080 4950 impius,
3111 4895 3233 4936 cum
3262 4890 3543 4950 peccatum

1958 4971 2202 5042 adjungit
2247 4979 2492 5042 peccato.
2542 4972 2824 5028 Clamabat
2869 4972 3082 5043 Moyses
3135 4987 3258 5026 cum
3286 4972 3544 5043 populum

1958 5063 2028 5120 de
2053 5061 2370 5134 Egyptiaca
2393 5064 2650 5120 servitute
2670 5065 2972 5132 liberatum,
2997 5065 3062 5119 ad
3093 5073 3291 5120 terram
3319 5065 3546 5135 promis-

1958 5156 2125 5212 sionis
2151 5171 2250 5226 per
2273 5156 2546 5212 desertum
2575 5157 2880 5213 deduceret.
2929 5156 3209 5212 Clamabat
3235 5167 3288 5212 et
3316 5159 3546 5228 populus

1958 5246 2367 5315 Gomorrhacus,
2401 5263 2524 5304 cum
2564 5263 2632 5303 ex
2657 5247 3089 5318 frequentissima
3114 5250 3322 5319 peccati
3351 5265 3547 5321 perpe-

1958 5341 2192 5396 tratione
2212 5341 2380 5395 Deum
2405 5340 2472 5395 ad
2501 5341 2829 5396 iracundiam
2851 5349 3194 5411 provocaret.
3226 5341 3467 5412 Denique
3491 5355 3548 5401 et

1960 5429 2134 5502 Moysi
2163 5433 2359 5489 tacenti
2389 5433 2589 5488 dictum
2615 5440 2698 5486 est
2727 5447 2758 5486 a
2788 5432 3015 5489 Domino
3041 5451 3055 5487 :
3085 5434 3223 5497 Quid
3247 5436 3446 5491 clamas
3475 5440 3546 5493 ad

1956 5543 2038 5581 me
2061 5525 2258 5598 (Exod.
2290 5541 2399 5593 11v,
2425 5524 2550 5593 15)?
2579 5521 2642 5575 Et
2671 5524 2738 5578 de
2771 5524 2874 5579 illis
2903 5526 2978 5579 ait
3004 5525 3263 5581 Dominus
3293 5545 3306 5580 :
3336 5527 3546 5585 Clamor

1961 5617 2307 5674 Sodomorum
2343 5625 2393 5670 et
2425 5615 2883 5671 Gomorrhworum
2918 5620 3154 5674 ascendit
3178 5619 3248 5673 ad
3274 5637 3354 5676 me
3381 5621 3542 5694 (Gen.

1960 5725 2109 5781 mu,
2139 5707 2250 5782 20).
2279 5708 2432 5768 Unde
2459 5705 2673 5777 quidam
2705 5723 2806 5767 nos
2825 5709 3098 5780 admonet,
3124 5711 3308 5770 dicens
3338 5730 3354 5767 :
3383 5713 3544 5784 Aufe-
