3996 6346
462 334 605 395 H59

459 451 682 510 Domine
711 444 829 524 caeli
846 449 897 499 et
924 444 1263 524 _t_erra,.quia
1286 444 1603 524 ubscondisti
1642 444 1730 524 Ita-’3

464 525 595 578 tibus
625 533 671 574 et
696 516 1051 591 prudentibus,
1084 523 1133 568 et
1155 511 1400 591 'revelasti
1440 530 1500 566 ea
1530 514 1777 591 parvulis.
1813 512 1896 591 Ita
1940 511 2050 565 Pa-

460 606 555 649 ter.
590 584 765 658 Atque
785 602 912 643 mox
937 595 1190 658 tanquam
1221 585 1486 639 rationem
1508 587 1793 658 quamdam
1824 584 2054 658 abscon-

456 665 626 723 sionis
654 654 710 716 et
736 658 1080 716 revelationis
1107 656 1403 724 adjungens
1426 694 1441 720 ,
1489 656 1564 707 ait
1610 672 1622 706 :
1677 654 1810 717 Quia
1840 657 1913 707 sic
1954 655 2054 779 [ait

457 736 707 779 nlnrittnn
731 742 851 779 ante
877 738 944 779 te.
978 727 1182 779 Ouibus
1207 727 1455 779 nimirum
1486 726 1663 779 verbis
1683 726 1927 779 exempla
1971 740 2053 777 ιιι-

457 736 707 809 placitum
731 742 851 784 ante
877 738 944 782 te.
978 727 1182 794 Quibus
1207 727 1455 780 nimirum
1486 726 1663 809 verbis
1683 726 1927 793 exempla
1954 726 2053 779 hu-

458 798 702 862 'militatis
749 801 1079 870 accipimus,
1129 814 1197 853 ne
1249 805 1474 870 temere
1502 798 1773 851 discutere
1821 810 2052 865 superna

459 877 685 933 Consilia
713 874 780 927 de
821 868 1050 925 aliorum
1086 868 1395 929 vocatione,
1431 868 1655 922 aliorum
1696 884 1826 921 vero
1868 871 2050 936 repu'-

455 948 610 1003 sioue
653 958 1052 1014 praesumamus.
1100 939 1414 1014 cum-enim
1447 940 1709 1014 intulisset
1740 947 2048 1014 utrumque,

457 1034 565 1074 non
611 1009 736 1070 mox
778 1016 1038 1067 rationem
1071 1010 1332 1073 reddidit,
1374 1010 1465 1063 sed
1513 1011 1591 1064 sic
1634 1010 1746 1062 Deo
1798 1009 2052 1077 placitum

456 1090 593 1143 dixit
640 1106 649 1137 :
698 1088 800 1139 hoc
828 1084 1076 1139 videlicet
1105 1083 1430 1145 ostendens,
1479 1082 1603 1149 quia
1652 1081 1902 1148 injustutu
1935 1095 2053 1132 esse

457 1176 566 1214 non
598 1165 774 1231 potest
805 1155 948 1223 quod
972 1154 1118 1231 justo
1147 1153 1367 1231 placuit.
1400 1154 1763 1231 Quodn-utero
1796 1152 1913 1231 ait}
1950 1149 2053 1201 db-

455 1223 706 1283 scondisti
739 1227 845 1280 ha'c
878 1243 907 1277 a
936 1224 1260 1301 sapientibus
1297 1232 1354 1301 et.
1373 1223 1739 1289 prudentibus;
1782 1223 2052 1301 sapientes

456 1311 513 1355 et
542 1300 833 1369 prudentes
859 1295 1116 1369 videlicet
1140 1293 1514 1369 superbientes
1548 1301 1777 1369 \‘oc‘tht,
1810 1293 1933 1359 quia
1973 1293 2052 1344 ni-

455 1362 650 1427 mirum
694 1366 1129 1442 superbienti‘bus
1155 1364 1433 1442 _\'eritatis_
1457 1362 1691 1442 cognitio
1734 1365 2050 1442 denegatur:

457 1442 560 1507 Qui
590 1440 734 1494 enim
761 1433 871 1491 non
916 1435 1195 1505 subjunxit
1225 1451 1239 1487 :
1272 1434 1541 1507 Revelasti
1590 1450 1651 1487 ea
1682 1434 1905 1507 stultis,
1956 1433 2053 1487 sed

456 1505 731 1583 parvulis,
781 1517 1048 1563 tumorem
1079 1522 1139 1561 sc
1168 1507 1457 1560 damnasse
1488 1505 1751 1570 innotuit,
1783 1519 1889 1557 non
1920 1518 2053 1558 acu-

456 1598 604 1640 men.

450 1675 584 1733 CAP.
627 1673 781 1729 LVII.
812 1702 883 1715 —
920 1670 1101 1726 Venite
1140 1670 1209 1723 ad
1245 1687 1348 1738 me,
1378 1687 1555 1725 omnes
1581 1671 1666 1740 qui
1697 1670 1948 1725 laboratis
2001 1678 2053 1723 et

834 1745 1039 1799 onerati
1064 1743 1184 1796 estis
1210 1740 1422 1813 (Matth.
1457 1758 1530 1805 χι,
1561 1741 1675 1809 28).

1375 321 1720 383 ΑΡΡΕΝΟΙΧ
1760 322 1852 383 ΑΙ)
1890 322 1948 383 S.
1994 319 2327 382 GREGORII
2362 320 2595 381 OPERA
2630 320 2869 380 OMNIA.

1213 441 1263 496 ia
1289 440 1603 496 abscondisti
1642 441 1749 496 [nec
1780 458 1810 493 a
1836 438 2047 511 sapien-
2079 443 2123 503 Α
2155 444 2241 511 tus
2271 437 2366 511 Dei
2385 435 2561 511 Filius
2584 436 2809 491 formam
2830 435 3150 511 humilitatis
3172 443 3371 495 nostra:
3395 441 3658 511 suscepit,
3682 444 3755 499 ad

3604 324 3759 387 H60

2155 509 2258 562 hoc
2290 508 2588 585 invisibilis,
2626 524 2736 585 non
2760 509 2938 563 solum
2968 509 3211 585 visibilis,
3241 510 3523 585 sedetiam
3544 508 3757 585 despe-

2155 588 2274 633 ctus
2312 580 2598 647 apparuit:
2630 580 2697 631 ad
2724 580 2828 634 hoc
2866 580 3314 635 contumeliarum
3342 582 3593 647 ludibria,
3628 580 3752 639 irri-

2155 650 2363 703 sionum
2394 651 2608 719 probra,
2640 650 2947 721 passionum
2971 660 3236 704 tormenta
3262 653 3535 721 toleravit,
3567 664 3632 710 ut
3660 672 3751 710 su-

2155 721 2379 788 perbum
2428 735 2535 774 non
2580 735 2700 774 esse
2744 720 3017 775 hominem
3060 722 3281 778 doceret
3327 720 3544 779 humilis
3588 726 3751 782 Deus.

2156 790 2364 865 Quanta
2408 792 2570 865 igitur
2605 791 2921 865 humilitatis
2959 793 3280 865 est‘virttts,
3321 805 3544 863 propter
3590 812 3753 865 quam

2154 863 2326 915 solam
2353 863 2621 915 veraciter
2650 861 2979 933 edoccudam
2999 904 3014 929 ,
3058 863 3104 917 is
3129 864 3219 933 qui
3246 861 3362 919 sine
3388 861 3756 923 aestimatione

2156 942 2492 1007 estmagnus
2533 947 2702 1007 usque
2741 932 2809 986 ad
2852 932 3161 1007 passionem
3200 934 3371 990 lactus
3400 944 3487 991 est
3518 941 3757 1007 parvus?!

2156 1003 2303 1075 Quia
2325 1003 2769 1075 enimoriginem
2819 1004 3106 1072 perditioni
3154 1014 3353 1061 nostra
3392 1003 3629 1075 praebuit
3671 1003 3755 1063 su-

2158 1074 2344 1146 perbia
2391 1073 2649 1146 diaboli,
2674 1075 3087 1146 instrumentum
3130 1073 3520 1146 redemptionis
3557 1088 3757 1133 nostra:

2155 1144 2373 1217 inventa
2396 1152 2480 1198 est
2502 1144 2787 1217 humilitas
2812 1145 2926 1199 Dei.
2958 1146 3139 1201 Hostis
3167 1144 3369 1217 quippe
3399 1157 3594 1203 noster
3618 1150 3759 1206 inter

2156 1216 2337 1268 omnia
2376 1216 2657 1282 conditus,
2702 1215 2878 1271 videri
2922 1232 3085 1285 super
3126 1215 3312 1273 omnia
3332 1220 3505 1273 voluit
3530 1221 3757 1275 elatus:

2156 1285 2485 1359 Itedetnptor
2508 1300 2636 1359 vero
2658 1295 2844 1359 noster
2868 1302 3095 1356 magnus
3115 1304 3338 1343 manens
3360 1306 3527 1359 super
3549 1293 3756 1354 omnia,

2157 1354 2274 1428 ﬁeri
2304 1354 2445 1428 inter
2471 1357 2652 1412 omnia
2683 1357 2932 1425 dignatus
2961 1354 3044 1413 est
3079 1375 3294 1428 Parvus.
3328 1354 3444 1415 Sed
3476 1361 3674 1417 melius
3703 1372 3759 1418 et

2155 1427 2408 1481 elationis
2435 1443 2653 1481 causam
2674 1429 2996 1496 detegimus,
3024 1427 3090 1484 et
3110 1430 3451 1487 lundamenta
3481 1432 3757 1488 humilita-

2158 1498 2225 1551 tis
2254 1498 2526 1573 aper‘imus
2549 1539 2566 1564 ,
2611 1498 2658 1573 si
2700 1499 2850 1553 brevi
2894 1504 3412 1573 commemoratione
3438 1504 3757 1573 perstringi-

2156 1582 2276 1641 mus
2304 1568 2432 1641 quid
2462 1570 2653 1641 mortis
2680 1578 2891 1637 auctor,
2922 1572 3049 1641 quid
3077 1574 3199 1625 vita:
3220 1568 3452 1626 suadeat
3468 1568 3755 1629 Conditor.

2158 1637 2252 1711 Ille
2275 1640 2407 1692 nihil
2433 1638 2577 1711 aliud
2607 1648 2815 1695 mentes
2835 1637 3203 1698 sibi'subditas
3226 1643 3385 1697 docet
3407 1659 3570 1711 quam
3593 1646 3755 1701 celsi-

2159 1710 2359 1763 tudinis
2387 1710 2601 1764 culmen
2632 1720 2922 1780 appetere,
2954 1719 3147 1767 cuncta
3178 1714 3405 1782 aequalia
3430 1710 3636 1770 mentis
3667 1724 3755 1770 tu-

2159 1794 2315 1835 more
2344 1781 2761 1843 transcendere,
2811 1784 3131 1837 societatem
3174 1781 3449 1838 hominum
3489 1787 3595 1839 alta
3640 1788 3757 1841 ela-

452 1843 487 1879 1"
526 1840 626 1922 (In
650 1837 881 1921 exposit.
906 1836 966 1890 Β.
991 1833 1126 1922 Job,
1145 1833 1242 1916 ιιι).
1263 1849 1377 1915 χιιι,
1401 1848 1547 1888 num.
1578 1833 1656 1900 9.)
1681 1833 1760 1922 Ad
1781 1848 1841 1922 se
1865 1833 2052 1922 venire

2160 1829 2313 1905 tione
2340 1829 2716 1915 nisi}th
2743 1829 2865 1907 sese
2880 1829 3085 1922 contra
3116 1829 3413 1922 potentiam
3441 1829 3749 1911 Conditdiis

455 1905 557 1969 nos
588 1905 846 1967 Dominus
872 1910 1158 1977 prtccepit,
1195 1905 1444 1959 nimirum
1494 1920 1597 1957 non
1626 1905 2052 1977 gressibus_cor-

451 1984 623 2055 p0ris,
653 1982 744 2035 sed
770 1975 1098 2055 profectibus
1120 1977 1327 2055 cordis;
1362 1977 1474 2044 ipse
1497 1976 1817 2055 namqueait
1843 1994 1854 2029 :
1877 1975 2054 2055 Vieniet

456 2045 583 2108 hora
611 2045 821 2123 quando
845 2066 1006 2121 neque
1026 2048 1098 2123 in.
1113 2056 1285 2123 monte
1306 2048 1419 2110 hoc,
1450 2045 2053 2123 neqaeinderosolgmis

455 2116 746 2178 adorabitis
787 2116 1019 2175 Patrem.
1059 2116 1126 2171 Et
1164 2118 1325 2187 paulo
1363 2131 1486 2187 post
1528 2135 1541 2171 :
1601 2116 1717 2187 Veri
1748 2116 2053 2172 ador-«tores

453 2194 746 2249 adorabunt
775 2192 987 2245 Patrem
1018 2190 1071 2241 in
1102 2186 1285 2259 spiritu
1310 2186 1615 2242 ct'reritate.
1652 2186 1870 2259 Nuntiet
1896 2187 2055 2241 Pater

455 2266 584 2320 tales
614 2265 819 2335 quierit,
841 2265 926 2332 qui
954 2257 1170 2340 adorent
1198 2276 1313 2313 eum
1342 2258 1524 2340 (Joan.
1558 2275 1629 2340 tv,
1662 2257 1775 2340 2i).
1806 2258 1863 2312 In
1886 2259 2055 2340 corde

455 2349 589 2403 ergo
628 2330 863 2402 'gressus
891 2348 1011 2386 esse
1049 2330 1543 2403 iusinuatquando
1584 2339 1641 2383 et
1679 2339 1736 2382 ut
1777 2330 2056 2403 veniamus

452 2399 719 2467 vocatfet
736 2413 914 2456 tamen
937 2409 1085 2455 motu
1109 2399 1353 2469 corporis
1377 2415 1715 2469 nequaquam
1741 2416 1837 2453 nos
1858 2401 1923 2452 ad
1951 2402 2053 2454 alia

452 2475 689 2531 transire
728 2473 1025 2527 denuntiat.
1070 2471 1125 2524 In
1166 2471 1439 2539 Scriptura
1478 2485 1630 2524 sacra
1669 2484 2054 2538 nonnunquam

453 2544 819 2616 appellatione
846 2557 1147 2616 gressuum,
1178 2542 1263 2595 vel
1295 2550 1473 2616 motus
1505 2541 1783 2616 mentium,
1810 2541 1894 2595 vel
1925 2558 2053 2616 pro-

451 2608 627 2671 lectus
652 2608 944 2683 accipimus
971 2608 1323 2677 meriturum;
1354 2612 1550 2679 quibus
1589 2608 1831 2680 profecto
1859 2608 2056 2683 gressi-

452 2687 556 2743 bus
575 2686 642 2741 ad
664 2686 1013 2755 semetipsam
1046 2700 1144 2755 nos
1174 2683 1380 2737 Veritas
1400 2691 1581 2748 vocat,
1612 2683 1801 2738 dicens
1826 2701 1838 2735 ι
1875 2683 2057 2738 Venite

453 2758 526 2812 ad
547 2774 647 2825 me,
679 2772 855 2811 omnes
878 2756 964 2826 qui
995 2754 1268 2809 laboratis.

452 2848 583 2907 CAP.
616 2847 796 2905 LVIII.
827 2877 900 2889 —
928 2846 1115 2904 Tollite
1135 2849 1514 2989 {tltguinéfteum
1543 2863 1696 2919 super
1716 2864 1805 2903 uos
1835 2846 2051 2919 (Matth.

1206 2959 1223 2986 ,
1362 2959 1375 2973 .

1206 2959 1223 2986 ν
1260 2959 1375 2986 “’1-

468 3003 481 3013 .
524 3015 899 3089 (Innexposit.
944 3012 1005 3067 Β.
1036 3012 1161 3081 Joh,
1206 3013 1399 3089 l_ib._tv_,
1453 3029 1601 3069 num.
1631 3014 1731 3081 66;
1780 3014 1872 3089 lib.
1923 3029 2052 3078 xxx,

453 3084 605 3146 nuin.
635 3084 701 3139 50
723 3084 750 3152 ξ
772 3086 866 3143 lib.
899 3102 993 3148 xx,
1026 3101 1175 3140 num.
1208 3084 1325 3156 59.)
1354 3084 1543 3156 Magna
1574 3094 1657 3156 est
1693 3086 1922 3139 servitus
1952 3101 2055 3140 sm-

452 3157 717 3214 cularium
746 3157 1111 3227 negotiorum,
1140 3155 1337 3223 quibus
1368 3155 1518 3210 mens
1550 3155 1898 3227 vehementer
1923 3164 2056 3209 atte-

454 3229 615 3293 ritur,
658 3224 904 3298 quamvis
949 3228 1010 3298 in,
1036 3228 1115 3298 eis
1163 3234 1359 3296 sponte
1401 3226 1648 3281 desudet.
1700 3224 1861 3291 Quasi
1908 3228 2051 3281 enim

451 3296 689 3370 quodam
716 3299 847 3368 jngo
874 3296 1148 3370 servitutis
1180 3304 1431 3370 premunt
1471 3311 1755 3370 proSpera,
1802 3298 1929 3351 dum
1957 3313 2057 3370 ap-

450 3367 746 3442 petuntur;
781 3376 1034 3439 premunt
1058 3368 1285 3442 adversa
1308 3410 1323 3433 ,
1364 3369 1491 3442 dum
1509 3367 1878 3442 _lor_mida_ntur
1912 3387 1922 3421 :
1954 3368 2059 3422 hoc

450 3439 706 3497 videlicet
722 3441 913 3510 ‘jugum
944 3453 1110 3508 grave
1138 3439 1413 3495 servitutis
1434 3439 1568 3493 vidit
1598 3439 1856 3494 Dominus
1885 3454 2054 3493 saecu-

450 3511 647 3567 larium
673 3512 972 3567 cervicibus
996 3511 1336 3580 impressum,
1366 3526 1488 3566 cum
1510 3510 1714 3565 diceret
1738 3528 1751 3564 :
1788 3511 1967 3564 l’enite
1989 3510 2057 3563 ad

452 3599 554 3647 me,
586 3598 765 3636 omnes
790 3584 875 3652 qui
905 3582 1152 3636 laboratis
1180 3590 1228 3635 ct
1258 3582 1459 3635 onerati
1486 3583 1626 3645 estis,
1659 3590 1708 3635 et
1736 3598 1829 3651 ego
1857 3598 1943 3637 ros
1970 3596 2055 3634 re-

450 3654 649 3723 ﬁciam.
703 3652 891 3707 Tollite
932 3654 1113 3724 jagunt
1164 3669 1332 3706 meum
1360 3669 1516 3722 super
1551 3670 1658 3707 vos.
1698 3652 1852 3724 (Nihil
1892 3666 2057 3724 grave

453 3724 653 3777 mentis
679 3732 877 3778 nostrte
901 3723 1203 3779 cervicibus
1233 3724 1496 3793 itnpomt,
1529 3725 1620 3794 qui
1657 3723 1814 3778 vitari
1842 3723 2055 3779 deside-

449 3794 592 3863 rium
624 3808 784 3847 omne
805 3796 948 3861 quod
977 3796 1260 3862 perturbat
1281 3794 1543 3863 praecipit.
1576 3795 1715 3848 Nihil
1743 3809 1907 3863 grave
1934 3796 2056 3849 sub-

444 3862 607 3933 jectis
632 3863 785 3931 jubet
812 3864 903 3932 qui
943 3863 1223 3933 declinare
1264 3862 1531 3917 lahoribsa
1563 3865 1721 3932 hujus
1750 3862 1930 3920 mundi
1963 3865 2051 3919 iti-

450 3932 582 3997 nera
610 3935 910 4005 admonet:
940 3932 1135 4005 Iugum
1182 3950 1346 4005 meum
1387 3950 1564 4001 suat'e,
1615 3944 1663 3988 et
1711 3952 1839 3989 onus
1883 3952 2055 3990 meum

447 4006 554 4060 leve
581 4016 675 4060 est.
708 4004 973 4075 Asperum
998 4005 1200 4075 quippe
1226 4004 1435 4073 jugum,
1466 4015 1522 4059 et
1548 4006 1715 4069 dune,
1748 4010 1889 4060 sicut
1914 4008 2052 4063 dixi-

449 4091 590 4148 mus,
619 4076 896 4132 servitutis
917 4075 1129 4148 pondus
1151 4084 1235 4148 est
1260 4076 1480 4148 subesse
1501 4077 1902 4148 temporalibus,
1934 4094 2052 4132 am-

448 4147 569 4202 bire
601 4157 843 4213 terrena,
896 4146 1133 4202 retinere
1163 4146 1432 4211 labentia,
1479 4146 1620 4202 velle
1666 4154 1812 4202 stare
1859 4151 1911 4201 in
1942 4165 2052 4205 non

448 4219 758 4283 stantibus,
807 4228 1066 4289 appetere
1101 4218 1318 4288 quidem
1369 4219 1732 4289 transeuntis,
1785 4219 1880 4273 sed
1928 4236 2049 4275 cum

448 4291 854 4344 transeuntibus
896 4290 1042 4343 nolle
1073 4289 1322 4343 transire.
1368 4288 1535 4343 Deum
1566 4290 1710 4343 enim
1740 4299 1927 4345 contra
1957 4307 2053 4347 vo-

451 4367 567 4430 tum
607 4368 796 4430 cuncta
841 4359 1050 4430 fugiunt
1077 4374 1198 4429 quae
1228 4360 1377 4430 prius
1420 4370 1655 4415 mentem
1686 4376 1754 4416 ex
1784 4362 2051 4419 desiderio

452 4428 1139 4501 adeptionis__amixerant,
1174 4428 1329 4500 pust,
1374 4446 1439 4486 ex
1479 4446 1679 4501 pavore
1724 4432 2048 4500 omissionis,

450 4506 726 4573 premunt.
759 4498 875 4573 IIoc
904 4501 1065 4573 etiam
1092 4498 1279 4573 jugum
1304 4498 1576 4557 servitutis
1604 4518 1635 4556 a
1664 4498 2048 4573 discipulorum

451 4568 664 4653 cervice
704 4570 949 4653 solvebat
996 4568 1253 4625 Dominus
1277 4613 1292 4636 ,
1341 4588 1461 4653 cum
1510 4574 1716 4653 diceret
1748 4592 1759 4627 :
1792 4568 2053 4653 Attendite
2084 4595 2134 4653 ο

449 4641 589 4717 vobis
609 4681 624 4705 ,
674 4656 743 4717 ne
769 4642 902 4717 [orte
944 4650 1219 4717 graventur
1251 4644 1432 4717 __c_orda
1468 4652 1635 4717 vestra
1664 4648 1718 4698 in
1750 4650 1963 4717 crapula
2000 4658 2050 4703 et

450 4710 696 4785 ebrietate
725 4711 893 4785 (Luc.
928 4710 1048 4780 ιιχι,
1077 4711 1216 4785 5i):
1249 4713 1393 4768 illico
1419 4716 1746 4785 subjungeus
1781 4736 1792 4771 ;
1824 4710 1869 4771 et
1910 4722 2050 4774 caris

376 4844 379 4849 Α
452 4784 605 4857 hujus
635 4784 771 4857 vitat.
826 4782 1026 4857 Amant
1070 4783 1215 4857 enim
1247 4785 1494 4857 homines
1521 4782 1639 4856 pro'
1670 4787 1827 4857 hujus
1864 4792 2048 4846 mundi

452 4854 817 4932 gloria_eti_am
849 4854 1093 4932 laborum
1121 4854 1541 4932 tribulationes,
1592 4854 1904 4932 cunctisque
1952 4877 2050 4932 pro

453 4939 518 4978 ea
551 4924 1100 5001 sudoribus__libent_er
1122 4926 1491 5001 _serviunt,_et
1514 4930 1757 4996 gravium
1783 4924 1913 5001 jugo
1953 4924 2049 4989 de-

452 4996 734 5050 votissime
774 4996 911 5051 colla
960 4996 1314 5062 submittunt;
1350 4996 1504 5066 cujus
1545 4996 1819 5056 servitutis
1850 4996 2051 5058 'condi-

455 5066 606 5122 tione
636 5075 697 5146 et
718 5067 845 5146 jugo
874 5081 1060 5146 esrere
1083 5066 1296 5146 estiam
1323 5068 1376 5122 in
1399 5070 1606 5146 mundo
1631 5070 1768 5146 nihil
1793 5077 2049 5146 concupi-

454 5152 630 5193 scere.
670 5140 740 5191 At
767 5142 809 5193 si
839 5140 960 5207 quis
998 5139 1166 5194 semel
1197 5154 1227 5193 a
1267 5139 1635 5195 dominatione
1658 5139 2047 5201 desideriorum

454 5208 836 5287 temporalium
879 5209 1254 5287 colla__mentis
1283 5210 1618 5287 excusserit,
1644 5213 1899 5287 quadam
1937 5217 2047 5287 jam

455 5280 620 5335 etiam
650 5280 702 5351 in
731 5279 831 5334 hac
856 5280 964 5335 vita
995 5281 1244 5336 libertate
1274 5280 1593 5351 perfruitur;
1625 5279 1751 5338 dum
1781 5279 2051 5343 nullo'de-

454 5350 657 5406 siderio
686 5350 958 5407 Ielicitatis
989 5353 1250 5419 allicitur,
1278 5350 1438 5409 nullo
1467 5354 1808 5413 adversitatis
1840 5367 2049 5416 terrore

457 5430 787 5478 coarctatur.

455 5507 589 5568 Car.
620 5511 757 5569 LIX.
787 5544 857 5557 —
885 5514 1081 5590 Discite
1108 5534 1267 5590 asine,
1298 5518 1417 5590 quia
1441 5520 1580 5574 mitis
1602 5536 1713 5576 sum
1770 5532 1819 5577 et
1846 5523 2054 5580 humilis

925 5589 1079 5643 corde
1104 5588 1331 5660 (Matth.
1355 5606 1407 5645 χι
1423 5631 1437 5657 ,
1471 5590 1583 5661 ‘29).

531 5676 627 5750 (In
653 5680 899 5758 exposit._
925 5680 984 5734 B.
1016 5679 1140 5749 Job,
1172 5680 1261 5736 lib.
1288 5698 1485 5758 sxxw,
1518 5683 1782 5758 num.5'5,
1815 5686 1901 5758 54,
1936 5685 2053 5758 56.)

462 5746 948 5825 Contra_§uperbite
964 5746 1178 5825 pestem
1201 5746 1481 5825 audiamus
1494 5756 1705 5825 cuncti,
1730 5746 1872 5825 quod
1888 5746 2057 5814 disci:

462 5822 625 5896 pulos
661 5818 885 5896 Veritas
913 5818 1187 5896 admonet,
1215 5823 1445 5896 dicens:
1478 5818 1762 5879 Discite'a'
1775 5843 1890 5895 me,
1934 5831 2055 5896 quia

465 5891 607 5945 mitis
632 5906 748 5945 sunt
771 5899 822 5943 et
866 5890 1069 5945 humilis
1098 5892 1273 5948 corde.
1306 5893 1388 5948 Ad
1418 5895 1522 5951 hoc
1547 5911 1780 5967 namque
1809 5890 2055 5970 unigeni-

2158 1923 2388 1988 erigere,
2416 1923 2555 1976 sicut
2576 1924 2642 1977 de
2669 1924 2747 1977 eis
2769 1938 2866 1991 per
2888 1921 3223 1978 Psalmistam
3245 1925 3473 1979 dicitur:
3503 1926 3752 1981 Transie—

2156 2001 2278 2045 runt
2304 1998 2353 2045 in
2382 1994 2768 2062 dispositionem
2791 1996 2980 2057 cordis,
3014 1996 3363 2065 cogitaverunt
3384 2008 3431 2049 et
3454 1998 3607 2050 locuti
3634 2006 3757 2051 sunt

2160 2066 2445 2138 nequitias,
2476 2065 2818 2138 _iniqaitatem
2848 2068 2899 2119 in
2927 2069 3187 2138 excelsum
3218 2065 3373 2120 locati
3405 2078 3521 2120 sunt
3561 2074 3578 2138 (
3605 2068 3755 2122 l’sal.

2158 2150 2331 2207 ιιίχιι,
2361 2134 2438 2199 7).
2476 2133 2791 2191 Iste'autem
2821 2138 2886 2191 ad
2915 2148 3094 2207 sputa,
3126 2137 3193 2190 ad
3226 2140 3459 2207 palmas,
3509 2133 3578 2192 ad
3616 2142 3759 2194 cola-

2158 2205 2318 2275 phos,
2349 2208 2416 2258 ad
2446 2208 2686 2274 spineam
2721 2205 3005 2271 coronam,
3039 2212 3104 2261 ad
3132 2205 3348 2263 crucem
3370 2248 3387 2275 ,
3418 2210 3485 2263 ad
3510 2209 3752 2265 lanceam

2159 2283 2214 2347 et
2242 2286 2473 2347 mortem
2506 2279 2756 2342 veniens,
2808 2279 3047 2332 membra
3076 2294 3171 2332 sua
3204 2280 3459 2333 admouet
3479 2318 3497 2347 ,
3529 2281 3711 2336 dimns
3738 2298 3754 2333 :

2159 2346 2221 2400 Si
2251 2348 2365 2417 quis
2402 2346 2527 2400 mihi
2558 2350 2849 2414 ministrat,
2883 2366 2965 2402 me
2993 2359 3235 2417 sequatur
3267 2346 3483 2417 (Joan.
3508 2366 3615 2411 xtl.
3644 2351 3754 2416 9-6).

2160 2417 2296 2482 Quia
2331 2418 2488 2484 igitur
2518 2417 2847 2488 Redemptor
2874 2431 3060 2473 noster
3090 2421 3253 2473 corda
3283 2426 3425 2490 regit
3451 2423 3752 2489 humilium,

2158 2491 2431 2563 et_mortis
2460 2500 2651 2563 auctor
2687 2506 2781 2563 rex
2808 2501 2891 2544 est
2914 2490 3296 2563 superborum.
3332 2500 3527 2563 aperte
3554 2508 3751 2563 cogno-

2157 2558 2358 2613 scimus
2386 2562 2529 2629 quod
2560 2560 2809 2630 superbia
2841 2561 3301 2615 evidentissimum
3326 2558 3411 2614 est
3438 2558 3649 2628 signum
3673 2579 3756 2619 re-

2158 2630 2475 2702 proborum,
2508 2637 2566 2682 at
2592 2640 2780 2685 contra
2810 2631 3085 2685 humilitas
3114 2632 3435 2687 electorum.
3464 2633 3599 2687 Cum
3631 2650 3757 2702 ergo

2157 2700 2579 2773 quamquisque
2606 2702 2801 2773 habeat
2830 2702 3202 2767 cognoscitur,
3234 2702 3334 2757 sub
3364 2720 3475 2773 quo
3504 2720 3628 2773 rege
3655 2700 3760 2760 nii-

2159 2771 2281 2845 litet
2327 2772 2617 2825 invenitur.
2670 2770 3046 2845 Unusquisque
3086 2773 3230 2827 enim
3272 2770 3431 2843 quasi
3474 2770 3757 2845 quemdam

2158 2840 2376 2916 titulum
2406 2850 2589 2912 portat
2618 2840 2976 2916 cperim—quo—
2993 2842 3160 2916 facile
3197 2840 3451 2916 ostendat
3479 2840 3581 2901 sub
3612 2848 3758 2916 cujus

2157 2914 2360 2986 serviat
2401 2912 2671 2986 potestate
2701 2915 2949 2969 rectoris.
2993 2912 3146 2969 Unde
3185 2924 3242 2970 et
3286 2931 3384 2984 per
3414 2912 3757 2986 Evangelium

2157 2984 2355 3056 dicitur
2388 3001 2400 3037 :
2434 2985 2476 3036 A
2496 2985 2747 3056 fructibus
2768 3002 2947 3039 eorum
2964 2988 3280 3056 cognoscetis
3306 3004 3393 3041 eos
3422 2984 3645 3053 (Matth.
3665 3006 3758 3055 vn,

2158 3054 2271 3123 16).
2305 3057 2407 3121 Qui
2454 3054 2583 3124 ergo
2612 3055 2712 3110 sub
2740 3070 2868 3124 rege
2892 3054 3161 3125 superbia:
3190 3058 3456 3123 militant,
3503 3061 3639 3115 licet
3663 3054 3757 3115 ali?-

2159 3127 2395 3202 quando_
2428 3126 2664 3202 speciem
2718 3126 3037 3202 humilitatis
3082 3136 3388 3193 assumant,
3439 3133 3760 3202 semetipsos

2082 3210 2127 3272 ρ
2160 3203 2342 3272 tamen
2384 3197 2436 3251 in
2466 3198 2722 3272 omnibus
2750 3199 2935 3272 celare
2948 3212 3306 3272 nequaquam
3336 3214 3586 3270 possunt,
3618 3197 3754 3272 quo-

2160 3267 2306 3337 niam
2331 3281 2517 3323 eorum
2544 3267 2795 3337 superbia
2826 3268 2914 3322 diu
2946 3268 3120 3324 latere
3149 3267 3255 3325 non
3284 3267 3587 3335 sustinens,
3633 3267 3758 3329 cum

2159 3352 2228 3391 ex
2258 3336 2360 3391 alia
2383 3336 2698 3406 tegitur,’ex
2730 3339 2832 3392 alia
2860 3342 3075 3393 actione
3102 3340 3343 3394 nudatur.
3371 3342 3471 3404 Qui
3498 3358 3629 3396 vero
3650 3345 3757 3398 sub

2158 3421 2288 3481 rege
2316 3408 2634 3481 humilitatis
2662 3409 2927 3481 militant,
2961 3410 3144 3478 pavidi
3172 3426 3370 3481 semper
3405 3422 3460 3464 et
3499 3427 3569 3466 ex
3598 3415 3752 3468 omni

2158 3478 2328 3533 latere
2366 3480 2778 3553 circumspecti,
2829 3479 3115 3535 adversum
3160 3478 3404 3537 elationis
3444 3483 3626 3551 iacula
3658 3501 3760 3553 pu-

2158 3560 2343 3618 gnant,
2374 3558 2429 3604 et
2453 3551 2607 3620 quasi
2635 3552 3110 3607 contravenientes
3140 3554 3278 3608 ictus
3305 3554 3476 3606 solum
3509 3551 3684 3621 magis
3705 3557 3756 3609 iu

2157 3636 2257 3695 suo
2282 3637 2514 3695 corpore
2538 3622 2761 3695 oculum
2792 3623 3130 3690 custodiunt,
3181 3624 3307 3695 dum
3352 3623 3406 3677 in
3450 3628 3756 3695 semetipsis

2157 3692 2898 3762 principaliterbumilitatem
2925 3702 3162 3764 tuentur.
3188 3694 3325 3748 Cum
3348 3709 3479 3764 ergo
3498 3692 3753 3753 Dominus

2157 3765 2569 3835 omnibusquos
2596 3773 2771 3827 vocat,
2805 3764 2974 3818 dicit:
3010 3763 3209 3818 Discite
3248 3783 3284 3818 a
3332 3763 3434 3833 me,
3468 3770 3589 3835 quia
3619 3769 3753 3819 mitis

2155 3848 2291 3900 sum,
2320 3844 2370 3887 et
2396 3834 2606 3888 humilis
2635 3836 2808 3900 corde,
2842 3836 2973 3888 nihil
2999 3844 3079 3889 est
3109 3835 3253 3890 aliud
3273 3850 3335 3890 se
3358 3834 3545 3891 mitem
3566 3838 3617 3891 iu
3642 3853 3751 3891 mae

2159 3905 2380 3971 gisterio
2421 3905 2789 3975 humilemque
2817 3905 3026 3971 dicere,
3069 3907 3173 3961 nisi
3204 3907 3408 3963 relictis
3448 3910 3754 3963 exercendae

2156 3975 2568 4047 difﬁcultatibus
2597 3976 2869 4045 elationis,
2900 3979 3062 4045 plana
3087 3982 3339 4047 quaedam
3369 3980 3512 4035 bene
3538 3980 3754 4034 vivendi

2156 4045 2350 4100 itinera
2378 4046 2774 4102 demonstrare.

2155 4140 2286 4197 CAP.
2318 4139 2427 4195 LX.
2470 4172 2543 4184 —
2582 4140 2759 4217 Malus
2801 4141 2953 4217 homo
2980 4142 3049 4217 de
3094 4143 3529 4217 malo‘thesauro
3566 4148 3753 4217 profert

2621 4215 2763 4267 mala
2791 4212 3023 4284 (Matth.
3048 4230 3141 4281 xu,
3173 4214 3290 4286 '54).

2225 4301 2323 4376 (In
2352 4304 2592 4379 exposit.
2618 4304 2680 4359 Β.
2704 4303 2836 4379 Job,
2867 4304 2962 4360 lib.
2992 4321 3040 4371 ι,
3085 4306 3384 4379 ιιιιιιι.23.)
3433 4309 3752 4379 Plerumque

2154 4374 2349 4447 doctor
2372 4376 2466 4444 qui
2494 4377 2657 4431 audet
2684 4376 2880 4432 docere
2909 4391 3029 4446 qua:
3057 4378 3280 4447 negligit
3310 4374 3495 4447 agere,
3527 4374 3753 4435 eumue

2155 4446 2310 4519 sier‘it
2359 4447 2498 4519 bona
2548 4447 2697 4519 loqui
2742 4462 2861 4514 qua:
2901 4446 3229 4519 contempsit
3269 4446 3517 4519 Operari,
3559 4451 3754 4505 docere

2156 4516 2442 4589 subjectos
2461 4518 2648 4587 incipit
2676 4533 2841 4587 prava
2872 4533 2991 4588 qua:
3021 4516 3169 4586 agit;
3203 4530 3259 4574 ut
3282 4516 3430 4589 justo
3459 4516 3554 4576 Dei
3584 4522 3755 4575 omni-

2162 4588 2400 4662 potentis
2424 4587 2627 4662 judich
2646 4588 2756 4662 jam
2788 4587 2971 4643 nec’in
3001 4590 3146 4645 bono
3176 4587 3410 4658 linguam
3442 4593 3644 4646 habeat
3665 4592 3753 4662 qui

2159 4660 2360 4713 bonam
2403 4660 2569 4712 vitam
2604 4659 2806 4715 habere
2833 4670 3081 4726 recusat,
3130 4672 3396 4731 quatenus
3434 4678 3559 4717 cum
3602 4659 3755 4719 mens

2159 4739 2494 4783 terrenarum
2536 4731 2709 4784 amori
2738 4746 2919 4785 rerum
2956 4732 3269 4798 intenditur,
3304 4733 3372 4787 de
3408 4735 3645 4789 terrenis
3673 4749 3755 4789 re-

2159 4799 2260 4854 bus
2289 4816 2504 4873 s_e_mper
2530 4800 2799 4873 loquatur.
2835 4799 2989 4873 Unde
3016 4801 3227 4857 Veritas
3264 4805 3316 4857 in
3348 4802 3646 4873 Evangelio
3672 4806 3754 4859 di-

2157 4873 2229 4944 cit
2256 4888 2268 4923 :
2302 4870 2388 4924 Ea:
2414 4871 2740 4925 abundantia
2767 4872 2937 4927 cordis
2957 4888 3018 4927 os
3042 4873 3286 4944 loquitur.
3319 4873 3495 4929 Bonus
3510 4870 3675 4929 homo
3695 4878 3756 4930 de

2158 4940 2291 4995 bono
2320 4944 2559 4996 thesauro
2589 4946 2787 5011 profert
2828 4944 2963 4997 bona
2985 4985 2999 5008 ,
3043 4940 3297 4999 et'malus
3332 4948 3483 5000 homo
3525 4951 3589 4999 de
3616 4950 3753 5001 male

2158 5013 2399 5085 thesauro
2446 5014 2644 5085 profert
2694 5014 2833 5067 mala
2883 5014 3049 5080 (Lac.
3100 5031 3183 5082 vr,
3232 5014 3344 5085 45).
3404 5018 3543 5073 Hinc
3589 5019 3750 5071 etiam

2153 5081 2391 5138 Joannes
2423 5081 2500 5155 ait
2541 5081 2555 5138 ἐ
2596 5082 2708 5154 Ipsi
2735 5085 2800 5138 de
2824 5087 3016 5140 mundo
3038 5081 3187 5155 sunt,
3219 5081 3333 5142 ideo
3362 5089 3428 5143 de
3452 5089 3651 5143 mundo
3680 5089 3752 5142 lo-

2154 5164 2382 5225 quuntur
2414 5153 2597 5225 (Joan.
2631 5172 2701 5222 tv,
2738 5154 2815 5229 5).

2153 5244 2289 5325 Car.
2318 5245 2451 5325 LXI.
2483 5281 2554 5325 τ-
2579 5247 2657 5302 De
2695 5251 2836 5325 omni
2865 5248 3015 5306 verbo
3046 5253 3257 5325 otioso,
3276 5253 3415 5324 quod
3450 5254 3611 5325 locuti
3639 5256 3746 5325 {ue-

2243 5319 2349 5371 rint
2371 5320 2625 5388 homines,
2656 5321 2870 5375 reddent
2900 5327 3152 5377 rationem
3182 5319 3397 5395 (Matth.
3432 5342 3526 5387 xtl,
3548 5319 3662 5397 36):

2227 5408 2457 5479 (Regul.
2491 5420 2696 5487 pastor.
2739 5422 3012 5487 pa_rt._nt,
3055 5430 3108 5473 c.
3146 5414 3259 5483 M.)
3291 5415 3636 5487 Multiloquio
3662 5432 3745 5470 va-

2151 5489 2339 5535 cantes
2362 5522 2378 5549 ,
2430 5486 2555 5558 quia
2584 5498 2680 5552 per
2706 5484 3019 5553 multiplicia
3048 5488 3209 5541 verba
3240 5484 3554 5543 dilabuntur
3575 5528 3594 5554 ,
3638 5487 3743 5558 ple.

2152 5565 2382 5627 rumque
2420 5553 2511 5606 diu
2536 5558 2707 5627 otiosa
2735 5571 2931 5609 cavere
2953 5560 3117 5613 verba
3155 5559 3453 5627 negligunt,
3485 5561 3553 5614 ad
3579 5553 3742 5613 nam

2152 5623 2501 5702 perveniunt,
2535 5632 2592 5678 ut
2621 5625 2791 5679 aliena
2824 5628 2971 5702 prius
2996 5629 3152 5702 loqui
3173 5623 3370 5696 libeat,
3402 5623 3739 5702 postmodum

2154 5693 2584 5770 detractionibus
2631 5693 2835 5749 eorum
2872 5693 3081 5764 vitam,
3125 5701 3193 5755 de
3241 5693 3437 5770 quibus
3488 5702 3735 5770 loquitur,

2151 5766 2424 5855 mordeat,
2434 5837 2443 5848 _
2458 5767 2525 5820 ad
2547 5774 3202 5855 “Nonnulli/equique
3230 5766 3538 5855 adapertas
3560 5766 3736 5855 lingua

2151 5837 2511 5907 contumelias
2532 5849 2797 5907 erumpat.
2824 5836 2963 5893 Hinc
2990 5836 3247 5897 Salomon
3275 5836 3407 5898 dicit
3433 5862 3447 5897 :
3481 5836 3737 5897 lii—mutti—

2146 5904 2322 5976 loquio
2360 5919 2627 5979 peccatum
2657 5904 2763 5964 non
2790 5910 2956 5965 deerit
2983 5910 3166 5983 (Prov.
3194 5928 3249 5981 χ,
3276 5913 3390 5986 19).
3422 5913 3560 5971 Hinc
3583 5910 3734 5968 Jaco-
