3996 6346
217 329 349 386 1161

610 316 861 378 ALULFI
900 313 1256 374 EXPOSITIO
1300 314 1461 373 VET.
1505 312 1593 370 ET
1632 311 1793 370 NOV.
1832 310 2127 369 TEST.—
2156 311 2308 369 SUP.
2351 308 2607 367 EVANG.
2646 307 2795 366 SEC.
2838 307 3097 366 ΜΛΤἸἮ.

3352 306 3500 366 Ηϐἳ

214 440 316 496 bus
332 434 467 491 dicit
496 448 511 487 ε
546 431 606 487 Si
635 432 748 503 quis
768 436 915 503 putat
943 428 1319 503 sereligiosum
1344 443 1474 493 esse,
1507 443 1611 503 non
1638 428 1805 497 refre-
1833 430 1887 488 Α
1914 425 2078 480 etiam
2125 439 2337 503 sagenae
2376 425 2429 479 in
2466 439 2618 480 mare
2655 423 2835 503 missae
2860 429 3219 503 comparatur
3245 438 3315 481 ex
3352 425 3504 503 omni

210 524 350 564 stans
371 506 601 574 linguam
625 498 912 574 suam',_sed_
924 498 1175 574 seducens
1196 516 1283 574 cor;
1302 515 1471 574 sunm,
1499 498 1650 574 hujus
1664 513 1806 574 pana

136 625 143 635 .
210 586 291 634 est
310 568 493 647 religio
518 572 706 647 (Ibid,
736 571 846 647 i9).
872 570 1007 624 Hinc
1027 585 1214 647 rursus
1229 569 1305 623 ait
1330 586 1341 621 :
1365 568 1448 647 Si!
1469 569 1632 647 qmnis
1655 569 1806 647 homo

128 700 139 720 ι
209 638 479 720 ρᾴοωᾼὶιά
522 638 838 720 audiendum
858 675 886 720 ,_-
921 639 1430 720 tardus_autem__ad
1476 638 1805 720 inquenduiu.

129 707 139 781 ἶ
212 717 353 772 llinc
379 716 576 770 iterum
614 713 808 783 lingua:
830 712 937 765 vim
965 711 1249 783 deﬁniens,
1281 707 1806 783 a_t!jlngII:_IlquIe'

214 796 325 841 tum
351 786 571 863 malum,
594 778 756 863 plena
779 798 969 863 veneno
997 782 1266 863 morti[ero
1297 779 1507 863 (Ibid).
1540 778 1685 863 Hinc
1717 793 1812 847 per

211 849 564 924 senietipsam
594 849 802 907 Veritas
823 853 1095 917 admonet,
1121 849 1346 906 dicens:
1377 849 1503 924 Dico
1528 859 1697 924 autem
1717 866 1813 924 Avo-

209 925 293 981 bis
314 921 563 995 quoniam
585 940 735 977 omne
760 924 965 995 uerbum
990 924 1229 995 otiosum,
1257 924 1394 995 quod
1415 921 1573 995 iocati
1597 922 1809 995 fuerint,

210 991 433 1050 reddent
460 998 719 1049 rationem
746 994 810 1049 de
836 1011 896 1048 eo
916 994 971 1047 in
994 994 1084 1064 die
1103 991 1311 1064 judicii.
1344 991 1583 1064 Otiosum
1613 991 1813 1061 quippe

208 1068 442 1120 verbum
471 1074 558 1121 est
586 1066 734 1133 quod
777 1072 869 1118 aut
904 1062 1116 1119 ratione
1137 1062 1299 1133 iusta:
1328 1063 1688 1133 necessitatis,
1722 1068 1814 1115 aut

210 1134 522 1190 intentione
545 1132 646 1204 pia:
668 1134 913 1190 utilitatis
943 1142 1113 1189 caret.
1144 1132 1203 1188 Si
1223 1146 1352 1202 ergo
1380 1132 1521 1204 ratio
1545 1132 1613 1204 de
1636 1133 1813 1204 otioso

208 1219 470 1261 sermone
493 1202 748 1275 exigitur,
780 1219 1069 1275 pensemus
1088 1219 1207 1273 quae
1224 1219 1385 1275 poena
1412 1202 1812 1271 multiloquium

210 1285 437 1331 maneat
480 1276 536 1330 in
566 1291 675 1346 quo
706 1274 869 1331 etiam
896 1290 998 1345 per
1023 1275 1241 1330 innoxia
1270 1274 1434 1329 verba
1463 1284 1740 1344 peccatur.

209 1365 344 1424 ῦΑιι.
376 1366 537 1423 LXII.
565 1400 638 1413 -—
662 1366 905 1438 Colligite
931 1368 1250 1438 zisania,_et
1279 1367 1438 1438 ligate
1466 1366 1621 1438 eain
1652 1365 1813 1436 fasci-

396 1439 541 1493 culos
571 1439 639 1492 ad
668 1435 1070 1495 comburendum
1100 1435 1337 1507 (Matth:
1362 1453 1486 1499 xm,
1520 1436 1633 1507 30).

291 1527 390 1599 (In
413 1529 650 1599 exposit.
669 1527 731 1584 Β.
755 1527 877 1599 Job,
910 1528 1003 1599 lib.
1033 1544 1107 1593 tx,
1132 1543 1282 1583 num.
1310 1525 1415 1599 r98;
1448 1526 1542 1582 lib.
1570 1541 1623 1599 tv
1653 1523 1811 1592 Dial.,

212 1596 339 1670 cap.
368 1598 489 1670 35.)
514 1598 667 1655 Sicut
694 1599 753 1670 in;
769 1598 931 1670 domo
953 1597 1131 1670 Patris
1151 1596 1668 1670 mansionesmulta:
1691 1604 1818 1650 sunt

217 1667 669 1748 ptodiversitate
705 1668 952 1748 virtutis,
984 1667 1641 1748 sic__damnatos__diverso
1684 1681 1815 1748 sup-

215 1736 382 1809 plicio
411 1741 676 1808 gehennae
711 1739 923 1807 ignibus
952 1738 1169 1809 subjicit
1195 1738 1524 1807 disparilitas
1550 1736 1811 1791 criminis.

212 1807 351 1877 Qua:
368 1807 580 1867 scilicet
600 1810 846 1881 gebenna
874 1809 999 1864 licet
1023 1807 1231 1881 cunctis
1252 1825 1358 1863 una
1386 1809 1476 1881 sit,
1504 1823 1612 1881 non
1636 1815 1814 1881 tamen

214 1888 449 1934 cunctos
470 1895 575 1935 una
601 1878 898 1946 eademque
922 1880 1183 1949 qualitate
1202 1879 1499 1935 succendit.
1524 1878 1657 1931 Nam
1678 1878 1818 1949 sicut

214 1963 330 2003 uno
346 1951 467 2006 sole
480 1965 670 2005 omnes
688 1946 977 2019 tangimur,
996 1965 1099 2005 nec
1113 1958 1292 2005 tamen
1312 1950 1411 2004 sub
1426 1964 1492 2003 eo
1507 1962 1615 2003 uno
1629 1946 1817 2019 ordine

212 2034 415 2075 onmes
461 2018 957 2090 aestuamusaquia
1009 2022 1162 2087 juxta
1210 2020 1528 2089 qualitatem
1574 2018 1819 2086 corporis

212 2091 459 2146 sentitur
488 2092 652 2147 etiam
692 2089 903 2157 pondus
931 2090 1127 2145 caloris
1151 2106 1165 2153 ;
1196 2091 1275 2146 sic
1302 2090 1571 2144 damnatis
1598 2101 1705 2141 una
1734 2099 1820 2143 eat

213 2160 474 2229 gehenna
503 2175 623 2230 quae
646 2159 831 2225 allicit,
862 2168 920 2214 et
947 2168 1126 2215 tamen
1153 2175 1262 2215 non
1291 2176 1397 2230 una
1426 2173 1614 2214 omnes
1638 2158 1819 2230 quali-

213 2236 337 2285 tate
364 2228 669 2296 comburit,
712 2230 839 2298 quia
885 2230 1031 2299 quod
1076 2230 1163 2286 hic
1203 2231 1316 2300 agit
1357 2229 1540 2299 dispar
1566 2228 1819 2283 valetudo

215 2313 542 2382 cpt-porum,
573 2300 678 2382 hoc
705 2301 814 2382 illic
836 2300 1057 2355 exhibet
1085 2300 1267 2372 dispar
1290 2300 1816 2382 causaineritorum.

217 2369 334 2425 Nisi
384 2369 534 2427 enim
580 2377 974 2426 tormentorum
1024 2369 1288 2426 summam
1339 2369 1651 2425 meritorum
1696 2377 1820 2422 acta

218 2438 559 2523 dirimerent,
596 2456 933 2565 neiLuaquam
956 2440 1122 2523 judex
1143 2441 1365 2496 veniens
1391 2440 1457 2493 ad
1474 2438 1733 2521 judicium
1760 2452 1822 2493 se

218 2513 554 2565 messoribus
584 2526 680 2565 uer
721 2511 893 2565 iberet
922 2526 1041 2565 esse
1070 2510 1338 2565 dicturum
1364 2529 1376 2563 :
1408 2508 1646 2565 Colltaite
1675 2525 1819 2562 ziza-

214 2513 554 2581 messoribus
584 2508 893 2581 perhiberet
922 2508 1041 2566 esse
1070 2510 1338 2566 dicturum
1364 2529 1376 2563 :
1408 2508 1646 2581 Colligite
1675 2510 1819 2562 ziza-

215 2580 334 2650 αέα,
365 2591 416 2635 et
444 2580 606 2652 ligate
623 2583 679 2636 in
705 2583 982 2652 fasciculos
1013 2582 1082 2635 ad
1108 2582 1529 2636 comburendum.
1548 2580 1820 2652 Messores

217 2652 424 2731 quippe
452 2650 633 2723 angeli
660 2652 864 2731 zizania
896 2651 964 2706 ad
994 2652 1508 2731 comburendutnin
1538 2650 1823 2731 fasciculos

213 2719 418 2789 ligant,
452 2719 575 2778 cum
602 2738 698 2777 eos
722 2725 814 2792 qui
836 2730 1040 2778 teterno
1068 2724 1175 2791 igni
1203 2721 1449 2776 tradendi
1479 2730 1632 2786 sunt,
1664 2734 1822 2792 pares

214 2788 473 2861 paribus,
523 2796 574 2847 in
614 2788 895 2847 tormentis
937 2788 1201 2848 similibus
1239 2793 1485 2857 sociant;
1517 2799 1575 2846 ut
1604 2788 1824 2859 superbi

212 2875 339 2917 cum
370 2863 656 2935 superbis,
709 2863 969 2935 luxuriosi
1001 2879 1124 2935 cum
1155 2863 1482 2935 luxuriosis,
1525 2861 1675 2935 avari
1697 2874 1823 2935 cum

216 2935 419 2994 avaris,
448 2930 674 2989 Tallaces
700 2948 822 2988 cum
867 2932 1179 2999 fallacibus,
1226 2933 1391 2987 invidi
1436 2948 1561 2987 cum
1603 2930 1821 2997 invidis,

215 3002 475 3059 inﬁdeles
504 3019 627 3060 cum
656 3002 963 3058 inﬁdelibus
992 3005 1255 3069 ardeant;
1302 3014 1358 3058 et
1386 3012 1444 3057 ut
1470 3018 1607 3072 quos
1634 2999 1825 3072 similis

218 3073 374 3144 culpa
427 3075 707 3144 inquinat,
757 3089 854 3144 par
891 3074 1053 3129 etiam
1097 3089 1257 3144 poena
1285 3069 1638 3143 constringat.
1688 3069 1823 3125 Cum

220 3156 353 3225 ergo
382 3143 596 3225 similes
633 3143 688 3198 in
718 3143 877 3225 culpa
908 3145 974 3199 ad
1013 3143 1292 3225 tormenta
1310 3145 1504 3225 similia
1534 3145 1821 3225 ducantur,

222 3214 348 3286 quia
389 3218 444 3270 in
495 3215 628 3286 locis
656 3214 967 3286 poenalibus
998 3230 1093 3270 eos
1120 3216 1295 3286 angeli
1317 3215 1617 3285 deputant,
1664 3214 1822 3282 quasi

226 3284 562 3342 zizaniorum
589 3284 875 3341 faSciculos
904 3284 972 3340 ad
1000 3284 1426 3341 comburendum
1453 3286 1639 3354 ligant.

228 3375 362 3433 CAP.
407 3375 587 3434 LXIII.
626 3411 701 3423 —
727 3376 902 3433 Mittet
929 3378 1073 3448 ﬁlius
1112 3379 1337 3433 hominis
1364 3380 1578 3448 angelos
1607 3396 1748 3445 suos,
1775 3390 1825 3437 et

298 3449 546 3590 (ἐξέξθῖῗῖ
589 3448 654 3503 de
704 3465 862 3520 regno
916 3464 1011 3503 sua
1066 3450 1241 3504 omnia
1288 3448 1537 3503 scandala
1587 3450 1823 3515 (Matth.

402 3557 419 3583 ο
549 3558 565 3572 ο
1738 3569 1754 3581 .

402 3557 419 3583 s
448 3557 565 3583 τη·

302 3607 538 3678 (Ηοιιιίι.
570 3609 661 3682 12,
705 3608 761 3665 in
806 3607 1010 3682 Evang.
1042 3626 1101 3666 ιι.
1136 3611 1187 3678 I,
1228 3611 1284 3677 3,
1314 3609 1395 3681 6.)
1444 3612 1689 3682 Regnum
1728 3614 1827 3672 Dei

227 3692 339 3735 non
369 3695 585 3751 semper
608 3681 663 3735 in
694 3695 852 3735 sacro
880 3680 1098 3751 eloquio
1124 3688 1413 3737 venturum
1441 3680 1663 3751 regnum
1697 3686 1828 3741 dici-

229 3754 320 3804 tur
338 3787 355 3813 ,
403 3752 523 3823 sed_
533 3765 927 3823 nonnunquam
954 3752 1265 3823 praesentis,
1293 3754 1553 3823 temporis
1582 3752 1825 3811 Ecclesia

178 3880 181 3881 ν
229 3828 477 3876 vocatur.
504 3820 692 3890 Neque
711 3821 855 3897 enim
878 3821 930 3897 in
947 3822 1040 3897 illo
1061 3836 1229 3892 regno
1258 3820 1624 3897 beatitudinis,
1649 3827 1701 3880 in
1717 3841 1827 3897 quo

230 3902 337 3959 pax
359 3906 571 3966 summa
602 3900 707 3959 est,
739 3891 970 3966 inveniri
990 3902 1092 3966 aut
1121 3891 1242 3948 esse
1269 3894 1525 3966 scandala
1548 3891 1827 3966 poterunt,

228 3972 351 4086 tenuia:
377 3962 723 4033 colligantur,
756 3961 849 4017 ubi
875 3962 1123 4033 profecto
1150 3964 1368 4034 reprobi
1396 3979 1505 4021 non
1532 3961 1827 4023 admittunQ

540 4126 673 4184 Car.
707 4125 890 4185 LXIV.
920 4160 992 4174 —
1018 4126 1155 4185 Item
1177 4130 1315 4185 unde
1337 4146 1518 4201 supra.

304 4215 540 4291 (Homil.
563 4219 652 4283 38,
688 4218 742 4274 in
766 4217 996 4291 Evang.,
1026 4236 1081 4275 ιι.
1103 4219 1184 4289 2.)
1213 4220 1536 4291 Plerumque
1567 4222 1617 4277 in
1639 4231 1829 4280 sancto

231 4282 528 4364 Evangelio
549 4282 774 4364 regnum
802 4290 894 4346 Dei
904 4282 1037 4354 ,vv'el
1066 4282 1287 4360 regnum
1309 4282 1572 4364 caelorum
1595 4309 1831 4364 praesens

233 4353 479 4413 Ecclesia
501 4353 842 4443 nominatur;
866 4353 1213 4431 congregatio
1236 4364 1435 4486 quippe
1455 4353 1728 4432 justorum
1749 4380 1830 4419 re-

234 4438 402 4486 Znum
427 4429 687 4486 calorum
716 4432 934 4486 dicitur.
964 4433 1088 4486 auia
1110 4448 1209 4486 uer
1227 4449 1363 4486 ιιι-οι)
1403 4440 1546 4486 etam
1570 4434 1830 4486 Dominus

234 4438 402 4550 suum
427 4429 687 4486 calorum
716 4431 934 4514 dicitur,
964 4429 1088 4500 quia
1110 4448 1209 4501 per
1227 4429 1546 4504 prophetam
1570 4434 1831 4491 Dominus

275 4508 366 4550 tcn.
391 4516 408 4550 :
440 4500 633 4550 Caelum
661 4501 786 4550 mihi
813 4502 957 4550 sedes
986 4513 1062 4550 est
1088 4502 1107 4550 Ι
1125 4502 1235 4550 Isa-
1269 4518 1420 4550 Lva-
1463 4502 1542 4550 1)-
1574 4503 1641 4550 Et
1668 4504 1829 4550 Salo-

275 4499 366 4554 icit
391 4500 639 4573 :Cwlunt
661 4501 787 4573 mihi
813 4502 957 4556 sedes
985 4499 1062 4573 est
1088 4499 1244 4573 (Ἰσαξ
1268 4499 1421 4569 Li",
1463 4502 1542 4573 1).
1574 4503 1641 4558 Ει
1668 4504 1829 4560 Salo-

1914 511 2113 561 genere
2136 497 2362 565 piscium
2385 496 2752 564 congreganti,
2784 494 2908 564 quia
2935 496 3096 549 missa
3124 496 3178 548 in
3204 496 3306 551 hoc
3332 496 3508 564 genti-

1916 566 2083 622 litatis
2110 564 2361 623 sieculum
2380 608 2393 631 ,
2428 568 2630 620 nullum
2660 566 2894 635 respuit,
2934 564 3027 619 sed
3057 565 3229 619 malos
3254 582 3374 620 eum
3405 567 3506 621 bo-

1918 638 2029 704 nis,
2070 638 2333 707 superbos
2375 652 2498 692 cum
2524 636 2847 703 humilibus,
2896 635 3185 707 iracundos
3214 651 3333 690 cum
3364 636 3509 692 utili-

1914 708 2038 776 bus,
2068 718 2124 764 et
2142 706 2328 763 fatuos
2356 722 2477 762 cum
2504 708 2835 776 sapientibus
2860 706 3025 776 capit.

1915 798 2045 857 Car.
2074 798 2258 853 LXVI.
2288 830 2361 842 —-
2387 796 2642 852 Dominus
2663 795 2934 868 ambulans
2962 812 3120 868 supra
3142 812 3302 850 mare.
3341 795 3512 851 Navi-

1986 871 2104 924 eula
2133 880 2304 924 autem
2326 910 2341 933 ,
2366 869 2421 921 in
2462 885 2564 937 qua
2592 867 3033 937 transfretabant,
3081 870 3137 921 in
3169 867 3337 923 medio
3374 868 3515 921 mari

1986 885 2104 924 suta
2133 885 2304 924 autem
2326 910 2341 933 ,
2366 885 2421 921 ιιι
2462 885 2564 992 zua
2592 885 3033 937 transgretaoant,
3081 885 3137 921 ιη
3169 885 3337 923 meam
3374 885 3511 921 mars

1978 940 2279 1013 jactabatur
2318 941 2460 1013 ﬂucti
2497 955 2604 994 us:
2652 947 2764 992 erat
2805 939 2944 992 enim
2988 940 3280 993 contrarius
3328 946 3511 994 ventus

1989 1009 2204 1085 (Matth.
2229 1026 2338 1075 xw,
2363 1009 2478 1081 24).

1988 1106 2067 1175 (ln
2100 1106 2330 1175 exposit.
2363 1105 2425 1159 B.
2455 1103 2577 1170 Job,
2626 1105 2719 1159 lib.
2764 1106 2899 1169 xvii,
2953 1119 3101 1159 num.
3156 1102 3271 1171 45.)
3312 1101 3515 1175 Beatus

1915 1178 2018 1233 Job
2042 1178 2110 1233 de
2138 1174 2366 1231 Domino
2395 1175 2524 1230 dicit
2553 1194 2565 1230 :
2593 1174 2658 1230 In
2692 1175 2995 1246 fortitudine
3020 1175 3162 1246 illius
3186 1174 3355 1246 maria
3392 1181 3515 1246 sunt

1916 1255 2233 1319 congregata
2252 1246 2394 1316 (Job.
2426 1262 2575 1319 xxvi,
2605 1244 2874 1319 12)‘._Quid
2900 1245 3048 1319 aliud
3069 1245 3233 1319 maris
3270 1244 3511 1319 nomine,

1916 1313 2080 1388 quain
2117 1313 2359 1388 praesens
2402 1317 2654 1372 saeculum
2677 1313 3011 1388 designatur
3031 1316 3063 1388 ?7
3092 1313 3152 1369 In
3194 1330 3302 1388 quo
3331 1314 3517 1388 _corda

1918 1386 2197 1445 hominum
2220 1397 2436 1443 terrena
2481 1386 2835 1457 quaerentium
2870 1386 3096 1441 diversis
3123 1386 3516 1457 cogitationum

1916 1458 2170 1515 ﬂuctibus
2196 1454 2589 1524 intumescunt,
2611 1459 2700 1528 qui
2732 1458 2969 1512 elatione
2997 1454 3518 1528 superhiieincitati,

1917 1530 2047 1586 dum
2077 1532 2283 1585 alterna
2307 1529 2605 1583 intentione
2631 1525 2693 1583 se
2722 1528 3005 1598 impetunt,
3031 1526 3183 1598 quasi
3211 1525 3523 1598 adv_ersanti

1917 1615 1978 1656 se
2017 1600 2161 1655 unda
2205 1599 2485 1654 collidunt.
2535 1598 2642 1654 Sed
2676 1594 2891 1666 jam'in
2940 1594 3520 1666 fortitudineibomini

1917 1672 2088 1725 maria
2117 1678 2444 1738 congregata
2473 1676 2629 1734 sunt,
2665 1665 2919 1739 quoniam
2964 1668 3243 1739 incarnato
3264 1665 3520 1739 Domino,

1917 1736 2283 1797 discordantia
2311 1736 2649 1795 smculariunt
2678 1736 2845 1794 corda
2872 1738 3217 1794 concorditer
3262 1736 3517 1792 crodunt.

1850 1826 1897 1885 Β
1922 1810 2280 1885 Jam‘Petrus“
2298 1811 2351 1865 in
2392 1811 2527 1885 mari
2572 1810 2842 1885 ambulat;
2875 1810 3019 1885 quia
3040 1808 3291 1885 nimirum
3321 1806 3525 1885 Christi

1922 1881 2401 1952 przedicatoribus,
2430 1881 2518 1935 illa
2546 1880 2824 1949 quondam
2852 1876 3057 1952 tumida
3106 1877 3292 1952 humili
3332 1876 3526 1952 audiiu

1922 1948 2087 2007 corda
2134 1953 2405 2007 subtracta
2439 1948 2603 2017 sunt;
2651 1960 2709 2004 ut
2746 1960 2896 2005 recte
2936 1948 3099 2004 etiam
3136 1950 3187 2003 in
3230 1948 3525 2016 Evangelia

1922 2022 2082 2088 hujus
2110 2022 2293 2078 mundi
2330 2022 2797 2077 mansuetudinem
2832 2019 3175 2091 ﬁguraverit,
3205 2018 3350 2091 quod
3391 2034 3524 2088 pro-

1923 2094 2124 2216 ceilosa
2154 2094 2315 2148 maris
2365 2108 2505 2163 aqua
2554 2092 2769 2148 Domini
2812 2090 3040 2162 pedibus
3080 2105 3269 2161 presso
3311 2095 3528 2145 tumore

1923 2177 1984 2216 ea
2010 2172 2131 2216 cata
2160 2172 2262 2216 est.

1922 2172 2131 2219 calcata
2160 2172 2262 2218 est.

1922 2250 2054 2309 CAP.
2098 2252 2301 2309 LXVII.
2326 2287 2398 2298 —
2424 2252 2780 2327 Quodcunque
2820 2254 3083 2327 ligaiieris
3110 2270 3264 2325 super
3308 2263 3526 2327 terram,

2030 2327 2127 2379 erit
2154 2327 2371 2395 ligatum
2400 2326 2521 2379 etin
2554 2324 2729 2390 caelis,
2762 2324 2876 2380 etc.
2899 2324 3113 2394 (Matth.
3146 2324 3265 2391 xw,
3299 2324 3412 2397 I9).

1997 2413 2229 2488 (Diaiog.
2262 2415 2356 2488 lib.
2388 2430 2459 2481 ιι,
2489 2430 2610 2485 cap.
2643 2414 2746 2482 ‘23,
2790 2416 2889 2470 sub
2920 2415 3036 2486 ﬁn.)
3068 2416 3259 2488 Petrus
3302 2427 3527 2488 aposto-

1925 2485 2009 2539 lus
2034 2486 2086 2538 in
2126 2486 2231 2540 hac
2277 2486 2451 2541 adhuc
2497 2500 2661 2540 carne
2705 2494 2853 2553 erat,
2898 2488 2991 2555 qui
3021 2487 3272 2542 audiebat
3304 2485 3531 2554 {Quod-

1925 2556 2387 2628 cunqueiligaveris
2411 2574 2563 2628 super
2589 2565 2784 2610 terram
2801 2598 2814 2623 ,
2838 2559 2935 2611 erit
2962 2558 3176 2628 ligatum
3201 2567 3250 2611 et
3276 2560 3332 2613 in
3354 2563 3529 2615 artis:

1924 2634 1972 2680 et
2003 2626 2337 2698 quodcunque
2382 2627 2600 2698 solveris;
2632 2643 2786 2698 super
2817 2626 3032 2693 terrant',
3080 2631 3177 2682 erit
3225 2631 3447 2684 solutum
3480 2638 3533 2683 et

1924 2698 2171 2750 in-caelis.
2194 2696 2360 2765 Cujus
2388 2712 2531 2751 nunc
2557 2696 2728 2751 vicem
2776 2698 2971 2765 ligandi
3001 2704 3057 2752 et
3098 2700 3341 2753 solvendi
3390 2701 3535 2755 obti-

1925 2776 2057 2820 nent
2081 2768 2172 2835 qui
2198 2767 2375 2821 loeum
2403 2767 2576 2821 sancti
2618 2768 2893 2835 regiminis
2938 2769 3041 2822 ﬁde
3088 2777 3142 2822 et
3180 2770 3421 2825 moribus
3452 2780 3533 2827 te-

1928 2843 2093 2908 nent.
2126 2846 2181 2890 et
2227 2838 2402 2891 adhuc
2451 2837 2655 2908 in_hac
2700 2852 2865 2908 carne
2903 2840 3238 2905 corruptibili
3276 2840 3534 2908 degentes

1925 2905 2139 2979 solvere
2167 2916 2405 2979 possunt
2444 2906 2648 2962 animas
2688 2908 2740 2961 in
2773 2907 2864 2979 illo
2909 2908 3022 2977 jam
3052 2908 3300 2979 invisibili
3326 2905 3535 2979 judicio

1925 2978 2270 3033 constitutas.
2305 2976 2412 3032 Sed
2440 2987 2499 3033 ut
2533 2987 2681 3033 tanta
2709 2978 2890 3034 valeat
2913 2976 3077 3034 homo
3105 2978 3175 3034 de
3207 2976 3346 3035 terra
3366 3022 3381 3047 ,
3408 2982 3536 3037 cmli

1927 3054 2169 3125 etterra:
2196 3047 2456 3125 Conditor
2488 3050 2542 3104 in
2572 3051 3017 3125 terram_venit___e
3060 3050 3248 3125 cmlo._
3271 3051 3447 3125 Atque
3476 3059 3537 3125 ut

1931 3117 2169 3191 judicare
2215 3135 2344 3175 caro
2385 3120 2662 3191 etiam_de
2711 3120 3077 3191 spiritualibus
3107 3121 3305 3190 possit,
3351 3117 3455 3178 hoc
3482 3123 3536 3179 ei

1954 3190 2114 3262 argiri
2137 3189 2387 3259 dignatus
2412 3201 2523 3259 est,
2554 3189 2848 3262 factus—pro
2876 3189 3185 3248 hominibus
3206 3207 3332 3248 caro
3358 3193 3537 3261 Dens;

1930 3261 2057 3329 quia
2088 3261 2213 3316 inde
2241 3264 2478 3316 surrexit
2519 3263 2659 3317 ultra
2703 3261 2764 3317 se
2812 3262 3097 3318 inﬁrmitas
3146 3272 3360 3329 nostra,
3394 3265 3538 3321 unde

1929 3332 2030 3387 sub
2058 3346 2118 3387 se
2145 3330 2412 3387 inﬁrmata
2438 3340 2521 3389 est
2567 3332 2663 3388 Dei
2709 3331 2953 3389 ﬁrmitas.

1929 3422 2063 3482 CAP.
2104 3422 2334 3481 LXVIII.
2364 3458 2436 3470 —
2454 3427 2601 3481 Absit
2628 3444 2661 3481 a
2685 3434 2767 3493 te,
2791 3427 3041 3495 Domine,
3068 3445 3172 3484 non
3192 3430 3291 3484 erit
3320 3430 3411 3484 tibi
3436 3430 3536 3486 hoc

2465 3497 2679 3567 (Matth.
2726 3514 2835 3566 xw,
2868 3498 2991 3571 >22).

2004 3592 2085 3662 (In
2114 3590 2347 3663 exposit.
2378 3589 2441 3664 β.
2474 3588 2731 3664 J_ob,_lib_.
2764 3606 2850 3664 ιιι,
2884 3607 3033 3664 num.
3088 3592 3206 3664 38.)
3238 3593 3535 3652 Sciendum

1932 3660 2019 3721 est
2042 3660 2465 3734 quia'carnales
2496 3661 2551 3734 in
2605 3660 2853 3734 Ecclesia,
2892 3660 3386 3734 aliquando'metu,
3435 3666 3537 3721 ali-

1930 3731 2165 3805 quando
2178 3747 2308 3787 vero
2338 3731 2563 3805 audacia
2588 3731 2999 3805 suaderebonis
3026 3750 3280 3803 perversa
3307 3744 3535 3793 conten-

1931 3802 2085 3862 dunt.
2124 3802 2514 3873 Cumqueiipsi
2546 3802 2630 3857 vel
2677 3802 3121 3872 pusillanimitate
3169 3806 3251 3860 vel
3300 3806 3539 3865 elatione

1931 3875 2206 3947 deﬁciunt,
2237 3873 2351 3928 lucc
2374 3872 2644 3947 justorutn
2665 3874 2920 3947 cordibus
2942 3873 3223 3933 infundere
3244 3916 3260 3943 ,
3290 3880 3443 3947 quasi
3468 3892 3540 3934 ex

1931 3946 2220 4001 dilectione
2285 3943 2599 3999 moliuntur.
2654 3943 2937 4000 Carnalem
2990 3947 3240 4003 videlicet
3298 3943 3539 4003 mentem

1933 4014 2127 4088 Petrus
2152 4022 2280 4069 ante
2306 4013 2686 4088 Redemptoris
2702 4023 2958 4088 imortem_
2969 4016 3539 4088 [esurreetionemque

1932 4086 2233 4151 retinebat;
2261 4084 2463 4140 carnali
2489 4092 2672 4138 mente
2697 4084 2899 4139 Sarvize
2930 4084 3069 4139 ﬁlius
3091 4086 3210 4140 duci
3240 4101 3340 4141 suo
3364 4084 3539 4141 David

1932 4156 2220 4226 adjunctus
2241 4154 2682 4226 inhzeserat_;_sed
2708 4162 2885 4226 tamen
2909 4169 3046 4226 unus
3065 4153 3373 4225 formidine,
3398 4159 3538 4213 alter

1933 4222 2171 4284 elatione
2198 4226 2477 4295 peccabat.
2526 4222 2622 4278 Ille
2649 4225 2849 4295 quippe
2894 4224 3138 4292 magistri
3169 4222 3399 4283 mortem
3432 4244 3536 4283 au-

1934 4297 2121 4361 diens,
2152 4292 2287 4350 dixit
2317 4312 2329 4348 :
2360 4295 2559 4348 Absita
2590 4302 2664 4355 te,
2702 4292 2952 4359 Domine,
2986 4311 3087 4349 non
3132 4298 3230 4351 erit
3261 4300 3353 4352 tibi
3394 4299 3489 4354 hoc
3517 4315 3538 4355 :

1933 4368 2025 4424 hic
2073 4380 2200 4441 vero
2238 4365 2462 4441 injurias
2512 4364 2677 4441 ducis
2704 4378 2811 4441 non
2866 4366 3076 4441 ferens,
3126 4367 3539 4441 aiteNunquid

1935 4454 2028 4508 pro
2068 4438 2149 4490 his
2175 4434 2372 4508 _verbis
2417 4451 2522 4508 ngu
2548 4433 2828 4508 _occidelur
2857 4434 3042 4508 ASemei
3063 4479 3076 4503 ,
3105 4440 3211 4508 qui
3266 4433 3539 4497 maledixit

1937 4503 2143 4565 Christo
2164 4504 2376 4560 Domini
2419 4505 2503 4573 (II
2541 4503 2669 4576 Reg.
2704 4520 2822 4572 xtx,
2850 4504 2980 4576 2i)?
3008 4506 3115 4561 Sed
3138 4503 3219 4562 illi
3250 4527 3376 4565 mox
3400 4512 3537 4567 dici-

235 4580 365 4652 t'iton
390 4569 466 4624 ait
495 4571 733 4652 ;_Anin_ta
750 4571 1065 4652 justi-sedes
1093 4569 1364 4652 sapientia:
1397 4569 1552 4641 (Sap.
1577 4590 1676 4652 vn_,
1711 4573 1826 4652 g7).
1857 4577 1913 4639 D
1936 4586 2025 4633 tur
2053 4595 2078 4652 :_
2098 4577 2232 4630 Redi
2268 4569 2493 4652 postjne
2511 4616 2556 4652 ,Α
2580 4569 2824 4652 Slitana;
2866 4569 2934 4629 et'
2968 4577 3055 4652 hic
3102 4594 3248 4652 cum
3273 4595 3536 4652 germano

236 4633 438 4694 Paulus
465 4641 629 4695 etiam
657 4633 789 4696 dicit
820 4659 835 4698 :
868 4642 1126 4697 Christum
1156 4633 1255 4697 Dei
1298 4633 1533 4698 virtutem
1558 4654 1608 4698 et
1631 4633 1727 4699 Dei
1747 4633 1828 4700 sls-

237 4709 486 4784 pientiam
517 4708 584 4784 (Ι
613 4710 733 4766 Cor.
767 4727 813 4784 ι,
844 4710 936 4784 28)
970 4730 983 4766 :
1017 4712 1219 4783 liquido
1250 4714 1508 4784 debemus
1545 4715 1823 4784 colligere,

238 4780 403 4858 quod
427 4782 472 4835 si
522 4780 662 4858 Deus
700 4782 1002 4858 sapientia,
1040 4780 1218 4858 anima
1245 4800 1375 4858 veno
1394 4782 1529 4858 justi
1554 4780 1711 4858 sedes
1736 4780 1828 4840 sa;

238 4851 453 4926 pientis;
471 4893 488 4919 ,
517 4853 643 4926 dum
673 4851 867 4926 eteinm
898 4853 1095 4926 dicitur
1118 4855 1274 4926 sedes
1314 4851 1445 4926 Dei,
1474 4855 1669 4911 coelum
1696 4870 1829 4926 ergo

240 4928 325 4993 est
353 4922 531 4993 anima
556 4922 707 4993 justi.
739 4922 998 4993 Hinc_per
1021 4922 1359 4980 Psalmistam
1380 4924 1447 4979 de
1466 4926 1668 4981 sanctis
1692 4922 1830 4993 pra:-

241 4942 325 4974 est
353 4942 531 4975 anima
556 4942 707 4993 jusu.
739 4942 875 4979 mne
901 4942 998 4993 per
1021 4942 1359 4980 rsanmtsuam
1380 4942 1447 4979 ae
1466 4942 1668 4981 sancus
1729 4942 1826 4982 ra:-

241 4988 795 5068 dicatoribus_dicitur
818 5010 831 5047 :
856 4991 983 5049 Cati
1009 5003 1261 5068 enarrant
1287 4994 1511 5068 gloriam
1533 4995 1630 5068 Dei
1651 4942 1826 5068 (βίαι.

244 5072 402 5130 xvm,
435 5064 523 5136 I).
561 5061 803 5136 Regnum
838 5077 968 5132 ergo
993 5061 1363 5136 caelorumést
1389 5064 1629 5121 Ecclesia
1654 5061 1831 5136 justo-

246 5142 397 5205 rum_,
436 5135 562 5202 quia
604 5134 729 5205 dum
760 5149 948 5190 eorum
989 5136 1153 5190 corda
1201 5135 1276 5190 nil
1304 5136 1548 5205 ambiunt
1577 5137 1628 5191 in
1658 5134 1828 5205 terra,

245 5213 342 5268 ιιθι·
366 5202 473 5258 hoc
491 5203 635 5277 quod
654 5205 925 5277 suspirant
952 5205 1019 5260 ad
1044 5220 1299 5277 superna,
1322 5204 1436 5276 jam
1458 5205 1512 5262 in
1540 5206 1621 5263 eis
1648 5202 1833 5265 Domi;

248 5284 348 5327 nus
366 5275 521 5342 quasi
544 5274 595 5328 in
623 5274 934 5331 cmlestibus
960 5274 1172 5347 regnat.

248 5380 389 5465 CAP.
427 5384 587 5465 LXY.
633 5415 708 5431 συ-
753 5388 939 5445 Simile
965 5396 1042 5443 est
1079 5406 1294 5465 regnum
1339 5390 1583 5465 sclorum
1625 5408 1835 5465 sugente

318 5460 584 5537 misstein
611 5475 777 5537 mare,
805 5468 855 5514 et
880 5475 957 5537 e_a:_
966 5461 1110 5537 omni
1140 5460 1336 5532 genere
1360 5463 1580 5534 piscium
1618 5460 1837 5537 congre-

320 5531 465 5604 σανιιὶ
496 5529 711 5603 (Matth.
741 5546 856 5593 xm,
885 5529 1000 5601 47).

322 5622 411 5751 (In
432 5623 665 5695 exposit.
689 5621 748 5675 Β.
772 5621 895 5689 Job,
927 5623 1019 5706 lib.
1044 5638 1232 5707 xxxin,
1265 5641 1415 5683 num.
1439 5626 1556 5700 34.)
1588 5629 1833 5714 Regnum

322 5711 511 5751 torum
538 5700 765 5749 vocatur
791 5691 1063 5751 Ecclesna.
1094 5710 1247 5751 CUIUS
1286 5695 1413 5751 dum
1442 5713 1625 5751 mores
1652 5700 1833 5751 Dmm-

252 5691 520 5753 emloruni
538 5700 765 5749 vocatur
791 5691 1063 5764 Ecclesia,
1091 5695 1247 5764 cujus
1286 5695 1413 5751 dum
1442 5691 1625 5755 moi-es
1652 5691 1835 5757 Domi-

253 5780 355 5823 nus
381 5766 449 5821 ad
485 5778 714 5835 superna
759 5763 1034 5833 sublevat',
1080 5763 1191 5835 jam
1241 5768 1355 5821 haec
1383 5767 1496 5836 ipsa
1526 5770 1579 5825 in
1605 5770 1833 5828 Domino

244 5845 351 5906 per
395 5836 671 5894 omlestem
719 5836 1188 5892 conversationem
1239 5848 1447 5907 regnat.
1504 5839 1633 5907 Qua:
1685 5851 1834 5901 recte

537 5930 810 5989 ΡΑι-ιιοι..
840 5927 1134 5990 LXXIX.

1935 4644 2480 4719 protinusaudivit:
2516 4644 2654 4719 Quid
2682 4646 2825 4719 mihi
2850 4655 2899 4701 et
2920 4648 3071 4719 ‘uobis
3090 4688 3104 4714 ,
3154 4650 3253 4719 ﬁlii
3277 4644 3536 4715 'Sarviaz;

1937 4717 2382 4790 curefﬁciamini
2430 4717 2582 4790 hodie
2622 4718 2747 4771 mihi
2805 4719 2859 4772 in
2905 4717 3111 4774 Satan?
3156 4717 3298 4774 Mala
3348 4720 3536 4790 itaque

1936 4788 2258 4861 suadentesl.
2309 4788 2482 4861 angeli
2522 4797 2792 4861 apostatte
2820 4790 3184 4861 appellatione
3217 4788 3533 4861 censentur,

2014 4858 2257 4929 iblandis
2275 4856 2452 4914 verbis
2472 4856 2539 4913 ad
2558 4856 2742 4916 illicita
2764 4856 2920 4929 quasi
2950 4860 3254 4927 diligentes,
3288 4856 3532 4917 trahunt.

1985 4928 2107 4985 alde
2136 4942 2265 4985 vero
2292 4929 2589 4985 deteriores
2618 4940 2744 4985 sunt
2764 4928 2856 4999 qui
2885 4930 3010 4985 huic
3047 4929 3249 5000 culpae,
3282 4947 3389 4987 non
3420 4931 3537 4988 for-

1929 5000 2165 5067 midine,
2193 4999 2291 5056 sed
2316 5000 2553 5055 elatione
2580 5001 2960 5056 succumbunt.

1927 5118 2059 5177 CAP.
2084 5115 2270 5179 LXIX.
2300 5148 2371 5163 —-
2400 5118 2749 5191 Regulum
2773 5137 2807 5173 α
2834 5118 3040 5191 quibus,
3063 5118 3328 5191 accipiunt
3368 5119 3535 5173 tribu-

2363 5188 2498 5244 tum'
2536 5188 2750 5261 (Matth.
2800 5188 2938 5256 xvn,
2980 5190 3099 5261 θυι

2011 5280 2232 5354 (Homil.
2260 5296 2351 5347 vn,
2380 5280 2681 5354 in_Ezech.,
2710 5296 2766 5335 n.
2791 5281 2870 5354 4.)
2898 5280 2955 5354 In
2984 5290 3171 5339 nostro
3196 5283 3341 5340 bono
3365 5298 3535 5353 opere

1937 5350 2229 5424 aliquando
2250 5350 2545 5407 cavendum
2574 5359 2657 5424 est
2695 5352 3033 5424 scandalum,
3084 5355 3375 5424 aliquando
3401 5350 3537 5412 vero

1939 5439 2040 5494 pro
2068 5423 2239 5494 nihilo
2266 5422 2758 5494 contemnendum.
2791 5422 2944 5489 Quod
2984 5424 3037 5477 in
3069 5422 3189 5494 ipso
3215 5434 3401 5481 nostro
3432 5441 3534 5481 au-
3602 5424 3614 5453 ’·

1940 5491 2095 5550 ctore
2120 5491 2432 5567 didicimus,
2463 5492 2555 5560 qui
2585 5492 2708 5567 dum
2754 5494 3011 5548 tributum
3058 5491 3219 5567 Petro
3274 5496 3535 5567 inquisito

1940 5570 2217 5637 peteretur
2235 5600 2251 5626 ,
2304 5563 2453 5632 prius
2479 5562 2799 5637 paradigma
2822 5566 3105 5637 proposuit
3118 5597 3146 5631 ,-
3167 5580 3263 5637 per
3298 5562 3443 5636 quod
3470 5582 3535 5623 se

1940 5632 2073 5708 nihil
2124 5632 2325 5708 debere
2372 5632 2688 5708 respondit,
2748 5632 2935 5708 dicens
2984 5653 2998 5689 :
3052 5632 3217 5708 Reges
3268 5632 3447 5705 terrm,
3497 5654 3533 5692 α

1936 5703 2118 5781 quibus
2158 5703 2736 5781 accipiunihtributum,
2770 5706 2863 5781 _i_:el
2904 5703 3149 5781 censum}
3187 5725 3220 5763 a
3246 5710 3374 5781 filiis
3401 5703 3532 5781 suis,

1937 5773 2097 5849 (inab
2126 5773 2351 5827 alienis?
2374 5773 2525 5849 illico
2555 5776 2832 5845 respondit
2858 5795 2867 5828 :
2895 5776 3038 5848 Ergo
3068 5777 3217 5834 liberi
3246 5773 3374 5833 sunt
3403 5773 3527 5849 ﬁlii.

1936 5842 2042 5902 Sed
2068 5851 2353 5916 postquam
2374 5844 2600 5904 liberum
2621 5842 2682 5904 se
2701 5862 2822 5905 esse
2842 5842 3184 5917 monstravit,
3208 5866 3277 5907 ne
3297 5842 3533 5907 fortasse

3054 5946 3129 6005 37
