3996 6346
296 334 438 392 1169

693 329 942 391 ALULFI
984 330 1347 390 EXPOSI’I‘IO
1383 331 1540 387 VET.
1584 326 1671 388 ΕΤ
1709 317 1864 386 NOV.
1907 327 2104 386 TES'I‘.
2145 361 2214 373 —-
2251 329 2401 390 SUP.
2446 326 2700 388 EVANG.
2742 331 2894 389 SEC.
2933 327 3192 393 ΜΑΤἸἮ.

3429 336 3570 394 1176

295 451 523 514 ponunt.
555 443 708 522 Unde
761 452 816 500 et
847 443 1013 522 fatuae
1041 444 1274 522 virgines
1313 445 1365 499 in
1393 444 1503 499 suis
1531 442 1674 500 vasis
1703 441 1883 497 oleum
1912 444 1964 502 Λ
1987 444 2135 522 quod
2156 450 2310 498 extra
2335 452 2508 522 senest
2536 453 2849 514 congreget,
2871 445 2917 501 si
2947 445 3053 522 hoc
3079 447 3254 522 solum
3281 449 3429 521 quod
3448 450 3574 522 ipse

295 531 407 571 non
447 515 737 584 sumpsisse
781 514 1104 581 referuntur,
1163 516 1286 584 quia
1330 523 1644 583 arrogantes
1672 527 1881 584 omnes,

296 602 422 641 cum
450 601 509 641 se
536 583 602 640 ab
628 585 896 655 aliquibus
921 586 1148 642 fortasse
1171 583 1315 640 vitiis
1355 586 1652 650 continent,
1676 583 1883 655 bonum

295 657 479 725 gloria:
501 658 639 710 intra
663 652 1020 711 conscientias
1049 657 1247 711 habere
1264 672 1370 711 non
1399 664 1641 724 possunt.
1675 652 1732 707 In
1759 668 1886 708 vase

295 736 477 796 autem
528 728 748 796 proprio
797 737 1098 796 sumpserat
1141 727 1341 781 Paulus
1369 727 1567 791 oleum,
1599 726 1690 795 qui
1737 725 1884 778 dice-

295 793 386 852 bat
419 815 430 850 :
465 793 646 851 Gloria
697 807 874 852 nostra
919 793 1030 852 hare
1076 808 1150 852 est
1178 798 1522 852 testimonium
1558 793 1888 851 conscientia:

294 879 491 922 nostra:
519 867 607 936 (ll
636 867 755 922 Cor.
788 885 825 930 ι,
856 867 968 936 12.)
1000 868 1158 922 lnane
1182 882 1311 936 ergo
1337 868 1612 923 vasculum
1637 864 1778 920 ferre
1806 873 1890 920 est

295 937 440 993 intus
493 939 655 993 corde
709 954 882 992 vacuo
927 937 1072 995 foras
1119 938 1336 994 humani
1395 937 1593 992 favoris
1630 937 1886 1006 judicium

297 1023 555 1077 quaerere,
590 1010 714 1077 quia
766 1010 891 1080 dum
939 1010 1110 1078 gloria
1157 1009 1395 1065 exterius
1419 1008 1698 1080 quaeritur,
1748 1008 1889 1062 intra

299 1088 391 1135 Vas
422 1081 598 1133 oleum
632 1096 740 1133 non
781 1079 1028 1136 habetur.

367 1167 499 1225 ΟΑΡ.
533 1167 841 1224 LXXXVII.
889 1202 960 1213 --—
1013 1169 1150 1225 Date
1195 1170 1342 1224 nobis
1382 1169 1447 1225 de
1488 1169 1603 1227 oleo
1651 1177 1820 1224 vestro

863 1239 1077 1309 (Matth.
1112 1258 1236 1307 xxv,
1264 1241 1343 1311 8).

371 1331 450 1403 (lu
479 1331 712 1401 exposit.
749 1330 809 1384 Β.
838 1330 958 1395 Job,
992 1333 1084 1403 lib.
1116 1349 1226 1394 Vlll,
1280 1348 1428 1387 num.
1459 1331 1574 1402 74;)
1599 1331 1892 1403 Hypocrita

298 1402 431 1458 nihil
462 1403 606 1455 aliud
638 1403 690 1456 in
722 1403 870 1457 omni
896 1402 1037 1470 quod
1067 1403 1177 1470 agit
1207 1403 1304 1456 nisi
1346 1403 1615 1472 opinionis
1639 1402 1750 1457 Suae
1777 1403 1894 1469 glo-

298 1475 432 1529 riam
455 1473 677 1540 cogitat,
732 1487 835 1527 nec
861 1481 1015 1527 curat
1039 1489 1148 1542 quo
1180 1482 1304 1539 post
1333 1489 1430 1540 per
1461 1473 1710 1527 meritum
1740 1472 1892 1526 duci-

300 1553 406 1607 tur,
432 1543 525 1597 sed
549 1543 678 1612 quid
711 1542 923 1596 interim
955 1543 1185 1597 dicatur.
1210 1542 1316 1598 Sed
1345 1543 1462 1596 laus
1489 1559 1608 1596 cum
1641 1542 1754 1612 ejus
1776 1543 1894 1612 vita

299 1611 646 1685 pr:e_terit,tet
689 1614 958 1667 humanus
985 1613 1134 1685 favor
1186 1615 1238 1668 in
1274 1613 1480 1685 judicio
1505 1611 1703 1668 delicit.
1739 1611 1894 1666 Unde

300 1683 355 1739 et
393 1683 550 1737 fatuae
579 1684 830 1751 virgines,
865 1698 984 1750 qua:
1015 1684 1191 1738 oleum
1233 1685 1285 1739 in
1317 1684 1461 1738 vasis
1510 1699 1616 1738 non
1648 1697 1894 1752 sumpse-

301 1763 443 1819 rant,
489 1753 612 1823 quia
661 1756 711 1806 in
744 1755 932 1808 alienis
971 1755 1178 1809 scilicet
1220 1755 1443 1809 vocibus
1482 1755 1705 1823 gloriam
1759 1765 1813 1807 et
1838 1753 1892 1807 in

1987 521 2072 588 est
2099 512 2357 568 damnet?
2387 513 2479 588 Sit;
2496 528 2624 584 ergo
2649 512 2760 570 ‘res'
2774 516 3082 588 temporalis
3107 519 3162 572 in
3185 512 3399 588 itinere,
3429 512 3573 579 desi-

1988 582 2207 639 deretur
2239 593 2440 660 aeterna
2469 586 2519 640 iu
2547 582 2923 660 perventione,
2947 587 3058 643 sint
3083 596 3298 660 terrena
3326 582 3447 660 qua
3474 607 3576 649 no-

1988 664 2103 709 stro
2150 656 2365 725 corpori
2419 657 2656 711 serviant
2700 667 2966 725 quatenus
3013 659 3164 714 cordi
3203 656 3427 718 minime
3471 661 3576 718 ob-

1989 725 2202 798 gistant,
2234 740 2304 780 ne
2333 742 2431 781 nos
2472 727 2538 798 ad
2587 726 2866 798 caelestem
2895 729 3124 796 patriam
3147 744 3256 798 quo
3289 747 3389 786 nos
3419 739 3580 788 vocat

1991 794 2269 862 Dominus,
2300 797 2652 866 praepediant.
2683 797 2824 852 Nihil
2852 794 2922 852 sit
2950 800 3094 867 quod
3125 794 3453 857 desiderium
3481 819 3583 857 no-

1989 874 2114 922 stra:
2159 869 2355 922 mentis
2387 868 2641 926 retardet.
2671 869 2868 923 nullius
2896 884 2995 924 nos
3035 870 3114 926 rei
3145 870 3200 925 in
3240 873 3344 927 hoc
3374 871 3580 928 mundo

1992 936 2284 992 delectatio
2308 938 2565 1008 implicet.
2606 938 2662 994 Si
2691 939 2890 993 bonum
2921 939 3181 1008 diligitur,
3204 957 3357 998 mens
3384 943 3438 997 in
3480 941 3581 998 bo-

1991 1009 2078 1063 nis
2117 1008 2454 1074 melioribus,
2502 1008 2553 1062 id
2584 1019 2668 1064 est
2706 1009 2759 1063 in
2808 1011 3117 1065 caelestibus
3167 1011 3504 1079 delectetur;
3534 1012 3582 1068 si

1993 1079 2196 1152 malum
2237 1081 2513 1152 metuitur,
2560 1080 2710 1152 mala
2731 1080 2911 1152 animo
2933 1091 3132 1136 teterna
3166 1091 3583 1152 proponantur;

1994 1157 2053 1202 ut
2080 1149 2356 1222 dum__illic
2383 1165 2504 1222 esse
2527 1150 2813 1220 conspicit,
2858 1159 2914 1205 et
2940 1149 3180 1222 amplius
3199 1149 3344 1219 quod
3372 1153 3580 1220 diligat,

1993 1226 2049 1272 et
2076 1218 2304 1342 atmplius
2335 1221 2479 1289 quod
2523 1218 2870 1290 pertimescat
2893 1260 2908 1286 ,
2939 1221 3026 1276 hic
3041 1218 3273 1277 'omnino
3318 1238 3427 1277 non
3469 1218 3582 1277 ha:-

1993 1305 2083 1342 rea
2118 1329 2130 1341 .

1993 1305 2083 1343 1'88
2093 1305 2130 1342 ι.

2066 1382 2197 1435 Car.
2231 1380 2518 1434 LXXXIX.
2558 1415 2630 1423 ——
2658 1382 2819 1435 Amen
2850 1384 2964 1437 dico
3000 1382 3156 1450 vobis,
3190 1386 3360 1439 nescio
3401 1402 3486 1439 vos

2528 1451 2745 1522 (Matth.
2776 1469 2900 1517 xxv,
2937 1453 3047 1522 12).

2070 1546 2149 1615 (In
2180 1545 2412 1614 exposit.
2449 1546 2508 1599 Β.
2543 1547 2666 1612 Job,
2720 1546 2810 1601 lib.
2847 1542 2956 1614 viti,
2992 1563 3120 1602 num
3145 1587 3157 1600 .
3189 1547 3278 1613 85,
3309 1556 3365 1604 et
3396 1548 3488 1602 lib.
3524 1564 3585 1614 ιι,

1993 1632 2147 1690 num.
2195 1615 2273 1685 6.)
2330 1619 2577 1690 superna
2625 1617 2964 1690 dispensatio
3020 1618 3318 1690 hypocritis
3362 1619 3590 1686 largitur

1997 1688 2199 1741 bonum
2229 1688 2430 1755 operis,
2471 1697 2525 1741 et
2567 1699 2770 1742 sortem
2809 1688 3040 1755 denegat
3065 1688 3424 1755 htereditatis,
3455 1704 3590 1756 ope-

1997 1758 2154 1830 randi
2211 1773 2436 1830 munera
2485 1760 2744 1822 cumulat,
2791 1766 2847 1812 et
2904 1767 3083 1813 tamen
3135 1769 3260 1813 vota
3313 1759 3592 1830 operantis

301 1826 414 1878 suis
455 1825 806 1906 conscientiis
835 1841 945 1906 non
973 1825 1265 1906 habebant,
1319 1825 1544 1906 turbata:
1570 1841 1669 1906 per
1697 1823 1890 1906 Sponsi
1927 1828 1971 1886 Β
1998 1827 2231 1906 ignorat,
2255 1828 2381 1906 quia
2407 1828 2531 1906 dum
2563 1830 3196 1906 perceptum_mun_us‘ad
3221 1823 3433 1906 laudem
3467 1845 3593 1906 pro-

303 1895 641 1966 praasentiam
688 1896 875 1950 dicunt
911 1913 924 1948 :
963 1896 1096 1949 Date
1143 1895 1288 1950 nobis
1319 1896 1519 1966 de_oteo
1549 1905 1736 1960 vestro,
1771 1895 1892 1966 quia

304 1963 572 2034 lampades
623 1976 818 2020 nostra:
881 1969 1298 2037 exstinguuntur.
1367 1963 1557 2020 Oleum
1608 1963 1807 2036 quippe
1845 1979 1892 2037 ga

303 2037 565 2117 proximis
583 2044 889 2117 petereest
909 2035 1133 2117 gloriam
1157 2036 1284 2090 boni
1313 2037 1493 2117 operis
1519 2051 1548 2089 a
1583 2035 1895 2091 testimonio

304 2106 484 2178 alieni
516 2108 626 2178 oris
673 2107 982 2178 implorare.
1023 2105 1176 2178 Mens
1218 2105 1416 2178 etenim
1474 2123 1665 2171 vacua,
1694 2122 1817 2161 cum
1864 2119 1895 2159 a

305 2175 515 2231 cunctis
540 2176 651 2228 suis
681 2175 954 2231 laboribus
983 2175 1112 2230 nihil
1138 2192 1195 2232 se
1225 2177 1370 2231 intus
1398 2179 1638 2232 tenuisse
1668 2178 1895 2231 invene-

305 2247 394 2311 rit,
423 2245 787 2318 testimonium
818 2245 949 2301 foris
977 2248 1187 2315 quaerit.
1221 2248 1297 2302 Ac
1321 2247 1366 2301 si
1396 2258 1582 2318 aperte
1604 2245 1762 2302 fatua:
1790 2247 1897 2301 vir-

307 2317 459 2384 gines
489 2317 672 2371 dicant
705 2335 717 2370 :
742 2315 875 2371 Cum
910 2332 1006 2370 nos
1029 2318 1217 2387 repelli
1243 2318 1359 2373 sine
1389 2315 1744 2373 retributione
1775 2332 1899 2371 con-

307 2387 534 2456 spicitis.
557 2387 720 2458 dicite
752 2389 804 2458 in
834 2396 1018 2442 nostro
1051 2403 1216 2456 Opere
1246 2390 1392 2457 quod
1414 2388 1638 2444 vidistis.
1671 2387 1778 2448 Sed
1800 2388 1898 2458 hy-

307 2458 527 2527 pocritte
550 2457 677 2511 nihil
719 2459 770 2510 in
789 2457 990 2525 judicio
1013 2459 1290 2514 altestatio
1322 2459 1554 2513 humana
1577 2457 1896 2525 suffragabi-

309 2536 417 2609 tur,
438 2528 840 2609 quiaeamdem
869 2528 1080 2582 laudem
1110 2544 1271 2609 quam
1304 2537 1425 2600 post
1446 2532 1501 2583 in
1530 2528 1898 2584 testimonium

309 2598 477 2666 exigit
514 2598 661 2667 prius
685 2598 736 2651 in
767 2614 990 2653 munere
1015 2601 1242 2669 recepit.

312 2685 445 2742 CAP.
480 2685 809 2742 LXXXVIII.
840 2721 910 2731 —
939 2686 1236 2742 Novissime
1282 2705 1399 2744 vero
1444 2691 1652 2743 veniunt
1697 2698 1747 2744 et
1775 2688 1900 2743 reli-

383 2773 496 2828 qua:
520 2760 743 2898 virgines
773 2759 1035 2813 dicentes:
1068 2757 1312 2829 Domine,
1343 2760 1490 2830 aperi
1509 2760 1659 2814 nobis
1681 2758 1897 2831 (Matth.

383 2844 504 2892 xxv,
642 2868 656 2882 .

380 2844 504 2892 xxv,
542 2844 656 2892 ιι).

385 2919 608 2990 (Homil.
650 2921 741 2989 55,
796 2922 849 2976 in
907 2920 1134 2991 Evang.,
1184 2940 1240 2978 ιι.
1298 2921 1394 2991 10;
1443 2921 1634 2991 Regni.
1693 2930 1900 2991 pastor.

311 2999 450 3062 part.
479 3007 555 3056 ιιι,
588 3006 636 3063 c.
663 2991 778 3063 20).
811 2993 891 3046 Ad
937 2990 1172 3049 caelestis
1208 2993 1360 3062 regni
1387 2990 1579 3063 gaudia
1627 2990 1746 3056 nos,
1798 2990 1906 3047 fra-

312 3072 423 3117 tres
451 3062 802 3136 _charissimi,
857 3063 1112 3136 Dominus
1140 3071 1299 3120 vocat
1347 3062 1444 3136 per
1471 3078 1551 3129 se,
1600 3071 1760 3136 vocat
1809 3077 1907 3133 per

312 3132 552 3200 angelos,
598 3141 757 3187 vocat
824 3149 920 3208 per
965 3131 1173 3199 Patres,
1233 3131 1390 3208 vocat
1435 3149 1533 3204 per
1582 3131 1903 3204 prophetas,

312 3197 472 3258 vocat
521 3217 616 3270 per
663 3197 978 3272 apostolos,
1037 3197 1198 3260 vocat
1250 3200 1345 3270 per
1403 3197 1649 3272 pastores
1666 3197 1701 3272 ,’
1743 3197 1903 3260 vocat
1932 3197 1978 3261 C

312 3273 631 3345 plerumque
678 3289 774 3345 per
820 3274 1098 3339 miracula,
1126 3283 1287 3329 vocat
1329 3274 1647 3345 plerumque
1675 3291 1772 3345 per
1799 3275 1899 3329 lla-

311 3343 471 3411 gella,
501 3352 664 3416 vocat
710 3344 998 3416 aliquando
1049 3361 1146 3414 per
1187 3343 1348 3414 hujus
1389 3345 1571 3400 mundi
1621 3343 1898 3416 prospera,

312 3423 475 3487 vocat
499 3413 815 3487 aliquando:
838 3430 936 3483 per
984 3413 1227 3470 adversa.
1264 3413 1436 3487 Saepe
1489 3413 1720 3481 namque
1754 3413 1902 3469 'non-

316 3483 446 3537 nulli
466 3521 498 3555 ,_
533 3481 622 3555 hic
666 3481 928 3550 prolicere
980 3488 1228 3555 volentes
1283 3495 1338 3540 et
1371 3481 1736 3555 'prosperari,
1780 3501 1900 3539 cum

317 3551 724 3622 apprehendere
756 3554 1106 3616 temporalem
1152 3554 1374 3622 gloriam
1396 3551 1696 3620 ’c0nantur,
1724 3551 1906 3609 omni-

317 3620 541 3696 potente
553 3620 663 3696 Deo
688 3622 1110 3696 misericorditer
1131 3620 1576 3696 eosireSpiciente
1608 3633 1903 3696 nequeunt,

317 3692 444 3760 quia
473 3707 567 3745 eos
614 3691 667 3745 in
715 3693 1020 3748 carnalibus
1069 3694 1178 3748 suis
1219 3695 1499 3750 desideriis
1528 3691 1714 3748 mundi
1745 3692 1906 3762 hujus

318 3762 670 3832 adversitates
714 3762 913 3817 leriunt
941 3781 955 3815 :
989 3773 1082 3818 aut
1123 3765 1266 3819 enim
1293 3765 1610 3832 {egritudine
1637 3764 1795 3832 longa
1827 3773 1908 3818 ta-

318 3830 566 3896 bescunt,
609 3841 702 3886 aut
732 3832 942 3901 injuriis
968 3833 1153 3889 alllicti
1183 3830 1493 3900 concidunt,
1536 3843 1629 3889 aut
1656 3830 1908 3902 gravibus

319 3901 562 3972 percussi
592 3902 802 3957 damnis
845 3902 1170 3972 allliguntur,
1204 3913 1259 3958 et
1304 3906 1358 3961 in
1386 3905 1571 3959 mundi
1612 3901 1800 3960 dOlore
1828 3904 1910 3959 vi-

319 3972 446 4026 dent
471 3973 595 4039 quia
641 3974 770 4026 nihil
805 3973 1078 4028 conlidere
1127 3977 1193 4029 de
1239 3975 1354 4043 ejus
1402 3975 1679 4042 voluptate
1708 3974 1910 4029 debue-

321 4050 467 4115 r_unt;
483 4057 655 4115 seque
671 4043 815 4111 ipsos
839 4043 890 4096 iu
915 4046 1024 4099 suis
1041 4045 1321 4115 desideriis
1342 4045 1822 4115 reprehendentes,
1842 4044 1909 4115 ad

323 4111 492 4185 Deum
526 4113 693 4185 corda
745 4123 1091 4185 convertunt.
1139 4114 1288 4170 Multi
1321 4111 1480 4185 igitur
1526 4115 1684 4183 hujus
1724 4113 1908 4169 mundi

325 4182 743 4237 adversitatibus
773 4182 948 4249 fracti,
989 4183 1059 4238 ad
1117 4185 1209 4239 Dei
1258 4182 1500 4239 vocantis
1531 4182 1771 4240 amorem
1820 4200 1909 4239 re-

323 4261 625 4325 vertuntur,
648 4263 704 4325 et
724 4269 753 4306 a
784 4255 1062 4322 prarsentis
1089 4255 1214 4309 vitze
1235 4255 1520 4310 desideriis
1546 4257 1910 4325 corriguntur.

324 4319 494 4374 Nemo
524 4336 653 4389 ergo
685 4319 852 4377 Deum
885 4334 1169 4379 vocantem
1202 4337 1536 4391 contemnat,
1570 4342 1638 4380 ne
1668 4319 1794 4379 dum
1822 4340 1913 4380 vo-

328 4401 478 4445 catus
501 4392 686 4445 audire
716 4402 770 4446 et
796 4394 1016 4448 obedire
1037 4403 1268 4458 recusat,
1294 4411 1416 4451 cum
1449 4396 1680 4450 voluerit
1709 4396 1911 4450 intrare

328 4477 435 4535 non
465 4462 662 4535 valeat.
714 4461 920 4535 Audite
959 4464 1088 4532 quid
1115 4464 1387 4534 Sapientia
1443 4479 1540 4535 per
1565 4464 1912 4520 Salomonem

327 4530 471 4584 dicat
502 4548 514 4583 :
552 4530 693 4584 Tunc
722 4530 1028 4587 invocabant
1067 4552 1168 4600 me,
1190 4530 1248 4588 ἐι
1275 4553 1378 4590 non
1403 4530 1728 4590 eiaudiam‘:
1758 4551 1910 4590 mane

326 4610 656 4676 consurgent,
679 4612 725 4656 et
746 4619 853 4676 non
879 4604 1135 4676 invenient
1156 4622 1236 4659 me
1258 4605 1438 4676 (Prov.
1465 4603 1646 4676 1,28).
1671 4604 1806 4660 Hinc
1820 4615 1914 4676 _est

329 4671 474 4738 quod
515 4671 672 4741 lateae
706 4674 940 4741 virgines
971 4675 1123 4729 tarde
1174 4671 1451 4731 venientes
1488 4671 1726 4730 clamant
1758 4693 1772 4728 :
1803 4673 1914 4730 Do-

329 4742 485 4820 minez
503 4740 744 4820 Domine,
774 4740 916 4820 aperi
943 4743 1108 4810 nobis,
1140 4745 1235 4800 sed
1255 4746 1366 4820 ja_r_n
1388 4744 1748 4820 tuncaditum
1768 4761 1913 4814 quaa-

329 4811 570 4881 rentibus
598 4811 838 4867 dicitur:
873 4818 1055 4880 Amen,
1102 4811 1396 4870 amen'dico
1420 4815 1580 4881 vobis,
1611 4811 1910 4871 nescio—vos.

331 4879 482 4961 lianc
505 4882 659 4936 valde
686 4883 978 4961 timendam
1003 4879 1344 4952 sententiam,
1377 4879 1573 4961 fratres
1588 4887 1909 4961 charissimi,

332 4955 537 5023 intenta
565 4968 696 5007 aure
727 4955 1004 5023 percipite,
1038 4965 1096 5010 ut
1124 4964 1272 5010 tanto
1311 4971 1431 5011 eam
1459 4959 1634 5011 minus
1671 4957 1914 5014 sentiatis

333 5020 386 5073 in
429 5023 694 5092 examine,
725 5020 927 5092 quanto
971 5041 1114 5080 nunc
1157 5026 1352 5081 auditis
1400 5026 1797 5086 IDrmidolosius
1852 5027 1908 5083 in

333 5091 818 5166 praedicatione.:Si
866 5103 1047 5150 autem
1093 5105 1284 5151 cuncta
1341 5097 1524 5151 mundi
1578 5096 1906 5166 relinquere,

332 5163 694 5241 quodpriucis
724 5165 906 5241 datum
935 5178 1036 5231 est,
1069 5182 1177 5221 non
1204 5168 1451 5238 potestis,
1470 5169 1559 5241 sic
1581 5163 1763 5241 tenete
1788 5163 1907 5238 quae

334 5238 462 5315 sunt
488 5231 646 5315 hujus
675 5235 876 5315 mundi.
911 5245 969 5291 ut
1016 5231 1220 5292 tamen'
1246 5231 1447 5315 pereat
1465 5239 1519 5292 in
1570 5240 1771 5294 mundo
1802 5231 1910 5315 non

337 5307 750 5378 t_eneamini;ut
798 5315 1010 5362 terrena
1056 5323 1144 5363 res
1189 5307 1548 5378 possideatur,
1584 5325 1691 5364 non
1732 5311 1909 5378 possi-

337 5368 497 5455 deat;
528 5383 599 5455 ut.
612 5368 710 5429 sub
739 5384 927 5430 vestra:
957 5380 1151 5432 mentis
1178 5368 1248 5435 sit
1274 5380 1512 5436 dominio
1536 5368 1706 5450 'quod
1733 5368 1910 5455 hahe-

339 5447 429 5504 ιιε,
465 5457 532 5496 nc
557 5447 602 5498 SI
632 5461 784 5500 mens
805 5457 978 5501 Vt‘Sll‘a
1002 5457 1335 5504 terrenarum
1374 5466 1553 5506 rerum
1577 5447 1767 5504 amore
1797 5453 1914 5506 VIII-

340 5519 515 5592 catur,
563 5528 593 5566 a
624 5515 784 5592 rebus
809 5518 924 5592 suis
972 5525 1146 5592 magis
1168 5521 1278 5592 ipsa
1309 5522 1663 5590 possideatur.
1712 5519 1790 5575 De
1817 5523 1914 5576 ho-

341 5582 706 5656 minibusqui
737 5587 825 5639 vel
868 5586 1016 5656 plura
1045 5582 1422 5652 ambiuntfvel
1447 5592 1693 5646 obtinere
1721 5599 1914 5646 cuncta

344 5655 801 5733 quze'anibierunt
850 5655 1095 5733 possunt,
1127 5659 1304 5713 audite
1329 5662 1480 5733 quod?
1501 5664 1755 5732 scriptum
1784 5670 1866 5718 est
1898 5679 1912 5715 :

348 5721 484 5787 Quid
506 5725 712 5796 prodest
736 5721 930 5780 homini
949 5731 992 5781 si
1016 5721 1176 5781 totum
1194 5721 1440 5782 mundum
1463 5721 1706 5796 lucretur,
1730 5735 1919 5787 anima:

345 5805 464 5845 vero
494 5810 600 5868 sua;
629 5795 985 5868 detrimentum
1012 5801 1238 5868 patiatur
1258 5798 1470 5867 (Matth.
1500 5817 1608 5864 xvn,
1628 5795 1756 5862 96)?
1778 5804 1854 5857 Ac
1873 5801 1918 5856 si

349 5872 535 5930 aperte
560 5863 768 5923 Veritas
795 5869 940 5925 dicat
970 5888 981 5924 :
1012 5863 1152 5935 Quid
1191 5863 1412 5941 prodest
1449 5863 1648 5927 homini
1673 5873 1717 5926 si
1750 5881 1922 5959 totum

1999 1899 2170 1967 priam
2201 1898 2449 1962 trahitur,
2481 1899 2532 1951 in
2555 1907 2850 1968 conspectu
2882 1899 3233 1954 lucisintimm
3261 1900 3448 1954 umbra
3469 1898 3592 1954 tela-

1999 1968 2163 2022 tionis
2186 1969 2525 2023 obscuratur.
2552 1968 2687 2023 Cum
2717 1968 2881 2039 igitur
2905 1986 2935 2021 a
2976 1970 3259 2039 praesentis
3287 1970 3410 2026 vitae
3440 1970 3594 2024 favo-

1999 2039 2171 2110 ribus,
2225 2039 2621 2110 interveniente
2652 2047 2844 2101 morte,
2879 2039 3041 2094 fuerit
3078 2051 3386 2110 separatus,
3419 2041 3590 2095 inter-

1999 2125 2100 2190 nu_s
2127 2109 2248 2190 eum
2273 2109 2478 2192 arbiter
2508 2117 2689 2191 negat,
2711 2124 2881 2192 seque
2902 2126 3023 2164 eum
3052 2111 3263 2192 nescire
3285 2112 3589 2192 denuntiat.

1998 2180 2124 2251 quia
2177 2180 2506 2234 simulatoris
2571 2181 2736 2234 vitam
2787 2180 2948 2251 juste
2991 2181 3336 2251 reprobando
3377 2180 3596 2236 Veritas

2001 2248 2232 2321 ignorat,
2267 2264 2367 2304 nec
2391 2251 2733 2317 recognoscit
2778 2248 2896 2318 ejus
2943 2248 3084 2305 bona
3115 2266 3235 2320 qua!
3279 2251 3411 2321 egit,
3455 2266 3592 2321 quo-

2000 2319 2143 2391 niam
2176 2320 2291 2391 hzec
2321 2335 2389 2373 ex
2419 2321 2722 2391 intentione
2750 2329 2903 2391 recta
2935 2336 3043 2376 non
3073 2319 3335 2391 protulit.
3356 2319 3508 2376 Unde
3539 2328 3596 2376 et

1997 2387 2160 2444 fatuis
2208 2389 2504 2460 virginibus
2541 2390 2594 2443 in
2630 2387 3144 2460 judiciumivenie'ns
3184 2391 3329 2448 dicet
3360 2409 3375 2446 :
3406 2393 3596 2460 Amen,

2001 2475 2153 2532 amen
2184 2459 2300 2514 dico
2346 2458 2506 2523 vobis,
2540 2462 2711 2514 nescio
2740 2477 2848 2516 vos.
2897 2459 2957 2515 In
2985 2461 3182 2532 quibus
3208 2461 3336 2532 dum
3365 2458 3597 2530 corrup-

2001 2531 2204 2586 tionem
2234 2532 2432 2585 mentis
2473 2532 2814 2597 considerat,
2841 2531 3020 2586 carnis
3043 2533 3206 2587 etiam
3230 2531 3597 2597 incorruptio-

2001 2616 2125 2655 nem
2156 2601 2393 2672 damnat.
2423 2601 2640 2659 Nescire
2666 2611 2848 2656 autem
2872 2601 2968 2656 Dei
2997 2601 3292 2672 reprobare
3317 2610 3421 2658 est.
3443 2599 3597 2657 Unde

2002 2678 2058 2741 et
2083 2671 2404 2738 quibusdam
2435 2687 2573 2740 quos
2617 2673 2873 2741 reprobat
2913 2674 2965 2726 in
3015 2671 3123 2727 line
3160 2672 3405 2728 dicturus
3459 2681 3546 2727 est
3579 2691 3594 2727 :

2003 2738 2058 2794 Ν
2063 2742 2198 2794 escio
2224 2758 2311 2795 vos
2337 2738 2476 2794 unde
2514 2743 2646 2794 sitis.
2679 2738 2936 2795 Discedite
2973 2759 3005 2796 a
3033 2759 3134 2810 me,
3169 2758 3345 2796 omnes
3367 2743 3597 2810 operarii

2001 2811 2308 2881 iniquitatis.
2335 2811 2487 2864 Sicut
2527 2812 2692 2865 etiam
2721 2811 2931 2881 nescire
2959 2813 3174 2867 mentiri
3203 2813 3292 2866 vix
3321 2826 3487 2868 verax
3515 2811 3596 2867 di-

2005 2880 2145 2935 citur
2172 2882 2264 2952 qui
2287 2882 2418 2952 labi,
2448 2896 2546 2950 per
2587 2880 2931 2952 mendacium
2959 2881 3299 2952 dedignatur,
3331 2897 3459 2952 non,
3486 2896 3596 2952 quo

2006 2952 2053 3005 si
2082 2951 2297 3005 mentiri
2340 2951 2469 3005 velit
2500 2952 2726 3019 nesciat,
2757 2950 2853 3006 sed
2879 2967 2988 3022 quo
3015 2950 3150 3007 falsa
3177 2952 3327 3022 loqui
3353 2950 3598 3008 veritatis

2009 3035 2195 3076 amore
2225 3031 2559 3078 contemnat.

2009 3113 2141 3172 CAP.
2185 3113 2299 3170 XC.
2324 3147 2396 3160 —-
2423 3115 2552 3169 Cum
2584 3118 2780 3171 venerit
2803 3117 2947 3186 [ilius
2977 3117 3202 3172 hominis
3239 3116 3296 3171 in
3323 3115 3599 3182 majestate

2082 3204 2197 3252 sua,
2219 3197 2268 3239 et
2289 3204 2462 3259 omnes
2485 3188 2670 3258 Angeli
2699 3190 2811 3259 ejus
2840 3204 2954 3241 cum
2979 3204 3060 3252 eo,
3083 3196 3204 3259 tunc
3217 3186 3414 3240 sedebit
3442 3202 3599 3255 super

2077 3260 2249 3312 sedem
2277 3257 2734 3328 majestatis'sua’,‘
2773 3266 2823 3311 et
2847 3257 3296 3329 congregabantur
3335 3264 3456 3311 ante
3483 3273 3598 3311 eum

2076 3345 2255 3384 amnes
2304 3327 2504 3399 gentes,
2554 3338 2602 3381 et
2630 3329 2894 3399 separabit
2947 3327 3051 3399 eost
3080 3327 3144 3380 ab
3199 3328 3437 3394 inuicem,
3466 3329 3599 3380 sicut

2079 3407 2257 3469 pastor
2286 3398 2522 3469 segregat
2563 3414 2678 3452 oves
2725 3398 2787 3450 ab
2842 3398 3124 3469 hedishet
3166 3405 3600 3469 statuet_oue_s_a

2078 3465 2300 3531 dextris,
2317 3465 2492 3520 Ιιωάὸε
2518 3476 2685 3520 autem
2709 3485 2740 3520 ιι
2759 3465 3206 3536 sinistris(Matth.
3226 3482 3351 3532 xxv,
3376 3465 3596 3536 51,52).

2081 3536 2302 3608 (Homil.
2339 3536 2424 3602 19,
2458 3537 2510 3608 in
2540 3536 2768 3608 Evaug.,
2803 3555 2856 3591 n.
2885 3535 2962 3607 5.)
3003 3535 3087 3591 'Ad
3124 3546 3370 3608 sanctam
3423 3535 3601 3608 eccle-

2008 3604 2164 3672 siam,
2208 3604 2402 3661 fratres
2442 3607 2767 3673 charissimi,
2824 3604 2982 3676 quam
3029 3606 3184 3661 multi
3231 3607 3600 3674 convenimus,

2002 3677 2255 3739 ecclesia:
2305 3676 2538 3744 parietes
2580 3677 2886 3745 iniplemus,
2942 3688 2998 3732 et
3051 3686 3233 3730 tamen
3295 3691 3456 3732 nemo
3505 3693 3594 3733 no-

2008 3758 2182 3818 strum
2222 3754 2402 3816 potest
2449 3747 2589 3800 scire
2643 3746 2733 3815 qui
2782 3748 2891 3818 sint
2938 3747 3028 3818 qui
3071 3747 3125 3801 in
3160 3746 3253 3802 illo
3292 3746 3602 3818 electorum

2010 3817 2104 3872 Dei
2158 3815 2508 3871 numerentur
2555 3829 2738 3883 grege.
2801 3815 3101 3872 Ecce—vox
3159 3816 3398 3871 omnium
3447 3815 3602 3871 Cliria

2010 3897 2150 3942 stum
2191 3888 2408 3951 clamat,
2463 3892 2557 3940 sed
2602 3887 2710 3939 vita
2761 3887 2999 3940 omnium
3055 3901 3164 3940 non
3201 3887 3445 3941 clamat:
3489 3886 3604 3955 ple-

2012 3960 2166 4026 rique
2219 3956 2386 4026 Deuin
2435 3965 2732 4024 sequuntur
2785 3957 3034 4026 goeibus,
3091 3957 3185 4011 sed
3232 3956 3442 4024 fugiunt
3493 3971 3603 4010 mo-

2012 4025 2180 4082 ribus.
2234 4025 2369 4080 Hinc
2411 4026 2610 4081 etenim
2669 4027 2736 4079 ad
2788 4025 2968 4080 Titum
3019 4026 3212 4080 Paulus
3262 4026 3394 4080 dicit
3441 4042 3454 4077 :
3500 4026 3601 4087 Qui

2013 4099 2348 4168 conﬁtentur
2378 4113 2451 4168 se
2492 4111 2645 4168 nos_se
2696 4094 2902 4168 _Deum_,
2960 4096 3114 4168 [agis
3187 4103 3358 4168 autem
3407 4103 3603 4168 negant

2016 4163 2142 4238 (Tit.
2177 4183 2216 4232 ι,
2247 4166 2368 4238 16.)
2383 4164 2526 4238 _Hinc
2564 4163 2922 4238 Jacob_u_sa_it
2951 4163 3172 4238 ides
3219 4165 3332 4238 sine
3363 4163 3602 4238 operibus

2017 4232 2221 4293 mortua
2247 4245 2322 4316 est
2339 4232 2488 4316 (Jac.
2511 4250 2567 4301 ιι,
2598 4235 2688 4316 29,
2711 4233 2834 4316 .26.)
2859 4232 2960 4316 llic
2983 4233 3146 4316 igitur
3171 4234 3326 4316 multi
3355 4232 3602 4315 ﬁdei-ibus

2015 4324 2113 4378 per
2143 4303 2538 4387 confessionem
2583 4305 2969 4387 admiscentur,
2999 4303 3116 4387 sed.
3166 4313 3389 4387 propter
3435 4305 3602 4387 vitam

2016 4372 2305 4447 reprobam
2345 4375 2397 4428 in
2439 4383 2586 4447 sorte
2613 4374 2851 4447 lidelium
2890 4373 2945 4427 in
2982 4372 3071 4447 die
3093 4372 3284 4447 iudicii
3307 4376 3602 4447 numerari

2019 4442 2126 4502 non
2157 4454 2452 4500 merentur.
2477 4443 2592 4499 Hoc
2621 4444 2763 4500 ovile
2791 4451 2993 4498 sanctae
3022 4442 3276 4500 Ecclesiae
3303 4445 3486 4501 haedos
3515 4461 3602 4501 re-

2020 4517 2150 4585 cipit
2206 4532 2328 4570 cum
2384 4515 2563 4583 agnis;
2623 4515 2717 4570 sed
2772 4522 3063 4570 attestante
3111 4514 3426 4585 Evangelio,
3476 4531 3600 4574 cum

2013 4585 2179 4656 judex
2223 4585 2453 4651 venerit,
2480 4585 2668 4656 bonos
2696 4594 2973 4656 separata
3032 4585 3212 4651 malis,
3251 4588 3390 4641 sicut
3417 4594 3602 4656 pastor

2015 4654 2267 4724 segregat
2287 4669 2415 4709 oves
2444 4655 2510 4710 ab
2534 4655 2718 4710 hazdis.
2745 4654 2930 4724 Neque
2960 4656 3161 4711 etenim
3195 4656 3305 4711 illic
3328 4657 3383 4709 in
3413 4654 3596 4710 ovium

2015 4739 2179 4795 grege
2205 4726 2474 4780 numerari
2516 4735 2742 4791 possunt
2767 4727 2858 4794 qui
2884 4725 2970 4780 hic
3007 4727 3188 4782 carnis
3215 4741 3330 4795 suae
3353 4725 3600 4795 volupta-

2016 4794 2160 4852 tibus
2192 4796 2452 4852 serviunt.
2492 4795 2605 4852 Illic
2643 4811 2738 4851 eos
2767 4812 2799 4850 a
2824 4805 2970 4851 sorte
2998 4796 3277 4850 humilium
3312 4794 3480 4863 judex
3499 4809 3598 4863 se-

2017 4875 2174 4937 parat
2200 4866 2376 4937 quise
2407 4865 2496 4922 hic
2522 4866 2578 4920 in
2604 4868 2870 4937 superbiae
2915 4867 3169 4921 cornibus
3197 4862 3455 4937 exaltant.
3492 4862 3600 4937 Re-

2016 4934 3144 5018 gnumcml‘orum.Apercipere'nequeunt,
3178 4934 3268 5003 qui
3315 4935 3403 4988 hic
3443 4943 3502 5018 et
3541 4936 3597 4989 in

2017 5008 2224 5064 ccelesti
2254 5007 2359 5062 tide
2386 5007 2547 5078 positi
2572 5007 2690 5063 toto
2718 5007 2987 5063 desiderio
3019 5016 3232 5060 terrena
3257 5013 3528 5074 quaerunt.

2011 5097 2142 5155 Cu.
2169 5098 2306 5154 XCI.
2332 5131 2404 5142 —
2432 5099 2633 5164 Venite,
2664 5097 2914 5152 benedicti
2948 5097 3120 5151 Patris
3169 5098 3291 5164 mei,
3335 5096 3592 5164 possidete

2082 5172 2480 5294 ραταιιὲῗὶυοὸἱε
2501 5186 2714 5242 regnum
2737 5186 2771 5222 a
2794 5169 3160 5223 constitutione
3179 5165 3359 5222 mundi
3378 5165 3593 5236 (Matth.

2084 5258 2212 5294 xxv.
2347 5283 2359 5294 .

2084 5258 2212 5296 XXV.
2245 5258 2359 5296 04).

2090 5243 2420 5384 ῖιῗινέιῗὲέίι.
2448 5311 2508 5364 Β.
2531 5309 2776 5384 Job,_l_ib.
2800 5326 2947 5378 xxvx,
2977 5325 3035 5368 ιι.
3062 5308 3148 5375 50,
3178 5307 3293 5384 51.)
3320 5307 3448 5364 Dua:
3468 5315 3602 5384 sunt

2058 5378 2221 5444 artes,
2259 5378 2553 5437 electorum
2597 5381 2805 5436 scilicet
2858 5389 3021 5450 atque
3083 5378 3463 5450 reprohornm,
3501 5378 3599 5434 sed

2058 5399 2221 5444 artes,
2259 5399 2553 5437 electorum
2597 5399 2805 5436 scrucet
2858 5399 3021 5450 atque
3083 5399 3463 5450 reprouorum,
3501 5399 3599 5434 seu

2018 5399 2132 5508 gini
2177 5452 2391 5507 ordines
2431 5450 2636 5506 eisdem
2689 5452 2912 5520 singulis
2943 5453 3184 5520 partibus
3231 5452 3601 5507 continentur.

2021 5523 2126 5577 Alii
2156 5537 2390 5592 namque
2419 5522 2726 5590 judicantur
2753 5531 2808 5576 et
2828 5536 3074 5590 reguaw,
3105 5523 3193 5577 alii
3219 5537 3327 5578 non
3353 5521 3603 5592 judican-

2022 5601 2188 5664 turet
2217 5601 2462 5660 regnant,
2493 5592 2583 5645 alii
2605 5592 2917 5661 judicantur
2941 5600 2996 5647 et
3025 5601 3270 5664 pereunt,
3297 5601 3353 5648 et
3374 5592 3466 5648 alii
3490 5605 3602 5646 non

2019 5663 2327 5735 judicantur
2373 5671 2428 5717 et
2467 5673 2710 5733 pereunt.
2746 5665 2827 5718 Ex
2875 5663 3255 5735 parte‘quippe
3305 5664 3602 5735 electorum

2023 5733 2329 5803 judicantur
2355 5743 2409 5786 et
2433 5742 2657 5801 regnant
2685 5736 2774 5802 qui
2806 5733 2928 5789 vitae
2955 5733 3200 5791 maculas
3217 5734 3465 5803 lacrymis
3495 5741 3604 5803 ter-

2029 5800 2183 5872 gunt,
2213 5803 2303 5870 qui
2330 5804 2469 5858 mala
2502 5800 2865 5876 praecedentia
2898 5805 3050 5860 factis
3079 5800 3429 5876 sequentibus
3459 5800 3603 5876 redi-

2030 5869 2260 5939 inentes,
2309 5869 2568 5946 quidquid
2607 5876 2853 5933 illicitum
2904 5869 3192 5946 aliquando
3240 5875 3482 5931 fecerunt
3530 5869 3600 5924 ab
