3996 6346
511 401 649 462 “85

1403 392 1747 455 APPENDIX
1785 395 1877 453 AD
1918 396 1974 455 S.
2024 390 2352 455 GREGORII
2390 392 2622 453 OPERA
2658 393 2872 453 OMNIA

3673 391 3820 452 ιιει

501 530 706 591 parram
731 511 1025 579 mittimus;
1056 525 1179 568 cum
1196 524 1335 591 vero
1363 512 1581 591 operari
1608 517 1770 591 recta
1785 509 2096 591 incipimus,
2124 515 2175 575 Α
2202 508 2497 591 69.)_Aliud
2522 517 2620 591 est.
2635 508 2921 591 Dominum
2943 519 3270 591 cognoscere
3297 519 3393 578 per
3418 502 3821 591 ﬁdem,_a_tque

502 588 673 646 herba
704 601 921 651 sumus;
951 598 1075 639 cum
1116 590 1297 637 autem
1327 579 1727 651 ad'prol’ectum
1757 579 2095 651 boni’operis

505 658 825 724 crescimus,
857 650 922 709 ail
962 656 1165 725 spicam
1195 650 1572 725 pervenimus;
1604 666 1725 705 cum
1755 650 1823 725 _in
1854 650 2095 725 ejusdem

504 720 822 800 Operatione
851 720 1179 800 perfectione
1200 720 1521 800 solidamnr,
1551 722 1662 800 jam
1716 721 1943 800 plenum
1985 720 2093 775 l’ru-

505 790 747 855 mentum
779 790 1005 865 in'spica
1036 794 1381 865 prolerimus.
1440 791 1617 847 Herba
1659 791 1857 865 etenim
1906 790 2098 865 Petrus

511 867 689 925 fuerat
718 868 808 939 qui
841 860 1108 939 passionis
1136 874 1381 939 tempore
1409 879 1508 935 per
1536 877 1776 939 amorem
1810 860 2097 939 Dominum

507 932 765 1008 sequens",
800 932 941 992 hunc
971 936 1219 1008 conﬁteri
1246 932 1372 1008 ante
1399 932 1588 989 vocem
1619 932 1827 1008 ancilia:
1849 932 2096 1008 timebat.

506 1004 639 1064 Erat
692 1012 834 1063 enim
886 1008 995 1076 jam
1026 1006 1266 1060 viriditas
1308 1006 1360 1076 in
1422 1004 2103 1076 mente,_iquia_crei_lebat

509 1080 749 1135 omnium
782 1072 1233 1146 Redemptorem;
1268 1075 1361 1130 sed
1389 1074 1546 1146 valde
1588 1072 1763 1146 adhuc
1814 1072 2097 1146 ﬂexibilis,

508 1148 649 1221 pede
695 1143 1115 1221 conculcabatur
1160 1146 1387 1221 timoris.
1418 1143 1783 1221 Jamquidem
1813 1160 1911 1213 per
1940 1144 2103 1198 devo-

510 1216 715 1275 tionem
752 1219 956 1284 viridis,
1007 1218 1101 1271 sed
1131 1218 1305 1271 adhuc
1347 1230 1444 1283 per
1489 1216 1856 1269 infirmitatem
1883 1224 2103 1284 tenera,

510 1305 635 1345 cum
667 1290 733 1344 ab
762 1282 969 1343 ancillae
1017 1288 1195 1341 subito
1229 1282 1386 1341 unius
1412 1284 1540 1340 ﬂatu
1568 1285 1835 1341 sermonis
1875 1282 2105 1340 inﬂexus

512 1368 618 1415 est.
663 1358 778 1412 Jam
808 1360 860 1413 in
891 1360 1093 1429 spicam
1125 1364 1467 1421 surrexerat,
1497 1356 1752 1429 quoniam
1780 1372 1915 1429 eum
1941 1370 2103 1429 quem

511 1430 830 1485 moriturum
870 1425 1116 1483 conliteri
1156 1429 1425 1490 timuerat,
1460 1426 1739 1481 nuntiante
1768 1428 1977 1496 angelo,
2026 1425 2107 1481 vi-

512 1509 729 1554 ventem
770 1499 822 1553 in
853 1497 1072 1553 Galilma
1095 1499 1331 1552 videbat.
1373 1497 1479 1552 Sed
1524 1497 1593 1551 ad
1626 1496 1840 1565 plenum
1880 1510 2106 1566 granum

512 1569 568 1624 in
596 1570 743 1638 spica
792 1578 1145 1637 pervenerat,
1178 1568 1394 1637 quando
1427 1567 1677 1622 veniente
1706 1568 1939 1638 desuper
1978 1566 2107 1637 Spi-

514 1638 652 1703 ritu,
680 1648 737 1693 et
772 1654 923 1694 suam
950 1650 1186 1695 mentem
1215 1641 1264 1691 in
1299 1639 1441 1693 illius
1470 1653 1657 1692 amore
1684 1639 2001 1703 roborante,
2030 1639 2105 1691 ita

511 1709 773 1764 solidatus
803 1718 907 1779 est,
959 1719 1015 1763 ut
1062 1709 1203 1764 vires
1233 1710 1671 1779 persequentium
1689 1724 1883 1779 ‘cmsus
1926 1706 2108 1777 despi-

516 1787 702 1842 ceret,
737 1788 793 1833 et
824 1776 1249 1850 Redemptorem
1294 1776 1451 1850 suum
1500 1780 1640 1850 inter
1669 1776 1906 1850 ﬂagella
1943 1776 2111 1834 libere

514 1850 855 1921 praedicaret,
887 1858 943 1921 et
970 1848 1419 1921 persequentibus
1453 1848 1782 1921 principibus
1808 1849 2107 1921 resisteret,

514 1918 699 1975 dicens
726 1938 739 1972 :
772 1918 997 1990 omne
1024 1918 1226 1989 oportet
1252 1918 1363 1973 Deo
1384 1961 1399 1985 ,
1436 1920 1607 1990 magis
1627 1935 1782 1990 quam
1820 1918 2113 1990 hominibus

542 1990 656 2046 Act.
677 2008 728 2054 v,
747 1988 861 2057 29).
888 1988 1112 2045 Plenum
1138 1991 1463 2044 frumentum
1483 1988 1747 2043 inventus
1767 2002 1873 2056 εει,
1894 1989 2112 2060 quando

539 2077 571 2115 ιι
600 2063 791 2115 tritura
814 2061 1209 2131 persecutionis
1236 2068 1315 2115 tot
1337 2060 1557 2131 verbera
1584 2060 1823 2128 pertulit,
1849 2069 1904 2115 et
1932 2069 2115 2115 tamen

518 2130 863 2200 nequaquam
894 2130 1168 2202 palearum
1213 2146 1365 2186 more
1391 2130 1704 2202 imminutus
1731 2140 1833 2195 est,
1864 2130 1961 2188 sed
1989 2144 2115 2200 gra-

520 2217 649 2271 num
680 2201 995 2271 permansit.
1026 2201 1215 2256 Nullus
1242 2204 1425 2271 itaque
1467 2201 1559 2269 qui
1591 2201 1658 2255 ad
1686 2202 1887 2256 bonum
1914 2216 2117 2271 propo-

520 2270 693 2341 situm
717 2270 895 2326 adhuc
922 2272 975 2327 in
1010 2273 1208 2341 mentis
1232 2270 1595 2341 teneritudine
1616 2287 1737 2326 esse
1764 2270 2114 2341 conspicitur,

521 2339 878 2410 despiciatur,
934 2342 1061 2410 quia
1112 2340 1440 2395 frumentum
1481 2340 1576 2411 Dei
1622 2342 1692 2395 ab
1736 2339 1914 2396 herba'
1933 2340 2120 2411 incipit

522 2421 584 2464 ut
602 2424 829 2481 granum
852 2411 963 2465 liat.
992 2412 1267 2481 Paulisper
1285 2412 1489 2481 quippe
1503 2410 1553 2463 in
1579 2426 1902 2481 unaquaque
1916 2410 2115 2477 anima,

524 2486 587 2549 ιιι
612 2482 683 2533 ita
714 2479 923 2549 dicam,
975 2479 1199 2535 interna:
1244 2479 1431 2549 gratim
1481 2480 1672 2536 humor
1706 2479 2010 2545 exuberat;
2061 2488 2123 2535 ut

524 2547 695 2621 herba
750 2549 801 2602 in
858 2548 1062 2618 frugem
1111 2547 1341 2607 crescat.
1390 2548 1560 2621 Nemo
1616 2552 1777 2621 igitur
1824 2551 2121 2621 quemlibet

567 2619 867 2688 roximum,
902 2636 1027 2675 cum
1056 2621 1230 2676 adhuc
1258 2621 1481 2674 lieibam
1510 2619 1692 2687 videt,
1739 2622 1808 2676 de
1847 2620 2120 2676 frumento

564 2699 808 2761 esperet;
839 2691 907 2745 ab
937 2691 1226 2761 herbarum
1258 2691 1458 2761 quippe
1487 2690 1662 2761 loliis,
1692 2708 1812 2761 quae
1832 2691 1938 2745 huc
1964 2691 2119 2746 illuc-

525 2774 635 2886 3ue
664 2759 900 2815 molliter
927 2760 1191 2826 deﬂuunt,
1220 2759 1495 2832 surgentia
1521 2759 1730 2830 lrugum
1760 2761 1966 2816 semina
1993 2761 2123 2817 soli-

564 2840 742 2885 antur.

564 2840 742 2885 antur.

526 2918 654 2976 CAP.
686 2918 841 2977 XVII.
874 2920 1158 2993 -—_Simile
1184 2930 1262 2976 es!
1305 2938 1520 2993 regnum
1554 2920 1647 2975 Dei
1691 2938 1856 2993 grano
1891 2921 2121 2991 sinapis,

597 2994 733 3064 quod
763 2990 1030 3062 acceptum
1066 2992 1218 3046 homo
1248 2990 1387 3064 misit
1416 2993 1469 3045 in
1500 2990 1707 3045 hortum
1729 3008 1898 3053 suum,
1930 3002 1979 3064 et
2007 3006 2123 3044 cre-

598 3062 707 3115 tvit:
746 3072 795 3115 et
824 3065 1019 3132 factum
1048 3070 1122 3115 est
1151 3064 1208 3115 in
1235 3062 1471 3116 arborem
1511 3078 1788 3132 magnam,
1818 3069 1869 3115 et
1899 3062 2126 3115 volucres

598 3132 710 3202 coeli
735 3130 1090 3202 requieveruni
1106 3132 1161 3185 in
1187 3133 1345 3186 ramis
1374 3134 1486 3201 ejus
1518 3130 1708 3202 (more.
1730 3147 1810 3202 iv,
1843 3132 1955 3201 3i).

602 3200 681 3271 (In
711 3200 941 3270 exposit.
978 3202 1040 3256 Β.
1068 3200 1193 3268 Joh,
1222 3203 1313 3257 lib.
1348 3200 1459 3267 xtx,
1487 3200 1636 3256 num.
1668 3200 1748 3272 3.)
1788 3200 2127 3272 Ipse'quippe

532 3280 615 3345 est
642 3285 865 3339 granum
897 3272 1258 3345 sinapis,_qui_
1276 3273 1327 3327 in
1357 3272 1499 3326 horti
1529 3272 1816 3345 sepultura
1829 3272 2125 3343 plantatus,
2154 3279 2203 3345 ο

532 3341 695 3396 arbor
718 3355 908 3409 magna
936 3341 1190 3397 surrexit.
1222 3342 1464 3397 Granum
1494 3341 1725 3411 namque
1749 3341 1847 3396 fuit
1872 3357 1993 3398 cum
2016 3360 2126 3397 mo-

532 3419 763 3478 reretur,
813 3411 975 3467 arbor
1002 3428 1123 3468 cum
1151 3421 1492 3481 resurgeret;
1522 3428 1745 3481 granum
1776 3428 1873 3483 per
1908 3413 2124 3469 humili-

533 3490 699 3537 tatem
729 3483 926 3554 carnis,
975 3484 1136 3537 arbor
1167 3498 1263 3554 per
1292 3484 1591 3552 potentiam
1632 3483 1959 3554 maiestatis;
2005 3498 2127 3554 gra-

533 3568 685 3624 num,
710 3553 832 3624 quia
844 3553 1061 3607 vidimus
1085 3552 1229 3621 eum,
1253 3563 1302 3607 et
1326 3569 1431 3608 non
1452 3562 1565 3607 erat
1591 3564 1825 3623 aspectus
1850 3552 1986 3624 (Isa.
2012 3552 2124 3619 Litt,

534 3622 623 3695 21;
676 3622 860 3695 arbor,
889 3625 1011 3695 qnia
1031 3624 1319 3695 _speciosus
1348 3626 1518 3695 [arma
1547 3622 1661 3694 prie
1701 3625 1829 3695 ﬁliis
1860 3622 2129 3679 hominum

536 3691 707 3765 (Psal.
734 3708 857 3747 xuv
875 3691 999 3765 ,_'3).
1023 3691 1195 3765 Hujus
1226 3691 1439 3749 arboris
1466 3691 1598 3765 rami
1640 3691 1809 3749 sancti
1832 3705 1960 3750 sunt
1987 3711 2126 3765 pra:

537 3762 831 3833 dicatores.
882 3762 957 3833 Et
985 3764 1261 3820 videamus
1288 3780 1451 3833 quam
1489 3764 1937 3820 late-tendantur.
1987 3762 2128 3832 Quid

536 3832 681 3887 enim
710 3831 778 3885 de
822 3833 900 3885 eis
930 3832 1163 3887 dicitur:
1194 3833 1262 3888 In
1307 3831 1508 3889 omnem
1537 3845 1728 3888 terram
1771 3837 1929 3889 exivit
1971 3831 2130 3891 sonus

536 3918 737 3976 eortina,
762 3903 886 3976 etin
916 3902 1049 3976 fines
1078 3905 1214 3976 orbis
1245 3913 1398 3958 terra:
1422 3902 1570 3976 verba
1592 3922 1769 3959 eorum
1785 3904 1960 3976 (Psal.
1979 3921 2128 3971 xvttt,

539 3969 594 4043 5)
614 3973 657 4044 _?
678 3970 735 4025 In
765 3972 881 4027 istis
908 3969 1073 4044 ramis
1100 3972 1351 4028 volucres
1371 3974 1745 4044 requiescunt,
1777 3969 1903 4044 quia
1933 3969 2133 4031 sancta:

536 4042 751 4108 animm,
799 4056 921 4111 quae
965 4042 1284 4111 quibusdam
1333 4042 1587 4099 virtutum
1636 4042 1828 4111 pennis
1858 4061 1890 4099 a
1919 4054 2132 4101 terrena

538 4113 866 4181 cogitatione
895 4127 955 4167 se
981 4114 1283 4181 sublevant,
1316 4113 1367 4167 in
1398 4129 1586 4170 eorum
1612 4113 1771 4170 dictis
1800 4126 1855 4170 et
1883 4115 2134 4171 consola-

540 4183 777 4238 tionibus
804 4184 872 4237 ab
902 4183 1061 4254 hujus
1088 4186 1212 4239 vitae
1243 4184 1558 4255 fatigatione
1586 4186 1874 4255 respirant.

610 4273 739 4330 CAP.
770 4274 953 4329 XVIII.
980 4306 1044 4316 —-
1078 4276 1141 4331 Si
1166 4275 1455 4348 ejicis_nos,
1478 4278 1745 4348 mitteinos
1775 4278 1829 4331 in
1857 4292 2065 4348 gregem

984 4345 1253 4419 porgorum
1280 4345 1475 4419 (Marc.
1500 4363 1555 4415 v,
1582 4347 1696 4418 12).

615 4412 696 4484 (In
722 4416 954 4490 exposit.
984 4412 1200 4490 B._Job,
1234 4412 1511 4490 lib._xxxu
1533 4412 1726 4490 ,rnuin.
1762 4415 1878 4490 50.)
1919 4418 2136 4490 Absque

543 4486 897 4565 concessione
927 4488 1311 4565 ontnipoteniis
1324 4486 1451 4565 Dei,
1481 4489 1683 4543 nullam
1726 4486 1995 4565 malignus
2022 4486 2136 4558 spi-

542 4555 681 4609 ritus
717 4565 905 4629 contra
937 4555 1208 4629 hominem
1249 4558 1411 4612 habet
1438 4566 1786 4629 potestatem,
1817 4555 1964 4629 quia,
1996 4555 2138 4615 atte-

542 4632 723 4699 stante
774 4624 1087 4699 Evangelia,
1137 4624 1457 4699 describitur
1505 4628 1648 4699 quod
1698 4644 1800 4684 nec
1829 4624 2049 4684 manere
2080 4631 2132 4685 in

542 4696 765 4759 obsesso
813 4696 1031 4751 homine
1062 4698 1253 4765 potuit,
1303 4714 1403 4753 nec
1442 4696 1626 4754 rursus
1672 4699 1928 4755 invadere
1976 4701 2134 4755 bruta

543 4766 796 4840 animalia
828 4782 936 4821 non
960 4769 1139 4840 jussus
1154 4768 1522 4840 prmsutnpsit.
1575 4768 1677 4840 Ipsi
1727 4771 1871 4825 enim
1906 4769 2138 4825 Redem-

542 4835 685 4907 ptori
718 4846 903 4891 nostro
932 4854 960 4890 a
992 4836 1205 4906 legione
1232 4853 1352 4906 quae
1380 4835 1653 4894 hominem
1684 4842 1903 4896 tenebat
1929 4841 2134 4895 dictum

546 4914 629 4981 est
653 4924 666 4959 :
698 4907 759 4963 Si
784 4908 929 4981 ejicis
956 4923 1068 4971 nos,
1094 4912 1238 4963 mitte
1264 4925 1357 4963 nos
1391 4909 1447 4962 in
1475 4926 1680 4981 gregem
1707 4928 1999 4981 porcorum.
2032 4910 2135 4977 Qui

544 4976 692 5052 hanc
710 4989 764 5032 et
803 4976 869 5031 ab
900 4980 1117 5052 homine
1144 4981 1386 5049 expulit,
1415 4976 1493 5052 et'
1514 4976 1584 5052 i_n'
1598 4976 1790 5050 porcos
1823 4982 1902 5035 ire
1931 4976 2135 5052 eosque

544 5045 601 5100 in
646 5047 895 5120 abyssum
938 5048 1151 5120 mittere
1180 5045 1466 5104 concessit.
1516 5045 1734 5120 Ex'qua
1780 5068 1840 5105 re
1868 5045 2137 5120 colligitur

545 5126 760 5185 quanta:
785 5118 1109 5173 inﬁrmitatis
1139 5130 1322 5175 noster
1351 5118 1691 5177 adversarius
1718 5122 1941 5185 existat,
1970 5118 2058 5178 cui
2088 5124 2134 5179 si

548 5197 787 5268 potestas
830 5204 1038 5268 summa
1057 5190 1338 5268 iicentiam
1368 5206 1475 5268 non
1506 5192 1707 5259 praebet
1730 5230 1745 5255 ,
1774 5194 2004 5259 grassari
2036 5208 2137 5250 nec

546 5260 601 5311 in
629 5274 821 5325 porcos
845 5260 1008 5314 valet.

549 5326 705 5401 factis
753 5328 818 5380 ad
867 5328 958 5383 Dei
1008 5330 1294 5397 imaginem
1339 5326 1643 5385 hominibus
1668 5326 1882 5398 audeat,
1913 5333 1980 5387 de
2027 5349 2135 5401 quo

548 5398 799 5451 nimirum
826 5403 1208 5472 constatquod
1237 5418 1344 5456 non
1366 5401 1545 5469 jussus
1565 5402 1879 5469 contingere
1902 5418 1999 5457 nec
2020 5398 2139 5472 por-

550 5482 644 5547 cos
672 5472 1001 5547 pnnsumat?
1031 5470 1107 5523 Illi
1138 5486 1267 5547 ergo
1296 5486 1635 5547 nosncciesse
1664 5473 1961 5547 est_'sponte
1981 5470 2136 5527 subdi

550 5541 635 5589 cui
663 5547 717 5610 et
747 5542 969 5595 adversa
1012 5544 1190 5596 omnia
1229 5542 1583 5610 subjiciuntur
1613 5541 1665 5595 in
1706 5541 1837 5607 vita,
1883 5552 1943 5596 ut
1987 5552 2136 5598 tanto

552 5608 749 5660 nostris
780 5610 1022 5681 hostibus
1052 5608 1381 5681 potentiores
1424 5614 1591 5667 simus
1610 5654 1626 5679 ,
1653 5622 1859 5680 quanto
1884 5628 2007 5667 cum
2036 5630 2133 5669 au-

553 5683 705 5731 ctore
732 5680 966 5733 onniium
997 5698 1161 5736 unum
1189 5681 1451 5737 eflicimur
1481 5697 1576 5751 per
1612 5682 1989 5739 humilitatem.

554 5760 682 5818 CAP.
711 5762 845 5817 XIX.
878 5798 947 5808 —
979 5768 1247 5840 Revertere
1291 5772 1512 5836 primum
1540 5772 1593 5823 in
1633 5773 1840 5825 domum
1893 5782 2061 5840 mum,
2085 5784 2135 5829 et

653 5849 813 5913 narra
837 5845 1032 5913 quorum
1054 5839 1298 5913 iiin'fecit
1316 5840 1570 5895 Dominus
1599 5840 1793 5913 (Marc.
1818 5858 1878 5913 7v,
1910 5843 2023 5913 19).

625 5902 709 5970 (ιιι
733 5902 963 5972 expOsit.
992 5903 1055 5961 B.
1084 5902 1220 5975 Job,
1248 5910 1340 5965 lib.
1368 5927 1488 5981 ενι,
1519 5927 1573 5965 ιι.
1603 5902 1701 5981 33,
1731 5920 1787 5967 et
1815 5902 1952 5980 Ι.ἰιι,
1982 5902 2131 5971 inim.

1051 5259 1277 5326 Quando
1304 5274 1433 5329 ergo
1463 5262 1563 5316 iste
1600 5276 1697 5315 sua
1719 5273 1912 5330 sponte
1937 5278 2135 5319 nocere
2174 5306 2177 5307 ν

2201 578 2345 637 aliud
2360 596 2457 652 per
2476 580 2711 651 speciem
2732 598 2745 645 ;
2763 578 2915 652 aliud
2937 586 3019 634 est
3034 578 3274 652 in_venire
3290 593 3386 648 per
3399 579 3817 652 credulitatem,

2200 648 2474 721 aliud'per
2502 648 3038 721 contemplationem.
3069 648 3149 703 Ex
3178 664 3282 717 qua
3311 664 3371 704 re
3398 650 3580 721 agitur
3600 658 3671 703 ut
3693 665 3819 704 om-

2202 738 2297 777 nes
2322 720 2481 777 electi
2509 738 2635 776 eum
2661 737 2825 792 quem
2853 720 2959 775 lide
2980 729 3348 792 cognoverunt
3367 720 3551 775 videre
3578 736 3821 789 quoque

2202 809 2300 865 per
2313 792 2547 865 speciem
2558 791 2839 865 anhelent,
2858 792 3011 865 cujus
3026 806 3210 865 amore
3230 791 3529 865 lragrantes
3549 799 3816 865 aestuant,

2202 861 2329 934 quia
2355 861 2656 934 dulcedinis
2681 863 2799 929 ejus
2826 862 3147 934 suavitatem
3172 861 3283 928 jam
3313 861 3507 934 iniipsa
3536 876 3657 934 suae
3688 861 3819 917 ﬁdei

2204 931 2523 989 certitudine
2547 933 2852 1003 degustant.
2880 931 2987 988 Sed
3007 933 3101 1001 qui
3122 932 3591 1003 contemplationis
3621 946 3818 987 arcem

2206 1014 2395 1061 tenere
2441 1003 2773 1086 desiderant,
2824 1004 3076 1086 prins‘se
3106 1003 3159 1057 in
3188 1018 3381 1086 campo
3409 1004 3614 1086 .operis
3647 1018 3818 1057 exer-

2204 1086 2358 1131 ceant
2382 1114 2399 1140 ,
2429 1076 2554 1143 quia
2596 1076 2825 1144 primum
2871 1083 2956 1129 est
2983 1081 3199 1143 tempus
3226 1076 3451 1129 actionis
3471 1143 3478 1144 γ
3498 1083 3817 1144 extremum

2205 1143 2696 1215 contemplationis.
2735 1144 2888 1201 Unde
2919 1159 3140 1200 necesse
3163 1152 3248 1199 est
3275 1152 3335 1198 ut
3361 1143 3641 1214 perfectus
3660 1143 3818 1215 quis-

2207 1232 2316 1285 que
2344 1214 2493 1287 prius
2514 1217 2803 1272 virtutibus
2826 1227 3064 1287 mentem
3086 1224 3355 1287 exerceat,
3379 1223 3433 1287 et
3456 1214 3821 1287 postmoan

2208 1284 2327 1344 hinc
2348 1284 2426 1342 ἰιι
2453 1288 2636 1355 quiete
2662 1286 3137 1356 contemplationis
3183 1286 3497 1341 abscondat.
3546 1284 3698 1340 Hinc
3738 1291 3825 1340 est

2210 1356 2354 1413 enim
2398 1358 2565 1427 quod
2592 1357 2647 1412 in
2693 1356 3093 1413 Gerasenorum
3122 1356 3344 1423 regione
3388 1357 3433 1410 is
3454 1370 3639 1427 quem
3674 1356 3822 1427 legio

2206 1426 2518 1485 daemonum
2550 1426 2778 1483 Domino
2800 1428 3029 1497 jubente
3055 1427 3369 1497 dereliquit,
3401 1426 3468 1481 ad
3508 1426 3825 1481 Salvatoris

2210 1501 2295 1555 sui
2324 1498 2489 1568 pedes
2514 1498 2744 1564 residet,
2775 1499 2939 1554 verba
2970 1498 3226 1553 doctrina:
3254 1498 3511 1568 percipit,
3542 1507 3597 1551 et
3629 1497 3708 1550 de
3728 1511 3822 1550 re-

2212 1571 2376 1639 gione
2423 1585 2521 1624 sua
2565 1569 2723 1625 simul
2764 1569 3062 1633 discedere,
3094 1576 3300 1639 etcum
3345 1568 3537 1639 salutis
3582 1575 3823 1639 auctore

2212 1637 2334 1698 esse
2354 1640 2682 1710 concupiscit
2709 1658 2724 1705 ;
2753 1642 2847 1695 sed
2875 1648 3057 1710 tamen
3080 1639 3131 1693 ei
3163 1638 3366 1692 Veritas
3390 1637 3498 1707 ipsa
3521 1652 3649 1706 qua:
3672 1638 3824 1691 salu-

2215 1722 2326 1769 tem
2374 1708 2639 1775 contulit,
2686 1711 2858 1764 dicit:
2918 1708 3191 1764 Revertere
3301 1710 3453 1762 'mm
3500 1710 3555 1761 in
3598 1710 3824 1763 dolum

2218 1793 2378 1832 tuam.
2403 1791 2451 1832 et
2476 1798 2639 1832 narra
2664 1790 2856 1832 auanta
2879 1779 2969 1832 tibi
3001 1780 3177 1832 fecerit
3200 1726 3449 1832 Desunt”
3481 1777 3676 1832 “bid”
3702 1777 3820 1832 19).

2218 1793 2378 1848 tuam,
2403 1791 2451 1835 et
2476 1798 2639 1853 narra
2664 1790 2856 1853 quanta
2879 1779 2969 1853 tibi
2998 1780 3177 1853 fecerit
3200 1777 3676 1853 Dominus__(lb_id.,
3702 1777 3820 1853 19).

2218 1853 2432 1908 Amanti
2464 1852 2641 1907 adhuc
2667 1849 2852 1907 dilatio
2884 1849 3215 1917 impbnitur,
3246 1859 3305 1904 ut
3331 1865 3396 1904 ex
3427 1849 3576 1903 dilati
3604 1849 3824 1903 amori

2220 1924 2489 1980 desiderio
2524 1923 2771 1977 meritum
2810 1921 3182 1976 retributionis
3224 1927 3503 1988 augeatur.
3551 1918 3643 1973 Fit
3671 1919 3822 1973 enin

2224 1995 2378 2049 nobis
2407 1994 2747 2063 omnipotens
2774 1991 2917 2045 Deus
2944 1991 3198 2063 dulcisiin
3228 1991 3518 2063 miraculis,
3547 1999 3601 2044 et
3631 1999 3821 2044 tamen

2221 2066 2273 2120 io
2299 2081 2392 2119 sua
2423 2061 2739 2119 celsitudine
2768 2070 2951 2117 manet
2980 2061 3247 2128 occultus,
3280 2068 3340 2114 ut
3366 2062 3611 2130 quedam
3657 2076 3822 2115 mon-

2220 2134 2441 2190 strando
2470 2133 2538 2188 de
2562 2149 2643 2198 se,
2673 2132 2885 2187 occulta
2915 2148 3015 2187 nos
3044 2132 3391 2201 inspiratione
3421 2132 3471 2185 in
3494 2146 3593 2185 suo
3627 2145 3826 2186 amore

2222 2203 2542 2271 succendat,
2572 2211 2628 2258 et
2654 2212 2835 2257 tamen
2868 2203 2920 2257 in
2949 2201 3329 2259 abscondendo
3364 2202 3665 2271 majestatis
3709 2216 3825 2259 sua

2223 2276 2471 2343 gloriam,
2502 2273 2702 2329 amoris
2730 2274 2813 2327 sui
2842 2273 2951 2327 vim
2980 2289 3078 2343 per
3102 2283 3291 2328 aestum
3318 2273 3565 2327 desiderii
3590 2281 3822 2342 augeat.

2222 2342 2359 2413 Quid
2391 2351 2569 2399 autem
2594 2343 2812 2398 nomine
2840 2342 3053 2409 domus,
3083 2344 3152 2413 ad
3180 2358 3338 2411 quam
3360 2352 3580 2399 sanatus
3608 2344 3824 2413 reverti

2222 2412 2551 2487 praecipitur,
2576 2414 2677 2469 nisi
2705 2414 3038 2487 conscientia
3067 2412 3411 2487 designati",
3440 2414 3492 2467 in
3521 2429 3631 2487 qua
3661 2412 3825 2468 habi-

2224 2482 2405 2540 tamus
2435 2485 2822 2555 contractando
2851 2484 2980 2555 quid
3010 2482 3274 2554 agamus?
3302 2482 3589 2539 Revertere
3620 2486 3825 2552 igitur,

2223 2557 2275 2612 ei
2302 2557 2499 2611 dicitur
2518 2596 2533 2619 ,
2579 2556 2633 2609 in
2665 2554 2883 2610 domum
2914 2563 3062 2609 tuam
3084 2598 3098 2618 ,
3130 2564 3186 2609 et
3215 2569 3371 2609 narra
3399 2562 3596 2623 quanta
3626 2556 3826 2610 fecerit

2224 2626 2515 2690 Dominus;
2560 2625 2611 2680 id
2640 2633 2724 2680 est
2763 2641 2794 2680 a
2824 2626 3030 2695 peccati
3058 2627 3164 2695 jam
3193 2625 3324 2679 vitio
3344 2638 3563 2695 securus
3591 2625 3663 2679 ad
3691 2641 3825 2680 con-

2224 2698 2504 2754 scientiam
2533 2694 2835 2762 revertere,
2872 2705 2929 2751 et
2959 2696 3009 2749 in
3039 2694 3227 2750 vocem
3253 2694 3641 2765 praedicationis
3673 2696 3826 2751 exci-

2227 2776 2364 2849 tare.
2409 2767 2543 2822 Cum
2556 2768 2716 2849 .enim
2745 2766 3042 2847 quamlibet
3045 2781 3258 2890 dparum
3301 2768 3368 2820 de
3392 2765 3573 2847 divina
3601 2766 3829 2835 cogita.

2228 2847 2378 2890 tione
2424 2852 2774 2890 nercminms.
2805 2838 2983 2890 redire
3012 2852 3041 2890 a
3109 2836 3341 2890 humana
3390 2850 3494 2890 iam
3542 2836 3824 2890 nolumus.

2228 2839 2378 2894 tione
2424 2834 2778 2909 percipimus,
2805 2838 2983 2909 redire
3012 2834 3085 2909 ad
3109 2836 3341 2890 humana
3386 2834 3494 2909 jam
3542 2834 3824 2903 nolumus,

2227 2916 2285 2978 et
2331 2906 2704 2978 proximorum
2759 2907 3169 2978 necessitatibus
3215 2906 3824 2978 onerari_

2230 2976 2477 3044 Quietem
2510 2976 2982 3047 contemplationis
3008 2977 3297 3047 quaerimus
3319 3017 3336 3044 ,
3384 2976 3635 3047 nihilque
3680 2976 3828 3031 aliud

2230 3049 2334 3102 nisi
2361 3051 2465 3104 hoc
2490 3046 2636 3113 quod
2662 3045 2777 3103 sine
2809 3048 2995 3102 labore
3025 3045 3219 3113 reiicit,
3247 3060 3521 3112 amamus;
3545 3045 3639 3100 Sed
3663 3062 3829 3102 επις

2232 3127 2317 3173 tos
2345 3134 2445 3174 nos
2474 3117 2683 3173 Veritas
2708 3119 2774 3173 ad
2800 3118 3019 3172 domum
3043 3117 3224 3182 mittit,
3248 3124 3306 3172 et
3333 3131 3551 3171 narrare
3577 3131 3709 3187 qua:
3732 3132 3831 3173 no.

2231 3188 2439 3244 hiscum
2487 3200 2606 3244 acta
2653 3195 2780 3243 sunt
2805 3188 3076 3258 praecipit;
3108 3196 3169 3258 ut
3214 3187 3462 3242 videlicet
3486 3188 3637 3258 prius
3670 3202 3831 3244 mens

2231 3204 2439 3244 uiscum
2487 3204 2606 3244 acta
2653 3204 2780 3243 sunt
2805 3204 3076 3258 praecipit;
3108 3204 3169 3241 ut
3214 3204 3462 3242 Videlicet
3526 3204 3637 3242 rtus
3670 3204 3831 3244 mens

2231 3259 2461 3315 exsudet
2490 3259 2760 3339 inppere,
2811 3268 2868 3313 et
2911 3257 3256 3328 postmodum
3296 3258 3438 3313 reﬁci
3479 3204 3685 3313 gebat
3729 3274 3832 3331 per

2232 3330 2765 3400 contemplationem.

2229 3423 2361 3482 Cn.
2385 3421 2786 3481 XX.—Turbw
2815 3431 2863 3478 te
2909 3421 3256 3561 examinum
3284 3419 3576 3493 etsﬂigmtt
3605 3419 3829 3491 (lare.

2303 3589 2382 3663 (in
2396 3588 2644 3663 _exposit.
2660 3586 2720 3663 Β.
2740 3585 2861 3651 Job,
2888 3585 2979 3641 lib.
3006 3600 3158 3663 xxt_x_,
3180 3583 3550 3663 num.45;lib.
3577 3599 3657 3649 ιιι,
3681 3600 3829 3663 num.

2231 3654 2357 3733 572),
2385 3654 2645 3715 Cat-nales
2668 3660 2806 3733 intra
2830 3666 3072 3733 sanctam
3100 3654 3393 3733 Ecclesiam
3421 3669 3633 3733 ea_qtt:c
3660 3655 3829 3711 eonﬁ-

2234 3726 2399 3789 tendo
2427 3738 2617 3787 tenent
2654 3727 2889 3784 vivendo
2929 3742 3039 3783 non
3064 3726 3325 3782 exhibent
3345 3765 3362 3792 ,
3390 3737 3447 3781 et
3474 3726 3636 3780 tidem
3668 3740 3831 3794 quam

2235 3815 2423 3860 tenere
2448 3818 2508 3857 se
2527 3807 2778 3857 asserunt
2807 3806 3061 3869 premunt
3085 3798 3267 3869 potius
3290 3811 3453 3869 qnam
3478 3807 3830 3869 venerantur,

2233 3876 2359 3931 dum
2386 3889 2482 3930 sua
2510 3865 2851 3942 magis_illitis
2872 3865 3272 3942 nontine'quam
3298 3865 3415 3936 ejus
3436 3867 3667 3942 adipisci
3690 3868 3832 3942 lecta

2234 3935 2642 4014 concupiscunt.
2664 3938 2833 3996 Electi
2854 3948 3032 4014 autem
3050 3935 3177 3993 dum
3197 3952 3419 4014 servare
3432 3935 3832 4014 ﬁdeimeritull

2235 4008 2682 4085 rectis'operibus
2705 4018 2919 4085 curant,
2950 4008 3016 4064 ad
3044 4008 3281 4085 auctoris
3301 4009 3385 4063 sui
3413 4009 3671 4085 n_otiti_at_n
3699 4009 3832 4085 inter

2235 4077 2587 4154 reproborum
2621 4083 2879 4154 tumultus
2920 4080 3376 4154 appropinquant.
3407 4077 3591 4154 _Quod
3622 4077 3831 4154 benein

2238 4149 2528 4224 Evangelio
2556 4154 2611 4208 in
2641 4153 2864 4207 muliere
2884 4149 3159 4224 sanguinis
3180 4149 3336 4224 ﬂnxu_
3354 4150 3642 4224 laborante
3661 4149 3831 4224 signa.

2239 4234 2352 4280 tum
2382 4219 2485 4291 est,
2512 4231 2947 4294 qum_premente
2961 4219 3126 4294 turba
3156 4219 3833 4294 soia‘Dominumtetigit.

2238 4295 2316 4351 De
2344 4311 2448 4365 qua
2472 4288 2601 4350 enm
2630 4288 2889 4348 Dominus
2918 4291 3125 4365 diceret
3123 4310 3161 4365 _:
3193 4289 3322 4365 Quis
3348 4305 3431 4342 me
3473 4291 3650 4365 tetigit
3670 4293 3697 4342 Γ
3741 4288 3832 4344 Pe-

2240 4359 2755 4421 trus'ratiocinanilo
2778 4363 3056 4433 respondit
3080 4380 3092 4415 :
3120 4360 3371 4433 Turb¢_le
3388 4359 3773 4433 ςοπιηιέῦηιιιιι,
3790 4374 3834 4414 et

2239 4437 2510 4509 afﬂigunt,
2533 4435 2733 4509 etidicis
2757 4449 2775 4489 :
2805 4428 2931 4509 Qiiis
2958 4449 3040 4487 me
3068 4433 3235 4509 tetigit
3257 4428 3407 4509 ?_Sed
3426 4428 3624 4509 audire
3651 4446 3835 4509 causa;

2239 4500 2382 4562 νει-τὲ
2413 4507 2639 4561 rationis
2670 4505 2884 4568 meruit,
2911 4519 3032 4558 cum
3062 4504 3111 4557 ei
3142 4502 3402 4555 Dominus
3429 4500 3572 4555 dixit
3599 4518 3614 4553 :
3651 4500 3835 4573 Tetigit

2241 4595 2323 4632 me
2364 4578 2568 4648 aliquis,
2620 4591 2743 4629 nam
2770 4583 2820 4648 ei
2844 4590 2936 4643 ego
2965 4574 3113 4648 pavi
3141 4575 3375 4626 virtutem
3424 4573 3489 4626 de
3516 4588 3603 4625 me
3646 4575 3835 4648 eis-isse.

2171 4668 2217 4728 ι)
2412 4642 3279 4728 turbaepremebantiiotninuni,
3309 4653 3363 4697 et
3392 4642 3738 4728 ianien_sola
3760 4652 3835 4723 ιφ

2242 4719 2360 4787 tigit
2388 4733 2507 4786 quae
2543 4715 2607 4769 ad
2623 4711 2789 4769 'illum
2820 4714 3089 4787 humiliter
3114 4713 3294 4778 venit,
3324 4712 3450 4787 quia
3486 4711 3650 4787 multi
3682 4714 3833 4767 nimi-

2239 4783 2357 4843 rnm
2387 4783 2550 4842 etiam
2581 4787 2633 4841 in
2670 4794 2856 4839 sancta
2888 4783 3125 4840 Ecclesia
3167 4784 3383 4853 reprobi
3410 4784 3706 4853 veritatem
3740 4798 3833 4850 ,σο-

2239 4859 2856 4928 gnoscendo_premunt
2909 4870 3071 4925 quam
3126 4851 3265 4909 bene
3318 4851 3572 4928 vivendo
3614 4863 3833 4922 tangere

2240 4922 2534 4999 negligunt.
2566 4922 2826 4999 Premunt
2856 4935 2913 4979 et
2926 4922 3103 4993 longe
3128 4935 3283 4989 sunt,
3307 4922 3715 4999 quiaudivinam
3740 4937 3834 4979 no-

2239 4993 2413 5056 titiam
2462 4996 2885 5069 professionibus
2930 5003 3262 5069 sequuntur,
3310 4993 3831 5069 moribusdissim"2

2241 5063 2517 5135 Premunt,
2566 5070 2807 5193 inguam,
2852 5066 2946 5120 sed
2991 5063 3149 5134 IOnge
3191 5076 3335 5129 sunt,
3377 5063 3689 5145 quieideln

2241 5156 2398 5193 unam
2424 5148 2619 5193 lonueu
2660 5154 2693 5192 o
2721 5145 2987 5193 astrouut.
3016 5134 3223 5193 attendo
3250 5134 3660 5190 contradicunt.
3685 5135 3833 5188 Mula

2238 5134 2693 5212 quamloqueudo
2721 5145 2987 5212 astruunt,
3016 5134 3223 5203 agendo
3250 5134 3660 5212 contradicunt.
3685 5134 3833 5188 Iuli

2238 5204 2369 5280 ergo
2399 5204 2685 5280 Dominum
2709 5207 3086 5277 comprimunt,
3108 5214 3175 5280 et
3202 5222 3305 5260 una
3335 5206 3529 5280 tangit,
3550 5204 3689 5273 quia
3716 5220 3831 5260 car-

2240 5276 2391 5337 nales
2418 5282 2470 5336 in
2498 5279 2737 5335 Ecclesia
2767 5276 2890 5332 eum
2915 5277 3277 5347 comprimunt
3303 5291 3335 5330 a
3355 5290 3464 5343 quo
3491 5276 3662 5347 longe
3688 5284 3830 5340 sunt,

2238 5362 2295 5407 et
2319 5351 2418 5406 soli
2451 5358 2677 5419 tangunt
2698 5350 2789 5418 qui
2820 5348 2943 5402 huic
2970 5345 3235 5402 veraciter
3263 5347 3492 5419 humiles
3524 5345 3829 5419 adjniigm-

2239 5430 2348 5477 tur.
2396 5417 2571 5475 Turba
2600 5417 2760 5489 igitur
2788 5418 3013 5489 premit,
3036 5419 3160 5486 quia
3187 5417 3477 5489 multitudo
3502 5418 3830 5489 carnalium,

2241 5508 2350 5562 quo
2379 5493 2523 5545 intus
2549 5485 2868 5553 admittitur,
2889 5504 2956 5542 eo
2978 5485 3191 5557 gravius
3220 5488 3505 5542 toleratur.
3541 5485 3757 5562 Premit
3779 5497 3831 5541 et

2244 5558 2352 5618 non
2382 5564 2578 5631 tangit,
2627 5562 2752 5630 quia
2785 5562 3087 5631 importuna
3113 5566 3196 5613 est
3224 5572 3320 5625 per
3348 5558 3699 5631 praesentiam
3722 5596 3741 5623 ,
3784 5566 3832 5611 et

2244 5634 2438 5688 absens
2465 5628 2563 5699 per
2587 5628 2769 5685 vitam.
2818 5628 3075 5685 carnales
3103 5631 3315 5699 itaque,
3354 5642 3465 5699 quo
3494 5628 3683 5682 verbis
3714 5643 3831 5695 pro-

2243 5704 2397 5758 ῐεμβω
2429 5697 2545 5757 Iidei
2572 5703 2621 5756 in
2651 5701 2889 5756 Ecclesia
2915 5709 3058 5763 sunt,
3084 5714 3149 5753 eo
3178 5697 3351 5753 bonos
3371 5697 3697 5752 incorrectis
3723 5704 3832 5753 sola

2244 5774 2485 5829 tnoribus
2533 5771 2683 5847 pejus
2724 5778 2992 5840 premunt.
3046 5769 3438 5835 Nonnunquam
3456 5770 3619 5847 enim
3657 5772 3830 5847 pravis

2243 5861 2343 5899 nos
2391 5838 2749 5907 sermonibus,
2792 5855 3175 5909 nonnunquam
3214 5852 3345 5893 vero
3388 5838 3521 5893 solis
3564 5839 3833 5909 perversis

2245 5914 2484 5972 moribus
2500 5914 2872 5983 insequuntur.
2898 5908 3137 5970 Suadent
3152 5924 3382 5980 namque
3395 5909 3699 5979 aliqu’ando
3718 5923 3830 5979 qua
