3996 6346
1397 325 1740 387 APPENDIX
1780 325 1874 383 AD
1910 325 1970 381 S.
2013 322 2337 381 GREGORII
2376 323 2605 381 OPERA
2645 321 2881 381 OMNIA.

3678 327 3821 384 H9!

509 455 656 513 solus
701 451 954 514 caderet,
999 454 1272 517 utcunque
1321 446 1464 500 hunc
1517 440 1850 497 tolerabilior
1899 438 2095 494 inferni
2124 445 2176 505 Α
2202 437 2316 517 ait:
2357 436 2500 517 Vidit
2549 436 3067 517 Deus_¢:uncia-q_ua2
3110 441 3340 517 fecerat,
3371 448 3421 494 et
3459 448 3623 517 erant
3668 444 3820 517 valde

509 540 668 599 pana
694 524 983 580 cruciaret.
1759 588 1765 595 _

796 611 926 666 Car.
957 606 1298 663 XXXVll.——
1315 605 1446 660 Item
1467 604 1602 658 unde
1629 621 1806 672 supra.

579 705 672 772 (’ln
699 701 933 774 exposit.
963 699 1026 755 Β.
1056 698 1198 774 Job,
1232 697 1323 774 lib:
1357 711 1445 759 v1,
1481 711 1628 749 num.
1659 692 1746 774 5].
1773 692 2098 774 )Quidhper

510 763 711 832 molam
743 763 1026 826 asinariam
1073 770 1173 824 nisi
1216 769 1358 822 actio
1392 775 1606 820 terrena
1651 763 1938 833 signatur?
1967 763 2100 830 Qus

508 847 636 900 dum
679 844 815 901 colla
856 840 1051 896 mentis
1079 855 1176 908 per
1211 839 1372 892 stulta
1423 835 1686 908 desideria
1740 835 2096 902 constringit,

510 916 649 970 hanc
679 915 729 968 in
763 913 960 967 laboris
987 905 1269 965 circuitum
1299 907 1482 961 mittit.
1507 905 1643 972 Quid
1671 920 1800 959 vero
1830 920 1925 975 per
1950 918 2102 959 mare

515 986 613 1040 nisi
636 997 871 1046 priesens
890 981 1144 1036 satculuni
1171 979 1465 1046 ﬁguratur?
1488 978 1626 1031 Sunt
1648 977 1829 1046 itaque
1857 975 2100 1046 nonnulli

510 1056 601 1124 qui
625 1045 749 1109 dum
775 1045 1276 1124 terrenasactiones
1306 1048 1581 1109 deserunt,
1598 1057 1652 1124 et
1677 1045 2102 1124 adcontenipla-

513 1116 676 1178 tionis
731 1123 990 1187 studium,
1021 1119 1322 1174 humilitate
1372 1117 1670 1187 postposita
1699 1159 1714 1183 ,
1769 1117 1906 1170 ultra
1959 1116 2104 1187 vires

511 1193 877 1263 intelligentiae
903 1186 1161 1263 surgunt,
1194 1204 1300 1242 non
1325 1186 1508 1242 solum
1523 1203 1581 1241 se
1609 1189 1661 1263 in
1695 1201 1934 1263 errorem
1963 1186 2102 1263 deji-

511 1265 661 1319 ciunt
685 1256 709 1328 ,'
732 1263 826 1318 sed
858 1256 1097 1316 inﬁrmos
1125 1256 1424 1330 quosquea
1457 1259 1663 1330 gremio
1709 1258 1929 1330 unitatis
1970 1256 2106 1310 divi-

512 1335 664 1390 dunt.
688 1327 795 1402 Qui
827 1334 988 1401 igitur
1014 1327 1178 1402 unum
1221 1327 1291 1383 de
1316 1329 1552 1402 minimis
1595 1327 1958 1402 scandalizat,
1993 1341 2107 1381 me-

512 1406 616 1461 lius
660 1398 738 1460 illi
776 1398 947 1458 fuerat
994 1401 1211 1470 alligata
1245 1401 1387 1454 collo
1417 1399 1560 1453 mola
1609 1398 1839 1470 asinaria
1869 1399 2106 1470 initiare

511 1476 702 1546 projici
727 1517 743 1541 ,
773 1474 898 1546 quia
946 1467 1196 1527 nimirum
1245 1469 1724 1546 pervers;e_menli
1751 1467 2108 1546 expcdibilius

512 1537 633 1602 esse
655 1537 951 1615 potuisset,
975 1552 1066 1607 ut,
1093 1537 1357 1609 occupata
1389 1538 1590 1615 mundo
1608 1577 1623 1601 ,
1649 1537 2108 1615 terrena_negotia

509 1608 671 1685 agere
699 1624 772 1680 et,
807 1629 969 1682 quam
995 1627 1091 1682 per
1130 1608 1603 1685 contemplationis
1632 1608 1894 1685 studiuad
1907 1608 2108 1685 mul_to-_-

512 1678 628 1740 rum
683 1678 976 1754 perniciem
997 1678 1245 1736 vacaret.
1270 1682 1408 1754 sunt
1435 1681 1575 1734 enim
1609 1678 2108 1754 nonnulliinquieti

511 1750 732 1826 spiritus
751 1755 864 1825 qui,
888 1755 1012 1808 dum
1048 1753 1164 1826 plus
1185 1752 1476 1826 exquirunt
1497 1750 1917 1819 contemplando
1946 1763 2108 1816 quam

512 1819 732 1896 capiunt
756 1819 782 1889 ,⁷
807 1839 985 1896 ιιδῳιᾳ
1024 1819 1089 1896 ad
1117 1819 1371 1896 perversa
1415 1821 1668 1896 dogmata
1697 1829 2019 1896 erumpunt;
2051 1827 2108 1872 et
2138 1829 2183 1889 Β
2212 1819 2422 1896 prodest
2455 1819 2649 1896 homini
2679 1819 2722 1871 si
2749 1826 2911 1896 totum
2934 1832 3056 1896 mun

512 1890 636 1952 (Ιιιὶη
663 1890 915 1950 Veritatis
937 1890 1181 1964 discipuli
1204 1908 1322 1947 esse
1351 1891 1626 1946 humiliter
1656 1890 1934 1960 negligunt
1953 1929 1970 1956 ,
1990 1904 2111 1945 ma-

516 1967 667 2036 gistri
696 1981 942 2021 errorum
976 1964 1128 2018 liunt.

513 2057 642 2115 Cn.
677 2056 1238 2112 XXXVIII.—Habete
1263 2058 1344 2111 sal
1372 2059 1426 2111 in
1453 2056 1623 2112 vobis:
1646 2064 1695 2111 et
1718 2072 1898 2127 pacem
1930 2053 2113 2111 habete

898 2131 1033 2182 inter
1065 2146 1152 2183 vos
1183 2127 1378 2200 (Marc.
1406 2144 1532 2182 XXIX
1558 2167 1572 2192 ,
1597 2127 1713 2198 49).

587 2217 840 2290 (Mixtim
885 2233 955 2273 ex
988 2218 1178 2290 homil.
1209 2217 1359 2290 8",7in
1392 2217 1700 2290 Ezech.,n.
1732 2216 1766 2270 8
1789 2258 1805 2282 ,
1832 2224 1887 2290 et
1915 2217 2108 2290 Regni.

515 2287 653 2360 past.
685 2297 822 2357 part.
869 2305 904 2342 tt
928 2327 942 2350 ,
969 2305 1090 2357 cap.
1123 2287 1218 2358 4.)
1261 2289 1397 2360 Sunt
1445 2289 1686 2342 nonnulli
1714 2290 1806 2360 qui
1837 2288 1963 2342 dum
1993 2287 2113 2356 plus

515 2359 706 2428 Sapere
726 2374 886 2427 quam
917 2367 999 2412 est
1025 2373 1250 2412 necesse
1271 2359 1508 2419 student.
1525 2374 1556 2412 a
1583 2359 1954 2427 proximorum
1976 2372 2112 2426 pace

517 2428 793 2497 resiliunt,
825 2428 950 2480 dum
979 2443 1076 2482 eos
1114 2428 1260 2481 velut
1287 2429 1510 2482 hebetes
1538 2429 1841 2497 stultosque
1871 2437 2117 2482 contem-

517 2506 671 2567 nunt.
705 2495 857 2549 Ilnde
884 2513 980 2566 per
1000 2499 1341 2567 semetipsam
1368 2497 1577 2552 Veritas
1599 2495 1872 2559 admonet,
1889 2497 2108 2566 dicensf:

518 2566 717 2623 Habete
743 2567 823 2620 sal
848 2570 901 2621 in
933 2567 1091 2631 vobis,
1119 2578 1164 2621 et
1187 2566 1368 2636 pacein
1394 2569 1574 2622 habete
1598 2571 1733 2622 inter
1761 2585 1866 2622 vos.
1903 2567 2005 2622 Per
2032 2570 2112 2623 sal

517 2639 716 2710 quippe
740 2637 1090 2710 designantur
1119 2641 1281 2693 verba
1307 2639 1609 2710 sapientiai.
1636 2639 1727 2693 Sal
1756 2640 1956 2708 quippe
1995 2640 2112 2694 sine

519 2724 652 2780 pace
690 2724 797 2762 non
824 2709 1042 2780 virtutis
1080 2719 1162 2763 est
1189 2710 1391 2763 donum
1417 2751 1431 2771 ,
1460 2711 1551 2764 sed
1583 2709 1947 2763 danniatiouis
1975 2723 2110 2776 aug-

517 2779 780 2835 mentum.
810 2779 940 2850 Quo
959 2780 1101 2832 enim
1129 2780 1359 2848 quisque
1383 2781 1572 2834 melius
1601 2780 1762 2850 sapit,
1787 2796 1852 2834 eo
1875 2781 2110 2834 deterius

517 2850 797 2918 delinquit,
819 2859 872 2903 et
897 2849 1096 2904 idcirco
1127 2851 1559 2905 inexcusabiliter
1581 2849 1747 2904 multo
1779 2866 1960 2918 majus
1985 2866 2110 2919 sup-

516 2921 738 2992 plicium
769 2920 1086 2992 merebitur,
1115 2920 1238 2990 quia
1286 2923 1337 2992 si
1363 2922 1658 2982 voluisset,
1692 2919 1984 2992 prudenter
2008 2937 2112 2992 p07

516 2990 707 3045 tuisset
739 2990 918 3061 vitare
955 3002 1256 3059 peccatum.
1307 2991 1556 3061 Quisquis
1589 2992 1748 3059 igitur
1792 2991 1989 3046 habere
2031 2991 2110 3044 sal

518 3060 799 3130 sapientia:
822 3061 999 3114 studet
1016 3069 1178 3129 atque
1205 3060 1596 3125 laborat,curet
1623 3076 1843 3117 necesse
1865 3072 1947 3116 est
1971 3077 2108 3130 qua-

519 3140 678 3185 tenus
703 3144 734 3183 a
765 3145 898 3200 pace
936 3131 1241 3185 concordia:
1271 3147 1543 3200 nunquam
1571 3132 1810 3185 recedat.
1846 3130 2109 3186 Praeterea

520 3215 642 3256 cum
671 3209 853 3271 rector
883 3201 950 3254 ad
1000 3202 1326 3270 loquendum
1357 3217 1416 3255 se
1447 3209 1711 3271 praeparat
1731 3241 1746 3264 ,
1777 3203 1877 3256 sub
1907 3211 2110 3271 quanto

520 3270 744 3328 cautela:
772 3272 955 3326 studio
997 3273 1283 3340 eloquatur
1312 3270 1596 3338 attendat’,
1637 3287 1704 3326 ne
1729 3272 1774 3327 si
1806 3270 2113 3328 inordinate

519 3342 586 3398 ad
612 3341 942 3412 loquendum
989 3343 1216 3412 rapitur,
1266 3343 1464 3398 erroris
1517 3347 1738 3397 vulnere
1779 3343 2113 3397 audientium

518 3413 682 3470 corda
713 3412 994 3479 feriantur,
1025 3422 1084 3468 et
1107 3429 1229 3468 cum
1259 3413 1396 3468 forte
1438 3414 1655 3481 sapiens
1681 3413 1851 3467 videri
1899 3414 2115 3469 deside-

519 3493 635 3553 rat,
666 3484 886 3538 unitatis
931 3498 1252 3553 compagem
1299 3484 1612 3553 insipienter
1650 3483 1947 3539 abscindat.
1980 3485 2116 3539 Hinc

521 3552 718 3610 Paulus
741 3555 818 3639 ait:
843 3573 853 3606 :
888 3552 1012 3639 an
1037 3555 1153 3639 plus
1179 3571 1360 3639 sapere
1381 3552 1534 3626 quam
1557 3564 1753 3639 oportet
1779 3572 1960 3639 sapere
1977 3594 1992 3620 ,
2024 3555 2116 3609 sed

519 3640 699 3695 sapere
743 3625 812 3695 ad
865 3625 1194 3679 sobrietatem
1218 3627 1234 3693 (
1257 3624 1408 3679 Rom.
1443 3641 1513 3680 xit
1536 3666 1550 3690 ,
1582 3624 1659 3695 5).
1693 3625 1795 3692 Qui
1844 3624 2006 3693 igitur
2028 3641 2116 3680 sa-

520 3694 732 3764 pienter
761 3694 909 3764 loqui
940 3696 1144 3754 nititur.
1172 3709 1502 3764 magnopere
1531 3694 1736 3751 metuat
1762 3713 1830 3752 ne
1855 3695 1972 3764 ejus
2000 3697 2116 3750 elo-

521 3763 651 3887 1uiio
680 3763 1012 3818 audientium
1066 3765 1242 3818 unitas
1278 3763 1661 3830 confundatur,
1709 3763 1942 3836 impletis
1968 3767 2114 3834 quod

561 3832 716 3887 'cilur
740 3852 751 3884 ι
773 3831 974 3887 Habeto
992 3835 1073 3887 sal
1101 3835 1156 3887 in
1184 3834 1344 3887 vobis.
1367 3844 1414 3887 et
1442 3852 1620 3887 vacem
1646 3837 1825 3887 habete
1848 3838 1984 3887 inter
2002 3853 2110 3887 vos.

561 3832 716 3887 icitur
740 3852 751 3884 :
773 3831 974 3888 Habete
992 3835 1073 3887 sal
1101 3835 1156 3887 in
1184 3834 1344 3900 vobis,
1367 3844 1414 3888 et
1442 3852 1620 3902 pacem
1646 3831 1825 3890 habete
1848 3831 2110 3892 inter-vos.

521 3948 651 4007 CAP.
696 3947 938 4004 XXXIX.
960 3981 1032 3992 —
1058 3948 1311 4023 Magister
1354 3949 1484 4023 bone
1507 3992 1520 4017 ,
1553 3952 1674 4023 quid
1714 3953 1908 4020 faciens
1955 3955 2113 4009 vitam

808 4031 1056 4076 (uernam
1085 4021 1356 4090 possidebo
1386 4021 1580 4092 (Marc.
1607 4039 1660 4089 x,
1695 4023 1828 4091 I7)?

590 4112 814 4185 (Homil.
845 4111 936 4178 37,
969 4111 1248 4185 inEvang.
1281 4151 1298 4179 ,
1331 4129 1384 4166 n.
1420 4115 1498 4182 6.)
1542 4115 1798 4170 Dominus
1828 4130 1923 4185 per
1949 4117 2114 4174 alium

520 4183 906 4252 evangelistam
937 4183 1068 4238 dicit
1097 4201 1110 4236 :
1146 4183 1272 4247 Quis
1301 4201 1367 4238 ea:
1395 4186 1532 4239 vobis
1561 4187 1730 4240 volens
1773 4183 1956 4240 turrim
1983 4190 2118 4242 ardi-

523 4258 683 4322 ﬁcare
706 4295 726 4328 ε
774 4271 878 4307 non
918 4257 1077 4328 prius
1112 4264 1374 4328 co_mputat
1421 4268 1652 4328 sumptus
1680 4298 1695 4324 ,
1723 4262 1808 4328 qui
1837 4261 2116 4314 necessarii

521 4323 964 4399 sunt_(Luc.xtv,
995 4326 1132 4399 26)?
1161 4323 1311 4399 Ecce
1321 4325 1472 4399 juxta
1519 4323 1772 4381 Veritatis
1801 4343 1990 4384 vocem
2021 4331 2114 4399 qui

523 4393 714 4470 turriin
746 4393 975 4470 aidilicat
998 4436 1013 4460 ,
1046 4397 1199 4470 prius
1219 4395 1428 4470 aedilicii
1460 4409 1704 4467 sumptus
1735 4409 1905 4468 parat.
1938 4400 1994 4454 Si
2021 4393 2115 4470 igi-

523 4475 631 4531 tur,
655 4465 848 4518 fratres
874 4465 1232 4540 ,_humilitati_s
1266 4467 1453 4540 turrim
1485 4465 1803 4540 construere
1829 4465 2107 4540 cupimus,

523 4542 672 4609 prius
694 4550 802 4609 nos
852 4534 921 4609 ad
948 4534 1170 4609 adversa
1201 4536 1359 4605 hujus
1400 4539 1581 4593 saeculi
1614 4534 1915 4608 praeparare
1942 4534 2110 4595 debc;

522 4604 659 4664 inus.
694 4604 809 4661 Hoc
838 4605 981 4660 enim
1031 4606 1168 4659 inter
1196 4604 1465 4662 terrenum
1498 4618 1553 4663 et
1574 4604 1793 4664 cmleste
1820 4610 2108 4666 aedilicium

522 4678 686 4734 distat
710 4718 725 4741 ,
745 4676 893 4750 quod
915 4684 1188 4750 terrenum
1216 4679 1494 4750 :edilicium
1523 4695 1788 4750 expensas
1809 4683 2113 4750 colligendo

521 4746 1115 4822 construi_tur,_c(eleste
1144 4763 1274 4802 vero
1286 4746 1877 4822 _:cdiﬁciumfexpensas
1906 4746 2114 4822 disper-

521 4819 716 4887 gendo.
738 4819 819 4872 Ad
850 4817 981 4872 illud
1007 4825 1251 4888 sumptus
1278 4819 1502 4875 facimus
1521 4859 1539 4888 ,
1570 4821 1612 4877 si
1644 4817 1750 4876 nun
1782 4823 1962 4876 habita
1991 4817 2110 4878 col-

523 4891 772 4958 ligamus,
803 4888 868 4943 ad
900 4889 1041 4945 istud
1071 4899 1316 4959 sumptus
1345 4892 1571 4947 lacimus
1596 4937 1610 4960 ,
1643 4893 1689 4948 si
1719 4893 1900 4947 habita
1942 4894 2111 4949 relin-

521 4975 768 5033 quamus.
801 4960 939 5033 Istos
961 4969 1206 5033 sumptus
1235 4961 1324 5016 ille
1363 4961 1511 5018 dives
1539 4963 1739 5018 habere
1763 4979 1871 5019 non
1896 4966 2108 5033 potuit,

521 5031 612 5100 qui
643 5030 1011 5102 possessiones
1032 5031 1228 5086 multas
1259 5033 1568 5102 possidens,
1594 5030 1911 5101 magistrum
1931 5030 2110 5102 requié

521 5102 647 5156 sivit
670 5140 685 5163 ,
709 5101 923 5174 dicens:
953 5100 1206 5174 Magister
1227 5100 1354 5158 bone
1376 5144 1391 5169 ,
1422 5104 1543 5174 quid
1570 5100 1766 5173 faciens
1792 5106 1948 5158 vitam
1968 5100 2114 5160 aeter-

524 5119 647 5156 stvn.
670 5140 685 5163 ,
709 5119 923 5156 utcens:
953 5119 1043 5155 ina
1083 5119 1206 5157 ister
1227 5119 1354 5158 none
1376 5144 1391 5169 ,
1422 5119 1542 5174 quia
1570 5119 1766 5173 faciens
1792 5119 1948 5158 vitam
1968 5119 2108 5160 aeter-

524 5189 647 5226 nam
677 5172 947 5244 possidebo
971 5176 992 5224 1’
1021 5119 1120 5238 Qqui
1150 5189 1272 5227 cum
1303 5182 1630 5244 praeceptum
1661 5175 1901 5232 audisset
1927 5177 2108 5232 omnia

523 5241 857 5311 relinquendi
883 5281 900 5307 ,
931 5244 1098 5313 tristis
1125 5241 1407 5309 abscessit,
1437 5241 1496 5299 et
1520 5244 1644 5300 inde
1681 5254 1998 5313 angustatus
2027 5255 2113 5302 est

525 5313 577 5367 in
609 5323 812 5385 lltPnle,
840 5313 980 5385 unde
1001 5312 1130 5368 foris
1160 5315 1319 5385 latior
1347 5315 1443 5368 fuit
1477 5317 1528 5369 in
1569 5312 1936 5385 possesSione.
1971 5316 2108 5383 Quia

524 5385 666 5437 enim
707 5384 761 5437 in
800 5383 900 5439 hac
932 5383 1037 5438 vita
1069 5384 1284 5438 amabat
1311 5395 1558 5451 sumptus
1573 5383 1915 5442 celsitudinis
1938 5428 1953 5452 ,
1986 5397 2108 5443 ten-

525 5452 1088 5579 gendcliteternam
1135 5455 1362 5525 patriam
1387 5495 1402 5521 ,
1431 5457 1631 5513 habere
1663 5457 1834 5512 noluit
1861 5467 2110 5528 sumptus

567 5539 668 5576 uini
697 5542 708 5577 ι
796 5540 862 5579 is.

567 5539 862 5580 umintatts.

526 5613 658 5670 CAP.
712 5616 822 5673 XL.
849 5651 918 5662 -—
949 5617 1119 5677 Nemo
1169 5620 1511 5764 bonus1,8)nisi
1553 5639 1686 5677 unus
1732 5622 2112 5696 Deus(Marc.

1218 5709 1291 5759 x,
1418 5731 1434 5747 .

1218 5709 1291 5759 x,
1321 5709 1434 5759 ιδ).

598 5779 678 5850 (In
702 5780 940 5857 exposit.
971 5780 1033 5835 Β.
1063 5781 1188 5857 _Job
1213 5825 1228 5852 ,
1255 5785 1350 5839 lib.
1405 5801 1457 5839 ix
1482 5827 1498 5855 ,
1545 5802 1695 5840 num.
1744 5786 1876 5857 46.)
1916 5785 2108 5843 Omnia

531 5864 651 5914 quae
680 5855 864 5907 c'rea'ta
914 5857 1040 5908 sunt
1063 5852 1204 5910 bona
1233 5863 1397 5922 sunt,
1428 5852 1718 5914 attestaute
1763 5852 1946 5930 Moyse
1965 5898 1981 5927 ,
2014 5861 2106 5932 qui

2201 510 2335 581 bona
2355 507 2575 581 (lienes.
2612 524 2662 569 ι,
2688 507 2802 577 3l).
2833 507 3075 581 Sedflnic
3104 507 3276 563 Solum
3302 511 3506 565 bonum
3538 511 3820 581 principa-

2200 579 2323 632 liter
2352 580 2554 651 bonum
2585 588 2669 651 est
2697 594 2794 648 per
2818 579 2967 651 quod
2997 580 3113 651 haec
3141 582 3324 634 omnia
3354 597 3474 651 quae
3505 579 3654 635 bona
3688 579 3822 638 sunt

2201 665 2308 703 non
2342 649 2712 719 principaliter
2742 649 2983 703 existunt
3011 666 3024 712 ;
3067 650 3136 704 de
3165 665 3274 719 quo
3300 649 3446 706 bono
3479 651 3703 707 Veritas
3734 653 3816 708 di-

2201 719 2312 786 cit:
2338 719 2507 774 Nemo
2538 721 2698 772 bonus
2726 758 2739 783 ,
2767 721 2867 772 nisi
2891 736 3022 772 unus
3047 719 3206 774 Deus.

2202 808 2331 865 CAP.
2361 809 2496 864 XLI.
2527 842 2599 852 —
2625 807 2797 882 Quam
2845 810 3062 882 difﬁcile
3090 813 3193 882 qui
3227 813 3474 882 pecunias
3504 812 3742 879 habent,
3767 818 3822 870 in

2417 898 2634 952 regnum
2668 879 2763 934 Dei
2792 879 3078 935 introibant
3103 879 3120 949 (
3143 879 3311 936 Marc.
3348 898 3381 936 ι
3407 923 3423 947 ,
3459 882 3529 936 25
3557 885 3601 952 ).

2279 973 2295 1040 (
2322 971 2378 1027 In
2405 972 2639 1042 exposit.
2669 971 2727 1025 Β.
2758 971 2884 1037 Job,
2911 972 3003 1043 lib.
3040 988 3120 1043 tv,
3134 971 3345 1040 prmfat.
3375 988 3499 1039 cap.
3523 973 3598 1039 ὃς
3627 973 3822 1043 Regul.

2205 1051 2412 1116 pastor.
2447 1041 2502 1098 nt
2552 1053 2692 1116 part.
2715 1083 2731 1108 ,
2765 1059 2888 1116 cap.
2917 1041 3005 1116 20.
3038 1047 3050 1107 )
3093 1042 3294 1116 Rarum
3334 1043 3492 1116 valde
3521 1053 3613 1098 est
3643 1041 3823 1116 ut'qui

2207 1112 2396 1169 aurum
2439 1112 2718 1184 possident
2747 1113 2815 1166 ad
2851 1112 3090 1184 requiem
3123 1113 3405 1184 tendant,
3440 1113 3574 1167 dum
3607 1130 3710 1184 per
3737 1112 3822 1169 se-

2207 1181 2494 1252 metipsain
2524 1183 2736 1239 Veritas
2757 1184 2885 1237 dicit
2911 1201 2922 1234 :
2949 1181 3184 1254 Difﬁcile
3199 1183 3286 1254 qui
3313 1185 3569 1252 pecunias
3601 1181 3822 1251 habent,

2207 1255 2477 1310 intrabunt
2506 1257 2558 1308 in
2585 1271 2799 1324 regnum
2831 1253 3096 1307 cwlarum.
3129 1252 3264 1306 Nam
3312 1255 3400 1322 qui
3435 1256 3520 1308 hic
3552 1256 3824 1325 multipli-

2209 1326 2396 1382 candis
2423 1325 2621 1378 divitiis
2652 1325 2892 1387 inhiant,
2920 1340 3040 1393 qua:
3068 1325 3290 1378 alterius
3319 1325 3440 1376 vitae
3467 1325 3671 1390 gaudia
3705 1342 3826 1393 spe-

2209 1397 2367 1450 rant?
2395 1393 2557 1461 Quod
2577 1404 2756 1448 tamen
2787 1404 2845 1449 ut
2870 1394 3201 1465 Redemptor
3230 1402 3415 1448 noster
3444 1396 3610 1448 valde
3641 1412 3826 1450 rarum

2212 1475 2268 1520 et
2290 1481 2357 1520 ex
2379 1467 2497 1520 solo
2521 1466 2704 1520 divino
2736 1465 2996 1519 miraculo
3019 1465 3240 1520 evenire
3261 1479 3420 1534 posse
3450 1475 3823 1520 monstraret:

2212 1535 2362 1599 Hoc,
2407 1536 2620 1604 inquit,
2679 1535 2819 1605 apud
2875 1535 3110 1588 homines
3167 1534 3486 1606 impossibile
3545 1539 3828 1606 est,apud

2212 1606 2378 1661 Deum
2403 1615 2576 1660 autem
2605 1609 2778 1660 omnia
2810 1605 3079 1675 possibilia
3104 1615 3242 1659 sunt.
3276 1605 3480 1659 Divites
3509 1606 3682 1674 igitur
3712 1605 3826 1660 ava-

2213 1679 2282 1742 ri,
2315 1693 2438 1732 cum
2471 1677 2556 1732 vel
2606 1677 2760 1746 plura
2789 1676 3034 1729 ambiunt
3061 1676 3146 1729 vel
3194 1676 3446 1746 obtinere
3475 1686 3680 1732 cuncta
3712 1694 3828 1746 qua:

2214 1749 2503 1803 ambierint
2529 1745 2752 1816 possunt
2782 1789 2796 1812 ,
2823 1746 3041 1800 audiant
3062 1745 3209 1868 quod
3240 1746 3498 1814 scriptum
3530 1757 3622 1800 est
3648 1767 3661 1800 :
3692 1747 3828 1811 Quid

2214 1819 2422 1868 nradest
2455 1819 2649 1868 homini
2679 1819 2722 1868 si
2749 1826 2911 1868 totum
2934 1832 3056 1868 mtm
3099 1833 3184 1868 unt
3207 1817 3454 1868 lucretur.
3482 1818 3689 1868 animus
3716 1835 3827 1868 rem

3099 1833 3184 1888 um
3207 1817 3454 1888 lucretur,
3469 1818 3689 1888 animos
3716 1835 3827 1888 ego

2213 1884 2323 1944 sua:
2351 1891 2712 1944 detrimentum
2763 1890 2990 1958 patiatur
3011 1889 3038 1958 _(
3056 1884 3248 1940 Matth.
3296 1902 3384 1942 xvr
3409 1924 3426 1950 ,
3457 1886 3530 1939 ‘20
3565 1890 3582 1956 )
3612 1890 3636 1942 ἲ
3667 1884 3829 1944 Αἷεὶ

2215 1969 2404 2031 aperte
2436 1960 2648 2015 Veritas
2677 1955 2853 2014 dicat:
2887 1955 3028 2023 Quid
3049 1958 3291 2031 prodest
3333 1955 3624 2031 homini_'si
3656 1969 3827 2015 totum

2253 2027 2358 2086 itod
2387 2041 2542 2086 extra
2573 2039 2655 2086 est
2677 2034 2992 2098 congregat,
3017 2027 3062 2082 si
3086 2027 3189 2084 hoc
3213 2028 3388 2082 solum
3413 2029 3570 2097 quod
3601 2031 3720 2101 ipse
3750 2041 3828 2086 est

2252 2111 2459 2156 amnat.

2214 2192 2343 2250 CAP.
2380 2191 2537 2248 XLII.
2569 2225 2641 2240 —-
2670 2191 2905 2248 Facilius
2933 2202 3010 2248 est
3033 2194 3288 2247 camelum
3307 2209 3398 2262 per
3429 2195 3679 2264 foramen
3710 2212 3826 2250 acus

2287 2267 2514 2319 transire
2539 2282 2695 2336 quam
2742 2265 2952 2318 divitem
2979 2265 3179 2318 intrare
3207 2266 3262 2318 in
3317 2281 3536 2336 regnum
3587 2269 3825 2320 calorum

2289 2336 2487 2408 (Marc.
2522 2333 2596 2398 κ’.
2628 2333 2741 2403 i5).
2789 2361 2791 2364 ·

2288 2427 2383 2500 (In
2416 2427 2650 2500 exposit.
2685 2425 2878 2500 Β.)οὺ
2903 2467 2919 2495 ,
2951 2425 3047 2482 lib.
3080 2442 3246 2500 xxxv,
3277 2442 3428 2480 num.
3453 2426 3585 2500 A387.)
3626 2426 3822 2500 Cameli

2215 2498 2435 2554 nomine
2467 2498 2728 2552 Dominus
2758 2498 2812 2552 in
2850 2513 3006 2569 sacro
3043 2499 3263 2569 eloquio
3308 2498 3665 2567 exprimitur.
3696 2498 3821 2569 Quia

2215 2571 2356 2625 enim
2389 2569 2455 2622 ad
2486 2583 2653 2622 onera
2682 2568 3021 2638 suscipienda
3052 2568 3248 2638 sponte
3277 2583 3338 2623 se
3365 2569 3620 2623 eamelus
3650 2568 3822 2622 humi-

2217 2641 2315 2695 liat
2340 2681 2356 2706 ,
2407 2655 2514 2693 non
2556 2637 2840 2693 immerito
2862 2637 3243 2708 Redemptoris
3274 2641 3442 2693 nostri
3484 2640 3714 2706 gratiam
3744 2642 3820 2692 de-

2215 2712 2392 2779 signat
2417 2749 2432 2772 ,
2462 2710 2553 2778 qui
2585 2711 2633 2762 in
2663 2724 2730 2763 eo
2753 2709 2896 2778 quod
2921 2709 3249 2764 inlirmitatis
3277 2720 3479 2762 nostra:
3508 2725 3682 2762 onera
3709 2725 3818 2763 sus-

2215 2783 2397 2850 cipere
2421 2780 2672 2850 dignatus
2689 2790 2788 2844 est,
2819 2798 2845 2831 ιι
2875 2780 3160 2850 potestatis
3182 2793 3290 2834 sum
3313 2780 3642 2850 celsitudine
3661 2796 3818 2848 spon-

2215 2847 2595 2920 teidescen'dit.
2626 2847 2777 2904 Unde
2805 2847 2901 2919 per
2924 2848 3274 2920 Evangelium
3303 2849 3469 2904 dicit:
3506 2848 3816 2904 Pammeni

2216 2917 2375 2976 ha'beo
2399 2921 2623 2990 ponendi
2652 2917 2884 2973 animam
2907 2917 3106 2986 meam;
3130 2931 3179 2973 et
3203 2923 3387 2974 iterum
3408 2923 3653 2974 sumendi
3681 2937 3818 2974 eam:

2215 3002 2265 3046 et
2314 3009 2464 3046 nemo
2507 2992 2639 3045 tollit
2674 3008 2787 3044 eam
2831 3007 2862 3043 a
2909 3008 2988 3045 me
3017 3032 3030 3054 ,
3064 2992 3154 3045 sed
3175 3008 3270 3060 ego
3319 3008 3455 3060 pono
3482 3009 3601 3044 eam
3630 2992 3818 3060 (Joan.

2217 3080 2248 3118 x
2273 3104 2288 3128 ,
2325 3062 2436 3131 18).
2470 3060 2538 3114 Et
2579 3061 2719 3115 unde
2746 3063 2941 3115 iterum
2967 3062 3102 3116 dicit
3134 3079 3147 3114 :
3189 3063 3422 3116 Facilius
3465 3073 3543 3115 est
3574 3064 3820 3116 camelus

2215 3150 2307 3204 per
2350 3136 2582 3204 foramen
2613 3148 2761 3204 acus;
2786 3133 3009 3187 transire
3031 3171 3047 3198 ,
3078 3149 3231 3202 quam
3279 3134 3491 3186 divitem
3538 3135 3740 3187 intrare
3770 3136 3818 3188 in

2139 3214 2188 3278 ο
2215 3201 2433 3278 regnum
2451 3203 2714 3257 caelorum.
2730 3201 2866 3278 Quid
2890 3201 3285 3278 enimnomine
3309 3204 3490 3278 divitis
3504 3205 3614 3278 nisi
3639 3220 3820 3278 quem-

2220 3273 2352 3330 libet
2380 3277 2620 3339 elatum’,
2651 3275 2778 3342 quid
2802 3273 3170 3343 appellatione
3193 3274 3386 3329 cameli
3416 3275 3512 3329 nisi
3543 3273 3822 3344 propriam

2216 3345 2737 3402 condescensionem
2763 3345 2984 3412 signat?
3008 3345 3262 3399 Camelus
3283 3344 3421 3400 enim
3449 3359 3543 3413 per
3569 3345 3823 3404 foranien

2216 3431 2346 3471 acus
2376 3415 2607 3480 transit,
2641 3429 2764 3469 cum
2799 3416 2942 3469 idem
2974 3415 3308 3484 Redemptor
3338 3425 3514 3470 noster
3542 3431 3721 3485 usque
3751 3417 3820 3473 ad

2217 3487 2617 3556 susceptionem
2639 3485 2832 3539 mortis
2851 3501 2948 3555 per
2974 3487 3252 3553 angustias
3281 3486 3548 3556 passionis
3571 3487 3817 3550 intravit,

2216 3573 2337 3628 qua:
2365 3555 2550 3628 passio
2592 3556 2742 3628 velut
2769 3571 2900 3611 acus
2943 3558 3153 3610 exstitit
3177 3597 3193 3624 ,
3225 3555 3352 3625 quia
3398 3555 3592 3628 dolore
3628 3571 3819 3627 corpus

2215 3625 2460 3699 pupugit.
2510 3625 2744 3699 Facilius
2790 3635 2972 3682 autem
3022 3629 3265 3682 camelus
3294 3625 3668 3699 peritoramen
3698 3625 3817 3699 acus

2217 3696 2382 3768 quam
2413 3699 2589 3768 dives
2618 3697 2882 3768 caelorum
2928 3712 3155 3768 regnum
3204 3696 3523 3765 ingreditur,
3554 3700 3681 3767 quia
3723 3698 3816 3753 nisi

2216 3767 2528 3841 ipseqprius
2579 3767 2905 3841 inﬁrmitatis
2934 3767 3326 3841 nostrteouera
3377 3768 3683 3841 suscipiens
3727 3785 3814 3836 per

2216 3839 2526 3910 passionem
2541 3853 2694 3892 suam
2717 3839 2942 3910 formam
2969 3839 3124 3894 nobis
3147 3839 3469 3893 humilitatis
3488 3841 3814 3903 ostenderet,

2218 3925 2562 4034 ueqluaqualm
2591 3924 2652 3965 se
2678 3909 2745 3963 ad
2767 3909 3126 3965 humilitatem
3150 3910 3296 3966 illius
3324 3911 3562 3982 superba
3587 3911 3814 3982 rigiditas

2223 3996 2312 4034 inc
2338 3996 2486 4034 mare
2517 4019 2531 4033 .

2223 3983 2531 4037 inclinaret.

2215 4072 2345 4129 CAP.
2382 4072 2566 4128 XLIII.
2588 4106 2661 4118 —
2679 4055 2906 4130 Potestis
2935 4061 3107 4150 bibere
3130 4058 3376 4150 ὶᾶιὶὶὲηἱ.
3397 4092 3552 4148 quem
3574 4095 3668 4150 ego
3696 4070 3810 4132 bibi

2644 4156 2786 4200 turus
2817 4145 3141 4216 sum(llarc.
3172 4163 3226 4213 x,
3252 4146 3382 4215 38)?

2290 4237 2369 4361 gn
2402 4239 2636 4307 exposit.
2667 4237 2729 4291 Β.
2763 4236 2885 4302 Job,
2918 4237 3010 4291 lib.
3039 4253 3168 4301 xvii,
3206 4253 3354 4292 num.
3377 4236 3447 4304 9;
3494 4239 3686 4294 homil.
3729 4240 3808 4303 27,

2347 4323 2528 4361 vana..
2562 4324 2709 4361 num.
2744 4307 2812 4361 4:
2863 4308 3049 4361 homil.
3083 4309 3182 4361 35.
3218 4309 3270 4361 in
3303 4311 3532 4361 Evanan
3565 4326 3713 4361 num.
3741 4311 3808 4361 Ἠ

2217 4307 2270 4362 in
2300 4307 2528 4378 Evang.,
2562 4324 2709 4362 num.
2744 4307 2812 4370 Δις
2863 4308 3049 4378 homil.
3083 4309 3182 4373 35,
3218 4309 3270 4362 in
3303 4311 3532 4378 Evang.,
3565 4326 3713 4364 num.
3741 4311 3810 4376 'i.)

2219 4379 2336 4432 Filii
2370 4377 2611 4433 Zebedaci
2641 4379 2874 4433 Jacobus
2899 4387 2956 4433 et
2981 4377 3240 4445 Joannes,
3273 4377 3676 4436 interveniente
3705 4399 3810 4434 ma-

2216 4458 2318 4513 tre,
2341 4451 2518 4504 locum
2541 4450 2873 4504 celsitudinis
2893 4459 2948 4502 et
2969 4450 3154 4516 gloriae
3176 4466 3205 4503 a
3229 4450 3459 4504 Domino
3481 4454 3808 4518 quaerebant,

2215 4521 2310 4574 sed
2356 4521 2598 4588 ejusdem
2641 4521 2824 4589 gloria:
2878 4521 2981 4574 iter
3035 4520 3375 4587 ignorabant.
3449 4520 3812 4578 Confessiunis

2145 4595 2190 4654 Ι)
2217 4591 2418 4663 quippe
2447 4591 2586 4644 illius
2613 4590 2984 4663 celsitudinem
3017 4605 3046 4643 a
3076 4591 3282 4645 dextris
3309 4591 3657 4660 sinistrisque
3679 4610 3811 4663 qua

2222 4660 2444 4728 rebant,
2478 4663 2569 4713 sed
2614 4670 2815 4729 quanta
2847 4661 2911 4714 ad
2954 4662 3092 4716 lianc
3141 4670 3286 4715 esset
3334 4663 3545 4716 itineris
3575 4660 3810 4731 angustia

2220 4731 2441 4786 minime
2467 4731 2743 4785 videbant.
2769 4731 2847 4802 Ad
2868 4731 3009 4784 viam
3033 4745 3163 4800 ergo
3192 4745 3289 4801 per
3313 4747 3471 4802 quam
3495 4732 3564 4785 ad
3594 4735 3811 4789 celsitu-

2219 4802 2399 4857 dinem
2445 4803 2693 4857 venirent
2738 4817 2768 4855 a
2813 4801 3042 4857 Domino
3091 4801 3353 4858 tumentia
3403 4803 3622 4858 illorum
3655 4808 3810 4860 corda

2218 4883 2562 4937 revocantur,
2615 4881 2671 4927 et
2719 4887 2909 4928 eorum
2961 4888 3091 4928 mox
3138 4874 3307 4928 oculis
3354 4874 3652 4929 imitandus
3681 4879 3810 4931 calix

2215 4944 2482 5012 passionis
2527 4943 2807 5013 objicitur;
2861 4952 2920 4997 ut
2967 4944 3220 4998 videlicet
3267 4945 3311 4998 si
3359 4945 3428 4998 ad
3469 4945 3810 5003 sublimitatis

2214 5015 2406 5082 gaudia
2437 5015 2739 5080 tenderent,
2771 5014 2917 5083 prius
2947 5015 3092 5068 viam
3123 5015 3442 5068 humilitatis
3483 5016 3808 5073 invenirent.

2215 5083 2357 5158 Dixit
2378 5098 2516 5158 ergo
2545 5086 2622 5139 eis
2660 5085 2815 5158 Jesus
2853 5104 2864 5138 :
2909 5084 3136 5158 Potestis
3176 5085 3344 5158 bibere
3372 5086 3621 5158 calicem,
3672 5106 3808 5158 queat

2213 5169 2306 5225 ego
2338 5155 2581 5209 bibiturus
2610 5156 2758 5210 sum?
2785 5154 2862 5211 Ac
2907 5157 2951 5210 si
2981 5156 3192 5211 dicatur
3220 5157 3334 5212 eis:
3365 5155 3481 5210 Jam
3534 5173 3632 5211 vos
3665 5154 3807 5215 locus

2215 5226 2450 5296 delectat
2479 5227 2842 5292 celsitudinis,
2872 5226 2969 5281 sed
3015 5227 3164 5296 prius
3194 5242 3292 5282 vos
3321 5228 3406 5281 via
3435 5240 3701 5284 exerceat
3739 5231 3806 5284 la-

2218 5295 2383 5368 boris,
2417 5313 2510 5365 per
2538 5297 2762 5352 calicem
2808 5297 2952 5351 enim
2984 5295 3304 5367 pertingitur
3332 5297 3401 5354 ad
3441 5299 3799 5368 maiestatem.

2216 5365 2272 5420 Si
2305 5382 2459 5439 mens
2486 5378 2661 5422 vestra
2691 5369 2897 5437 appetit
2939 5365 3082 5436 quod
3120 5369 3412 5432 demulcet,
3464 5365 3618 5439 prius
3649 5373 3803 5428 bibite

2217 5437 2363 5506 quod
2397 5438 2578 5504 dolet;
2627 5439 2705 5492 sic
2743 5453 2840 5506 per
2868 5454 3108 5493 amarum
3141 5439 3394 5508 poculum
3431 5437 3799 5506 confessionis,

2218 5509 2527 5577 pervenitur
2555 5509 2620 5562 ad
2647 5509 2901 5577 gaudium
2933 5511 3138 5564 salutis.
3173 5510 3238 5564 Et
3265 5512 3525 5579 quoniam
3555 5514 3666 5569 duo
3689 5527 3800 5570 sunt

2218 5580 2459 5651 martyrii
2503 5593 2722 5648 genera,
2769 5595 2931 5651 unum
2974 5580 3028 5634 in
3073 5581 3286 5637 occulto
3324 5597 3514 5651 opere,
3565 5587 3712 5640 aliud
3755 5588 3797 5639 in

2215 5649 2458 5722 publico,
2489 5659 2718 5722 testatur
2746 5652 2858 5722 ipse
2888 5649 3163 5714 Dominus,
3195 5653 3286 5721 qui
3315 5649 3438 5707 cum
3468 5660 3796 5722 requisisset,

2217 5720 2400 5776 dicens
2446 5739 2459 5774 :
2504 5721 2726 5794 Potestis
2757 5719 2925 5774 bibere
2952 5719 3225 5794 calicemp
3245 5741 3388 5792 quem
3421 5741 3516 5794 ego
3556 5719 3794 5780 bibiturus

2213 5795 2372 5847 sum?
2417 5801 2472 5847 et
2515 5793 2586 5846 illi
2616 5793 2914 5847 dixissent:
2949 5792 3262 5858 Possumus;
3299 5792 3462 5849 illico’
3484 5800 3793 5852 subsecutus

2213 5872 2316 5930 est,
2343 5863 2526 5921 dicens
2551 5864 2814 5938 :_Culicem
2841 5863 3044 5936 quidem
3090 5881 3240 5921 neum
3263 5865 3464 5922 bibetis.
3496 5867 3638 5934 Quid
3661 5875 3792 5925 enim
