3996 6346
983 338 986 340 -
1027 342 1032 347 .
1092 333 1242 365 ..-ν

499 405 637 463 1199

1418 399 1759 460 ΛΡΡΕΝΒΙΧ
1795 400 1888 460 AD
1923 400 1980 460 S.
2019 396 2344 462 GREGORII
2382 393 2609 454 OPERA
2646 391 2878 451 OMNIA.

3635 385 3771 446 1200

497 540 637 583 mus.
671 521 749 577 Ad
770 524 963 579 horum
984 534 1112 592 ergo
1137 521 1331 577 civium
1357 521 1501 577 illam
1525 520 1857 592 frequentem
1887 521 2078 577 solem-
2106 524 2155 586 Α
2185 519 2240 592 in
2266 513 2661 592 mortem_dedi_t
2683 513 2896 567 unicum
2925 509 3120 566 Filium
3139 518 3295 590 suum
3312 503 3574 592 eumdein‘
3591 501 3772 592 Jesuni

495 598 721 650 nitatem
749 594 1091 657 festinemus;
1129 594 1230 660 his,
1256 609 1376 648 eum
1409 593 1636 649 necdum
1664 593 1867 649 visione
1895 608 2080 662 possu-

495 683 634 731 mus,
665 664 934 720 desiderio
961 673 1015 718 et
1036 673 1216 735 tuente
1233 665 1559 735 jungamur:
1589 663 1802 733 adjuvet
1826 664 2076 735 omnipo-

495 747 617 793 tens
638 735 778 792 Deus
797 735 865 792 ad
877 735 1038 790 vitatu
1058 731 1380 790 desiderium
1403 731 1665 800 nostrum,
1688 735 1778 804 qui
1800 750 1898 805 pro
1921 731 2078 790 nobis

2185 590 2454 646 Christum
2485 586 2770 639 Dominum
2802 591 3066 654 nostrum,
3092 580 3182 654 qui
3213 595 3333 633 cum
3356 593 3424 634 eo
3447 574 3582 654 vivit
3606 585 3663 628 et
3691 589 3772 654 re-

2182 645 2329 729 gnat,
2359 658 2412 713 in
2461 656 2665 729 unitate
2693 653 2924 724 Spiritus
2959 645 3166 720 sancti,
3216 665 3313 721 per
3354 645 3541 704 omnia
3581 645 3771 699 mula

2183 725 2524 787 Saeculorum.
2557 725 2748 780 Amen.

506 851 3764 887 MM

1663 962 2059 1055 LIBER
2080 962 2624 1051 TERTIUS.

1421 1129 1771 1210 Expositio
1807 1127 2146 1208 Evangelii
2185 1123 2524 1189 secundum
2565 1123 2827 1186 Lucam.

489 1282 677 1351 CAPUT
704 1281 935 1338 Ριιιιιιιιι.
977 1309 1047 1323 --
1076 1276 1199 1333 Fuit
1236 1278 1291 1332 in
1331 1276 1504 1351 diebus
1531 1276 1760 1351 {ferodis
1807 1277 1940 1351 regis
1981 1274 2077 1351 Ju-

565 1357 696 1410 drca:
737 1352 974 1408 sacerdos
1015 1352 1223 1410 quidam
1268 1349 1473 1403 nomine
1521 1346 1810 1402 Zacharias
1861 1346 1924 1401 de
1970 1350 2079 1401 vice

565 1427 718 1488 Abia,
759 1433 807 1477 ct
837 1439 968 1477 uxor
992 1417 1070 1475 illi
1111 1422 1174 1474 de
1199 1420 1404 1489 ﬁliabus
1432 1419 1604 1489 Aaron
1623 1460 1639 1487 ,
1679 1427 1728 1471 et
1758 1435 1941 1489 nomen
1969 1417 2080 1488 ejus

569 1495 863 1551 Elisabeth.
892 1492 1060 1546 Erant
1088 1488 1256 1545 autem
1279 1491 1408 1560 justi
1431 1488 1581 1542 ambo
1622 1499 1744 1542 ante
1769 1488 1971 1550 Deum,
1996 1490 2082 1560 in-

567 1569 802 1622 cedentes
848 1567 900 1618 in
945 1563 1183 1617 omnibus
1228 1558 1488 1630 mandatis
1532 1569 1582 1614 et
1618 1558 2080 1630 justiﬁcationibus

570 1637 783 1694 Domini
808 1637 921 1690 sine
949 1634 1154 1706 querela
1183 1630 1333 1700 (Luc.
1357 1645 1392 1696 ι,
1425 1629 1496 1699 5).

565 1730 648 1801 (ιιι
677 1729 909 1800 exposit.
951 1725 1011 1781 Β.
1035 1725 1164 1801 Job,
1200 1724 1498 1801 lih._xxxv,
1543 1738 1691 1801 num.
1731 1723 1844 1796 10.)
1883 1723 2079 1801 Coram

491 1793 723 1858 Domino
750 1793 896 1867 same
938 1797 1255 1867 multorum_
1279 1795 1387 1849 vita
1432 1793 1716 1867 displicet,
1758 1793 1877 1867 qum
1917 1797 2079 1867 etiam

490 1873 624 1928 {oris
655 1865 960 1925 horninibus
992 1867 1185 1937 placet.
1217 1865 1388 1937 Caute
1423 1865 1744 1937 ergonimis
1785 1868 1835 1920 in
1866 1866 2078 1920 laudem

489 1943 755 2012 iustorum
784 1933 1473 2012 conjugutn,__Zacharize_et
1496 1933 1792 2012 hilizaheth,
1823 1937 1889 1989 ab
1911 1951 2077 2012 evan-

492 2005 680 2081 gelista
704 2005 904 2081 dictum
935 2005 1016 2064 est
1040 2024 1052 2060 :
1085 2005 1254 2081 Erant
1275 2007 1402 2078 justi
1430 2005 1580 2081 αιτιὺο
1609 2016 1729 2081 (nite
1753 2005 1932 2061 Deum.
1960 2005 2078 2060 Non

491 2075 636 2136 etaim
665 2096 854 2135 secura
877 2079 992 2133 laus
1020 2086 1102 2134 est
1122 2075 1300 2145 justus
1341 2084 1470 2132 ante
1497 2076 1743 2132 homines
1773 2091 2075 2147 apparere;

491 2168 638 2224 srepe
661 2153 806 2224 enim
841 2150 1074 2224 humana
1111 2147 1378 2224 sententia
1406 2147 1633 2224 velutin
1683 2148 2077 2224 Deoﬁtnagnurn

492 2216 799 2292 quempiam
827 2220 1107 2292 approbat,
1139 2218 1241 2292 sed
1262 2219 1404 2272 hunc
1432 2218 1774 2292 omnipotens
1799 2217 1960 2292 Deus,
1984 2216 2076 2292 qui

491 2286 742 2360 quasi'cx
762 2308 821 2346 se
852 2286 1196 2360 approbatur,
1228 2288 1457 2360 ignorat.
1496 2286 1629 2341 lliuc
1658 2287 1902 2360 estenim
1932 2286 2078 2354 quod

494 2357 782 2416 Psalmisla
807 2357 1088 2426 vigilanter
1117 2366 1307 2412 exorat
1333 2400 1346 2424 ,
1388 2358 1572 2412 dicens
1602 2375 1613 2409 :
1653 2357 1829 2426 Dirige
1858 2357 1911 2409 in
1954 2373 2079 2409 con-

491 2440 667 2500 spectu
713 2440 795 2485 tuo
841 2431 974 2482 viam
1022 2444 1188 2482 nteant
1215 2427 1387 2500 (l’sal_.
1420 2443 1472 2491 ν,
1516 2429 1600 2498 9),
1647 2427 1899 2500 nimirum
1951 2427 2078 2500 quia

491 2497 810 2572 plerumque
840 2500 893 2554 in
924 2505 1214 2572 conspectu
1238 2498 1514 2572 hominum
1545 2497 1692 2553 reeta
1721 2498 1807 2552 via
1838 2497 2077 2553 creditur

491 2567 656 2626 etiam
687 2567 804 2641 quae
831 2585 862 2624 a
889 2568 1128 2624 veritatis
1156 2567 1351 2623 itinere
1379 2567 1722 2637 depravatur.

492 2663 620 2719 Car.
654 2663 717 2717 ll.
745 2692 815 2704 ——
834 2659 1058 2730 Angelus
1087 2657 1294 2730 Gabriel
1323 2659 1385 2712 de
1404 2657 1626 2713 Joannis
1647 2660 1986 2730 promissione
2006 2658 2077 2712 ad

566 2733 877 2787 Zachariam
905 2729 1028 2784 dicit
1059 2744 1077 2784 .'
1108 2729 1380 2796 Eliwbeth
1407 2746 1539 2800 uxor
1568 2742 1653 2784 tua
1682 2732 1848 2800 pariet
1887 2730 1978 2783 tibi
2003 2731 2074 2798 ﬁ-

565 2806 690 2857 lium
714 2820 732 2860 :
757 2811 805 2856 ct
832 2800 1034 2856 vocabis
1060 2817 1243 2854 nomen
1276 2801 1386 2881 ejus
1409 2799 1713 2856 Joannem:
1741 2803 1853 2870 ipse
1872 2815 2076 2923 Errece-

566 2874 648 2923 det
672 2885 790 2923 ante
806 2871 1083 2923 Dominum
1108 2871 1163 2923 in
1185 2871 1388 2923 spiritu.
1412 2880 1462 2923 et
1482 2873 1664 2923 virtute
1687 2870 1820 2923 Elia:
1843 2871 1860 2923 l
1913 2887 1992 2923 uc.
2009 2869 2071 2923 li.

566 2874 648 2928 det
672 2885 790 2928 ante
806 2871 1083 2927 Dominum
1108 2871 1163 2925 in
1185 2869 1388 2940 spiritu,
1412 2880 1462 2925 et
1482 2873 1664 2926 virtute
1687 2869 1820 2926 Elia:
1843 2869 1992 2941 (an.
2009 2869 2071 2942 ι).

561 2965 783 3037 (llomil.
815 2965 882 3037 7,
935 2963 987 3018 in
1026 2962 1250 3037 E_v_a_ng.,
1284 2979 1339 3017 ιι.
1380 2961 1456 3033 1.)
1497 2962 1732 3037 Joannes
1775 2964 1978 3037 idcirco
2021 2963 2076 3018 in

491 3032 686 3106 spiritu
725 3043 782 3090 et
818 3032 1185 3106 virtutemne
1214 3032 1473 3106 venturUs
1513 3034 1736 3100 dicitur,
1781 3035 1906 3103 quia
1937 3035 2079 3090 sicut

491 3103 638 3162 Elias
689 3105 982 3160 secundum
1027 3103 1235 3158 Domini
1293 3105 1582 3173 adventum
1624 3106 1949 3173 pneveniet,
2001 3107 2076 3160 ita

493 3177 730 3233 Joannes
772 3174 1024 3244 prmvenit
1072 3174 1322 3244 primum.
1356 3172 1484 3228 lnde
1513 3172 1766 3242 estquod
1806 3175 1912 3229 alio
1953 3176 2077 3231 loco

496 3247 758 3302 Dominus
783 3243 826 3299 7a
875 3243 1148 3313 discipulis
1186 3243 1470 3311 inquisitus
1509 3245 1575 3299 de
1622 3247 1858 3299 adventu
1907 3245 2074 3313 Elite,

494 3316 775 3388 respondit
806 3333 820 3369 :
852 3313 1003 3388 Elius
1019 3315 1132 3385 jam
1154 3315 1308 3377 venit,
1336 3323 1385 3368 et
1423 3331 1526 3388 non
1555 3327 1900 3388 cognoverunt
1921 3333 2034 3370 eum
2059 3354 2075 3381 ,

494 3385 843 3459 δεύτεραι-απτ
879 3387 933 3438 in
955 3401 1070 3459 eum
1094 3401 1408 3459 qua'ggtnque
1427 3385 1717 3459 noluerunt.
1749 3385 1837 3459 Et
1855 3389 1899 3459 si
1928 3389 2078 3459 vultis

492 3453 626 3513 scire
650 3500 664 3525 ,
699 3457 927 3512 Joannes
957 3456 1064 3527 ipse
1092 3453 1166 3509 est
1201 3453 1350 3510 Elius
1393 3454 1607 3526 (Matth.
1639 3472 1747 3511 xvu
1770 3495 1787 3522 ,
1821 3456 1931 3527 42).
1973 3457 2080 3512 Ile-

498 3529 729 3599 quisitns
775 3525 1212 3599 autemJoannes
1239 3541 1269 3580 a
1319 3527 1687 3599 sacerdotibus
1724 3535 1781 3582 et
1809 3525 2006 3599 Levitis
2030 3527 2080 3599 si

496 3595 644 3654 (isset
670 3597 832 3662 Elias,
861 3597 995 3651 dixit
1025 3615 1036 3648 :
1072 3595 1194 3650 Non
1225 3613 1336 3651 sum
1361 3595 1529 3651 Elius.
1553 3597 1692 3663 Quid
1721 3597 1930 3653 esthoc
1949 3598 2078 3665 quia

495 3670 640 3737 quod
671 3668 884 3737 Veritas
914 3666 1141 3720 aﬂirmat
1170 3667 1275 3722 hoc
1301 3667 1560 3736 propheta
1595 3667 1846 3724 Veritatis
1871 3668 2076 3736 negat?

495 3736 602 3791 Sed
627 3738 671 3791 si
701 3736 966 3791 subtiliter
990 3737 1190 3791 veritas
1219 3738 1332 3806 ipsa
1355 3738 1669 3806 requiritur,
1700 3739 1804 3794 hoc
1824 3737 1966 3807 quod
1992 3737 2076 3792 in-

495 3815 582 3861 ter
607 3821 666 3860 se
712 3807 1040 3875 contrarium
1082 3815 1264 3871 sonat,
1297 3810 1565 3875 quomodo
1615 3823 1723 3862 non
1766 3810 1837 3862 sit
1864 3818 2080 3863 eontra-

494 3876 658 3944 rium,
685 3876 970 3947 invenitur.
1001 3874 1234 3930 Joannes
1261 3874 1459 3947 quippe
1488 3877 1541 3930 in
1562 3878 1751 3946 spiritu
1773 3877 1917 3934 Elias
1938 3886 2078 3947 erat,

2183 1272 2278 1329 Dei
2307 1287 2438 1343 ergo
2466 1271 2842 1329 fortitudinem
2871 1269 3202 1343 nuntiandns
3229 1279 3366 1343 erat,
3394 1271 3487 1341 qui
3520 1272 3774 1329 virtutum

2182 1341 2458 1410 Dominus,
2498 1354 2553 1398 et
2579 1352 2772 1415 potens
2798 1343 2854 1398 in
2880 1342 3087 1413 [ιι-ωηο,
3132 1342 3199 1397 ad
3223 1341 3572 1400 debellandas
3594 1361 3777 1400 aereas

2181 1423 2483 1485 potestates
2513 1415 2784 1470 veniebat.

2180 1525 2310 1582 CAP.
2326 1525 2676 1582 lV.—Virtus
2700 1527 2954 1581 Altissimi
2973 1525 3296 1581 obumbrabit
3320 1526 3412 1581 tibi
3439 1526 3598 1597 (Lac.
3615 1526 3773 1599 1,55).

2254 1617 2334 1686 (In
2371 1618 2602 1689 exposit.
2637 1617 2715 1689 Β.
2743 1615 2865 1683 Job,
2905 1618 2999 1672 lib.
3032 1635 3178 1689 xvnt,
3225 1635 3372 1673 num.
3415 1619 3535 1687 55.)
3577 1620 3775 1674 Obmu-

2178 1688 2354 1745 bratio
2385 1687 2634 1745 iu‘saero
2669 1687 2885 1757 eloquio
2913 1688 3206 1757 aliquando
3233 1690 3541 1743 incarnatio
3567 1689 3773 1745 Domini

2179 1760 2420 1830 ponitur,
2457 1760 2538 1814 vel
2569 1759 2769 1830 mentis,
2793 1758 3130 1826 refrigerium
3157 1775 3186 1811 a
3225 1759 3437 1830 fervore
3481 1762 3774 1814 carnaliu'u

2180 1829 2598 1898 cogitationum,
2631 1829 2776 1898 quod
2815 1838 3030 1884 servata
3069 1829 3295 1898 veritate
3325 1829 3573 1883 historia:
3603 1847 3772 1883 sermo

2180 1897 2411 1956 testatur
2458 1897 2767 1968 angelicus,
2820 1900 2910 1969 qui
2962 1899 3030 1952 ad
3070 1897 3290 1952 Mariam
3329 1900 3500 1953 dicit:
3556 1902 3771 1969 Spiritus

2179 1981 2389 2024 sanctus
2420 1971 2734 2040 superveniet
2760 1970 2814 2023 in
2859 1981 2923 2033 te,
2956 1978 3006 2040 et
3033 1970 3190 2023 virtus
3217 1970 3475 2024 Altissimi
3503 1970 3774 2023 obumbra-

2181 2041 2253 2094 bit
2300 2041 2408 2096 tibi.
2456 2039 2561 2095 Per
2614 2039 3041 2094 obumbrationis
3092 2041 3410 2095 voeabulutn
3463 2042 3774 2095 inearnandi

2180 2111 2275 2166 Dei
2307 2122 2540 2182 utraque
2564 2119 2754 2165 natura
2799 2111 3040 2182 signatur
3071 2128 3083 2163 :
3128 2111 3312 2164 umbra
3344 2111 3488 2164 enim
3519 2127 3550 2163 a
3585 2113 3775 2166 lumine

2181 2190 2237 2236 et
2261 2180 2491 2251 corpore
2521 2181 2802 2236 formatur.
2834 2180 3092 2236 Dominus
3113 2189 3288 2234 autem
3316 2196 3414 2250 per
3439 2182 3771 2236 divinitatem

2181 2250 2488 2318 lumenest,
2517 2253 2608 2322 qui
2638 2251 2909 2306 mediante
2936 2252 3115 2306 anima
3144 2252 3197 2304 in
3223 2250 3459 2322 Virginis
3483 2262 3649 2307 utero
3675 2253 3772 2306 lieri

2180 2324 2431 2392 dignatus
2457 2321 2549 2377 est
2571 2337 2666 2392 per
2694 2322 3083 2392 humanitatem
3109 2336 3327 2390 corpus.
3361 2321 3502 2387 Quia
3532 2337 3668 2390 ergo
3697 2324 3772 2376 l-

2179 2391 2305 2448 men
2345 2391 2721 2462 incorporeum
2753 2391 2805 2445 in
2835 2391 2949 2460 ejus
2986 2400 3142 2447 utero
3181 2400 3298 2446 erat
3335 2393 3770 2460 eorporandum,

2181 2463 2232 2517 ei
2282 2479 2402 2532 qua:
2451 2465 2830 2530 incorporeum
2879 2462 3128 2530 concepit
3175 2463 3241 2515 ad
3291 2478 3497 2530 corpus
3538 2463 3771 2518 dicitur:

2192 2532 2366 2590 Virtus
2400 2534 2648 2587 Altissimi
2675 2533 2999 2585 obumbrabit
3031 2533 3120 2585 tibi
3147 2573 3161 2597 ,
3197 2532 3247 2585 id
3275 2541 3377 2593 est,
3409 2548 3616 2601 corpus
3645 2536 3693 2586 in
3723 2543 3770 2588 te

2185 2603 2534 2659 humanitatis
2560 2603 2792 2672 accipiet
2820 2603 3197 2671 incorporeum
3235 2602 3416 2656 lumen
3447 2603 3769 2669 divinitatis;

2182 2689 2247 2729 ex
2275 2689 2379 2742 qua
2406 2673 2654 2728 videlicet
2699 2674 3113 2730 obumbratione
3154 2688 3316 2728 omne
3357 2674 3412 2727 in
3465 2682 3524 2729 te
3561 2674 3771 2743 refrige-

2179 2745 2319 2802 rium
2346 2744 2583 2814 accipics
2606 2743 2818 2798 mentis.

2235 2856 2364 2914 CAP.
2395 2855 2460 2912 V.
2485 2887 2556 2897 —
2579 2851 2728 2919 Quod
2756 2863 2996 2909 nascetur
3017 2872 3082 2910 ea:
3105 2863 3151 2910 te
3175 2864 3433 2924 sanctum,
3469 2858 3726 2915 eoutbitur

2606 2924 2774 2981 Filius
2812 2926 2912 2980 Dei
2941 2924 3093 2996 (Luc.
3121 2942 3160 2996 ι,
3191 2925 3301 2998 55).

2256 3019 2334 3092 (In
2365 3020 2595 3091 cxposit.
2620 3017 2831 3092 υνιοι).
2859 3018 2951 3073 lih.
2977 3035 3124 3092 X_Vlll,
3151 3035 3300 3075 num.
3327 3018 3418 3092 Si,
3445 3019 3565 3086 85.)
3594 3020 3774 3075 Nullus

2180 3089 2491 3147 sanctoruiu
2519 3131 2534 3156 ,
2582 3089 2911 3158 quibuslibet
2958 3090 3246 3144 virtutibus
3294 3091 3487 3159 plenus
3535 3093 3770 3157 existat,

2181 3163 2378 3231 a‘quari
2402 3169 2586 3231 potest
2618 3161 2668 3231 ei
2699 3161 2765 3214 de
2792 3174 2899 3227 quo
2928 3160 3100 3215 beata:
3129 3160 3306 3215 Maria:
3346 3162 3412 3214 ab
3440 3163 3636 3229 angelo
3663 3162 3772 3231 dic-

2183 3229 2293 3286 tnin
2323 3229 2440 3285 est:
2475 3229 2624 3294 Quod
2654 3240 2893 3284 nascetur
2914 3247 2978 3284 ετ
3010 3241 3056 3284 te
3092 3240 3350 3295 sanctum,
3382 3233 3644 3286 vocabitur
3678 3230 3770 3284 Fi-

2183 3304 2283 3356 lius
2313 3301 2428 3355 Dei.
2455 3300 2563 3355 Nos
2585 3303 2802 3371 quippe,
2831 3302 2930 3357 etsi
2961 3303 3132 3356 sancti
3151 3302 3426 3366 eliicimur,
3452 3319 3555 3355 non
3583 3311 3767 3355 mruen

2181 3373 2349 3427 sancti
2381 3373 2670 3442 nascimur,
2695 3372 2824 3442 quia
2857 3373 2970 3442 ipsa
3002 3380 3204 3426 natura:
3235 3373 3584 3440 corruptibilis
3627 3387 3761 3424 cou-

2181 3443 2386 3496 ditionc
2415 3441 2829 3508 constringimur
2850 3441 2890 3498 ,ί
2915 3451 2973 3495 ιιι
3015 3458 3132 3495 cum
3180 3442 3442 3511 Propheta
3467 3443 3710 3495 dicamus
3743 3457 3760 3494 ε

2181 3511 2319 3566 Ecce
2355 3513 2488 3565 enim
2518 3513 2571 3564 in
2597 3512 2952 3581 iniquitatibus
2976 3523 3249 3581 conceptus
3283 3529 3416 3580 sum,
3444 3520 3489 3564 et
3519 3513 3574 3564 in
3608 3512 3770 3565 delic-

2184 3586 2248 3637 tis
2276 3584 2575 3663 peperitmc
2603 3593 2767 3635 mater
2794 3599 2908 3636 mea
2939 3583 3110 3652 (l’sal.
3140 3599 3194 3662 1.,
3228 3583 3318 3663 7)._
3339 3581 3432 3637 llle
3464 3592 3770 3663 autent.va

2182 3653 2380 3708 raciter
2403 3656 2551 3706 solus
2571 3661 2788 3707 sanctus
2821 3662 2974 3706 natus
2997 3661 3076 3705 est
3101 3655 3192 3722 qui
3224 3653 3479 3722 utipsam
3506 3653 3772 3707 conditio-

2185 3739 2306 3778 nem
2339 3732 2540 3777 nalurm
2568 3722 2932 3792 corruptibilis
2957 3723 3235 3789 vinceret,
3269 3738 3336 3777 ex
3383 3725 3770 3777 commixtione

2182 3794 2410 3864 carnalis
2442 3792 2648 3862 copulte
2676 3802 2967 3862 conceptus
3004 3809 3108 3848 non
3138 3801 3238 3848 est.
3275 3792 3409 3846 Huic
3431 3809 3516 3864 ﬁse
3557 3793 3768 3864 quidam

2183 3863 2563 3918 haeresiarches
2584 3878 2797 3932 :t'quare
2826 3864 3029 3928 voluit,
3058 3879 3178 3919 cum
3205 3864 3340 3917 dixit
3364 3883 3376 3916 :
3417 3863 3539 3918 Non
3577 3863 3770 3917 int-ideo

496 3947 554 4004 in
585 3933 810 4017 persona
847 3943 988 3999 Elias
1019 3960 1128 3999 non
1157 3933 1302 4010 erat}
1335 3933 1637 4000 s'iéutcnir'n
1665 3947 1754 4002 ille
1776 3933 2078 4071 1ιιι-ιυιιιιιῖοιί

496 4027 754 4071 venturus
782 4025 864 4071 est
893 4015 1122 4071 iudicis.
1173 4016 1246 4070 ita
1285 4016 1385 4070 iste
1437 4031 1735 4071 praecursor
1797 4028 1950 4071 actus
1997 4027 2078 4071 est

2184 3933 2389 3988 Christo
2425 3935 2561 4004 {acto
2597 3933 2738 3996 Deo,
2789 3935 3033 4005 quoniam
3073 3935 3115 3988 si
3163 3935 3297 4002 volo,
3329 3945 3378 3988 et
3418 3937 3530 4005 ipse
3569 3949 3770 4004 possum

2188 4005 2321 4071 ﬁeri.
2359 4003 2461 4070 Qui
2504 4005 2788 4058 Dominum
2838 4013 3079 4059 nostrum
3124 4004 3305 4060 Jesum
3345 4006 3622 4060 Christum
3671 4018 3768 4058 non

495 4015 754 4072 venturus
782 4025 864 4071 est
887 4015 1084 4086 judicis
1107 4057 1122 4083 ,
1173 4016 1408 4086 itaiisler
1437 4031 1735 4085 praecursor
1776 4015 1950 4074 factus
1997 4027 2082 4074 est

499 4084 1079 4158 RedemptorisQuod
1104 4099 1232 4158 ergo
1261 4084 1519 4141 Dominus
1546 4086 1744 4142 fatetur
1775 4088 1840 4143 de
1867 4089 2080 4158 spiritu,

498 4159 604 4213 hoc
629 4157 864 4214 Joannes
885 4157 1112 4228 denegat
1142 4157 1510 4228 depersona,
1534 4158 1660 4227 quia
1701 4169 1753 4213 et
1774 4157 1975 4228 justum
2005 4160 2086 4215 sic

499 4237 619 4283 erat
665 4237 724 4282 ut
767 4228 1034 4295 discipulis
1082 4226 1340 4281 Dominus
1384 4226 1722 4296 spiritUalem
1762 4226 1830 4284 de
1879 4228 2086 4285 Joanne

503 4299 827 4353 sententiam
855 4298 1095 4364 diceret,
1124 4306 1180 4352 et
1207 4296 1444 4352 Joannes
1468 4298 1670 4353 eisdem
1701 4300 1869 4354 turbis
1893 4316 2083 4355 carna-

498 4368 644 4422 libus
672 4384 778 4439 non
808 4367 873 4421 de
897 4383 994 4421 suo
1020 4368 1229 4439 spiritu,
1257 4369 1352 4423 sed
1373 4368 1438 4423 de
1465 4383 1694 4439 corpore
1712 4373 2082 4439 responderet.

497 4438 842 4510 Contrarium
888 4451 1016 4505 ergo
1042 4438 1257 4510 veritati
1283 4440 1494 4510 videtur
1517 4438 1637 4494 esse
1665 4438 1814 4510 quod
1851 4440 2086 4497 Joannes

495 4509 700 4574 sonuit,
733 4507 826 4562 sed
857 4514 1032 4561 tamen
1063 4521 1093 4561 a
1117 4509 1356 4566 veritatis
1382 4511 1596 4565 tramite
1624 4507 1733 4566 non
1764 4511 2012 4567 recessit.

537 4599 666 4654 Car.
700 4595 787 4653 lll.
814 4629 885 4640 --
911 4595 1104 4652 Missus
1129 4608 1206 4653 est
1231 4601 1444 4670 angelus
1468 4599 1678 4656 Gabriel
1699 4602 1849 4674 (Lac.
1874 4621 1911 4670 ι,
1935 4603 2046 4675 26).

576 4691 794 4764 (llomil.
825 4691 914 4768 5i,
945 4691 998 4745 in
1023 4689 1246 4768 Evang.,
1278 4708 1333 4746 n.
1357 4691 1436 4765 9.)
1477 4694 1728 4752 Caelestis
1757 4700 1943 4767 patrim
1971 4700 2084 4768 spi-

491 4762 787 4840 Ritnstunc
812 4762 984 4840 solnutn
1008 4762 1180 4831 angeli
1208 4762 1486 4840 vocantur,
1515 4782 1634 4821 cum
1667 4762 1885 4840 per'eos.
1905 4762 2082 4840 aliqua

503 4835 840 4905 nuntiantur.
874 4832 1054 4905 Graeca
1084 4841 1264 4905 autem
1308 4832 1699 4905 linguaiangel’i
1738 4840 1946 4904 nuntii,
1995 4832 2086 4895 ar-

498 4903 745 4978 changeli
769 4903 970 4978 summi
982 4902 1155 4978 nuntii
1186 4902 1464 4960 vocantur.
1489 4904 1554 4960 lli
1578 4902 1718 4962 enim
1741 4910 1832 4978 qni
1863 4902 2084 4968 minima

500 4975 769 5037 nuntiant,
800 4973 1115 5045 angeliLqui
1135 4989 1264 5030 vero
1290 4989 1496 5030 summa
1526 4973 1863 5041 auriuntiant,
1887 4996 2086 5038 vocan-

502 5053 589 5099 tur
614 5043 938 5128 arcl.t_a‘rigeli.
978 5043 1115 5128 “(ne
1158 5045 1522 5128 est_q‘uod.a_d
1561 5047 1781 5128 Mariam
1809 5051 2084 5128 Virginem

499 5131 612 5170 non
639 5113 866 5188 quilibet
901 5116 1140 5188 angelus,
1169 5115 1265 5171 sed
1287 5113 1504 5188 Gabriel
1533 5119 1887 5188 archangelus
1909 5113 2083 5178 iniui-

497 5197 609 5260 tnr.
657 5183 738 5238 Ad
782 5184 888 5260 hoc
914 5185 1114 5260 qnippe
1157 5187 1471 5260 mysterium
1519 5183 1785 5243 summum
1833 5194 2083 5260 angelum

500 5255 933 5337 diguuirnyenire
961 5255 1156 5337 fuerat,
1187 5255 1278 5337 qui
1303 5272 1570 5337 summurn
1592 5261 1836 5337 pmnium
1863 5255 2085 5337 nuntia-

2111 3975 2155 4033 ρ
2188 4005 2321 4074 ﬁeri.
2359 3975 2461 4070 Qtii
2504 3975 3079 4059 Doniintitn'nostrum
3124 3975 3305 4060 Iesum
3345 3975 3622 4060 Ch'rf'istuiit
3671 4018 3768 4058 non

2187 4090 2284 4145 per
2306 4075 2621 4146 mysterium
2647 4076 3033 4146 conceptionis,
3065 4079 3158 4146 sed
3192 4092 3290 4146 per
3321 4077 3632 4145 profectum
3652 4089 3765 4143 gra-

2186 4146 2272 4199 tia:
2303 4145 2470 4200 Deum
2501 4145 2724 4214 putavit,
2757 4160 3009 4214 perversa
3033 4145 3359 4214 allegatione
3380 4156 3633 4202 astruens
3655 4159 3766 4199 eum

2185 4231 2377 4285 purum
2409 4215 2679 4286 hominem
2709 4223 2890 4268 natum
2916 4255 2928 4278 ,
2970 4217 3062 4286 sed
3101 4227 3165 4269 ut
3192 4216 3335 4270 Deus
3360 4226 3509 4272 esset
3540 4233 3639 4286 per
3664 4230 3765 4268 me-

2184 4287 2346 4340 ritum
2378 4285 2703 4354 profecisse,
2738 4293 2898 4354 atque
2945 4287 3016 4339 ob
3057 4285 3163 4340 hoc
3208 4287 3484 4342 a-stimans
3538 4285 3596 4340 et
3639 4292 3766 4339 sect

2186 4355 2456 4424 quoslibet
2485 4355 2620 4410 alios
2662 4356 2710 4410 ci
2736 4370 2895 4423 posse
2936 4356 3236 4426 remquari,
3276 4356 3368 4426 qui
3412 4357 3507 4410 lilii
3557 4356 3652 4410 Dei
3682 4370 3768 4424 per

2185 4427 2412 4495 gratiam
2462 4426 2628 4490 fiunt,
2675 4441 2781 4480 non
2827 4425 3618 4494 intelligens'nccattendens
3653 4427 3768 4495 quia

2185 4511 2346 4551 nemo
2376 4504 2553 4566 potest
2581 4496 2630 4550 ei
2659 4497 2944 4566 comqnari.
2983 4496 3139 4550 Aliud
3169 4507 3253 4551 cst
3291 4498 3438 4550 enim
3482 4505 3646 4551 natos
3684 4502 3770 4549 ιιοο

2187 4568 2358 4621 mines
2380 4565 2609 4634 gratiam
2640 4565 2942 4636 adoptionis
2971 4567 3218 4636 accipere
3241 4608 3255 4633 ,
3287 4566 3438 4621 aliud
3467 4583 3640 4621 unum
3669 4568 3770 4620 sin-

2187 4637 2443 4703 gulariter
2481 4635 2916 4706 perdivinitatis
2966 4635 3263 4706 potentiam
3325 4638 3496 4691 Deum
3544 4653 3615 4691 ex
3664 4639 3771 4705 ipso

2187 4715 2453 4777 conceptu
2484 4705 2764 4775 prodiisse.
2807 4705 2915 4759 Nec
2935 4705 3135 4776 aequari
3167 4717 3347 4777 potest
3372 4709 3554 4776 gloria
3579 4707 3772 4775 linige-

2191 4776 2300 4848 niti,
2318 4777 2498 4830 habita
2539 4792 2634 4845 per
2678 4784 2956 4848 naturam,
2987 4779 3106 4831 aliis
3135 4776 3355 4848 accepta
3387 4794 3486 4848 per
3525 4783 3773 4847 gratiam.

2184 4845 2449 4901 Mediator
2490 4848 2687 4915 quippe
2735 4846 2827 4900 Dei
2855 4856 2910 4901 et
2954 4849 3228 4903 hominum
3250 4845 3281 4915 ,’
3319 4845 3486 4904 hoino
3531 4845 3777 4904 Christus

2185 4916 2362 4983 Jesus,
2393 4933 2500 4972 non
2529 4917 2666 4972 sicut
2696 4916 2798 4973 iste
2826 4918 3110 4974 luereticus
3133 4919 3368 4988 desipit,
3419 4920 3566 4974 alter
3586 4921 3641 4974 in
3685 4920 3775 4973 hu-

2186 4988 2476 5054 manitate,
2529 4988 2666 5042 alter
2713 4988 2765 5041 in
2811 4987 3014 5044 deitate
3063 4997 3183 5055 est;
3231 4987 3340 5043 non
3395 5005 3570 5058 purus
3615 4990 3778 5043 homo

2183 5068 2478 5126 conceptus
2502 5067 2558 5112 et
2583 5059 2774 5123 editus,
2800 5069 2943 5128 post,
2973 5074 3068 5128 per
3094 5061 3363 5124 meritum,
3387 5069 3449 5114 ut
3469 5059 3616 5114 Deus
3640 5071 3776 5114 esset

2185 5129 2416 5200 accepit,
2441 5129 2536 5183 sed
2570 5131 2851 5183 nuntiante
2878 5130 3071 5198 angelo
3109 5140 3166 5184 et
3188 5129 3518 5185 adveniente
3539 5130 3773 5200 Spiritu,

2185 5214 2312 5254 mox
2343 5198 2570 5254 Verbum
2626 5200 2677 5251 in
2707 5208 2858 5254 utero
2883 5241 2899 5265 ,
2946 5215 3070 5253 mox
3117 5201 3256 5254 intra
3295 5210 3507 5254 uterum
3541 5198 3773 5255 Verbun

2187 5284 2360 5341 caro,_
2377 5278 2433 5324 et
2456 5277 2706 5324 manente
2733 5269 3158 5341 incommutabili
3185 5270 3444 5337 essentia,
3467 5289 3593 5341 qua:
3621 5272 3672 5324 ei
3700 5280 3772 5341 est

500 5326 620 5412 bat.
647 5324 864 5412 thbriel
879 5332 1080 5412 funem
1099 5324 1358 5412 fortitud'n
1499 5327 1698 5412 dicitur
1727 5348 1739 5384 :
1771 5331 1837 5385 ad
1863 5331 2080 5412 illariarn
2112 5349 2165 5409 ι)
2187 5324 2498 5412 φιιιιιῬιιιιυᾳ
2518 5349 2713 5412 etcum
2736 5339 2939 5412 Spiritu
2966 5348 3153 5412 sancto
3174 5324 3770 5412 comtcriia,':t_ssuttipsit

502 5409 634 5466 ergo
676 5393 897 5451 Gabriel
923 5395 1152 5466 mittitur
1195 5398 1284 5466 qui
1313 5396 1408 5454 Dei
1450 5396 1708 5454 fortitudo
1751 5403 2079 5459 nominatur.

501 5463 658 5518 Illum
687 5467 886 5536 quippe
908 5465 1160 5539 veniebat
1181 5537 1189 5539 ν
1197 5463 1452 5539 nuntiare
1492 5469 1583 5539 qui
1625 5469 1692 5524 ad
1739 5471 2085 5530 debellandas

503 5547 696 5589 aereas
723 5535 1018 5612 pntestates
1045 5535 1261 5612 humilis
1295 5535 1542 5612 digrmtus
1567 5547 1650 5596 est
1675 5555 1935 5612 apparere
1953 5585 1968 5610 ,
2018 5547 2086 5603 de

503 5617 617 5672 quo
647 5604 740 5672 per
767 5604 1105 5686 Dsalmis'tarn
1134 5607 1328 5662 dicitur
1351 5604 1372 5662 ε’
1401 5609 1584 5686 Tollite
1612 5604 1789 5686 ρονὶᾷε
1827 5604 2085 5686 principes

505 5686 724 5748 vestras,
745 5682 801 5748 ει
823 5678 1106 5748 Λειευαηιὶηἱ
1127 5689 1292 5746 porta:
1316 5678 1622 5748 (eternales,
1647 5691 1697 5736 et
1735 5678 1964 5740 introibit
1994 5678 2086 5743 rea:

508 5741 860 5830 plurimum?
881 5755 955 5830 est
983 5749 1080 5830 iste
1103 5741 1441 5830 {explorin
1461 5741 1713 5830 Dominus
1741 5755 1966 5830 fortisuet
1989 5741 2086 5830 ρόέ

509 5819 662 5897 iens;
696 5812 948 5897 Dominus
991 5826 1176 5897 potens
1195 5812 1248 5872 in
1287 5820 1465 5897 praelia
1497 5820 1666 5890 (Psal.
1711 5812 1861 5895 x'xut,
1889 5828 1963 5897 9).
1989 5812 2085 5887 'Et

512 5893 759 5949 rursum,
791 5880 1043 5940 Dominus
1082 5880 1322 5945 virtutum
1364 5890 1473 5961 ipse
1503 5880 1590 5948 ‘est
1628 5910 1718 5950 rem
1747 5880 1961 5970 glorite'.
1981 5880 2092 5961 P2?

2188 5411 2330 5482 intra
2359 5410 2597 5482 Varginea
2645 5409 2852 5482 viscera
2903 5411 3045 5465 unde
3087 5419 3144 5466 et
3185 5411 3536 5482 impassibilis
3575 5413 3687 5482 pati
3717 5417 3769 5482 ne!

2188 5479 2505 5536 immortalis
2529 5479 2690 5552 mori,
2716 5487 2771 5534 et
2793 5489 3026 5552 aeternus
3052 5489 3178 5537 ante
3211 5479 3432 5550 saecula,
3464 5479 3768 5552 temporalis

2188 5559 2374 5621 posset
2396 5565 2516 5607 esse
2541 5550 2594 5604 in
2629 5550 2736 5606 line
2774 5550 3124 5618 saeculorum;
3157 5561 3217 5606 ut
3250 5567 3350 5622 per
3377 5550 3654 5608 ineﬁ'abile
3691 5565 3764 5606 sa-

2188 5630 2519 5677 cramentum
2549 5628 2815 5690 conceptu
2851 5630 3043 5677 saneto
3071 5630 3129 5678 et
3167 5631 3326 5692 partu
3355 5623 3658 5678 inviolabili
3685 5636 3762 5675 se-

2188 5692 2422 5748 cundum
2450 5692 2735 5746 veritatem
2760 5692 3041 5762 utriusque
3069 5702 3298 5761 naturae,
3330 5694 3524 5750 eadem
3549 5695 3703 5762 virgo
3717 5696 3765 5762 el

2187 5763 2382 5837 ancilla
2410 5762 2622 5837 Domini
2652 5770 2890 5837 essetet
2902 5761 3095 5820 mater.
3121 5764 3215 5824 Sic
3240 5768 3444 5837 quippe
3479 5764 3533 5820 ei
3568 5763 3637 5818 ab
3667 5761 3761 5837 [lli—

2187 5834 2378 5889 zabeth
2407 5834 2602 5890 dicitur
2633 5851 2647 5887 :
2693 5832 2841 5888 Unde
2869 5835 2966 5890 hoc
2985 5837 3113 5891 mihi
3137 5877 3152 5900 ,
3181 5848 3238 5893 ut
3259 5831 3436 5892 rerum
3463 5845 3633 5888 mater
3663 5831 3755 5885 Do-

2188 5909 2311 5964 mini
2340 5912 2435 5966 mei
2462 5914 2532 5966 ad
2552 5911 2791 5983 me(Luc.
2817 5928 2853 5978 ιθ
2878 5907 3002 5979 45)?
3032 5906 3095 5966 Ει
3113 5905 3232 5977 ipsa
3260 5900 3425 5979 Virgo
3438 5905 3763 5979 concipiens,—
