3996 6346
493 332 641 401 ιεω

1391 339 1737 399 ΔΡΡΕΝῸΙΧ
1774 342 1867 399 AD
1904 344 1964 402 Β.
2006 340 2338 406 ηιιεϐοιιιι
2371 346 2603 408 OPERA
2638 346 2871 408 οιιιιιΑ.

2955 262 3007 287 ,κ

493 452 620 533 aiat
653 450 899 533 quisquis
925 451 1203 533 haberein
1232 454 1456 525 nuptiis,
1474 454 1535 533 _id
1561 455 1722 509 estin
1760 462 1947 533 sancta
1971 454 2076 533 Ec:
2103 465 2159 525 Α
2256 464 2533 529 daemonia,
2562 473 2615 519 et
2655 472 2712 518 ut
2753 465 3030 533 languens
3056 472 3332 524 curarent:
3380 478 3434 525 et
3466 462 3629 528 mss!"
3653 474 3775 533 illos

490 525 705 597 clesiaL
710 530 913 597 vestem
944 526 1239 596 nuptialem
1268 524 1438 581 curat.
1474 524 1607 580 Hinc
1649 534 1730 597 est
1758 527 1901 597 enim
1930 529 2077 597 quod

491 596 637 667 apud
657 593 1002 667 ,Ezechielem
1021 593 1345 667 prophetam
1367 604 1536 667 portae
1556 596 1790 651 civitatis
1810 596 1863 650 in
1892 593 2076 655 monte

489 665 799 737 constitutae
850 665 1171 721 vestibulum
1217 665 1425 723 duobus
1463 668 1659 723 cubitis
1711 677 2073 737 mensuratur,

488 736 625 807 quia
658 735 907 790 nimirum
938 751 1186 794 accessus
1232 738 1389 794 nobis
1417 738 1653 794 ccelestis
1692 738 1923 795 civitatis
1964 735 2076 796 non

529 806 763 881 auditur,
794 807 841 862 si
866 807 1041 881 inhac
1082 807 1321 881 Ecclesia
1350 824 1469 881 qua»
1489 824 1589 881 pro
1612 824 1679 865 eo
1720 809 2077 881 iquodﬁadhue

513 824 763 873 munitur,
794 824 841 862 SI
866 824 918 861 ιη
942 824 1041 863 nac
1082 824 1321 865 1300183Ιὸ
1350 824 1469 935 gum.
1489 824 1589 881 ι)Γο
1612 824 1679 865 80
1730 824 1873 879 quon
1901 824 2073 867 annue

513 877 1106 1003 nnislcqlsétzlestibulnm
1135 879 1333 936 dicitur
1400 879 1450 936 ei
1495 888 1550 936 et
1577 880 1811 951 proximi
1852 879 2073 938 dilectio

486 963 601 1004 non
628 962 861 1003 tenetur.

484 1036 617 1096 Car.
647 1037 805 1095 XXV.
837 1072 909 1084 —
932 1039 1205 1103 Dimittite,
1234 1048 1285 1096 et
1324 1042 1609 1097 dimittetur
1646 1040 1785 1098 vobis
1806 1057 1826 1098 :
1856 1041 1996 1110 date,
2024 1053 2075 1100 et

877 1112 1083 1167 dabitur
1106 1112 1244 1168 vobis
1276 1112 1427 1185 (Luc.
1461 1130 1531 1182 νι,
1561 1113 1677 1185 57).

557 1202 636 1277 (In
668 1204 897 1277 ernpdsit.
925 1203 984 1257 Β.
1008 1202 1129 1277 Job,
1163 1204 1254 1277 lib.
1284 1221 1415 1271 xxn,
1439 1222 1584 1277 num.
1610 1205 1727 1277 27.)
1750 1206 1907 1274 Quia,
1936 1214 2075 1263 teste

486 1272 655 1347 Paulo
686 1274 740 1343 (I
768 1274 889 1329 Cor.
920 1276 1054 1347 xui),
1083 1276 1319 1347 charitas
1358 1276 1571 1346 patiens
1606 1285 1663 1347 et
1708 1272 1940 1347 benigna
1978 1278 2076 1333 de—

481 1345 757 1411 scribitur,
787 1360 883 1415 per
910 1345 1222 1416 patientiam
1250 1345 1426 1400 aliena
1448 1349 1587 1401 mala
1613 1345 1872 1403 debemus
1895 1363 2076 1417 {cqua-

484 1416 703 1471 nimiter
747 1416 997 1481 tolerare,
1029 1425 1085 1471 et
1136 1432 1233 1485 per
1278 1417 1662 1485 benignitatem
1710 1419 1850 1472 bona
1887 1416 2075 1474 nostra

484 1486 909 1557 misericorditer
940 1486 1273 1556 impendere,
1314 1488 1455 1557 sicut
1483 1487 1813 1557 Redemptor
1854 1491 2074 1544 humani

481 1558 696 1629 generis
722 1573 823 1629 nos
839 1556 1115 1629 admonet,
1151 1566 1206 1611 et
1226 1558 1355 1629 dicit
1382 1556 1703 1629 :7Dimt'ttite,’
1726 1558 2076 1629 etdimittetur

480 1626 621 1679 vobis
646 1645 664 1681 :
696 1628 834 1692 date,
880 1639 929 1681 et
956 1626 1164 1681 dabitur
1196 1628 1356 1683 vobis.
1390 1628 1529 1682 Dare
1565 1626 1797 1697 namque
1829 1638 2074 1684 nostrum

479 1698 548 1749 ad
588 1713 675 1752 res
721 1697 954 1768 pertinet
1000 1712 1137 1767 quas
1183 1698 1421 1754 exterius
1469 1699 1750 1763 habemus,
1801 1699 2074 1755 dimittere

479 1775 662 1839 autem
714 1769 780 1823 ad
837 1768 1189 1839 relaxandum
1236 1769 1482 1824 dolorem
1531 1784 1693 1839 quem
1750 1770 1975 1827 interius
2004 1786 2072 1825 ex

480 1838 656 1911 aliena
687 1838 1256 1911 culpacoutrahimus.
1276 1839 1385 1894 Sed
1413 1838 1691 1911 sciendum
1720 1848 1805 1895 est
1826 1841 1951 1909 quia
1980 1842 2073 1907 qui
2105 1851 2154 1911 Β

479 1909 704 1964 omnino
732 1910 953 1963 dimittit
977 1918 1034 1963 et
1072 1925 1181 1965 non
1210 1909 1324 1975 dat,
1356 1911 1457 1965 etsi
1490 1924 1597 1964 non
1629 1910 1787 1978 plene
1816 1918 2071 1980 operatus

479 1986 585 2050 est,
642 1980 917 2034 meliorem
950 1990 1127 2035 tamen
1182 1989 1388 2050 partem
1440 1980 1819 2035 misericordia:
1875 1981 2073 2037 tenuit.

480 2048 585 2114 Qui
613 2066 739 2105 vero
768 2050 861 2103 dat
886 2058 941 2104 et
975 2048 1197 2105 minime
1223 2051 1467 2117 dimittit,
1495 2051 1717 2104 omnino
1762 2051 2076 2105 misericor-

479 2120 624 2172 diam
653 2122 855 2175 nnllam
900 2120 1044 2183 facit,
1077 2122 1205 2190 quia
1236 2122 1303 2176 ab
1332 2122 1706 2184 omnipotente
1737 2120 1849 2177 Deo
1878 2137 2075 2178 munus

480 2204 557 2262 ex,
580 2205 739 2245 manu
789 2207 896 2245 non
928 2193 1194 2262 accipitur
1222 2193 1367 2259 quod
1397 2191 1635 2259 obligato
1664 2191 1830 2262 corde
1876 2192 1927 2245 in
1957 2207 2074 2246 ma-

480 2259 594 2313 litia
623 2262 912 2330 profertur.
944 2259 1187 2317 Mundari
1227 2263 1425 2317 etenim
1472 2262 1637 2315 debet
1666 2261 1815 2330 prius
1861 2262 2074 2316 animus

480 2330 574 2402 qui
603 2333 1002 2401 eleemosynam
1050 2332 1273 2402 praebet,
1305 2331 1561 2402 quoniam
1590 2346 1751 2387 omne
1790 2332 1933 2401 quod
1960 2331 2074 2387 Deo

481 2397 639 2454 datur
661 2416 729 2456 ex
749 2397 929 2457 dantis
949 2397 1131 2457 metite
1152 2397 1426 2472 pensaiur.
1806 2397 1824 2401 ⁷
2061 2436 2072 2460 .-

483 2491 615 2549 Car.
647 2493 835 2551 XXVI.
867 2525 937 2536 --
971 2493 1109 2559 Quid
1155 2505 1323 2550 autem
1344 2495 1501 2566 nvides
1541 2496 1791 2566 festucam
1839 2496 1895 2549 in
1924 2495 2072 2552 oculo

547 2601 605 2637 .__
730 2636 742 2637 γ
844 2567 1023 2637 fratris
1046 2568 1137 2632 lui,
1170 2574 1273 2621 etC.
1308 2565 1455 2636 (Luc.
1490 2565 1718 2637 vit“)?

554 2635 766 2708 (Regni.
814 2635 1044 2708 pastor._
1072 2644 1217 2708 part.
1273 2635 1351 2703 ni,
1403 2650 1521 2706 cap.
1568 2636 1647 2705 9.)
1700 2636 1961 2708 Dominus
2014 2636 2072 2691 in

478 2705 774 2775 Evangelia
803 2705 973 2763 dicit:
1010 2705 1226 2777 Diligite
1249 2705 1486 2760 inimicos
1531 2715 1743 2777 vestros,
1787 2706 2073 2777 benefacite

477 2779 544 2832 iis
570 2781 655 2849 qui
682 2778 901 2832 oderunt
924 2794 1015 2849 _vos
1040 2794 1056 2832 :
1085 2776 1229 2849 orate
1248 2791 1347 2849 prn
1364 2776 1778 2845 persequentibus
1798 2788 1847 2849 et
1875 2776 2075 2849 calum-

474 2846 741 2921 _niantibus
771 2866 857 2904 vos
888 2847 1040 2921 (Luc.
1061 2864 1134 2910 vr,
1166 2846 1280 2918 27).
1305 2847 1486 2921 Virtus
1511 2856 1593 2901 est
1620 2847 2072 2921 coram_homi_n_i_-

475 2918 580 2975 bus
607 2917 942 2975 adversaries
970 2917 1345 2984 tolerare,sed
1386 2918 1557 2971 virtus
1581 2932 1763 2973 coram
1795 2917 1927 2983 Deo,
1954 2918 2073 2971 dili-

474 3004 625 3059 gere,
657 2990 783 3058 quia
813 2991 919 3045 hoc
967 2991 1144 3043 solum
1172 2987 1498 3059 sacrilicinm
1525 2986 1673 3059 Dens
1699 2988 1895 3057 accipit
1922 2986 2073 3059 quod

478 3057 606 3114 ante
636 3057 752 3129 ejus
781 3060 967 3115 oculos
996 3060 1049 3113 in
1081 3059 1235 3113 altari
1266 3058 1394 3113 boni
1423 3062 1603 3127 operis
1644 3057 1858 3129 ﬂamma
1888 3057 2071 3112 chari-

476 3130 604 3207 tatis
620 3127 888 3207 incendit.
917 3129 1052 3184 Hinc
1080 3130 1332 3207 est__q_uod
1371 3143 1593 3207 _rnrsntn
1623 3127 1943 3207 quibusdam
1974 3144 2073 3197 pa-

476 3200 755 3292 tientibns,
782 3215 890 3292 nec
920 3209 1099 3283 tamen
1144 3195 1509 3292 diligentibns,
1542 3195 1739 3292 dicitur
1761 3195 1943 3292 :‘Qnid
1972 3195 2070 3279 au-
2098 3226 2145 3292 Ο

477 3281 579 3324 tem
608 3270 746 3324 vides
777 3272 1025 3342 festucam
1045 3272 1114 3342 in
1155 3270 1303 3342 oculo
1335 3270 1523 3342 fratris
1556 3270 1648 3342 tui,
1679 3276 1728 3322 et
1774 3267 1985 3342 trabem‘
2011 3269 2068 3323 in

474 3341 624 3396 oculo
641 3350 725 3395 tuo
742 3336 845 3395 non
858 3342 996 3395 vides
1009 3343 1030 3394 ?
1044 3336 1383 3394 Perturbatio
1396 3340 1592 3409 quippe
1604 3338 1953 3409 impatientia:
1963 3336 2071 3409 _fes-

475 3420 600 3466 tnca
632 3418 732 3478 est,
756 3412 959 3466 malitia
981 3413 1176 3467 veroin
1201 3411 1386 3475 corde,
1417 3407 1601 3464 trabes
1630 3407 1690 3462 in
1708 3408 1886 3463 oculo.
1920 3407 2072 3463 Illam

472 3484 616 3538 enim
629 3497 759 3537 aura
778 3489 921 3538 tenta
929 3482 1085 3537 tionis
1102 3482 1287 3550 agitat,
1304 3482 1441 3535 hanc
1453 3494 1673 3533 consum
1681 3486 1821 3550 niata
1834 3480 2073 3550 nequitia

473 3567 615 3623 pene
641 3552 990 3608 immobiliter
1018 3547 1218 3622 portat.
1252 3549 1422 3607 Recte
1448 3550 1609 3623 igitur
1630 3620 1638 3623 _
1660 3547 1769 3603 illic
1790 3547 2071 3623 subiungi-

475 3620 599 3677 tur:
643 3624 955 3693 llypocrita,
978 3620 1105 3694 ejice
1127 3623 1361 3694 primum
1381 3620 1575 3694 trabem
1601 3620 1667 3694 _de
1694 3620 1842 3694 oculo
1861 3691 1872 3694 _
1892 3630 1999 3694 tuo,
2022 3629 2073 3694 et

475 3703 596 3764 tunc
621 3690 810 3747 videbis
834 3690 1022 3764 ejicere
1048 3690 1298 3764 festucam
1327 3691 1391 3744 de
1412 3692 1560 3764 oculo
1588 3690 1770 3764 fratris
1800 3691 1891 3745 tui.
1927 3690 2005 3746 Ac
2025 3690 2073 3746 si

476 3762 688 3817 dicatur
730 3759 898 3818 menii
921 3759 1117 3832 iniqua:
1142 3762 1367 3817 interius
1408 3759 1635 3822 dolenti,
1655 3769 1722 3832 et
1742 3769 1985 3832 sanctam
2010 3776 2072 3817 se

475 3833 719 3903 exterius
753 3848 851 3902 per
901 3830 1217 3903 patientiam
1273 3831 1666 3903 demonstranti
1691 3830 1905 3903 :‘Prius
1944 3847 1975 3885 a
2012 3840 2074 3903 _te

478 3902 681 3981 molem
710 3899 929 3981 manus
954 3911 1171 3981 excute,
1213 3909 1426 3981 et_tnnc
1451 3899 1681 3981 aliosde
1720 3899 2072 3981 impatientia:

475 3973 699 4029 levitate
739 3973 1074 4043 reprehende
1099 4016 1115 4040 ,
1157 3969 1232 4027 ne
1257 3971 1400 4043 dum
1418 3985 1529 4043 non
1563 3969 1748 4025 studes
1775 3969 2072 4043 simulatio-

386 4090 427 4107 ,.
473 4059 602 4100 nem
663 4040 906 4115 vincere,
958 4043 1114 4116 pejus
1178 4042 1250 4099 sit
1307 4041 1405 4098 tibi
1462 4040 1640 4098 aliena
1710 4054 1875 4112 prava
1926 4040 2070 4098 tole-

474 4130 622 4172 rare.

473 4206 606 4264 CAP.
651 4206 860 4264 XXVII.
888 4239 960 4252 -—
997 4208 1086 4263 Ita
1121 4206 1381 4280 gaudium
1409 4204 1507 4259 erit
1532 4204 1590 4257 in
1632 4202 1759 4258 calo
1790 4218 1945 4274 super
1967 4218 2072 4260 uno

543 4288 812 4351 peccatore
862 4279 1219 4351 paenitentiam
1264 4285 1667 4351 agente,‘_quam
1705 4290 1861 4346 super
1902 4290 2072 4331 nona-

546 4345 694 4420 ginta
732 4345 909 4404 novem
930 4350 1094 4420 justis
1118 4349 1270 4420 (Luc.
1300 4345 1395 4413 ἰν,
1423 4345 1537 4417 10).

546 4441 764 4514 (Regni.
796 4450 1003 4514 pastor.
1047 4449 1188 4514 part.
1224 4457 1303 4505 ni,
1333 4455 1451 4511 cap.
1484 4438 1602 4514 28.)
1642 4438 1798 4510 Stepe
1824 4439 2070 4495 nonnulli

477 4511 861 4569 ad'Dominu'm
891 4520 1014 4582 post
1035 4511 1214 4567 carnis
1233 4519 1456 4581 peccata
1485 4511 1800 4575 redeuntes,
1828 4518 1982 4565 tanto
2010 4526 2071 4566 se

476 4584 753 4640 ardentius
791 4584 847 4638 in
874 4581 1033 4639 bonis
1059 4583 1315 4650 operibus
1356 4582 1636 4647 exhibent,
1682 4590 1886 4650 quanto
1912 4581 2069 4635 dam-

476 4655 771 4711 nabiliores
797 4669 858 4709 se
904 4653 973 4709 de
1000 4652 1155 4708 malis
1203 4651 1419 4719 vident;
1451 4660 1507 4707 et
1535 4665 1680 4720 Stepe
1719 4650 1961 4704 nonnulli
2011 4652 2064 4705 in

474 4726 655 4782 carnis
684 4724 993 4793 integritate
1021 4722 1396 4793 perdurantes,
1436 4721 1786 4793 comminus
1805 4735 1864 4775 se
1891 4722 2063 4791 respi-

476 4797 628 4851 ciunt
663 4789 866 4850 habere
885 4789 1039 4864 quod"
1058 4790 1309 4856 deﬂeant,
1341 4792 1502 4864 plene
1542 4790 1642 4846 sibi
1667 4789 1918 4864 sufﬁcere
1940 4789 2064 4864 vita:

473 4883 583 4922 suae
603 4861 965 4921 innocentiam
984 4871 1194 4936 putant,
1217 4874 1271 4920 et
1289 4861 1358 4917 ad
1378 4863 1646 4936 legerent
1666 4862 1884 4936 spiritus
1904 4861 2061 4916 nullis

474 4951 535 4992 se
559 4937 767 4992 ardoris
788 4930 1018 4991 stimulis
1042 4934 1397 4988 inﬂammant.
1424 4932 1490 4987 Et
1518 4930 1577 4987 ﬁt
1602 4930 1715 4988 Deo
1747 4932 2063 5003 plerumque

474 5008 682 5076 gratior
721 5021 908 5061 amore
934 5006 1129 5060 ardens
1155 5005 1265 5059 vita
1276 5011 1416 5076 post
1444 5004 1680 5073 culpam,
1702 5018 1868 5076 quam
1907 5017 2064 5076 secn-

475 5070 636 5134 ritate
662 5087 883 5147 torpens
909 5076 1240 5131 innocentia.
1274 5070 1429 5147 Unde
1453 5082 1510 5129 et
1536 5070 1885 5147 vocejudicis
1917 5070 2060 5147 _dici-

476 5158 565 5204 tur
586 5142 967 5203 :Remittuntur
984 5147 1029 5200 ei
1050 5155 1258 5216 peccata
1277 5144 1461 5211 multa,
1476 5147 1598 5212 quia
1617 5142 1799 5216 dilexit
1822 5142 2056 5195 multum.

475 5218 581 5275 Et:
612 5217 873 5274 Gaudium
911 5218 1010 5271 erit
1036 5215 1091 5271 in
1116 5215 1240 5270 caelo
1270 5231 1422 5282 super
1458 5231 1562 5268 uno
1587 5215 1880 5282 pomitente,
1909 5228 2063 5283 quam

477 5306 630 5359 super
672 5290 957 5359 nonaginta
1006 5302 1207 5359 novem,
1223 5286 1418 5359 jugtis,
1452 5284 1631 5359 quibus
1659 5299 1763 5359 non
1812 5292 1890 5359 est
1934 5298 2063 5350 aput

476 5353 777 5429 plenitentia
813 5353 968 5429 (Luc.
1000 5374 1094 5423 vn,
1125 5353 1240 5426 47):
1267 5355 1608 5429 Quodcitius
1638 5358 1693 5408 et
1721 5369 1787 5408 ex
1818 5353 2062 5429 ipso-nso

478 5422 803 5501 colligimus,
823 5422 873 5484 si
902 5437 1114 5501 nostra
1133 5422 1330 5482 mentis
1354 5425 1558 5495 judicia
1584 5422 1891 5501 pensemus.
1935 5422 2062 5501 Plus

479 5495 714 5569 namque
740 5495 940 5555 terram
968 5498 1263 5569 diligimus,
1304 5510 1424 5567 quae
1460 5495 1795 5569 post’spinas
1834 5500 2061 5569 exarata

480 5562 688 5640 {ructus
708 5569 902 5625 uberes
930 5562 1197 5640 producit,
1227 5562 1389 5637 quam
1416 5562 1545 5640 qua;
1574 5562 1747 5621 nullas
1766 5564 1949 5634 spinas
1969 5562 2067 5640 ha-

478 5638 659 5696 buerit
686 5678 702 5706 ,
751 5641 847 5695 sed
892 5634 1074 5697 tamen
1126 5634 1339 5696 exculta
1398 5634 1639 5694 sierilem
1685 5644 1925 5706 segetem
1986 5634 2069 5705 gi-

480 5709 617 5780 gnit.
1476 5716 1499 5739 ο

482 5802 617 5860 CAP.
644 5800 879 5858 XXVIII.
901 5828 972 5842 ——
999 5801 1303 5856 Convocatis
1332 5801 1586 5857 Dominus
1616 5798 1882 5855 duodecim
1914 5814 2068 5869 apos-

558 5874 715 5946 tolis,
731 5873 877 5931 dedit
911 5871 1019 5929 illis
1042 5872 1280 5928 virtutem
1306 5880 1355 5931 et
1377 5880 1682 5944 potestatem
1709 5886 1862 5940 super
1886 5871 2064 5929 omnia

2096 4620 2146 4682 D

2254 538 2542 669 prwilfcare
2570 552 2785 608 regnum

2254 622 2328 669 lx,
2423 645 2438 661 .

2253 622 2328 670 IX,
2363 622 2438 669 ι).

2244 695 2467 773 (Ilomilt
2488 696 2543 765 4,
2572 697 2624 755 in
2645 697 2877 773 _Ijlvang.,
2900 716 2955 756 ιι.
2972 700 3051 771 5.)
3066 700 3338 773 Concessa
3360 711 3487 758 sunt
3503 712 3565 759 et
3580 703 3774 773 adjun-

2182 773 2266 843 cta
2297 768 2498 843 sanctis
2519 768 2958 843 praedicatoribus
2993 768 3279 829 a'Domino
3308 774 3594 843 miracula,
3625 768 3686 829 ut
3710 777 3773 828 ti-

2181 836 2304 919 dem
2343 836 2535 895 verbis
2568 840 2723 919 daret
2763 842 3200 919 virtus__ostensa,
3243 853 3301 919 et
3344 860 3484 899 nova
3516 836 3771 919 tacerent

2181 910 2275 976 qui
2318 924 2458 964 nova
2498 910 2871 983 praedicarent.
2914 913 3165 969 Florente
3186 910 3333 970 enim
3365 916 3596 983 mundo,
3629 932 3773 971 ores»

2181 986 2342 1034 cente
2368 994 2569 1049 genere
2598 981 2857 1050 humano,
2887 984 2978 1041 diu
3007 985 3062 1039 in
3093 984 3192 1040 hac
3215 985 3323 1041 vita
3364 1001 3531 1040 carne
3573 981 3775 1041 subsis-

2179 1057 2359 1123 tente,
2386 1065 2565 1107 rerum
2593 1054 2873 1123 opulentia
2920 1056 3277 1123 exuberante,
3311 1056 3432 1123 quis
3457 1071 3588 1111 cum
3619 1056 3775 1112 andi-

2179 1120 2453 1194 retaliam
2481 1136 2601 1194 esse
2626 1115 2814 1190 vitam,
2855 1124 3148 1181 crederet?
3171 1115 3293 1194 quis
3320 1115 3617 1181 invisibilia
3650 1128 3774 1183 risi-

2178 1187 2379 1272 bilibus
2437 1191 2757 1272 prnt'ernet?
2799 1187 2920 1250 'Sed
2990 1194 3056 1249 ad
3103 1187 3344 1272 salutem
3417 1196 3777 1272 redeuntibus

2181 1260 2452 1340 inlirtnisf
2480 1261 2550 1317 ad
2602 1263 2769 1340 vitam
2793 1267 3220 1340 _resurgeutibus
3268 1267 3535 1340 mortuis,
3600 1269 3778 1340 carnis

2179 1332 2497 1413 munditiam
2527 1332 3419 1413 recipientibusléprosis,_ereptis
3457 1353 3489 1391 a
3510 1332 3777 1413 jnre__spi-

2180 1404 2378 1457 rituum
2438 1404 2833 1461 immundorum
2893 1404 3239 1462 dmtiioniacis
3270 1404 3414 1472 ,ἰοι
3472 1404 3775 1463 visibilibus

2179 1473 2455 1552 miraculis
2479 1476 2707 1552 exactis,
2737 1477 2865 1552 quis
2888 1492 2996 1532 non
3025 1476 3277 1552 crederet
3301 1478 3448 1552 quod
3473 1479 3545 1533 de
3575 1478 3775 1552 invisi-

2180 1542 2379 1599 bilibus
2424 1542 2804 1618 audiretidA'd
2850 1547 2955 1603 hoc
2992 1549 3191 1618 quippe
3229 1542 3462 1618 visibilia
3509 1548 3775 1603 miracula

2179 1625 2471 1670 coruscant
2498 1626 2557 1671 ut
2582 1616 2744 1672 corda
2775 1616 3108 1674 audientium
3128 1616 3201 1673 ad
3234 1617 3390 1673 ﬁdem
3422 1619 3775 1674 invisibilinm

2182 1688 2543 1806 pertrahunt;
2574 1695 2634 1742 ut
2682 1703 2781 1759 per
2816 1689 2921 1744 hoc
2963 1689 3110 1771 quod
3157 1690 3352 1772 mirum
3390 1689 3530 1745 foris
3574 1690 3767 1769 agitur,

2223 1770 2289 1806 oc
2316 1757 2459 1806 auod
2501 1766 2644 1806 Intus
2688 1766 2770 1806 est
2810 1759 2971 1806 lanae
2996 1759 3293 1806 nnralnlms
3317 1775 3439 1806 esse
3484 1769 3767 1806 sentiatur-

2223 1757 2459 1829 _oc_quod
2500 1758 2644 1813 intus
2684 1757 2770 1814 est
2810 1757 3293 1829 longe’tnirabilins
3317 1775 3439 1815 esse
3484 1762 3769 1815 sentiatur.

2184 1821 2349 1881 Undc'
2390 1844 2532 1883 nunc
2559 1821 2932 1899 quoqueicunl
2970 1828 3202 1883 ﬁdelium
3236 1830 3603 1885 numerositas
3631 1830 3769 1884 intra

2180 1905 2424 1970 sanctam
2474 1898 2713 1953 excrevit
2756 1898 3068 1965 Ecclesiam,
3101 1900 3257 1954 multi
3304 1909 3432 1955 sunt
3460 1902 3559 1970 qui
3608 1901 3773 1954 vitam

2179 1965 2438 2038 virtutum
2483 1979 2687 2026 tenent.
2736 1971 2831 2025 sed
2879 1971 3029 2038 signa
3078 1970 3338 2024 virtutum
3389 1965 3501 2027 non
3551 1971 3773 2034 habent,

2179 2037 2307 2115 quia
2338 2038 2873 2115 miraculuunfrnstra
2904 2037 3032 2094 feris
3053 2040 3357 2115 ostenditur
3375 2042 3422 2115 si
3454 2043 3617 2096 deest
3636 2040 3777 2110 quod

2180 2109 2325 2181 intus
2354 2122 2626 2177 operetur.
2656 2109 2786 2163 Nam
2814 2110 2965 2178 juxta
2996 2111 3237 2178 magistri
3265 2114 3506 2181 gentium
3538 2109 3772 2166 vocem:

2180 2174 2406 2252 Lingua!
2428 2182 2483 2233 in
2521 2181 2737 2252 signum
2762 2174 2883 2234 su'nt
2923 2197 3027 2235 non
3054 2174 3313 2251 ﬁdelibut,
3340 2184 3434 2236 sed
3476 2183 3775 2252 inﬁdelibus

2204 2246 2237 2333 l
2266 2246 2385 2303 Cor.
2418 2264 2525 2331 xiv,
2548 2246 2847 2333 ‘22).-Un_de
2875 2246 3365 2333 ident‘prndii-ator
3383 2246 3774 2333 egregiuslt>

2202 2321 2331 2373 item
2362 2321 2602 2391 veniens,
2628 2330 2689 2391 _et
2728 2321 2939 2390 plenam
2960 2321 3265 2391 inlidelibus
3308 2321 3544 2377 insulam
3574 2325 3772 2391 sciens,

2179 2398 2388 2462 patrem
2416 2388 2586 2462 Publii
2610 2388 2916 2461 dysenteria
2947 2390 3293 2462 febribnsqne
3321 2404 3587 2447 vexatum
3618 2388 3773 2449 orati;

2179 2460 2251 2515 do
2278 2462 2488 2534 sanajit
2506 2460 2870 2534 (Acbxxvni),
2890 2470 3178 2534 etsanctm
3202 2460 3615 2534 prmdicatiouis
3636 2465 3775 2534 adju-

2180 2538 2355 2584 torem
2398 2529 2740 2587 Timotheum
2770 2529 2839 2587 ex
2891 2529 3218 2588 inﬁrmitate
3258 2533 3534 2589 stomachi
3577 2529 3771 2590 lasses-

2178 2608 2393 2656 ceutem
2423 2618 2529 2656 non
2561 2605 2727 2657 verbo
2756 2612 2928 2667 curat,
2953 2603 3051 2658 sed
3082 2603 3385 2659 medicinali
3419 2613 3544 2659 arte
3574 2606 3773 2660 mederi

2176 2681 2355 2742 parat,
2387 2672 2573 2727 dicens
2598 2692 2609 2727 :
2641 2673 2847 2729 Modico
2871 2675 2989 2728 vino
3014 2682 3156 2728 utere
3174 2684 3394 2798 propter
3421 2675 3772 2756 stomachum,

2178 2750 2228 2795 et
2277 2745 2563 2798 frequentes
2609 2752 2724 2798 tuas
2776 2746 3109 2798 infirmitates
3148 2748 3164 2798 l
3236 2745 3370 2798 Tim.
3420 2761 3476 2798 v.
3509 2744 3628 2798 251.
3676 2747 3768 2798 Om

2178 2750 2228 2795 et
2276 2745 2563 2814 frequentes
2609 2752 2724 2798 tuas
2776 2746 3109 2814 infirmitates
3148 2744 3204 2813 (1
3236 2744 3370 2800 Tim.
3420 2761 3476 2811 γ,
3509 2744 3628 2814 25).
3676 2747 3768 2810 Qui

2178 2826 2308 2881 ergo
2339 2812 2611 2885 infirmum
2641 2812 2909 2871 inlidelem
2940 2830 3045 2870 una
3068 2812 3233 2885 prece
3255 2818 3457 2881 salvat,
3487 2812 3769 2883 curatam-

2178 2890 2293 2953 tum
2323 2884 2531 2939 socium
2577 2900 2737 2953 prece
2779 2901 2889 2941 non
2938 2884 3175 2941 liberat?
3204 2884 3341 2952 Quia
3384 2886 3649 2940 nimirum
3685 2887 3771 2941 ille

2177 2951 2311 3009 loris
2340 2970 2436 3023 per
2464 2951 2779 3011 miraculum
2806 2956 3077 3011 sanandus
3099 2951 3333 3026 eratqui
3362 2956 3523 3011 vivus
3546 2956 3771 3012 interius

2178 3039 2288 3097 non
2319 3034 2455 3097 erat,
2490 3034 2547 3079 ut
2586 3041 2683 3096 per
2722 3026 2828 3081 hoc
2856 3027 3002 3097 quod
3042 3027 3281 3083 exterior
3312 3035 3559 3096 potestas
3588 3038 3771 3083 osten-

2178 3094 2351 3159 deret,
2412 3095 2555 3151 hunc
2587 3094 2674 3150 'ad
2728 3094 2894 3152 vitam
2949 3098 3180 3153 interior
3228 3094 3400 3153 virtus
3459 3097 3769 3164 animaret;

2176 3166 2457 3237 mgrotanti
2488 3174 2667 3221 autem
2698 3166 2841 3223 ﬁdeli
2884 3168 3034 3223 socio
3062 3167 3214 3237 signa
3244 3167 3376 3224 loris
3412 3182 3522 3224 non
3552 3166 3771 3225 fuerant

2175 3235 2477 3291 exhibenda
2506 3238 2599 3307 qui
2622 3237 2906 3293 salubriter
2934 3238 3079 3296 intus
3098 3235 3334 3296 vivebat.

2174 3346 2307 3406 CAP.
2346 3347 2538 3406 XXIX.
2565 3377 2637 3390 —
2672 3348 2862 3422 Vulpes
2887 3353 3060 3422 foveas
3089 3352 3303 3422 habent,
3327 3361 3373 3408 et
3393 3340 3759 3413 κιαι-τεὸωὸ

2674 3421 2827 3476 nidus
2854 3421 3007 3493 (Luc.
3036 3439 3115 3491 tx,
3142 3422 3256 3496 58).

2250 3515 2329 3599 (In
2354 3515 2585 3599 exposit.
2617 3516 2683 3599 Βἶ
2708 3515 2958 3599 Job,_lib_.
2989 3534 3099 3585 xix,
3114 3533 3282 3599 lium.
3310 3516 3391 3587 ἓ.)
3418 3516 3651 3599 quidam
3678 3518 3770 3599 dto

2176 3586 2274 3642 viti
2298 3586 2531 3657 superba
2569 3588 2799 3660 sapienti
2828 3587 3027 3671 dicitur
3051 3588 3345 3672 a.Domino
3451 3587 3643 3659 Vulpes
3682 3592 3769 3713 fo-

2176 3674 2295 3712 veas
2324 3657 2531 3713 habent.
2562 3668 2611 3711 et
2640 3660 2866 3713 volucres
2907 3659 3018 3713 coal:
3049 3660 3200 3713 nidos
3222 3676 3240 3713 :
3269 3656 3443 3712 Filius
3482 3671 3657 3713 autem
3716 3677 3768 3713 o-

2175 3674 2295 3712 veas
2324 3656 2531 3722 habent,
2562 3668 2611 3711 et
2635 3656 2866 3714 volucres
2907 3659 3019 3713 caali
3049 3660 3200 3713 nidos
3222 3676 3240 3713 :
3269 3656 3443 3712 Filius
3482 3656 3657 3713 autem
3682 3656 3768 3715 he-

2177 3731 2330 3801 minis
2353 3746 2457 3801 non
2482 3728 2632 3782 habet
2654 3730 2737 3784 ubi
2762 3740 2916 3800 caput
2945 3746 3093 3783 suum
3121 3730 3349 3801 reclinet.
3380 3728 3587 3801 Vulpes
3615 3730 3767 3788 valde

2179 3799 2522 3872 fraudulenta
2549 3810 2676 3872 sunt
2720 3799 2975 3872 animalia
3003 3816 3123 3869 qua:
3170 3801 3225 3855 in
3272 3799 3433 3872 fossis
3460 3799 3547 3854 vel
3578 3816 3767 3872 specu-

2178 3870 2277 3925 bus
2320 3870 2759 3942 seahscondunt.
2801 3870 3045 3939 Cumque
3088 3871 3458 3942 apparuerint,
3492 3870 3765 3942 nunquam

2179 3943 2341 3996 rectis
2384 3941 2689 4008 itineribus,
2718 3942 2811 3997 sed
2853 3941 3473 3997 tortuosis'anlractibus
3500 3941 3764 4008 currunt;

2177 4012 2427 4068 volucres
2458 4027 2609 4082 vero,
2642 4024 2700 4069 ut
2739 4013 3005 4077 novimus,
3040 4012 3151 4068 alto
3198 4012 3381 4067 volatu
3438 4027 3501 4067 se
3545 4014 3602 4082 in
3643 4028 3761 4070 aera

2177 4084 2480 4138 sublevant.
2527 4084 2750 4141 Nomine
2791 4099 2920 4139 vero
2961 4083 3199 4153 vulpium
3229 4082 3418 4137 dolosa
3450 4090 3508 4136 et
3547 4081 3761 4138 fraudu-

2178 4152 2346 4223 lenta,
2392 4155 2606 4209 nomine
2652 4170 2781 4211 vero
2814 4152 3089 4208 volucrum
3138 4155 3254 4209 hinc
3297 4153 3486 4223 eadem
3537 4153 3757 4221 superba

2177 4222 2524 4293 designantur
2552 4225 2854 4293 dmmonia;
2886 4240 2949 4279 ac
2996 4224 3039 4278 si
3084 4223 3267 4278 dicat:
3314 4222 3683 4278 Fraudulenta
3711 4233 3758 4279 et

2178 4268 2326 4350 elata3
2348 4296 2411 4350 du
2432 4268 2883 4352 ilioniauilivcorde
2911 4303 3113 4362 vestro,
3148 4294 3198 4348 id
3229 4302 3313 4348 est
3343 4293 3392 4347 in
3435 4294 3759 4362 cogitatione

2178 4367 2440 4435 superbia:
2467 4368 2743 4422 inveniunt
2762 4366 3149 4435 habitationem
3177 4380 3328 4419 suam
3356 4381 3368 4416 :
3394 4363 3568 4418 Filius
3588 4374 3760 4418 autem

2177 4434 2411 4491 hominis
2441 4439 2528 4492 ubi
2573 4446 2735 4508 caput
2777 4453 2933 4493 suum
2962 4434 3186 4508 reclinet
3223 4449 3334 4489 non
3377 4434 3569 4499 habet,
3604 4436 3656 4487 id
3686 4442 3759 4488 est

2180 4508 2595 4579 huinilitasimea
2622 4507 2861 4579 requiem
2893 4508 2945 4561 in
2976 4507 3203 4579 superba
3236 4513 3419 4579 mente
3449 4516 3630 4579 vestra
3658 4520 3759 4579 nou

2181 4576 2405 4632 invenit.
2440 4578 2600 4645 Quasi
2632 4580 2685 4633 in
2703 4576 2950 4647 quodam
2979 4576 3167 4631 volatu
3192 4576 3428 4647 volucris
3475 4576 3759 4647 illaprinia

2172 4662 2233 4703 se
2271 4643 2615 4717 cxtulithnm
2662 4643 2759 4716 per
2809 4649 3005 4702 elatam
3051 4646 3439 4715 cogitationem
3471 4645 3650 4717 dixit:
3698 4643 3759 4699 in

2168 4718 2349 4772 caelum
2379 4716 2720 4772 conscendam
2746 4759 2762 4785 ,
2802 4734 2955 4788 super
2983 4727 3128 4788 astra
3159 4716 3273 4770 caeli
3300 4716 3549 4788 exaltabo
3579 4718 3760 4770 solum

2166 4806 2333 4844 meum
2357 4806 2374 4842 :
2406 4790 2684 4843 ascendam
2708 4786 3209 4857 super'altitudinem
3235 4786 3467 4852 nubium,
3496 4797 3549 4839 et
3579 4787 3760 4840 similis

2166 4876 2253 4914 ero
2293 4860 2553 4913 ditissima
2578 4858 2711 4929 (Isa.
2744 4856 2852 4921 xiv,
2888 4858 2999 4929 15).
3029 4856 3169 4929 Ecce
3196 4870 3357 4925 quam
3387 4856 3496 4929 alta
3518 4860 3760 4929 superbe

2164 4931 2401 4986 volando
2431 4926 2604 5001 petiit,
2630 4944 2791 5001 quem
2823 4928 2988 5001 etiam
3011 4928 3252 5001 volatnin
3284 4934 3340 4979 et
3366 4926 3562 5001 primis
3585 4926 3761 4980 homi-

2167 5002 2324 5071 nibus
2351 4994 2779 5071 persuasitflpsi
2810 4999 3009 5071 quippe
3036 4994 3272 5071 volando
3300 4994 3457 5063 quasi
3495 5012 3667 5065 super
3705 5013 3761 5052 se

2169 5070 2249 5126 ire
2271 5067 2450 5126 conati
2478 5078 2625 5137 sunt,
2652 5067 2868 5139 quando
2905 5068 2982 5123 eis
3023 5067 3227 5139 dictum
3257 5075 3341 5139 est
3370 5074 3433 5119 ιιι
3476 5077 3759 5134 gustarem

2169 5150 2223 5197 et
2248 5149 2430 5196 essent
2456 5141 2597 5194 sicut
2611 5134 2718 5195 'di'l.
2749 5138 2991 5209 Cumque
3020 5134 3436 5209 similitudinem
3460 5139 3759 5193 divinitatis

2168 5213 2530 5282 appetiernnt,
2557 5205 2977 5282 immortalitatis
3003 5222 3225 5282 munera
3250 5205 3635 5275 perdiderunt.
3659 5209 3757 5282 Qui

2166 5277 2221 5337 iii
2242 5277 2449 5337 terram
2479 5279 2758 5336 moriendo
2778 5295 2887 5335 non
2916 5279 3122 5345 iissent,
3154 5277 3200 5333 si
3227 5291 3392 5349 super
3421 5285 3630 5334 terram
3662 5281 3749 5335 hu-

2166 5354 2363 5409 militer
2391 5361 2538 5408 stare
2564 5352 2884 5408 voluissent.

2165 5464 2295 5525 Car.
2325 5461 2491 5520 XXX.
2519 5493 2591 5507 -—-
2618 5463 2843 5605 Sinedn
2862 5459 3347 5604 morxtui6aqpeliant
3385 5470 3621 5520 mortuos
3642 5477 3753 5519 suos

2827 5550 2959 5590 no.1
3002 5574 3017 5601 ,
3148 5573 3165 5601 .

2827 5550 2909 5588 uc.
2942 5550 3017 5601 lx,
3050 5550 3165 5601 oo).

2881 537 2953 605 ei,
2999 546 3049 593 et
3076 539 3308 611 inﬁmos
3353 556 3541 598 curare
3594 542 3771 619 (ιιι.

2237 5650 2318 5723 (In
2348 5650 2581 5723 exposit.
2613 5650 2675 5707 Β.
2727 5648 2851 5718 Job,
2874 5649 2973 5723 lib.
3021 5665 3096 5716 tv,
3145 5649 3397 5719 sparsim,
3429 5664 3461 5703 a
3492 5667 3553 5705 ιι.
3585 5650 3656 5704 «t9
3688 5649 3750 5723 ad

2167 5721 2317 5781 num.
2348 5721 2463 5793 53.)
2489 5723 2735 5789 Quatuor
2762 5722 2937 5793 modis
2962 5728 3241 5793 peccatum
3262 5721 3748 5793 consummantia

2168 5809 2354 5867 opere.
2381 5788 2533 5871 Prius
2555 5808 2786 5863 namque
2812 5788 2988 5871 latens
3011 5790 3169 5871 culpa
3191 5788 3390 5871 agitur,
3409 5790 3748 5871 postntodum

2167 5860 2300 5926 vero
2328 5864 2491 5924 etiam
2541 5872 2669 5924 ante
2697 5860 2900 5923 oculos
2943 5860 3221 5923 hominum
3267 5860 3388 5922 sine
3418 5860 3749 5923 ’coat‘usioue
