3996 6346
267 346 412 417 1109

900 342 1129 405 ALULF
1133 343 1154 403 1
1191 339 1552 401 EXPOSI'I'IO
1587 338 1748 399 NOVI
1784 339 1986 400 'I‘ES'I‘.
2022 372 2094 389 -
2132 344 2283 406 SUP.
2326 345 2581 408 EVANG.
2619 348 2771 409 SEC.
2810 349 2967 412 LUC.

3393 347 3531 415 121(

267 478 454 530 reatus
476 442 735 542 aperitur,
763 465 969 539 deliine
985 474 1043 542 et
1070 467 1591 542 inconsuetudin‘em
1617 466 1849 542 ducitur,
1878 468 1931 530 Α
1957 473 2115 542 tenus
2142 467 2507 542 reﬂectantur.
2541 469 2661 536 Quo
2714 478 2903 542 contra
2942 471 3011 526 de
3039 469 3281 542 reprobis
3308 471 3534 532 dicitur;

268 543 338 598 ad
364 534 667 598 extremum
696 553 933 609 quoque,
960 534 1048 611 vel
1076 538 1221 595 falsa:
1244 538 1381 611 spei
1418 538 1851 611 seductionibus,

268 613 354 669 vel
375 608 737 669 obsunatione
764 611 970 665 misera:
991 608 1378 678 desperationis
1401 608 1690 664 enutritur.
1717 608 1851 663 Cum

266 692 449 740 autem
481 682 639 750 culpa
669 682 722 735 in
752 696 907 736 usum
922 680 1154 747 venerit,
1179 681 1226 735 ei
1244 680 1358 750 jam
1385 680 1617 747 animus,
1640 680 1853 734 etiamsi

266 760 511 824 appetat,
556 750 788 824 debilius
838 750 1062 824 resistit,
1109 752 1233 820 quia
1263 758 1397 824 quot
1424 750 1628 824 vicibus
1670 765 1853 824 prava;

265 820 720 893 frequentationis
772 822 1102 893 asiringitur,
1159 822 1313 891 quasi
1360 828 1443 877 tot
1504 820 1733 893 vinculis
1783 821 1852 876 ad

264 890 505 951 mentem
559 891 774 961 ligatur.
836 891 986 946 Unde
1018 890 1077 947 lit
1122 890 1185 947 ut
1215 906 1337 948 cum
1377 891 1589 947 enervis
1642 891 1853 947 animus

263 966 401 1021 solvi
432 980 539 1019 non
566 963 729 1030 valet,
760 962 828 1017 ad
852 961 1095 1032 quaedam
1118 978 1177 1017 se
1205 963 1399 1017 solatia
1426 962 1574 1017 falsae
1600 962 1853 1017 consola-

230 1078 240 1095 .
265 1035 430 1091 tionis
460 1035 702 1097 inclinet,
732 1042 997 1101 quatenus
1019 1041 1302 1088 venturum
1322 1033 1558 1101 judicem
1586 1040 1747 1087 tantae
1776 1034 1853 1088 si-

263 1107 317 1185 bi
351 1104 736 1185 misericordia:
763 1103 1046 1185 spondeat.
1072 1113 1131 1158 ut
1149 1118 1256 1185 eos.
1269 1105 1433 1185 etiam
1455 1118 1592 1185 quos
1620 1118 1851 1185 arguen-

263 1176 366 1231 dos
414 1174 681 1245 invenerit
726 1174 942 1245 penitus
972 1190 1079 1229 non
1108 1174 1319 1245 occidat
1347 1192 1362 1240 ;
1404 1174 1487 1245 cui
1519 1174 1594 1228 rei
1626 1174 1730 1229 hoc
1759 1174 1855 1229 de~

262 1248 432 1301 terius
485 1244 681 1301 accidit
722 1244 869 1314 Quod
925 1245 975 1299 ei
1029 1244 1320 1299 multorum
1368 1244 1617 1299 similium
1670 1245 1849 1312 lingua

261 1318 553 1382 consentit,
577 1331 701 1371 cum
726 1316 888 1370 etiam
913 1316 1054 1370 male
1073 1323 1221 1383 gesta
1240 1316 1483 1370 laudibus
1505 1322 1848 1382 exaggerant,

260 1387 400 1443 sicut
431 1401 528 1456 per
560 1386 894 1440 l’salmistam
916 1385 1146 1440 dicitur:
1178 1386 1435 1452 Quoniam
1466 1385 1708 1439 laudatur
1733 1401 1852 1455 pec-

261 1468 410 1512 (ator
439 1459 490 1510 in
535 1457 804 1511 desideriis
835 1457 1024 1527 anima:
1050 1473 1159 1510 sua:
1180 1475 1198 1510 :
1228 1466 1278 1510 et
1322 1473 1439 1527 cum
1482 1457 1660 1527 iniqua
1680 1456 1852 1527 egerit

261 1530 489 1599 iniquus,
518 1527 834 1599 benedicitur
859 1526 1033 1599 (P_sal.
1066 1543 1142 1599 ix,
1171 1527 1285 1597 24).
1320 1525 1472 1599 Unde
1498 1525 1851 1599 iit'utinces-

259 1595 445 1652 sauter
474 1605 681 1653 crescat
708 1596 865 1666 culpa
908 1595 1183 1652 favoribus
1213 1595 1435 1652 nutrita.
1486 1595 1674 1651 Curari
1723 1611 1849 1651 vero

262 1669 452 1737 vulnus
482 1667 770 1737 negligitur
811 1666 957 1735 quod
994 1666 1215 1735 dignum
1244 1668 1464 1735 przemio
1496 1666 1669 1737 laudis
1698 1667 1850 1721 vidc-

260 1746 371 1792 tnr.
404 1736 636 1793 Undeet
666 1751 761 1806 per
790 1737 1135 1792 Salomonem
1187 1738 1417 1793 dicitur:
1467 1736 1574 1791 Fili
1608 1737 1699 1802 mi,
1731 1737 1774 1791 si
1805 1746 1852 1791 te

257 1809 566 1880 iactaverint
594 1816 907 1880 peccatores,
933 1824 997 1861 ne
1026 1811 1324 1878 acquiescas
1346 1810 1417 1861 eis
1448 1807 1641 1880 (Prov:
1663 1825 1698 1873 ι,
1735 1806 1845 1880 10).

1960 538 2276 614 Qttia_corde
2302 540 2491 614 reserati
2516 542 2709 614 suntin
2734 541 3043 613 .Egyptum.
3076 538 3139 598 Et
3159 559 3255 612 per
3282 546 3527 614 semetip-

1955 622 2071 663 sam
2105 608 2316 664 Veritas
2340 609 2471 664 dicit
2494 627 2508 664 :
2537 609 2706 666 Nemo
2732 608 2939 667 mittens
2964 608 3176 668 manum
3201 616 3270 667 ad
3309 608 3540 668 aratrum

1954 689 2008 734 et
2036 681 2291 754 aspiciens
2316 689 2471 754 retro,
2517 691 2669 751 aptus
2694 691 2771 736 est
2796 699 2953 754 regno
2983 681 3104 737 Dei.
3135 682 3349 738 Manum
3379 687 3541 754 quip-

1956 765 2026 821 pe
2053 751 2105 805 in
2128 759 2371 824 aratrum
2401 753 2615 807 mittere
2637 762 2720 810 est
2746 751 2899 821 quasi
2938 769 3037 824 per
3063 754 3348 824 quemdam
3388 751 3539 809 com-

1956 822 2262 893 punctionis
2304 836 2579 877 vomerem
2615 824 2680 878 ad
2710 822 3061 893 proterendos
3082 822 3301 880 'l'ructus
3336 830 3542 879 terram

1956 892 2044 966 sui
2066 892 2248 947 cordis
2296 893 2543 966 aperire;
2588 894 2687 966 sed
2714 892 3043 966 retropost
3071 902 3310 950 aratrum
3351 896 3544 966 aspicit

1955 962 2047 1037 qui
2074 971 2196 1037 post
2224 962 2445 1037 exordia
2468 964 2600 1037 boni
2632 963 2811 1037 operis
2836 964 2906 1037 ad
2924 962 3075 1020 ’mala
3113 962 3542 1037 revertiturqim
3604 1032 3607 1033 ν

1954 1033 2193 1102 reliquit.
2239 1033 2394 1106 Quod
2435 1034 2751 1106 electisWDei
2778 1036 2997 1090 minime
3026 1037 3270 1105 contigit,
3301 1033 3543 1106 quia-ad

1955 1118 2020 1177 ea
2049 1117 2168 1172 qua:
2195 1105 2533 1177 reliquerunt
2560 1105 2708 1159 nullo
2734 1104 2844 1174 jam
2875 1107 3115 1177 appetitu
3145 1104 3460 1177 respiciunt,
3490 1113 3544 1161 et

1955 1173 2008 1228 in
2032 1174 2250 1247 aeternis
2290 1189 2408 1247 quae
2438 1182 2698 1247 appetunt
2727 1190 2837 1229 sum
2861 1173 3054 1231 mentis
3082 1173 3542 1247 contemplatione

1953 1259 2170 1327 semper
2191 1244 2500 1326 intendunt.
2537 1244 2689 1327 Unde
2718 1254 2774 1327 ct
2812 1260 3049 1327 magnus
3093 1248 3183 1327 ille
3212 1244 3539 1327 praidicator

1954 1315 2188 1386 dicebat,
2220 1315 2311 1383 qui
2341 1330 2509 1384 usque
2540 1317 2607 1369 ad
2642 1315 2765 1371 cteli
2807 1315 2953 1371 tertii
2982 1326 3191 1371 secreta
3213 1315 3545 1386 penetrave-

1953 1393 2075 1439 rat:
2114 1384 2285 1439 Unum
2320 1402 2439 1439 vero
2468 1402 2582 1455 qua:
2607 1386 2809 1457 quidem
2836 1396 2977 1441 retro
3002 1397 3122 1441 sunt
3149 1384 3359 1453 oblitus,
3389 1390 3442 1441 in
3483 1401 3545 1441 ea

1953 1472 2068 1527 qua:
2096 1467 2216 1509 sunt
2243 1465 2381 1521 ante,
2423 1457 2705 1528 extendens
2745 1472 2849 1521 me,
2880 1474 3062 1528 sequor
3092 1458 3161 1528 ad
3200 1459 3427 1528 palmam
3459 1474 3546 1510 su-

1954 1526 2130 1596 perna:
2156 1528 2440 1581 vocationis
2470 1526 2693 1597 (Philip.
2728 1543 2805 1594 tu,
2839 1528 2926 1592 15,
2960 1527 3070 1597 11).
3102 1526 3242 1583 Ante
3273 1544 3371 1582 nos
3400 1528 3562 1581 cnim’

1954 1606 2153 1651 {eterna
2203 1608 2349 1660 sunt,
2395 1604 2517 1667 post
2561 1613 2658 1652 nos
2690 1598 3023 1668 temporalia,
3051 1598 3175 1666 quia
3219 1605 3274 1651 et
3304 1600 3391 1651 illa
3423 1612 3544 1666 per-

1953 1677 2143 1735 gentes
2169 1668 2492 1732 invenimus,
2510 1675 2576 1738 et
2606 1669 2706 1722 ista
2734 1668 3054 1723 recedentes
3081 1668 3234 1738 quasi
3264 1675 3389 1737 post
3418 1674 3543 1721 uor-

1953 1753 2072 1792 sum
2102 1738 2473 1806 relinquimus.
2508 1737 2704 1793 Paulus
2734 1738 2913 1808 igitur,
2948 1739 2999 1793 in
3049 1737 3321 1793 anteriora
3351 1748 3544 1792 exten-

1956 1818 2063 1875 tus,
2089 1823 2278 1863 eorum
2309 1823 2426 1875 quae
2452 1816 2598 1863 rctro
2624 1817 2750 1862 sunt
2792 1809 2992 1864 oblitus
3023 1808 3219 1875 fuerat,
3246 1810 3370 1877 quia
3401 1817 3543 1861 tem-

259 1858 816 1950 ii'écEAioié‘sie't'efaijia'
832 1858 1845 1950 salutiferis;verissimi-aiasaas
1882 1858 1927 1917 Β
1954 1858 2174 1950 satis
2196 1858 2817 1949 agggaeieis‘,"s'oig;ias
2830 1858 3542 1948 gestatas;senatus.

257 1948 636 2020 blandimentis
686 1948 941 2020 inierunt,
986 1948 1071 2003 vel
1116 1947 1721 2020 perpetrata’lavoribus
1749 1962 1846 2020 ex;

260 2019 477 2078 tollunt.
508 2019 801 2075 Sciendum
840 2034 1054 2088 quoque
1101 2017 1186 2074 est
1213 2017 1375 2089 quod
1420 2019 1505 2089 illi
1544 2025 1653 2071 tres
1701 2017 1846 2072 modi

256 2091 600 2161 peccantium
626 2089 781 2157 juxta
806 2085 888 2144 sui
908 2085 1458 2161 descensusoi'dincm
1483 2085 1694 2161 facilius
1719 2103 1845 2142 cor—

256 2158 551 2230 i'iguntur;
593 2168 819 2230 quartus
846 2173 975 2214 vero
1032 2160 1133 2215 iste
1182 2159 1452 2214 dillicilius
1487 2158 1842 2230 emendatur.

258 2228 416 2287 Uude
453 2239 511 2286 et
535 2228 875 2301 Redemptor
895 2238 1079 2285 noster
1105 2231 1340 2301 puellam
1370 2230 1423 2301 in
1468 2228 1652 2294 domo,
1692 2228 1847 2301 juve-

256 2316 385 2357 nem
415 2310 567 2356 extra
595 2299 833 2372 portam,
864 2300 918 2355 in
943 2299 1200 2372 sepulcro,
1225 2315 1351 2372 vero
1379 2299 1639 2372 Lazarum
1669 2299 1845 2372 susci-

258 2372 411 2426 tavit.
455 2369 641 2426 Adluic
671 2371 873 2441 quippe
918 2369 1164 2441 mortuus
1188 2371 1239 2425 in
1271 2371 1433 2424 domo
1479 2370 1621 2437 jacet
1667 2369 1759 2439 qui
1790 2370 1844 2424 in

332 2449 487 2497 ccato
515 2441 665 2496 latet.
698 2440 814 2495 Jam
836 2440 989 2511 quasi
1014 2450 1165 2496 extra
1190 2449 1401 2511 portam
1427 2441 1673 2494 educitur
1692 2440 1846 2509 cujus

281 2511 513 2582 niquitas
538 2527 708 2580 usque
736 2511 802 2566 ad
832 2510 1266 2566 inverecundiam
1296 2510 1523 2581 publica:
1567 2518 1847 2582 perpetra-

257 2580 421 2639 tionis
474 2583 730 2652 aperitur.
761 2581 1062 2652 Sepultum
1088 2598 1215 2637 vero
1242 2580 1434 2651 aggere
1464 2580 1734 2652 premitur
1752 2580 1845 2652 qui

256 2654 314 2709 in
361 2649 763 2724 perpetratione
810 2649 1059 2724 nequitia:
1104 2649 1395 2724 etiam’usu
1434 2649 1846 2724 consuetudinis

257 2722 483 2795 pressus
508 2731 777 2795 gravatur.
809 2722 923 2795 Sed
935 2724 1059 2795 Alios
1087 2723 1155 2777 ad
1179 2724 1344 2795 vitam
1373 2722 1847 2795 miseratusrevo-

256 2791 367 2862 cat,
393 2793 866 2863 quiaiplerumque
894 2792 1071 2847 divina
1102 2793 1278 2863 gratia?
1301 2806 1408 2863 non
1451 2791 1627 2846 solum
1666 2791 1721 2844 in
1748 2805 1844 2846 oc-

258 2863 421 2919 cultis
444 2862 561 2918 sed’
584 2862 748 2917 etiam
777 2862 831 2915 in
874 2862 1075 2931 apertis
1115 2862 1488 2931 iniquitatibus
1518 2870 1764 2917 mortuos
1792 2870 1847 2917 et

258 2934 403 2989 mole
449 2948 629 3004 pravae
675 2930 1079 3004 consuetudinis
1115 2930 1331 3002 pressos
1380 2930 1583 2985 lumine
1609 2932 1848 3004 sui_res-

258 3001 750 3076 pectus—illustrat.
782 3001 1043 3067 Quartum
1072 3001 1204 3058 vero
1232 3009 1529 3076 mortuum,
1562 3002 1846 3057 nuntiante

258 3072 547 3143 discipulo,
596 3073 923 3143 Redemptor
970 3081 1155 3128 noster
1201 3072 1465 3141 agnoscit,
1510 3088 1611 3127 nec
1663 3080 1844 3127 tamen

257 3145 501 3211 Suscitat,
532 3144 655 3215 quia
680 3142 834 3215 valde
860 3143 1079 3199 diﬂicile
1098 3152 1179 3215 est
1202 3154 1259 3197 ut
1287 3142 1333 3199 is
1358 3157 1519 3215 quem
1539 3151 1659 3213 post
1688 3158 1843 3215 usum

256 3217 414 3271 make
441 3213 844 3270 consuetudinis
872 3215 1035 3269 etiam
1082 3214 1411 3268 adulantium
1456 3214 1651 3283 lingua:
1698 3213 1845 3269 exci-

256 3288 412 3357 piunt
436 3301 470 3340 a
498 3285 694 3357 mentis
737 3299 846 3340 sua:
873 3294 1051 3341 morte
1095 3293 1401 3357 revocetur,
1449 3284 1518 3340 de
1562 3298 1671 3353 quo
1702 3284 1843 3357 bene

255 3354 485 3431 dicitur:
519 3355 647 3411 Sine
668 3364 743 3431 _ut
768 3358 955 3410 mortui
982 3356 1233 3426 sepeliant
1271 3364 1498 3431 mortuos
1525 3372 1667 3410 suos.
1698 3354 1845 3410 Mor-

259 3428 337 3482 tui
364 3427 509 3481 enim
536 3426 806 3493 sepeliunt
848 3436 1109 3490 mortuos,
1148 3440 1273 3481 cum
1310 3426 1622 3494 peccatores
1650 3440 1845 3494 pecca-

257 3505 441 3552 torum
471 3495 741 3550 favoribus
778 3504 1050 3563 premunt.
1083 3496 1219 3561 Quid
1250 3496 1392 3549 enim
1423 3504 1506 3550 est
1548 3494 1690 3549 aliud
1720 3510 1848 3563 pec-

257 3511 441 3552 torum
471 3511 741 3550 tavormus
815 3511 1050 3551 remum.
1083 3511 1219 3561 quia
1250 3511 1392 3549 enim
1423 3511 1506 3550 est.
1548 3511 1690 3549 auuu
1720 3511 1847 3563 pec-

257 3580 383 3622 care
397 3580 558 3637 quam
586 3511 928 3629 occumbere,
954 3575 1021 3637 et,
1037 3566 1268 3636 sepelire
1288 3580 1450 3633 quam
1477 3564 1847 3637 abscondere?

256 3636 353 3693 sed
382 3635 475 3706 qui
514 3643 824 3706 peccantem
865 3635 1110 3691 laudibus
1139 3644 1557 3706 prosequuntur,
1613 3635 1850 3706 exstinc-

259 3714 372 3762 tum
402 3704 502 3761 sub
527 3704 815 3760 verborum
841 3721 1065 3761 suorum
1094 3718 1291 3776 aggere
1332 3705 1686 3759 abscondunt.
1720 3704 1851 3761 Erat

258 3786 440 3833 autem
471 3784 526 3831 et
553 3776 790 3831 Lazarus
817 3786 1082 3842 mortuus,
1108 3780 1202 3831 sed
1228 3784 1407 3831 tamen
1431 3790 1538 3829 non
1567 3790 1598 3830 a
1622 3777 1850 3832 mortuis

258 3848 528 3919 sepultus.
556 3845 768 3901 Fideles
812 3848 1012 3919 quippe
1041 3847 1202 3919 illum,
1244 3846 1497 3919 mulieres
1552 3846 1850 3919 obruerant

258 3914 378 3989 qua:
405 3925 460 3972 et
481 3916 608 3989 ejus,
629 3914 859 3989 mortem
888 3914 1207 3973 vivilicatori
1236 3917 1577 3989 nuntiabant.
1611 3914 1769 3971 Unde
1798 3926 1854 3989 et

260 3987 509 4060 protinus
546 3988 613 4060 ad
656 3987 829 4060 lucem
859 3989 1039 4060 rediit,
1071 3989 1196 4059 quia
1225 4001 1346 4060 cum
1377 3988 1429 4060 in
1479 3997 1705 4060 peccato
1735 3988 1855 4041 ani-

261 4057 380 4114 iuus
431 4059 678 4121 moritur,
715 4058 875 4113 citius
927 4059 993 4113 ad
1043 4057 1209 4113 vitam
1248 4057 1544 4123 reducitur,
1595 4059 1641 4113 si
1690 4074 1854 4127 super

260 4130 404 4185 lianc
432 4128 677 4183 sollicita:
706 4129 1063 4197 cogitationes
1092 4130 1300 4183 vivunt.
1343 4129 1668 4196 Aliquando,
1711 4130 1853 4183 sicut

258 4201 506 4269 superius
553 4198 753 4271 dictum
796 4208 899 4265 est,
940 4212 1280 4271 nequaquam
1328 4197 1459 4271 falsa
1488 4214 1629 4271 spes
1658 4200 1853 4271 divina:
1886 4258 1901 4267 ,

258 4269 641 4326 misericordias
670 4277 905 4340 mentem
932 4269 1232 4340 peccatoris
1257 4269 1559 4339 intercipit,
1591 4270 1684 4325 sed
1715 4274 1853 4326 lianc

296 4357 358 4395 ro
383 4340 617 4410 peccatis
663 4354 786 4410 qua:
850 4339 977 4396 fecit
1025 4340 1286 4397 factorem
1333 4354 1490 4393 suum
1543 4340 1855 4396 inordinate

279 4411 638 4481 'ormidantem
660 4411 899 4465 deterior
950 4411 1257 4481 desperatio
1285 4411 1522 4481 conligit,
1554 4420 1609 4481 ct
1637 4426 1854 4467 onmem

259 4496 411 4563 spem
436 4478 606 4534 venia:
634 4494 704 4536 ne
730 4480 918 4536 redeat
944 4481 1011 4536 ad
1036 4478 1430 4538 correctionem
1452 4480 1689 4538 funditus
1712 4483 1854 4538 inte-

259 4558 431 4610 1⁵111111.

258 4643 391 4703 CAP.
422 4641 616 4702 XXXI.
649 4673 718 4686 —
750 4643 828 4717 Tit
870 4652 1041 4717 autem
1078 4645 1230 4717 vade,
1266 4655 1316 4699 et
1357 4645 1612 4699 annuntia
1643 4662 1856 4717 regnum
1883 4631 1939 4694 D

780 4714 881 4786 Dei
910 4714 1064 4786 (Luc.
1098 4731 1172 4781 ιι,
1204 4715 1319 4785 60).

336 4786 418 4861 (In
443 4787 677 4861 exposit.
708 4784 929 4861 B._Job,
960 4787 1051 4861 libi.
1088 4803 1200 4861 xix,
1235 4784 1383 4841 num.
1416 4784 1856 4861 42.)_Sciendum

261 4857 367 4925 est,
397 4857 530 4929 quia
549 4858 836 4930 aliquando
861 4857 913 4911 in
936 4858 1241 4930 actionibus
1262 4859 1463 4930 nostris
1486 4858 1692 4930 minora
1715 4858 1856 4930 bona

302 4927 726 4986 rzctérmittetida
748 4935 872 4982 sunt
893 4943 992 4997 pro
1011 4927 1243 4983 utilitate
1270 4928 1557 4997 majorum.
1582 4927 1715 4981 Nam
1737 4927 1859 4997 quis

302 4946 726 4986 mtermtttenua
748 4946 872 4982 ευηι
893 4946 992 4997 pro
1011 4946 1243 4983 utilitate
1270 4946 1557 4997 majorum.
1582 4946 1715 4981 nam
1737 4946 1858 4997 (11118

261 4946 480 5071 fgnoret
508 5000 635 5071 boni
675 4998 999 5071 operiscesse
1041 5006 1312 5071 mortuum
1361 4996 1637 5071 sepelire?
1676 4997 1757 5071 Et
1775 5006 1858 5052 ta-

262 5068 389 5128 men
438 5070 649 5127 cuidam
696 5068 786 5138 qui
817 5068 886 5124 ad
932 5068 1300 5138 sepeliendum
1329 5079 1537 5138 paircm
1565 5068 1759 5123 dimitti
1797 5085 1859 5126 se

264 5150 588 5214 poposcerat
632 5156 663 5196 a
710 5137 937 5196 Domino
977 5137 1181 5194 dictum
1212 5146 1298 5193 est
1323 5137 1341 5192 ἑ
1391 5137 1520 5214 Sine
1574 5148 1629 5192 ut
1671 5143 1858 5214 mortui

266 5208 519 5282 iepeliant
564 5219 791 5282 mortuos
836 5227 997 5267 suos:
1050 5218 1103 5263 tu
1133 5220 1302 5264 autent
1332 5208 1476 5274 vade,
1515 5213 1859 5282 etcannuntia

264 5279 486 5351 regnum
508 5282 626 5336 Dei.
659 5281 1099 5351 Postponendum
1126 5295 1359 5350 namque
1390 5288 1509 5334 erat
1537 5279 1857 5351 obsequium

266 5350 428 5423 hujus
454 5352 734 5407 ministerii
761 5350 940 5407 ollicio
966 5351 1385 5423 praedicationis,
1419 5352 1543 5420 quia
1562 5350 1665 5423 illo
1695 5367 1857 5409 carne

267 5422 514 5480 martuos
538 5424 589 5477 in
615 5430 813 5477 terram
840 5422 1121 5488 conderet,
1151 5422 1255 5478 isto
1277 5430 1459 5479 autem
1488 5422 1667 5477 anima
1709 5437 1856 5479 mor-

268 5502 392 5551 tuos
416 5495 483 5550 ad
512 5495 675 5549 vitam
704 5493 1070 5548 resuscitaret.

266 5584 401 5645 CAP.
426 5582 639 5642 XXXII.
662 5612 732 5626 —-
762 5581 1187 5655 Nemodmittens
1233 5601 1441 5655 manum
1485 5584 1559 5642 ad
1594 5593 1851 5655 aratrum,

790 5662 895 5726 etc.
924 5652 1080 5726 (Luc.
1111 5671 1186 5726 ix,
1214 5653 1328 5726 62).

341 5725 652 5800 (llomjLS,
699 5725 753 5781 in
784 5724 1001 5800 Ezccl'n,
1033 5740 1089 5779 n.
1122 5724 1187 5800 ili
1217 5724 1292 5780 ct
1327 5726 1415 5800 i7,
1449 5724 1535 5800 11,
1592 5726 1645 5800 Ii
1670 5734 1723 5781 et
1772 5725 1852 5798 1.)

270 5796 444 5855 Electi
487 5798 585 5855 Dei
611 5798 690 5854 sic
718 5811 751 5868 a
779 5796 1008 5851 terrenis
1047 5796 1253 5868 actibus
1280 5796 1349 5851 ad
1385 5797 1684 5868 spiritualia
1730 5796 1852 5866 per-

271 5876 576 5942 transeunt,
604 5876 663 5929 ut
690 5867 761 5929 ad
795 5881 859 5928 ea
886 5881 1006 5941 qua:
1041 5867 1375 5943 reliquerunt
1404 5867 1628 5929 ulterius
1674 5868 1852 5929 nulla-

2018 1970 2149 2027 Csp.
2183 1970 2419 2027 XXXIII.
2450 2001 2521 2012 ——-
2570 1971 2638 2026 Et
2686 1974 2823 2045 misit
2874 1974 2991 2029 illos
3022 1974 3168 2029 binos
3197 1982 3318 2028 ante
3348 1975 3536 2045 facient

2484 2062 2630 2116 suam
2660 2044 2809 2116 (Luc.
2840 2061 2895 2112 κ,
2929 2045 3005 2112 1).

2024 2112 2111 2188 (In
2139 2114 2371 2184 exposil.
2430 2114 2491 2188 Β.
2541 2112 2676 2179 Job,‘
2708 2116 2819 2188 lib.‘
2850 2131 3014 2188 xxxv,
3064 2131 3213 2188 num.
3264 2114 3380 2188 41.)
3411 2114 3545 2170 Cum

1991 2185 2333 2240 rmdicatorcs
2379 2186 2445 2239 ad
2493 2186 2917 2241 annnntiandum
2974 2187 3232 2241 Dominus
3283 2185 3543 2252 mitteret,

1989 2255 2107 2309 inos
2146 2256 2358 2311 misisse
2397 2264 2627 2310 testatur
2671 2255 3037 2323 Evangelium,
3077 2272 3198 2311 cum
3232 2256 3406 2312 dicit:
3439 2255 3546 2310 De-

1950 2326 2173 2397 signavit
2227 2325 2692 2397 Dominus_.lesns
2747 2330 3076 2397 septuaginta
3128 2329 3256 2381 duos
3316 2328 3545 2396 discipu-

1951 2394 2029 2468 los
2056 2412 2073 2449 :
2105 2405 2153 2449 et
2182 2397 2319 2449 misit
2345 2398 2462 2451 illos
2494 2394 2638 2450 binos
2669 2394 2811 2450 ante'
2829 2394 3015 2468 {aciem
3045 2415 3221 2468 suam,
3254 2398 3308 2451 in
3344 2394 3545 2451 omnem

1950 2466 2208 2539 civitatem
2238 2477 2287 2521 et
2315 2468 2485 2539 locum
2510 2476 2752 2539 quaerat
2780 2466 2893 2538 ipse
2912 2478 3173 2521 venturus.
3207 2467 3333 2539 Ideo
3364 2478 3545 2521 autent

1949 2536 2059 2592 bini
2092 2538 2239 2591 missi
2290 2553 2409 2593 esse
2457 2536 2855 2601 describuntur,
2880 2546 2937 2592 ut
2979 2539 3106 2606 quia
3154 2538 3239 2592 vel
3284 2538 3391 2593 duo
3421 2546 3549 2591 sunt

1948 2616 2219 2679 praecepta
2247 2609 2546 2672 cliaritatis,
2598 2608 2681 2661 vel
2712 2610 2837 2679 quia
2865 2609 3100 2663 societas
3146 2608 3330 2662 haberi
3373 2608 3550 2662 minus

1950 2692 2115 2746 quam
2144 2677 2287 2731 inter
2327 2679 2463 2732 duos
2490 2694 2597 2732 non
2629 2677 2829 2748 potest,
2863 2680 3035 2734 sancti
3068 2679 3450 2747 pra-dicatores
3479 2693 3549 2731 ex

1955 2748 2071 2817 ipsa
2100 2748 2360 2815 qualitate
2388 2764 2498 2801 sum
2540 2748 2809 2803 missionis
2847 2756 3242 2818 cognoscerent
3285 2757 3549 2818 quantum

1950 2818 2294 2873 concordiam
2324 2818 2601 2873 societatis
2631 2828 2896 2873 amarent.

1950 2907 2080 2966 CAP.
2111 2907 2345 2963 XXXIV.
2386 2941 2457 2984 :—
2508 2908 2761 2984 Videbam
2794 2910 3064 2984 _Satanam
3090 2910 3244 2984 Avelut
3284 2911 3457 2984 fulgur
3485 2910 3550 2965 de

2305 2980 2432 3055 caele
2457 2980 2727 3055 cadentem
2758 2980 2912 3049 (an.
2958 2999 3012 3044 ι,
3048 2980 3160 3055 18).

2024 3048 2105 3121 (1η
2135 3051 2364 3124 exposit.
2398 3051 2614 3124 Balob,
2641 3048 2917 3124 lib.7’xxm,
2962 3048 3129 3109 num.’
3164 3053 3280 3124 15.)
3304 3053 3552 3120 Quatuor

1949 3130 2077 3176 sunt
2119 3122 2330 3192 species
2376 3121 2574 3191 quibus
2604 3123 2781 3177 omnis
2812 3131 2993 3178 tumor
3035 3121 3399 3192 arrogantium
3450 3125 3549 3179 dc-

1950 3201 2285 3265 monstratur
2311 3208 2327 3248 :
2358 3209 2480 3265 cum
2510 3194 2712 3265 bonum
2742 3202 2835 3248 aut
2858 3209 2898 3265 7a
2931 3195 3235 3265 semetipsis
3264 3195 3461 3249 habere
3492 3210 3552 3250 se

1951 3264 2240 3329 aestimant,
2272 3271 2367 3317 aut
2411 3264 2515 3319 sibi
2564 3264 2797 3333 desuper
2840 3264 3023 3319 datum
3071 3264 3319 3331 credunt,
3360 3271 3415 3319 et
3451 3280 3550 3333 pro

1952 3334 2065 3390 suis
2093 3338 2198 3388 hoc
2228 3348 2287 3389 se
2316 3334 2523 3389 meritis
2549 3335 2827 3404 accepisse
2870 3342 3083 3403 putant,
3117 3344 3211 3389 aut
3253 3342 3400 3389 certe
3428 3350 3551 3389 cum

1953 3419 2013 3459 se
2045 3404 2255 3476 iactant
2278 3405 2500 3476 _ha_bcre
2542 3406 2687 3476 quod
2718 3420 2824 3459 non
2881 3404 3102 3467 habent,
3135 3413 3228 3458 aut
3278 3404 3550 3476 deSpectis

1953 3421 2013 3459 se
2045 3421 2255 3473 iactant
2300 3421 2500 3458 naucre
2582 3421 2687 3459 uou
2718 3421 2824 3459 non
2881 3421 3102 3467 nauem,
3135 3421 3228 3458 aut
3278 3421 3550 3476 uespecus

1952 3474 2183 3554 caneris,
2203 3472 2375 3528 videri
2406 3421 2749 3554 singiiIarjter
2768 3481 3027 3544 appetunt
3050 3476 3250 3554 [rabere
3278 3474 3550 3554 quodlia-

1951 3544 2104 3600 bent.
2147 3547 2190 3597 A
2234 3545 2527 3614 semetipso
2562 3545 2706 3614 cnim
2737 3546 2936 3614 bonum
2966 3560 3025 3600 se
3060 3545 3259 3599 habere
3283 3544 3542 3614 jaclabat,

1954 3616 2039 3669 cui
2069 3629 2165 3684 per
2206 3612 2523 3682 Apostolitm
2553 3613 2752 3668 dicitur
2781 3632 2795 3668 :
2827 3612 2966 3677 Quid
2996 3624 3166 3669 autem
3207 3612 3385 3680 habes,
3415 3616 3551 3686 quod

1954 3702 2058 3739 non
2088 3687 2368 3755 accepisti?
2392 3687 2439 3757 si
2466 3695 2637 3757 autem
2669 3686 2935 3757 accepisti,
2976 3686 3098 3757 quid
3127 3686 3369 3757 gloriaris
3398 3686 3549 3757 quasi

1954 3773 2058 3811 non
2105 3754 2361 3825 acceperis
2386 3754 2439 3827 (I
2466 3755 2586 3810 Cor.
2620 3771 2694 3821 tv,
2722 3756 2818 3825 7)?
2855 3754 3086 3827 Rursum
3128 3754 3203 3810 ne
3231 3755 3348 3827 dari
3397 3754 3552 3811 nobis

1955 3827 2155 3897 bonum
2185 3826 2369 3897 gratia:
2397 3825 2496 3896 pro
2514 3828 2714 3881 nostris
2742 3825 3171 3897 praecedentibus
3198 3826 3407 3897 meritis
3432 3842 3552 3880 crc-

1955 3896 2226 3958 deretnus,
2278 3895 2418 3950 idem
2467 3895 2754 3962 apostolus
2775 3897 3050 3963 admonet,
3099 3897 3327 3953 dicens:
3364 3895 3551 3950 Gratia

1955 3969 2079 4038 estis
2122 3967 2309 4022 saluati
2357 3984 2447 4037 per
2476 3967 2655 4038 ﬁdem,
2701 3976 2751 4021 et
2790 3967 2886 4021 hoc
2913 3984 3016 4021 non
3058 3985 3123 4021 ea:
3148 3969 3307 4033 vobis,
3334 3968 3425 4038 sed
3452 3966 3553 4020 Dei

1956 4037 2148 4108 donum
2190 4045 2285 4103 est,
2336 4055 2439 4091 non
2487 4055 2553 4091 ea:
2597 4040 2860 4108 aperibus,
2922 4046 2979 4090 ut
3024 4039 3255 4108 necquis
3301 4037 3552 4108 glorieiur

1958 4106 2179 4177 (Ep/tes.
2231 4123 2288 4168 ll,
2318 4107 2395 4178 8).
2458 4108 2559 4173 Qui
2613 4104 2777 4162 etiam
2820 4108 2889 4159 de
2931 4104 3224 4174 semetipso
3277 4104 3399 4178 ait;
3448 4104 3552 4167 Qui

1956 4176 2100 4249 prius
2124 4179 2202 4249 fui
2232 4176 2577 4246 blasphemus,
2631 4187 2680 4231 et
2709 4185 3101 4249 persecutor,_q
3111 4176 3549 4249 contumeliosus,

1957 4244 2049 4303 sed
2075 4244 2481 4302 misericordiam
2510 4244 2809 4301 consecutus
2837 4262 2951 4301 sum
2984 4246 3035 4316 (Ι
3059 4244 3193 4300 Tim.
3220 4262 3256 4310 ι,
3289 4246 3400 4316 l5).
3425 4244 3551 4312 Qui-

1955 4319 2057 4375 bus
2085 4318 2262 4373 verbis
2293 4328 2482 4388 apcrte
2518 4319 2761 4372 declarat
2796 4316 2942 4386 quod
2971 4316 3140 4385 gratia
3170 4332 3277 4371 non
3306 4333 3406 4387 pro
3434 4330 3551 4388 mc-

1957 4390 2076 4445 ritis
2126 4386 2413 4453 tribuatur,
2469 4389 2597 4443 dum
2629 4404 2715 4457 ex,
2741 4388 2920 4457 scipso
2961 4388 3168 4453 docuit,
3212 4396 3267 4441 et
3308 4386 3435 4456 quid
3482 4386 3553 4443 de

1957 4460 2159 4514 malitia
2217 4460 2434 4521 meruit,
2494 4467 2548 4513 et
2578 4456 2723 4527 quid
2772 4456 2840 4512 de
2886 4457 3264 4513 benevolentia
3312 4458 3550 4527 accepit.

1961 4529 2190 4583 Rursum
2215 4528 2456 4583 nonnulli
2475 4528 2682 4596 iactant
2704 4544 2763 4584 se
2792 4528 2994 4582 habere
3020 4530 3164 4598 quod
3196 4544 3302 4598 non
3326 4528 3553 4593 habent,

1961 4603 2102 4655 sicut
2130 4600 2323 4668 angelo
2358 4598 2613 4655 Ecclesia:
2654 4598 2935 4654 Laodicea:
2974 4596 3211 4654 dicitur:
3255 4596 3391 4663 Quia
3420 4598 3553 4652 dicis

1961 4672 2097 4742 quod
2142 4670 2282 4742 dives
2312 4686 2422 4723 sum
2470 4680 2519 4724 et
2562 4670 2923 4741 locupletatus,
2977 4680 3025 4742 et
3064 4670 3255 4723 nullius
3302 4685 3422 4739 egeo
3454 4685 3471 4722 :
3501 4673 3553 4722 et

1962 4740 2129 4795 nescis
2159 4740 2279 4812 quia
2311 4749 2362 4812 tu
2402 4758 2456 4794 es
2502 4743 2677 4805 miser,
2720 4751 2768 4794 et
2798 4741 3130 4812 miserabilis,
3171 4748 3218 4794 et
3255 4742 3553 4812 pauper,_et

1962 4828 2145 4876 απυδ,
2163 4809 2212 4865 et
2242 4810 2411 4864 nudus
2457 4812 2640 4882 (Apoc.
2664 4827 2740 4876 ιιι,
2766 4812 2875 4881 l7).
2910 4811 3148 4882 Rursum
3169 4809 3435 4882 nonnulli,
3458 4809 3551 4862 de-

1961 4883 2160 4950 spectis
2198 4882 2426 4943 caeteris,
2467 4880 2644 4939 'videri
2673 4890 2935 4952 appetunt
2977 4880 3322 4952 singulariter
3350 4880 3551 4952 bimum

1964 4949 2165 5006 liabcre
2212 4952 2357 5021 quod
2407 4953 2625 5007 habent.
2687 4949 2841 5006 Unde
2897 4959 2953 5006 et
2996 4949 3300 5021 Phariszeus
3349 4949 3550 5021 idcirco

1961 5023 2029 5076 de
2056 5019 2254 5093 templo
2284 5022 2486 5091 absque
2520 5023 2909 5091 justilicatione
2957 5020 3262 5093 descendit,
3290 5021 3415 5088 quia
3446 5019 3547 5093 bu-

1964 5089 2427 5162 nornm'opernn—t
2473 5089 2665 5149 merita
2707 5093 2808 5148 sibi
2856 5092 3007 5160 quasi
3056 5091 3401 5162 singulariter
3452 5089 3549 5143 tri-

1963 5164 2153 5228 buens,
2202 5161 2377 5218 oranti
2430 5162 2721 5218 Publicano
2746 5177 2803 5217 se
2834 5162 3085 5231 pnetullt.
3120 5161 3306 5216 Sancti
3336 5174 3551 5231 quoque

1962 5235 2195 5303 apostoli
2236 5234 2303 5287 ab
2351 5236 2454 5289 hoc
2499 5233 2751 5288 elationis
2782 5233 2912 5287 vitio
2964 5232 3457 5303 revocanturtqui
3484 5231 3551 5285 de

1960 5302 2343 5373 praedicatione
2370 5304 2674 5367 redeuntes,
2694 5318 2815 5356 cum
2842 5303 2968 5356 elati
2992 5302 3233 5357 dicerent
3266 5321 3279 5355 :
3307 5302 3547 5366 Domine,

1959 5377 2014 5429 in
2068 5378 2274 5430 nomine
2321 5386 2407 5429 tuo
2456 5376 2613 5428 etiam
2653 5374 2910 5427 dwmonia
2966 5374 3110 5428 nobis
3158 5373 3389 5443 subjecta
3424 5380 3552 5443 sunt

1960 5445 2113 5512 (Luc.
2148 5463 2199 5511 Χ,
2232 5446 2323 5509 17)
2359 5462 2372 5498 :
2416 5461 2481 5497 ne
2520 5446 2587 5499 dc
2632 5444 2733 5498 bac
2762 5444 3141 5499 miraculorum
3178 5442 3549 5514 singularitate

1961 5517 2259 5586 gauderent
2279 5516 2421 5570 illico
2451 5516 2528 5569 eis
2556 5515 2833 5583 respondit
2871 5514 3146 5580 Dominus,
3187 5513 3408 5586 dicens:
3445 5513 3547 5586 _Vi-

1961 5583 2145 5642 debam
2185 5586 2442 5657 Satanam
2486 5586 2619 5639 velut
2662 5586 2928 5657 fulgurde
2954 5586 3079 5639 coelo
3116 5585 3380 5657 cadentem
3411 5583 3545 5651 (Isa.

1959 5674 2069 5723 xxv,
2126 5657 2231 5728 l5).
2282 5656 2399 5726 Ipse
2440 5657 2639 5728 quippe
2686 5656 3031 5728 singulariter
3080 5656 3253 5710 elatus
3292 5656 3543 5728 dixerat:

1961 5730 2133 5798 Super
2166 5725 2319 5780 astra
2354 5727 2468 5780 coeli
2507 5725 2747 5781 exaltabo
2788 5728 2975 5798 solium
3029 5743 3237 5781 meum:
3265 5727 3449 5798 sedebo
3493 5727 3549 5779 in

1957 5797 2132 5853 monte
2160 5799 2475 5865 testamenti,
2522 5800 2578 5852 in
2626 5797 2872 5853 lateribus
2920 5798 3211 5865 Aquilonis,
3246 5797 3431 5850 similis
3460 5812 3548 5865 ero

1957 5868 2246 5929 Attissimo.
2266 5866 2337 5928 Et
2356 5864 2491 5930 mire
2512 5869 2771 5932 Dominus
2789 5875 2850 5927 ut
2876 5869 2933 5929 iu
2958 5864 3343 5945 discipulorum
3365 5864 3517 5925 cordi
3531 5900 3548 5914 ε
