3996 6346
539 370 681 432 1215

536 483 857 546 sententiam
906 477 1236 550 increpando
1282 477 1475 550 dicitur
1523 494 1538 534 :

538 561 766 614 animam
790 566 930 611 tuam
964 546 1194 623 repetunt
1223 568 1255 603 a
1282 548 1454 623 ιιι-λιιι
1500 556 1659 604 ιιοειε
1684 548 1904 623 Διιιιίιιιιε
1943 546 2120 600 ablata

538 638 623 685 est
648 642 768 696 qua:
799 626 851 679 in
887 618 1213 696 obscuritate
1243 620 1423 696 cordis
1466 629 1548 696 est
1592 618 1808 696 amissa.
1859 618 1914 672 In
1963 623 2123 696 nocte

539 687 716 754 ablata
741 708 822 751 est
849 710 967 764 qua'
1008 690 1453 764 considerationis
1502 690 1673 764 lucem
1695 689 1900 764 babere
1929 687 2116 764 noluit,

542 778 603 824 ut
630 768 773 836 quod
806 757 1021 836 poterat,
1045 763 1158 836 pati
1168 833 1177 836 _
1205 761 1539 836 pr.i-_videret.
1591 759 1744 836 Unde
1784 760 1920 836 bene
1956 757 2121 836 disci-

540 827 680 910 pulis
710 827 882 891 futura
909 827 1264 910 cogitantibus
1294 829 1790 910 lfaulnsnapostolus
1812 829 1941 910 dicit
1972 846 1985 881 :
2020 827 2125 910 γει

541 899 712 968 uatem
733 950 746 969 .
772 899 999 975 fratres,
1026 921 1130 958 non
1160 904 1280 975 estis
1296 903 1358 975 in
1386 899 1642 975 ten_eb:i_s;
1691 911 1746 953 ut
1769 916 1855 954 vos
1884 899 2125 975 diesnilla

541 969 787 1048 tanquam
837 980 921 1046 [ur
966 969 1361 1048 comprehendat
1399 975 1425 1048 _(
1451 970 1479 1025 I
1527 972 1705 1025 Thess.
1755 987 1787 1024 v
1814 1014 1829 1038 ,
1880 970 1948 1048 4)
2002 969 2125 1048 Dies

540 1040 684 1105 enim
727 1040 903 1103 exitus
950 1040 1217 1116 tanquam,
1258 1042 1343 1097 fur
1398 1040 1451 1116 in
1498 1050 1656 1096 nocte
1699 1040 2124 1116 comprehendit,

540 1122 759 1189 quando
802 1112 1085 1173 stultorum
1134 1115 1341 1171 animas
1401 1113 1578 1169 futura
1621 1128 1727 1170 non
1773 1112 2127 1185 praevidentes

476 1250 483 1257 ,
542 1190 711 1260 cjicit.

539 1283 670 1339 Car.
700 1281 881 1336 XLVI.
906 1313 976 1324 —
1004 1280 1125 1333 Sint
1151 1278 1308 1333 lumbi
1329 1277 1482 1332 vestri
1510 1278 1769 1348 prgcincti
1788 1318 1804 1343 ,
1831 1285 1879 1330 et
1906 1276 2130 1348 lucerna

686 1352 926 1408 ardentes
955 1356 1009 1407 in
1041 1350 1279 1403 manibus
1305 1350 1487 1403 vestris
1536 1347 1687 1417 (Luc.
1720 1364 1821 1412 xu,
1872 1347 1984 1415 55).

615 1446 691 1517 (In
721 1444 953 1517 exposit.
983 1442 1042 1496 Β.
1072 1439 1206 1517 Job,
1242 1441 1333 1517 lib.
1368 1455 1560 1517 xxviii,
1594 1453 1739 1517 unm.
1780 1430 2131 1517 I2.)_Sanctis_

546 1508 1003 1585 praedicatoribus,
1039 1529 1067 1565 a
1103 1511 1330 1565 Domino
1359 1510 1593 1585 dicitur:
1629 1510 1750 1563 Sint
1777 1508 1946 1585 lumbi
1978 1511 2132 1585 vestri

541 1581 845 1656 prierincti,
892 1594 941 1637 et
988 1584 1213 1637 lucerna:
1270 1583 1508 1656 ardentes
1550 1583 1603 1634 in
1646 1581 1881 1656 manibus
1928 1582 2127 1656 vest_ris.

545 1650 779 1711 Lumbos
826 1655 1150 1722 prmeingere
1188 1660 1269 1707 est
1317 1653 1368 1706 in
1422 1666 1585 1721 Opere
1650 1650 1910 1722 luxuriam
1959 1651 2129 1722 re[re-

545 1672 779 1711 LIIIIIDOS
862 1672 1150 1722 mollit;ch
1188 1672 1269 1707 ρει
1317 1672 1368 1706 ιη
1422 1672 1585 1721 Opere
1650 1672 1910 1704 luxuriam
1960 1672 2129 1703 rure-

543 1742 705 1791 nare,
754 1672 1041 1779 lieres-talio
1094 1737 1321 1793 namque
1368 1725 1543 1776 carnis
1574 1728 1657 1775 est
1698 1720 1750 1774 in
1784 1720 1993 1793 lumbis.
2028 1719 2130 1774 Per

543 1798 752 1851 lumbos
775 1796 954 1865 itaque
978 1794 1216 1865 luxuria,
1237 1791 1341 1863 per
1372 1793 1616 1865 lucernas
1644 1799 1823 1844 autem
1865 1791 2127 1865 bonorum

1431 361 1770 422 APPENDIX
1812 359 1903 419 AD
1940 358 1999 417 S.
2041 354 2367 417 CRECORII
2406 355 2633 415 OPERA
2672 356 2909 415 OMNIA.

1590 475 1789 537 Stulte,
1835 476 1931 529 hac
1972 481 2119 527 nocte
2146 474 2198 534 Α
2223 476 2343 525 ιειιιι
2372 468 2731 544 Deusvitam
2778 470 3055 527 hominum
3079 485 3160 544 ex,
3184 471 3301 527 sola
3337 473 3606 544 qualitate
3656 475 3823 535 inter-

3678 365 3823 425 1216

2222 550 2378 612 rogat
2416 542 2729 613 meritorum
2751 585 2766 607 ,
2818 556 2869 596 et
2908 558 3050 611 s.rpe
3080 543 3201 597 inde
3233 542 3538 613 plus‘punit
3563 547 3713 601 unde
3739 552 3824 607 liic

2222 611 2427 679 majora
2455 612 2523 666 ad
2546 611 2898 683 ministerium
2934 614 3191 678 contulit,
3232 611 3472 669 Veritate
3502 625 3820 683 attestante.

2222 697 2342 806 ιιὶιιε
2368 682 2489 738 ait:
2526 682 2620 737 Cui
2649 684 2866 739 multum
2916 684 3094 739 datum
3148 691 3253 751 est,
3297 686 3520 741 nultum
3562 682 3823 758 queretur

2226 770 2256 806 a
2315 770 2395 806 eo.

2226 770 2289 806 ιιυ
2315 770 2395 809 εο.

2223 840 2353 899 CAP.
2388 842 2707 917 L.—Ignem
2736 846 2853 901 veni
2874 847 3079 901 mittere
3101 847 3157 901 in
3182 856 3369 901 terram
3395 846 3555 919 (Luc.
3582 863 3687 915 xu,
3708 848 3821 919 49).

2299 936 2531 1011 (llo_mil._
2558 938 2613 1002 2,
2644 939 2696 993 in
2718 938 2941 1006 Ezecb.,
2973 957 3027 995 n.
3063 941 3175 1011 ιε.)
3219 942 3359 1011 Ignis
3390 944 3651 1011 nomine,
3704 961 3821 1001 cum

2225 1022 2326 1081 per
2365 1009 2804 1084 signiﬁcationem
2846 1012 3078 1084 dicitur,
3110 1009 3397 1081 aliquando
3427 1009 3677 1084 Spiritus
3706 1033 3823 1071 san-

2226 1088 2370 1152 ctus,
2401 1081 2687 1152 aliquando
2717 1097 2846 1137 vero
2876 1083 3070 1139 mentis
3109 1084 3308 1137 malitia
3349 1081 3699 1152 designatur.
3730 1085 3823 1140 Per

2227 1151 2407 1221 ignem
2432 1150 2665 1221 Spiritus
2685 1162 2902 1207 sanctus
2923 1154 3063 1208 solet
3088 1153 3324 1221 ﬁgurari,
3341 1154 3411 1208 de
3430 1150 3549 1221 quo
3572 1157 3629 1209 in
3655 1156 3823 1209 Evan-

2229 1221 2371 1291 gelio
2394 1220 2651 1277 Dominus
2674 1223 2801 1277 dicit
2832 1240 2846 1275 :
2880 1222 3060 1293 Ignem
3082 1227 3193 1278 veni
3215 1226 3417 1278 mittere
3441 1220 3499 1277 in
3528 1234 3752 1289 terram,
3778 1236 3823 1281 et

2231 1292 2515 1365 quridvclo,
2539 1295 2641 1348 nisi
2670 1302 2725 1346 ut
2765 1292 3113 1348 accendatur?
3141 1294 3279 1361 Ignis
3307 1296 3513 1365 quippe
3543 1296 3598 1350 in
3629 1304 3823 1350 terrain

2235 1363 2494 1427 mittitur,
2536 1380 2657 1418 cum
2705 1379 2802 1433 per
2846 1366 3093 1419 ardorem
3137 1367 3305 1419 sancti
3355 1363 3601 1434 spiritus
3652 1367 3826 1421 alilata

2236 1440 2449 1487 terrena
2476 1448 2627 1489 mens
2669 1450 2698 1487 a
2728 1434 3030 1489 carnalibus
3057 1436 3166 1489 suis
3192 1435 3475 1490 desideriis
3503 1450 3825 1491 concremao

2236 1511 2341 1575 tur.
2366 1502 2499 1557 Cum
2527 1504 2668 1575 enim
2699 1504 2932 1559 carnalis
2956 1521 3106 1560 mens
3126 1514 3368 1559 sanctum
3396 1505 3669 1575 Spiritum
3696 1509 3826 1561 acci-

2274 1573 2347 1648 it,
2370 1589 2553 1648 amore
2579 1574 2841 1648 spirituali
2870 1590 3163 1648 succensa,
3194 1578 3394 1629 malum
3434 1573 3653 1646 plangit
3695 1579 3829 1648 quod

2253 1643 2380 1715 'ecit.
2408 1642 2471 1697 Et
2503 1642 2646 1699 terra
2677 1645 2848 1708 ardet,
2896 1646 3113 1715 quando
3140 1642 3522 1701 accusante'se
3550 1642 3829 1703 conscien-

2231 1714 2327 1780 tia,
2354 1730 2450 1767 cor
2494 1715 2793 1786 peccatoris
2839 1714 3045 1781 uritur,
3096 1725 3151 1770 et
3195 1717 3245 1769 in
3269 1717 3461 1771 dolore
3503 1720 3828 1786 pmnitentia:
3880 1725 3894 1775 ξ

2230 1794 2525 1859 crematur.
2560 1786 2634 1838 De
2666 1785 2807 1859 malo
2830 1794 3011 1859 autem
3030 1788 3369 1859 igne_t_licitur
3399 1805 3413 1840 :
3440 1785 3514 1840 Et
3534 1806 3671 1842 nunc
3695 1791 3829 1859 ignis

543 1882 765 1936 operum
788 1856 1004 1922 claritas
1024 1856 1352 1936 designatur.
1376 1860 1638 1936 Jubentur
1658 1876 1786 1929 ergo
1806 1861 1978 1914 sani-ti
1998 1874 2131 1936 pnn-
2163 1862 2209 1921 Β
2236 1856 2831 1936 adversariosconsumit
2850 1857 3039 1936 (.llebr.
3063 1873 3115 1924 x,
3137 1856 3395 1930 27),quia
3417 1874 3518 1914 cor
3537 1856 3830 1929 pessimum

543 1931 813 1992 dicatores
838 1936 1045 1990 lumbos
1072 1935 1381 2000 accingere,
1413 1942 1470 1987 et
1517 1932 1763 1985 lucernas
1812 1939 2015 1984 tenere.
2053 1931 2131 1985 Ac

542 2009 586 2063 si
619 2018 803 2078 aperte
853 2007 1071 2059 audiant
1101 2023 1113 2057 :
1148 2003 1298 2078 I’rius
1341 2004 1391 2078 in
1422 2002 1813 2078 vobismetipsis
1866 2000 2131 2055 luxuriam

544 2074 882 2145 restringite,
933 2087 985 2130 et
1018 2085 1142 2129 tunc
1173 2075 1241 2129 de
1269 2074 1421 2129 vobis
1448 2074 1568 2129 aliis
1614 2074 1877 2127 bonorum
1907 2088 2133 2143 operum

545 2150 789 2219 exempla
834 2155 1147 2202 monstrate.

546 2238 674 2295 Car.
724 2238 928 2291 XLVII.
961 2268 1027 2277 —
1052 2235 1200 2301 Quod
1228 2236 1273 2288 si
1307 2236 1495 2289 dixerit
1547 2252 1719 2289 servus
1758 2235 1845 2290 ille
1888 2236 1939 2287 in
1981 2234 2136 2289 corde

614 2326 705 2362 suo
737 2327 752 2363 :
790 2308 995 2362 Moram
1035 2310 1159 2377 facit
1190 2305 1438 2361 Dominus
1479 2323 1652 2369 meas,
1698 2315 1803 2360 etc.
1841 2303 2002 2376 (Luc.
2039 2321 2130 2369 xu,

619 2379 731 2447 is).

619 2468 775 2540 (lteg.
820 2476 1021 2537 pastor.
1055 2475 1191 2537 part.
1223 2483 1280 2531 ιι,
1305 2482 1424 2536 cap.
1454 2465 1530 2535 6.)
1557 2465 1760 2521 Debent
1782 2466 1998 2540 studere
2017 2465 2136 2522 sine

550 2538 941 2593 intermissione
966 2540 1055 2605 qui
1083 2547 1313 2605 pncsunt
1333 2580 1346 2601 ,
1370 2546 1429 2591 ιιι
1455 2553 1642 2592 eorum
1674 2539 1909 2605 potentia
1934 2549 2135 2604 quanto

550 2624 738 2676 magna
788 2610 1022 2663 exterius
1069 2611 1339 2673 cernitur,
1385 2616 1536 2662 tanto
1584 2609 1726 2676 apud
1769 2624 1863 2661 eos
1910 2609 2136 2663 interius

550 2625 738 2676 magna
788 2625 1022 2663 exterius
1069 2625 1339 2673 cernitur,
1385 2625 1536 2662 tanto
1584 2625 1726 2661 ama
1769 2625 1863 2661 eos
1910 2625 2135 2663 interius

549 2680 880 2761 deprimatur
904 2718 918 2742 ,
942 2694 1234 2761 pecorum
1263 2680 1479 2761 animus
1491 2679 1563 2761 ad
1584 2625 1871 2761 elntionem
1892 2687 2135 2761 potesta-

552 2747 757 2803 t-s'sua:
784 2750 1139 2804 delectatione
1172 2750 1428 2817 rapiatur.
1465 2749 1597 2802 Ilinc
1641 2748 1832 2803 Petrus
1859 2747 1931 2802 ait
1964 2768 1976 2801 :
2011 2747 2061 2801 Ν
2069 2766 2136 2803 οη

549 2820 868 2891 dominantes
898 2822 948 2873 in
978 2820 1144 2883 cleris,
1178 2821 1269 2873 sed
1299 2822 1466 2891 forma
1494 2821 1615 2888 {acti
1639 2822 1807 2890 gregis
1832 2819 1884 2891 (
1913 2820 2053 2873 l'etr.
2080 2836 2133 2884 v,

548 2890 635 2957 5).
701 2890 834 2944 Ilinc
881 2907 975 2957 per
1020 2892 1361 2959 scmetipsam
1417 2891 1625 2945 Veritas
1670 2891 1735 2943 ad
1796 2890 1985 2943 altiora
2036 2905 2136 2943 nos

548 2964 804 3015 \irtnlum
837 2961 1020 3014 merita
1056 2977 1379 3028 provocans,
1402 2960 1531 3015 dicit
1556 2977 1570 3014 :
1598 2961 1896 3031 Quicunque
1924 2960 2139 3015 voluerit

549 3033 683 3084 inter
714 3048 797 3084 ros
821 3033 987 3100 major
1005 3031 1148 3099 ﬁeri,
1174 3032 1241 3084 sit
1269 3041 1431 3083 vester
1459 3033 1728 3084 minister:
1751 3041 1799 3083 et
1818 3033 1903 3098 qui
1927 3032 2138 3084 voluerit

550 3104 685 3153 inter
714 3117 798 3153 ros
824 3103 1016 3170 primus
1048 3117 1184 3166 esse,
1231 3102 1327 3153 erit
1374 3110 1536 3154 vester
1582 3117 1783 3163 servus;
1830 3103 1963 3154 sicut
1997 3103 2138 3170 ﬁlius

552 3172 770 3240 hominis
792 3188 892 3224 non
917 3172 1047 3223 venit
1064 3172 1367 3236 ministrari,
1386 3171 1476 3225 sed
1493 3172 1786 3225 ministrare
1803 3170 2013 3240 (Matth.
2043 3187 2134 3236 xx,

552 3239 674 3308 26).
727 3240 861 3295 Ilnic
907 3248 984 3294 est
1033 3242 1176 3310 quod
1228 3233 1440 3295 servum
1491 3257 1554 3295 ex
1609 3233 1856 3311 suscepto
1878 3233 2212 3305 regimineC

552 3312 750 3381 clatum
782 3327 898 3381 ιιιιιιι
926 3317 1046 3380 post
1074 3311 1331 3381 supplicia
1364 3319 1615 3365 maneant
1656 3310 1883 3375 indicat,
1914 3313 2133 3367 dicens:

553 3380 705 3447 Quod
737 3381 779 3434 si
802 3380 1003 3434 dixerit
1030 3380 1199 3435 malus
1229 3383 1319 3436 ille
1346 3397 1531 3436 servus
1568 3381 1617 3434 in
1658 3383 1821 3435 corde
1849 3398 1947 3437 suo
1976 3401 1986 3436 :
2014 3383 2135 3437 Mo-

553 3469 664 3505 ram
696 3452 818 3523 facit
844 3451 1093 3506 Dominus
1120 3468 1262 3505 meus
1286 3454 1455 3506 venire
1474 3493 1489 3517 ,
1535 3461 1590 3505 et
1629 3454 1833 3521 coeperit
1874 3462 2139 3523 percutere

555 3538 821 3575 conservos
848 3540 966 3576 suos
987 3565 999 3589 ,
1032 3524 1302 3577 manducet
1345 3530 1515 3576 autent
1544 3532 1594 3576 et
1621 3523 1759 3577 bibat
1788 3540 1899 3576 cum
1934 3524 2089 3578 ebriis
2119 3538 2139 3577 :

555 3594 714 3665 veniet
748 3592 993 3646 Dominus
1026 3595 1157 3647 servi
1201 3594 1340 3647 illius
1367 3596 1419 3647 in
1462 3595 1546 3647 die
1571 3611 1669 3665 qua
1698 3611 1798 3647 non
1844 3603 2047 3664 sperat,
2091 3603 2142 3647 ct

556 3662 683 3714 liora
710 3680 807 3733 qua
836 3665 1059 3735 ignorat,
1090 3673 1139 3715 et
1162 3665 1351 3735 dividet
1376 3680 1508 3728 eum,
1534 3662 1829 3735 partemque
1859 3662 1969 3735 ejus
1988 3674 2143 3735 ponet

558 3748 673 3811 cuni
701 3734 1002 3813 hypocritis.
1036 3733 1508 3813 Inter-liypocritas
1538 3735 1681 3813 enirn
1706 3733 1827 3813 jure
1855 3733 2143 3813 deputatur

558 3802 646 3869 qui
675 3817 739 3874 ex
770 3802 1109 3874 simulatione
1158 3802 1450 3874 disciplina:
1494 3802 1844 3859 ministerium
1870 3802 2145 3874 regimiuis

561 3872 723 3926 vertit
765 3872 819 3925 in
846 3888 997 3925 nsum
1031 3871 1429 3928 dominationis.

561 3962 691 4019 ΕΑι».
726 3962 952 4019 XLVIII.
992 3996 1053 4006 —
1085 3964 1272 4037 Servus
1299 3966 1382 4037 qui
1428 3966 1663 4035 cognovit
1698 3968 2008 4022 voluntatem
2049 3969 2148 4023 do-

631 4037 757 4175 piini
780 4038 881 4103 sui,
904 4045 1085 4161 eam:
1115 4036 1234 4107 fecit
1258 4036 1532 4091 secundum
1555 4052 1669 4092 eam
1690 4080 1704 4105 ,
1732 4038 2010 4109 vapulabit,
2034 4050 2143 4097 etc.

702 4123 783 4160 uc.
815 4123 907 4173 xu,
1011 4117 1049 4174 ).

702 4123 783 4160 uc.
815 4123 907 4173 xu,
934 4117 1049 4174 Η).

638 4196 717 4272 (In
748 4200 974 4272 exposit.
1006 4200 1064 4253 Β.
1088 4199 1189 4272 Job
1210 4199 1347 4272 ,Ulib.
1381 4214 1471 4264 xv,
1497 4214 1661 4272 fnum.
1694 4198 1807 4272 5|.)
1851 4199 1987 4254 Sunt
2012 4215 2149 4256 non-

563 4268 693 4319 nulli
724 4268 814 4342 q_ui
847 4285 912 4342 ex
942 4284 1007 4323 eo
1036 4271 1177 4337 quod
1228 4270 1434 4342 Veritas
1476 4271 1604 4325 dicit
1637 4288 1651 4325 :
1683 4268 1874 4325 Servus
1917 4274 2001 4342 qui
2041 4289 2146 4326 non

562 4339 799 4414 cognovit
818 4340 1125 4414 volunt_at'em
1168 4341 1365 4396 domini
1394 4343 1495 4407 sui,
1540 4350 1588 4394 et
1614 4343 1735 4412 fecit
1761 4339 2146 4414 digna’plagis,

562 4406 822 4477 vapulabit
848 4411 1064 4477 paucis:
1094 4419 1143 4464 et
1192 4428 1363 4465 servus
1391 4406 1559 4465 sciens
1598 4406 1911 4466 uoluntatem
1953 4406 2150 4467 domini

564 4476 665 4553 sui,
689 4485 737 4527 et
766 4476 869 4529 non
884 4481 1089 4553 faciens
1106 4482 1258 4551 juxta
1274 4499 1405 4547 eam,
1438 4481 1697 4553 vapulabit
1726 4486 1925 4548 multis,
1958 4484 2149 4539 nolunt

564 4546 720 4624 scire
756 4546 903 4615 quod
941 4546 1168 4624 faciant,
1200 4560 1256 4606 ct
1297 4546 1451 4624 quasi
1497 4546 1674 4624 minus
1716 4568 1775 4607 se
1803 4546 2150 4624 vapulaturos

565 4616 909 4688 existimant,
938 4620 981 4673 si
1014 4620 1153 4685 quod
1184 4616 1395 4688 operari
1424 4622 1723 4679 debuerunt
1750 4616 2007 4679 nesciant.
2041 4624 2147 4680 Sed
2179 4623 2230 4686 D

565 4687 707 4763 aliud
733 4696 816 4743 est
835 4690 1070 4763 nescisse
1085 4732 1099 4756 ,
1121 4687 1264 4763 aliud
1278 4692 1417 4746 scire
1435 4693 1690 4749 noluisse.
1714 4693 1895 4763 Nescit
1913 4709 2145 4763 namque

565 4758 655 4827 qni
686 4759 1090 4828 apprehendere
1119 4760 1258 4825 vult,
1291 4770 1345 4815 et
1383 4778 1488 4817 non
1521 4764 1679 4818 valet.
1729 4762 1829 4829 Qui
1860 4758 2148 4819 autem-ut

566 4828 771 4883 neseiat
800 4844 986 4884 aurem
1017 4845 1047 4884 a
1090 4846 1222 4886 voce
1251 4832 1502 4889 Veritatis
1530 4835 1725 4889 avertit
1737 4828 1765 4899 ,ί
1784 4834 1885 4891 iste
1910 4851 2019 4890 non
2049 4850 2147 4891 nc-

564 4902 739 4953 sciens
768 4900 863 4955 sed
898 4911 1235 4972 contemptor
1260 4902 1474 4958 dicitur.

562 4989 692 5047 CAP.
726 4991 1079 5069 XLIX—Cui
1098 4996 1311 5069 multum
1332 4995 1508 5048 datum
1534 5004 1639 5069 est,
1656 4997 1870 5069 multum
1896 5005 2153 5069 (lucretur

1026 5067 1091 5119 ab
1123 5082 1182 5121 eo
1234 5065 1386 5137 (Luc.
1437 5081 1539 5130 xu,
1580 5066 1693 5136 48).

639 5155 718 5229 (In
751 5157 981 5229 exposit.
1014 5156 1074 5211 Β.
1103 5157 1223 5225 loli,
1252 5159 1344 5213 lib.
1376 5174 1481 5212 xxv
1502 5201 1518 5226 ,
1568 5173 1716 5213 num.
1765 5158 1842 5229 1.)
1890 5158 2153 5225 Quoniam

567 5227 905 5309 ain-internis
954 5236 1113 5309 atque
1150 5229 1502 5309 invisibilibus
1542 5230 1728 5309 oculos
1748 5227 2065 5309 clausimus,
2097 5239 2155 5286 et

568 5297 865 5353 visibilibus
900 5297 1205 5368 poscimur,
1251 5300 1569 5369 plerumque
1618 5300 1885 5354 hominem
1933 5317 2043 5355 non
2085 5316 2153 5356 ex

572 5384 638 5424 co
669 5369 812 5439 quod
842 5371 953 5440 ipse
983 5376 1091 5437 est,
1121 5369 1213 5423 sed
1240 5384 1305 5424 ex
1348 5370 1430 5427 bis
1458 5386 1576 5439 qua:
1623 5371 1764 5424 circa
1810 5372 1979 5440 ipsum
2030 5379 2156 5426 sunt

575 5452 911 5511 veneramur.
959 5440 1199 5510 Cumque
1242 5456 1349 5495 non
1403 5442 1674 5496 intuemur
1718 5440 1845 5509 quid
1889 5443 2002 5511 ipse
2048 5442 2151 5510 sit,

574 5510 668 5562 sed
698 5510 822 5577 quid
853 5511 1054 5582 possit,
1088 5511 1139 5565 in
1166 5512 1501 5582 acceptione
1544 5510 1918 5582 personarum
1942 5527 2047 5567 non
2086 5528 2157 5568 ex

577 5582 821 5647 personis
859 5581 953 5634 sed
990 5595 1055 5634 ex
1103 5580 1262 5637 rebus
1309 5580 1677 5647 adjacentibus
1724 5582 1984 5638 ducimur.
2036 5582 2157 5638 Sic-

577 5646 683 5717 que
714 5646 770 5699 fit
800 5657 857 5724 ut
896 5652 943 5704 is
993 5665 1207 5724 quoque
1231 5646 1391 5724 apud
1434 5668 1531 5709 nos
1572 5654 1718 5710 intus
1762 5654 1814 5708 in
1856 5654 2161 5724 despectio-

578 5733 701 5772 nem
728 5719 907 5799 veniat
934 5718 1023 5799 qui
1054 5718 1183 5776 loris
1227 5718 1721 5799 honoratur_,__quia
1758 5724 1885 5799 dum
1933 5718 2032 5796 pro
2061 5724 2162 5799 _his

580 5804 699 5869 qua:
741 5788 897 5868 circa
946 5788 1095 5867 illum
1140 5800 1265 5869 sunt
1314 5788 1646 5869 honorabilis
1684 5788 1951 5869 habetur,
1998 5795 2162 5869 rebus

580 5864 696 5918 suis
738 5864 797 5917 in
840 5864 1088 5941 examine
1117 5868 1317 5941 nostro
1358 5864 1719 5935 postponitur.
1758 5864 1866 5926 Sed
1911 5866 2160 5941 omnipo-

2234 1939 2303 1981 ex
2330 1940 2425 1979 sua
2453 1926 2659 1981 malitia
2684 1928 2931 1982 tabescit.

2234 2038 2363 2096 Car.
2397 2038 2481 2095 LI.
2508 2071 2576 2081 —
2606 2040 2731 2094 Cum
2772 2041 2917 2095 vadis
2947 2057 3059 2095 cum
3107 2042 3409 2098 adversario
3459 2052 3550 2098 tuo
3582 2044 3654 2096 ad
3698 2046 3828 2110 prin-

2339 2110 2503 2177 cipem
2526 2112 2579 2165 in
2608 2114 2717 2176 via,
2762 2112 2830 2165 da
2857 2129 3094 2183 operam,
3127 2122 3232 2169 etc.
3266 2112 3417 2184 (Luc.
3450 2130 3562 2178 xu,
3617 2114 3733 2183 SS).

2308 2201 2527 2275 (llomil.
2559 2202 3007 2275 39,7inEvang.,
3038 2220 3089 2257 η.
3124 2204 3193 2270 5;
3246 2206 3300 2259 in
3346 2206 3591 2269 exposit.
3627 2204 3688 2258 Β.
3716 2204 3824 2263 Job.

2236 2272 2332 2345 lib.
2362 2289 2445 2345 tv,
2481 2290 2627 2327 num.
2659 2273 2773 2339 69.)
2806 2274 3067 2340 Quoniam
3091 2276 3241 2345 pravi
3262 2276 3494 2344 quilibet
3524 2286 3581 2329 et
3604 2278 3825 2345 perversi

2236 2344 2484 2398 homines
2513 2344 2565 2397 in
2597 2345 2697 2398 hac
2723 2346 2829 2399 vita
2861 2345 2951 2396 Ilei
2979 2344 3244 2414 pueccpta
3295 2344 3656 2400 contemnunt
3676 2387 3691 2409 ,
3740 2348 3828 2399 illis

2236 2415 2289 2469 in
2317 2421 2560 2468 extremo
2588 2415 2709 2468 vita:
2740 2415 2969 2469 inimicis
3010 2416 3325 2481 tradentur,
3375 2432 3503 2468 cum
3546 2417 3743 2483 quibus
3781 2418 3827 2470 in

2235 2492 2440 2538 mterno
2464 2483 2667 2550 judicio
2694 2485 3052 2539 damnationis
3083 2495 3353 2554 perpetuae
3383 2487 3659 2539 societate
3688 2487 3829 2539 colli-

2235 2556 2504 2621 galiuntur
2524 2596 2540 2621 ,
2568 2556 2707 2608 sicut
2734 2556 2994 2623 scriptum
3024 2564 3107 2611 est
3132 2573 3144 2607 :
3179 2556 3305 2608 Cum
3334 2557 3484 2609 radis
3515 2572 3633 2608 cum
3660 2558 3832 2608 adrer-

2236 2627 2377 2696 sario
2407 2636 2489 2678 tuo
2520 2625 2588 2677 ad
2610 2626 2889 2695 principem
2919 2626 2970 2678 in
3002 2629 3115 2688 via,
3163 2627 3233 2679 da
3260 2643 3474 2696 operam
3522 2627 3733 2679 liberari
3775 2627 3831 2678 ali

2235 2695 2347 2759 illo,
2374 2711 2439 2747 ne
2466 2696 2597 2762 forte
2619 2696 2793 2748 tradat
2822 2704 2870 2748 te
2900 2699 2967 2747 od
2982 2696 3210 2765 judicent
3235 2713 3252 2750 :
3280 2708 3329 2749 et
3357 2696 3533 2766 judea:
3559 2699 3733 2749 tradat
3787 2708 3830 2749 te

2236 2767 2469 2820 exactori
2492 2774 2577 2819 :et
2603 2777 2816 2819 exactor
2835 2767 3006 2819 mittat
3024 2775 3072 2819 te
3093 2768 3145 2819 in
3172 2783 3457 2821 carcerem.
3484 2768 3834 2821 Adversarius

2236 2837 2441 2905 quippe
2464 2844 2649 2891 uoster
2674 2836 2728 2889 in
2758 2838 2841 2890 via
2871 2845 2955 2890 est
2981 2851 3159 2891 sermo
3187 2838 3278 2891 Dei
3304 2839 3617 2892 contrarius
3646 2839 3833 2893 nostris

2238 2906 2545 2961 carnalibus
2585 2905 2867 2961 desideriis
2906 2908 2959 2961 in
3010 2908 3259 2975 praesenti
3307 2909 3454 2970 vita,
3494 2923 3525 2961 a
3577 2922 3691 2975 quo
3728 2910 3833 2975 ipso

2239 2975 2498 3030 liberatur
2518 2977 2609 3045 qui
2633 2977 2918 3045 praeceptis
2944 2976 3060 3044 ejus
3082 2978 3358 3032 humiliter
3382 2978 3667 3043 subditur;
3703 2980 3834 3033 alio-

2238 3047 2367 3115 quin
2400 3045 2738 3101 adversarius
2762 3047 2957 3115 judici.
2990 3056 3049 3102 et
3082 3048 3244 3115 judex
3279 3048 3458 3102 tradet
3487 3057 3543 3102 te
3570 3050 3835 3112 exactori,

2239 3116 2517 3186 quoniam,
2550 3132 2620 3189 ex
2649 3131 2904 3189 sermone
2932 3117 3144 3189 Domini
3189 3126 3505 3189 contempto
3533 3134 3659 3173 reus
3709 3134 3839 3189 pec-

2240 3196 2394 3242 cator
2439 3186 2710 3258 tenebitur
2774 3188 2828 3242 in
2874 3187 3121 3242 examine
3184 3186 3424 3257 judicis.’
3454 3187 3627 3254 Quem
3669 3186 3841 3258 jndex

2240 3258 2480 3312 exactori
2511 3257 2718 3328 tradet,
2748 3260 3001 3328 quoniam
3042 3259 3187 3312 hunc
3226 3259 3449 3326 maligno
3492 3257 3716 3327 spiritui
3770 3260 3844 3315 ad

2242 3328 2506 3382 ultionem
2537 3327 2674 3381 tradi
2703 3327 2999 3398 permittet,
3022 3337 3080 3383 ut
3100 3330 3419 3399 compulsam
3440 3329 3677 3382 animam
3707 3330 3843 3398 ipse

2242 3400 2311 3481 de
2339 3413 2568 3481 corpore
2587 3400 2769 3481 exigat
2792 3399 2863 3481 ad
2887 3414 3099 3481 poenam
3130 3414 3251 3481 qua:
3267 3400 3319 3481 ei
3342 3407 3528 3481 sponte
3547 3400 3843 3455 unusensit

2243 3468 2313 3540 ad
2351 3470 2584 3539 culpam.
2641 3471 2873 3525 Exactor
2890 3468 3100 3539 quippe
3148 3468 3457 3537 intelligitur
3484 3472 3841 3540 importunus

2244 3539 2335 3595 ille
2365 3554 2653 3609 persnasor
2699 3542 2790 3610 qui
2840 3541 3075 3594 humano
3117 3542 3302 3608 generi
3349 3541 3521 3595 semel
3560 3539 3840 3596 nummum

2243 3610 2578 3682 deceptionis
2608 3611 2857 3669 contulit.
2885 3618 2940 3682 et
2968 3610 3144 3682 adhuc
3167 3612 3412 3679 quotidie
3449 3612 3647 3665 mortis
3674 3627 3839 3682 expe-

2245 3688 2362 3734 tere
2390 3681 2628 3735 debitum
2660 3695 2765 3734 non
2795 3681 3026 3747 desistit,
3055 3682 3146 3748 qui
3186 3683 3238 3736 in
3270 3682 3523 3750 paradiso
3557 3681 3841 3751 pecuniam

2246 3751 2450 3806 homini
2478 3752 2720 3821 peccanti
2742 3751 3124 3817 commodavit,
3147 3752 3240 3805 sed
3258 3753 3547 3821 iniquitate
3565 3762 3844 3807 crescente

2247 3821 2390 3877 lianc
2417 3820 2656 3891 quotidie
2701 3836 2823 3876 cum
2855 3823 3029 3877 usuris
3074 3822 3262 3889 exigit.
3312 3820 3557 3877 Exactor
3602 3824 3843 3878 diabolus

2247 3900 2350 3961 est,
2381 3893 2472 3961 qui
2499 3892 2640 3949 male
2666 3893 2937 3946 suadendo
2957 3907 3105 3960 spem
3128 3892 3357 3946 contulit
3395 3894 3838 3957 immortalitatis,

2247 3960 2608 4032 decipiendo,
2659 3961 2915 4016 tributum
2956 3962 3121 4032 exigit
3163 3964 3384 4027 mortis,
3434 3962 3530 4031 qui
3575 3966 3841 4017 suadendo

2248 3977 2608 4085 necqnenno,
2659 3977 2915 4016 tributum
2956 3977 3121 4032 exigit
3163 3977 3384 4027 morus,
3434 3977 3530 4031 qui
3575 3977 3841 4017 snam-nuo

2248 4030 2430 4086 intuit
2469 4032 2700 4101 culpam,
2758 4032 3031 4087 sieviendo
3086 4034 3251 4101 exigit
3299 4046 3544 4101 prunam.
3614 4035 3841 4088 Exaclur

2252 4117 2383 4189 ergo
2412 4110 2764 4189 peccatoreni
2807 4104 2986 4189 mittet
3016 4103 3069 4156 in
3092 4117 3373 4189 carcerem
3392 4144 3407 4167 ,
3447 4106 3579 4171 quia
3611 4120 3711 4173 per
3737 4120 3839 4189 ma-
3866 4138 3877 4189 ι

2250 4172 2453 4243 lignum
2478 4173 2723 4243 spiritum
2753 4173 2806 4227 in
2838 4173 3047 4227 inferno
3075 4173 3378 4227 detruditur
3423 4188 3713 4243 quousque
3740 4174 3841 4229 dies

2245 4240 2430 4325 judicii
2460 4240 2671 4325 veniat,
2704 4258 2771 4299 ex
2799 4258 2909 4315 quo
2929 4244 3040 4315 jam
3070 4244 3123 4299 in
3145 4244 3356 4315 ignibus
3377 4240 3582 4299 inferni
3607 4240 3766 4300 simul
3792 4252 3839 4300 et

2252 4321 2370 4383 ipse
2405 4321 2695 4370 crucietur.

2250 4424 2382 4484 Car.
2409 4426 2516 4489 LII.
2536 4460 2610 4472 —
2637 4427 2940 4485 Contendite
2980 4431 3176 4485 intrare
3218 4447 3306 4497 per
3340 4442 3623 4503 angustans
3652 4444 3844 4504 portam

2828 4499 2979 4571 (Lac.
3006 4517 3128 4566 xui,
3154 4500 3278 4571 24).

2932 4518 2979 4556 c.
3006 4517 3128 4566 xui,
3154 4517 3278 4572 2s).

2325 4590 2419 4665 (In
2448 4592 2679 4662 exposit.
2710 4592 2770 4647 Β.
2801 4591 2937 4665 Job,
2970 4594 3063 4665 lib.
3096 4610 3180 4660 xi,
3223 4608 3370 4649 num.
3403 4593 3523 4664 68.)
3570 4594 3726 4650 Mens
3752 4598 3844 4651 huc

2254 4663 2414 4718 mana
2453 4679 2577 4720 cum
2615 4665 2681 4717 ad
2710 4663 2933 4734 meliora
2964 4663 3167 4727 nititur,
3196 4664 3347 4734 quasi
3378 4674 3576 4720 contra
3625 4667 3847 4721 ﬂuminis

2255 4734 2419 4789 ictum
2468 4742 2714 4790 conatur.
2758 4732 2894 4787 Cum
2920 4749 3052 4789 vero
3100 4735 3169 4788 ab
3198 4732 3497 4789 intentione
3527 4738 3846 4792 ascendendi

2255 4804 2563 4868 resolvitur,
2593 4806 2710 4859 sine
2753 4804 2938 4859 labore
2968 4804 3034 4858 ad
3064 4804 3167 4859 ima
3195 4806 3427 4860 ducitur.
3456 4804 3595 4872 Quia
3628 4810 3773 4862 enim
3801 4810 3845 4860 in

2258 4889 2484 4929 ascensu
2511 4875 2663 4931 labor
2683 4884 2784 4939 est,
2814 4875 2867 4929 in
2895 4874 3157 4929 descensu
3204 4876 3392 4940 otium,
3426 4876 3732 4932 intraturos
3767 4894 3847 4943 per

2258 4953 2539 5011 angustam
2567 4957 2777 5015 portam
2806 4946 3061 4999 Dominus
3080 4946 3355 5014 admonet,
3375 4947 3563 5002 dicens
3587 4966 3601 5000 :
3634 4948 3847 5002 Conten-

2260 5014 2365 5068 dite
2390 5014 2587 5070 intrare
2613 5033 2704 5088 per
2733 5024 3003 5088 angustam
3031 5024 3251 5088 portam.
3280 5014 3411 5082 Qua:
3433 5026 3519 5072 est
3546 5028 3734 5073 autem
3765 5036 3848 5072 aa-

2262 5094 2414 5153 gusta
2444 5086 2621 5155 porta,
2651 5087 2751 5141 nisi
2781 5086 2835 5142 in
2879 5087 2982 5141 hoc
3028 5086 3225 5141 mundo
3250 5088 3449 5151 vivere,
3476 5089 3574 5141 sed
3600 5090 3674 5143 de
3705 5091 3850 5157 hujus

2259 5157 2443 5229 mundi
2461 5158 2891 5229 concupiscentia
2914 5157 3419 5229 nil_liabere,aliena
3445 5173 3553 5212 non
3576 5169 3849 5229 appetere,

2299 5226 2479 5295 ropria
2508 5243 2615 5300 non
2645 5236 2849 5300 tenere,
2879 5227 3062 5300 laudes
3081 5227 3271 5300 mundi
3306 5228 3589 5300 despicere
3613 5226 3631 5295 ζ
3651 5226 3735 5284 “ει
3759 5245 3847 5300 pro

2308 5310 2374 5351 eo
2403 5298 2697 5369 opprobria
2726 5312 2926 5369 amare,
2959 5296 3182 5369 gloriam
3214 5295 3635 5369 mundi'fngere,
3670 5295 3847 5369 despc-

2259 5374 2405 5422 ctum
2434 5366 2606 5438 sequi,
2640 5368 2918 5421 adulantes
2947 5366 3248 5438 despicere,
3278 5368 3645 5438 despicientes
3690 5366 3847 5425 hoino-

2259 5452 2412 5509 rare,
2440 5436 2587 5509 mala
2631 5439 3053 5509 nocentiumgex
3083 5436 3245 5509 cordo
3292 5436 3601 5509 dimittere,
3633 5449 3693 5494 et
3733 5454 3849 5509 erga

2259 5522 2355 5563 eos
2378 5507 2681 5565 dilectionis
2709 5508 2932 5575 gratiam
2957 5507 3285 5561 immobilem
3311 5507 3362 5561 in
3385 5508 3554 5562 corde
3577 5507 3850 5565 retinere?

2259 5576 2511 5633 Dicturus
2532 5574 2995 5648 itaqne’Dominus
3025 5574 3179 5645 hujus
3208 5585 3449 5645 angusta:
3478 5588 3654 5648 porta:
3672 5581 3850 5635 introi-

2260 5656 2396 5715 tum,
2422 5648 2675 5719 pra‘misit
2699 5667 2710 5699 :
2735 5646 3059 5719 Contendite,
3084 5648 3207 5719 quia
3230 5648 3330 5702 nisi
3360 5646 3560 5704 men—tis
3577 5654 3849 5707 contentio

2260 5717 2453 5785 fuerit,
2502 5719 2641 5790 unda
2689 5718 2870 5773 mundi
2918 5734 3023 5773 non
3064 5717 3312 5790 vincitur,
3347 5732 3443 5788 per
3482 5736 3651 5790 quam
3683 5722 3846 5776 auitas

2260 5804 2478 5860 semper
2515 5790 2581 5860 ad
2626 5788 2731 5845 ima
2771 5798 3073 5845 revocatur.
3106 5787 3253 5842 Meus
3293 5787 3437 5860 enim
3482 5787 3847 5845 mutabilitate

2264 5859 2642 5933 suai’pondere
2665 5860 2733 5919 ad
2759 5860 2902 5919 aliud
2930 5874 3146 5935 semper
3170 5859 3651 5933 impellitur-qnam
3680 5869 3778 5929 est.
3800 5867 3845 5917 ιι

3869 4272 3874 4285 l

3858 4318 3873 4385 ἐ
