3996 6346
515 328 658 386 1225

1365 326 1707 385 APPENDIX
1744 325 1836 383 AD
1873 323 1931 384 S.
1972 322 2301 383 GREGORII
2337 320 2563 384 OPERA
2600 323 2835 384 OMNIA.

3641 331 3780 391 {ﬁl

508 441 753 509 trahatur
797 450 863 494 ex
904 436 1076 501 dono,
1134 443 1190 493 et
1235 436 1369 493 alius
1422 441 1711 509 repellatur
1760 457 1829 497 ex
1874 440 2085 495 merito.
2117 438 2165 499 Δ
2195 438 2429 507 tempsit.
2454 436 2725 494 Intellexit
2749 438 2822 493 ibi
2841 437 2987 509 quod
3007 438 3097 498 hic
3134 437 3311 497 facere
3328 438 3523 505 noluit,
3552 439 3612 497 iu
3631 441 3780 498 dam-

510 508 802 565 Consilium
873 524 1094 565 summm,
1153 517 1207 562 ct
1259 508 1497 563 occulte
1535 513 1745 566 virtutis
1792 512 2086 566 satisfactio

506 583 574 636 sit
604 590 801 650 apertae
830 581 1084 642 rationis;
1124 587 1178 633 et
1221 580 1271 651 in
1320 582 1525 635 cunctis
1569 597 1687 650 qua:
1733 581 2091 651 disponuntur

506 651 769 774 exterius,
798 658 980 720 aperta
1024 664 1186 705 causa
1232 650 1301 704 sit
1347 652 1570 707 rationis
1618 650 1840 709 occulta:
1882 652 2091 722 justitia

509 737 575 775 vo
602 730 820 775 untaus.

506 811 636 867 Car.
690 809 890 865 LXVII.
916 843 987 854 --
1011 810 1230 864 Factum
1252 818 1328 865 est
1355 822 1525 867 autem
1564 820 1617 867 ut
1644 822 1924 867 moreretur
1948 829 2091 867 men-

577 884 752 947 dicus,
793 890 839 935 et
882 892 1172 949 portaretur
1219 881 1282 933 ab
1321 884 1517 951 angelis
1554 886 1605 938 in
1648 886 1815 938 sinum
1843 884 2087 938 Abrahw.

578 952 810 1076 illlLortuus
838 961 1111 1093 8812;)ulcm
1138 960 1187 1005 et
1216 951 1352 1006 dives
1382 963 1429 1006 et
1452 956 1677 1025 sepultus
1706 962 1779 1009 est
1808 955 1861 1008 iu
1882 956 2087 1025 inferno

582 1044 598 1093 κ
653 1040 732 1077 uc.
766 1040 872 1089 xvr,
995 1063 1009 1077 .

582 1040 732 1094 iure.
766 1040 872 1089 xvr,
897 1040 1009 1093 π).

579 1115 798 1183 (Regni.
840 1124 1043 1187 pastor.
1068 1124 1206 1185 part.
1236 1134 1318 1179 ιιι,
1351 1131 1401 1171 e.
1432 1116 1547 1187 21.)
1568 1116 1912 1186 Nequaquam
1940 1116 2091 1173 dives

506 1186 608 1242 iste
636 1187 809 1240 aliena
826 1186 1100 1257 rapuisse,
1133 1188 1228 1242 sed
1256 1189 1585 1243 infructuose
1621 1188 1935 1256 perhibetur
1962 1202 2089 1257 pro-

523 1257 635 1311 )riis
664 1272 788 1310 usus
817 1255 999 1319 fuisse,
1034 1272 1265 1325 eumque
1296 1267 1416 1326 post
1447 1259 1585 1310 hanc
1617 1255 1780 1311 vitam
1806 1255 2086 1326 ultrix'ge-

523 1274 635 1311 )rns
664 1274 788 1310 usus
817 1274 999 1319 IUISSe,
1034 1274 1265 1325 eumque
1296 1274 1416 1326 posr
1447 1274 1585 1310 nanc
1617 1274 1780 1311 vnam
1806 1274 1967 1311 ultrix
1992 1274 2084 1326 ge-

504 1274 680 1382 iienna
711 1326 966 1394 suscepit,
996 1343 1102 1381 non
1126 1329 1249 1395 quia
1279 1327 1477 1396 aliquid
1500 1327 1739 1382 illicitum
1770 1329 1957 1395 gessit,
1988 1326 2084 1381 sed

426 1459 429 1461 _
505 1397 630 1465 quia
668 1396 1020 1451 immoderato
1064 1413 1161 1451 usu
1208 1406 1379 1451 totum
1423 1412 1482 1452 se
1530 1398 1690 1453 licitis
1746 1398 1981 1453 tradidit.
2030 1398 2087 1452 In

508 1467 589 1538 his
625 1476 802 1538 autem
832 1465 987 1538 dictis
1016 1467 1339 1535 evangelicis
1366 1468 1619 1535 colligere
1648 1483 1934 1537 possumus
1963 1469 2087 1538 quia

483 1537 809 1591 .ineendimu
842 1537 1018 1590 anima
1049 1553 1154 1591 non
1185 1538 1359 1592 solum
1389 1539 1637 1603 videndo,
1667 1538 1763 1592 sed
1792 1538 1953 1592 etiam
1987 1537 2085 1592 ex-

504 1606 759 1676 periendo
782 1606 1035 1676 patiatur.
1055 1607 1307 1661 Veritatis
1329 1608 1471 1662 enim
1493 1623 1644 1673 voce,
1673 1608 1823 1663 dives
1845 1617 2088 1663 mortuus

502 1677 697 1731 dicitur
720 1676 772 1729 in
797 1677 1005 1731 inlerno
1025 1678 1286 1746 sepultus.
1310 1678 1475 1746 Cujus
1497 1679 1676 1733 anima
1705 1678 1851 1747 quod
1878 1678 1928 1731 in
1961 1678 2085 1746 igne

502 1756 746 1818 teneatur
772 1747 1011 1818 insinuat
1034 1747 1354 1818 vox_divitis
1382 1749 1473 1818 qui
1507 1747 1774 1802 Abraham
1815 1748 2085 1817 depreca-

2193 510 2411 584 natione
2432 523 2528 562 sua
2549 510 2861 584 compulsus
2883 518 2967 564 est
2990 526 3315 584 cognoscere
3339 511 3467 581 quid
3490 512 3615 577 fuit,
3638 513 3783 584 quod

2192 578 2443 701 perdidit,
2470 578 2686 647 quando
2708 580 3010 650 proximum
3037 578 3372 663 indigentem“
3390 597 3502 663 non
3533 578 3779 664 agnovit.

2237 657 2422 701 router
2449 648 2554 701 hoc
2580 658 2762 701 autem
2790 650 2934 701 quod
2963 651 3031 701 de
3060 651 3165 701 hoc
3199 652 3364 701 dmte
3406 669 3459 701 ιιι
3493 661 3779 701 [armentis

2237 657 2422 716 ropter
2449 648 2554 701 hoc
2580 648 2762 704 autem
2790 650 2934 719 quod
2963 651 3031 705 de
3060 648 3173 707 hoc
3199 652 3364 707 divite
3405 652 3459 707 in
3493 648 3784 709 tormentis

2194 718 2605 800 positodicitur,
2635 719 2780 843 quod
2807 718 2997 775 viderit
3036 720 3308 776 Abraham
3348 730 3406 777 et
3432 721 3703 788 Lazarum
3728 725 3784 782 in

2194 804 2310 843 srnu
2340 804 2491 843 eius.
2541 804 2634 843 cre
2676 788 2874 843 endum
2912 798 2995 843 est
3023 791 3166 843 uuod
3205 800 3332 843 ante
3360 793 3780 843 retributionem

2190 788 2310 843 sinu
2340 788 2491 861 ejus,
2525 788 2874 861 credendum
2912 798 2995 847 est
3023 791 3167 861 quod
3205 800 3332 847 ante
3360 793 3781 850 retributionem

2192 860 2420 931 extremi
2445 858 2631 928 judieii
2660 858 2843 931 injusti
2872 858 3129 931 quosdam
3159 860 3213 915 in
3238 862 3425 931 requie
3442 861 3627 930 justus
3646 878 3782 919 con-

2190 928 2447 999 spiciunt,
2476 936 2536 983 ut
2558 944 2661 999 eos
2690 928 2933 986 videntes
2953 930 3008 985 in
3031 931 3226 999 gaudio
3246 928 3354 987 non
3378 928 3561 988 solum
3588 934 3665 989 de
3686 950 3786 991 suo

2192 998 2459 1067 supplicio
2477 998 2570 1053 sed
2596 998 2758 1053 etiam
2785 999 2854 1055 de
2881 998 3094 1055 illorum
3124 1002 3626 1059 crucienturbono.
3648 1002 3786 1060 Justi

2190 1082 2321 1121 vero
2351 1067 2404 1122 in
2432 1070 2711 1141 tormentis
2750 1083 2965 1139 semper
2986 1071 3259 1127 intuentur
3284 1071 3540 1141 injustas,
3572 1083 3637 1128 ut
3664 1075 3789 1132 hinc

2190 1152 2380 1214 eorum
2401 1137 2655 1214 gaudium
2667 1137 2897 1204 crescat,
2912 1141 3038 1209 quia
3057 1141 3255 1195 malum
3269 1137 3619 1214 conspiciunt
3642 1145 3786 1214 quod

2190 1208 2619 1281 misericorditer
2637 1208 2947 1281 evaserunt,
2984 1216 3246 1279 tantoque
3274 1208 3516 1281 majores
3549 1208 3788 1270 Redem-

2190 1278 2333 1359 μαξτὶ
2373 1293 2471 1332 suo
2486 1279 2686 1359 gratias
2703 1276 3174 1359 refetra_nt,q_uanto
3202 1276 3386 1336 vident
3417 1283 3471 1337 in
3482 1283 3622 1359 _a_liis
3645 1286 3787 1359 quod

2191 1300 2333 1359 μυξη
2373 1300 2471 1332 suo
2486 1300 2686 1358 ξιξ-31138
2703 1300 3174 1348 reterant,quaut0
3202 1300 3386 1336 vment
3417 1300 3471 1337 In
3494 1300 3622 1338 ams
3644 1300 3787 1407 quod

2190 1363 2291 1415 ψει
2336 1354 2544 1419 perpeti
2573 1358 2827 1419 stressent
2855 1349 3095 1419 derelicti
3122 1359 3434 1419 potuerunt.
3479 1351 3597 1408 Nec
3647 1356 3658 1363 ’
3685 1357 3787 1409 lam

2191 1425 2354 1491 tanta:
2384 1418 2730 1473 beatitudinis
2755 1418 3056 1491 claritatem
3082 1418 3223 1490 apud
3246 1420 3518 1491 justorum
3549 1424 3787 1478 animum

2191 1485 2371 1568 fuscat
2395 1496 2611 1567 aspecta
2643 1503 2799 1557 poena
2825 1485 3181 1571 reproboru'm
3204 1532 3218 1555 ,
3244 1485 3367 1571 quia
3512 1508 3788 1571 _co_mpas-

2189 1558 2272 1613 sio
2302 1557 2531 1630 miseria:
2548 1556 2659 1625 jam
2689 1556 2951 1630 nouerit,
2986 1560 3153 1614 minui
3184 1556 3369 1630 procul
3395 1562 3566 1617 dubio
3595 1556 3787 1618 beato-

2189 1642 2312 1704 rum
2334 1626 2516 1681 laetitia
2534 1643 2640 1681 non
2669 1626 3348 1704 valebitilustorum—enim
3361 1632 3567 1704 anima:
3590 1650 3786 1704 Aquam-

2189 1698 2269 1770 vis
2300 1697 2352 1751 in
2392 1713 2504 1770 sum
2539 1704 2743 1770 natura:
2772 1698 3015 1770 bonitate
3040 1700 3465 1756 misericordiam
3515 1697 3782 1770 habeant,

2197 1767 2405 1821 etiamsi
2437 1767 2684 1841 misereri
2712 1768 2932 1834 vellent,
2957 1769 3234 1841 jamttunc
3264 1772 3487 1827 omnino
3518 1787 3621 1828 non
3652 1767 3782 1841 poch

500 1817 657 1910 ‘33}!55
693 1816 1438 1910 ἓξὲξῗῐξεῄέδίὲἐίε,Τῖιέξίέῖξίνίῗίν.
1449 1820 1789 1910 .“ξ;-ἕ1²,ἔὶἴΐξέ¹ξέ,
1805 1816 2092 1910 Ῡέίέῗωίἒξιξῐι
2122 1816 2171 1877 Β
2195 1816 2735 1910 ἐίιῆίῖῐι”υἰὲἷῖἶιὲῐῖίῖτιέ
2752 1816 3092 1894 Ξιὶίῖεῖὀῖίξέἷιί
3108 1816 3780 1910 ῖόὶἧιιῖἓίὲἔιῖιο”ιεῖ“τὲἷιῖ-

500 1888 651 1957 digiti
689 1887 768 1959 sui
796 1888 849 1959 in
880 1905 1087 1958 aquam,
1114 1896 1169 1939 ut
1195 1888 1461 1959 refrigeret
1490 1887 1721 1959 linguam
1742 1904 1928 1950 meam,
1962 1891 2083 1959 quia

500 1959 698 2027 crucior
718 1958 770 2009 in
802 1958 897 2011 hac
922 1957 1133 2026 ﬂamma
1159 1960 1177 2027 (
1194 1957 1340 2011 Vers.
1367 1958 1480 2026 24).
1508 1957 1639 2011 Dum
1669 1972 1798 2025 ergo
1828 1957 2084 2027 peccato-

499 2044 615 2108 rem
662 2026 883 2108 divitem
933 2026 1245 2109 damnatum
1278 2029 1568 2109 Veritasin
1596 2028 1773 2095 ignem
1803 2026 2080 2109 perhibet,

499 2100 747 2169 quisnam
772 2098 987 2167 sapiens
1019 2099 1371 2167 reprobornm
1414 2098 1619 2153 animas
1648 2098 1819 2169 teneri
1868 2099 2081 2167 ignibus

502 2168 693 2237 neget?
721 2168 777 2222 Si
806 2178 987 2223 autem
1017 2170 1274 2236 quaaritur
1314 2170 1584 2237 quomodo
1627 2183 1713 2223 res
1765 2168 2083 2234 incorporea

502 2239 675 2293 teneri
706 2248 760 2292 et
782 2238 943 2308 allligi
974 2238 1143 2308 possit
1167 2252 1196 2291 a
1227 2253 1287 2308 re
1314 2253 1599 2307 corporea,
1631 2247 1782 2308 certe
1803 2238 2085 2293 audiamus

502 2255 675 2293 teneri
706 2255 760 2292 et
782 2255 943 2308 anngt
1011 2255 1143 2292 ossn
1167 2255 1196 2291 a
1227 2255 1287 2293 re
1314 2255 1599 2307 corporea,
1631 2255 1782 2291 certe
1803 2255 2085 2293 audiamus

501 2309 629 2377 quid
679 2310 923 2375 reprobis
971 2255 1179 2363 Serius
1231 2307 1283 2363 in
1336 2307 1441 2363 line
1490 2315 1572 2362 est
1619 2307 1825 2362 dictura
1860 2325 1872 2360 :
1906 2308 1989 2362 Ite
2032 2310 2086 2364 iu

502 2380 967 2448 igneuttreternum,
998 2378 1437 2448 quiprarparatus
1461 2386 1537 2431 est
1560 2378 1767 2448 diabolo
1796 2386 1845 2431 et
1886 2381 2085 2448 angelis

501 2445 611 2516 ejus
641 2446 853 2517 (Matth.
881 2445 1018 2513 xxv,
1048 2445 1161 2515 41).
1202 2445 1260 2501 Si
1307 2462 1435 2516 ergo
1463 2447 1711 2503 diabolus
1738 2445 2087 2516 ejusque'an-

502 2518 632 2586 geli,
663 2532 787 2572 eum
815 2519 925 2572 sint
954 2517 1280 2585 incorporei,
1311 2532 1576 2586 corporeo
1622 2526 1748 2571 sunt
1789 2517 1911 2586 igne
1958 2535 2085 2573 cru-

502 2586 708 2653 ciandi,
751 2603 859 2643 non
908 2587 1103 2641 mirum
1142 2587 1185 2641 si
1227 2587 1448 2651 animm,
1494 2596 1781 2657 antequam
1830 2589 2089 2657 recipiant

501 2672 729 2727 corpora
748 2699 764 2721 ,
796 2658 1004 2727 possint
1032 2672 1293 2727 corporea
1324 2657 1524 2713 sentire
1573 2667 1861 2712 tormenta.
1894 2658 2088 2715 Teneri

501 2728 663 2782 etiam
692 2743 788 2797 per
814 2729 990 2797 ignem
1021 2735 1199 2799 potest
1235 2728 1413 2782 anima
1439 2770 1452 2793 ,
1487 2735 1545 2781 ut
1572 2728 1624 2782 in
1656 2736 1926 2785 tormento
1954 2728 2090 2798 ignis

501 2799 570 2852 sit
601 2799 831 2853 videndo
861 2807 917 2869 et
943 2798 1248 2853 sentiendo.
1284 2799 1459 2867 Ignem
1488 2812 1721 2869 namque
1747 2813 1813 2852 eo
1839 2800 1956 2868 ipso
1988 2816 2085 2869 pa-

502 2868 631 2923 titur
656 2869 801 2938 quod
834 2868 994 2939 videt,
1023 2878 1078 2922 et
1103 2869 1228 2937 quia
1256 2868 1590 2939 concremari
1630 2882 1691 2922 se
1736 2870 1930 2939 aspicit
1969 2886 2087 2925 cre-

502 2937 696 2993 matur.
728 2939 923 3007 Sicque
964 2937 1023 2992 lit
1064 2949 1122 2992 ut
1151 2954 1411 3006 corporea
1440 2954 1529 2994 res
1556 2937 1926 3008 incorpoream
1954 2955 2091 2994 exu-

500 3021 604 3072 rat,
638 3010 760 3063 dum
809 3025 875 3063 ex
920 3010 1039 3077 igne
1068 3009 1259 3064 visibili
1306 3010 1467 3064 ardor
1515 3018 1573 3064 et
1618 3008 1773 3062 dolor
1808 3010 2091 3067 invisibilis

505 3080 756 3146 trahitur,
787 3089 844 3133 ut
870 3095 965 3148 per
994 3080 1169 3147 ignem
1218 3095 1537 3150 corporeum
1583 3093 1734 3134 mens
1771 3079 2088 3150 incorporea

501 3150 663 3204 etiam
694 3150 745 3203 in
777 3150 988 3202 ﬂamma
1012 3164 1270 3219 corporea
1298 3150 1586 3203 crucietur.

502 3240 633 3295 Car.
676 3238 904 3294 LXVIII.
927 3270 993 3281 —-
1023 3237 1243 3293 Elevaus
1271 3246 1439 3292 autem
1488 3239 1664 3293 oculos
1710 3254 1824 3293 cum
1869 3249 1998 3295 esset
2030 3241 2084 3296 in

579 3311 871 3373 tormentis,
904 3310 1030 3381 uidit
1071 3309 1337 3381 Abraham
1364 3328 1395 3363 a
1419 3310 1599 3381 longe,
1643 3318 1694 3364 et
1740 3309 1998 3365 Lazarum
2030 3312 2085 3367 in

573 3383 691 3435 sinu
721 3382 834 3451 ejus
867 3379 1019 3451 (Luc.
1050 3396 1159 3449 va,
1185 3379 1296 3449 ‘25).

575 3475 628 3545 (η
675 3474 909 3545 exposil.
963 3474 1024 3527 Β.
1072 3472 1318 3538 Job,lib.
1351 3471 1862 3545 3,1}.749ahomil.
1912 3473 1999 3545 40,
2031 3474 2085 3531 in

503 3542 704 3615 Evang.
738 3542 789 3599 n.
822 3545 875 3609 5,
900 3544 962 3607 7;
997 3546 1046 3598 in
1077 3545 1307 3613 esposit.
1348 3543 1407 3599 Β.
1451 3542 1584 3607 Job,
1619 3544 1712 3601 lib.
1746 3562 1817 3611 tv,
1866 3562 1920 3600 ιι.
1969 3544 2084 3615 56.)

505 3607 679 3668 Dive;
708 3614 807 3669 iste
852 3607 1052 3669 idcirco
1104 3607 1357 3683 punitus,
1404 3624 1459 3669 et
1499 3615 1694 3669 inferni
1741 3607 2087 3672 damnatione

502 3699 820 3752 percussus,
852 3701 958 3739 non
1005 3686 1129 3754 quia
1174 3686 1223 3738 vi
1270 3685 1578 3755 quempiam
1615 3687 1973 3755 oppresserit,
2003 3686 2088 3740 vel

504 3755 628 3825 quia
662 3755 832 3825 aliena
853 3754 1110 3825 diripiens
1140 3754 1447 3821 abstulerit,
1471 3755 1562 3809 sed
1590 3757 1712 3824 quia
1736 3756 1951 3825 propria
1980 3772 2087 3811 non

504 3823 733 3888 dederit,
791 3834 846 3877 et
892 3824 1127 3892 acceptis
1162 3826 1343 3889 rebus,
1376 3823 1891 3893 semetipsnmniale
1933 3827 2089 3881 dere-

506 3893 774 3959 linquens,
816 3907 876 3949 se
915 3894 1239 3949 extollenter
1268 3893 1578 3949 elevaverit.
1608 3895 1745 3948 Sunt
1774 3897 1917 3949 enim
1948 3912 2086 3949 non-

506 3964 636 4018 nulli
682 3978 819 4035 quos
860 3979 1053 4035 census
1077 3979 1173 4034 per
1200 3973 1464 4019 tumorem
1510 3979 1616 4018 non
1647 3964 1841 4030 elevat,
1874 3967 1966 4020 sed
1994 3982 2089 4035 per

505 4050 667 4106 opera
694 4034 1075 4106 rn'iisericordia:
1102 4034 1337 4106 exaltat;
1370 4043 1425 4088 et
1461 4044 1593 4106 sunt
1622 4036 1864 4089 nonnulli
1893 4034 2007 4103 qui
2028 4051 2088 4092 se

505 4104 732 4161 terrenis
772 4104 961 4174 opibus
991 4105 1264 4160 abundare
1288 4104 1644 4173 conspiciunt,
1682 4120 1835 4160 veras
1877 4106 1973 4161 Dei
2002 4106 2086 4160 di-

505 4176 664 4231 vitias
709 4192 817 4230 non
869 4175 1172 4245 requirunt,
1204 4184 1367 4245 atque
1409 4175 1635 4245 patriam
1683 4184 1937 4231 aeternam
1980 4192 2087 4232 non

509 4254 725 4311 amant,
764 4244 1016 4315 quoniam
1057 4245 1161 4299 hoc
1204 4244 1304 4299 sibi
1351 4244 1598 4300 sufﬁcere
1625 4245 1769 4313 quod
1799 4246 1956 4300 rebus
1985 4246 2088 4301 ful—

506 4318 723 4370 ciuntur
752 4315 1134 4385 temporalibus
1161 4322 1369 4385 putant.
1402 4316 1518 4370 Non
1548 4323 1629 4370 est
1657 4329 1786 4384 ergo
1815 4330 2007 4370 census
2033 4318 2086 4372 in

506 4333 723 4370 ciuntur
752 4333 857 4369 tem
899 4333 1134 4371 orannns
1161 4333 1369 4385 plllanl.
1404 4333 1518 4370 non
1548 4333 1629 4370 est
1657 4333 1786 4384 ergo
1815 4333 2007 4370 census
2033 4333 2086 4372 Ill

506 4384 751 4456 crimine,
773 4333 895 4456 ses
936 4385 1186 4456 atfectus,
1215 4394 1409 4441 cuncta
1454 4386 1596 4441 enim
1644 4395 1769 4456 sunt
1807 4387 1944 4440 bona
1968 4403 2087 4456 qua:

508 4454 744 4510 condidit
772 4454 931 4525 Deus.
984 4455 1089 4509 Sed
1118 4457 1208 4524 qui
1239 4457 1397 4511 bonis
1440 4456 1581 4510 male
1608 4455 1795 4523 utitur,
1844 4454 2085 4525 profecto

508 4526 615 4593 agit
646 4531 703 4577 ut
730 4524 883 4592 quasi
914 4540 1009 4595 per
1034 4525 1313 4581 edacitatis
1341 4527 1625 4594 ingluviem
1654 4541 1722 4581 eo
1767 4524 1874 4595 quo
1902 4526 2085 4582 vivere

509 4595 696 4649 debuit
719 4609 857 4664 pane
918 4594 1195 4649 moriatur.
1229 4595 1438 4664 Pauper
1472 4596 1541 4650 ad
1585 4597 1823 4665 requiem
1853 4594 2084 4653 Lazarus

508 4674 750 4729 venerat,
805 4665 1097 4734 superbum
1140 4680 1269 4721 vero
1315 4666 1531 4720 divitem
1575 4672 1842 4721 tormenta
1878 4668 2085 4723 crucia-

510 4736 659 4799 bant;
689 4734 783 4790 sed
814 4743 991 4791 tamen
1020 4734 1167 4790 dives
1204 4734 1471 4790 Abraham
1501 4734 1675 4790 fuerat
1700 4737 1791 4805 qui
1821 4736 2084 4793 Lazarum

510 4806 561 4861 in
607 4806 734 4876 sinu
755 4806 1007 4873 tenebat,
1037 4806 1129 4876 qui
1159 4815 1337 4861 tamen
1367 4805 1575 4860 auctori
1603 4820 1701 4861 suo
1731 4807 2045 4876 colloquens
2064 4846 2079 4875 ,

510 4823 561 4861 m
607 4821 725 4861 smn
755 4820 973 4861 tenebat
991 4848 1007 4873 ,
1037 4820 1129 4929 qtn
1159 4820 1337 4861 tamen
1367 4820 1575 4860 auctori
1603 4820 1701 4861 suo
1731 4820 2045 4876 cottoquens
2064 4846 2079 4875 ,

510 4877 637 4958 dicit
669 4875 921 4958 :lllfoquar
948 4876 1018 4930 ad
1049 4878 1327 4958 “animum
1354 4892 1542 4958 meum,
1571 4892 1686 4958 Icum
1718 4878 1822 4958 sint
1838 4878 2007 4958 puluis
2032 4886 2083 4933 et

511 4948 637 5001 riuis
681 4946 834 5018 (Heu.
865 4963 1020 5013 xvut,
1048 4947 1163 5017 27).
1194 4946 1335 5018 Quid
1364 4947 1545 5016 itaque
1575 4946 1674 5018 iste
1701 4946 1913 5003 divitias
1955 4964 2081 5004 suas

509 5016 774 5073 aestimare
794 5018 1125 5088 noveratqui
1151 5017 1496 5085 semetipsum
1523 5016 1794 5086 pulverem
1815 5018 2080 5088 ciuerem-

510 5102 617 5157 que
655 5088 948 5158 pensabat?
996 5087 1103 5143 Aut
1138 5088 1411 5157 quomodo
1448 5103 1536 5144 res
1578 5088 1719 5141 hunc
1763 5087 2085 5143 extollerent

511 5157 775 5229 possessa:
802 5158 894 5229 qui
925 5158 993 5213 de
1019 5173 1079 5213 se
1103 5173 1321 5227 quoque
1346 5174 1531 5213 earum
1579 5157 1847 5229 videlicet
1868 5173 2084 5229 posses-

511 5227 634 5283 sore
664 5236 769 5283 tam
798 5227 1297 5299 a’bjectasentiret?
1320 5228 1546 5299 Superbi
1590 5227 1772 5299 itaque
1799 5227 1991 5299 divites
2030 5235 2087 5284 et

511 5299 636 5353 elati
658 5296 873 5354 venturi
904 5296 1108 5353 Judicis
1136 5296 1439 5367 respectum
1468 5314 1574 5353 non
1594 5298 1816 5365 habent,
1842 5298 1971 5351 dum
1991 5313 2084 5352 su-

513 5369 691 5438 perbis
716 5367 857 5439 apud
886 5383 944 5424 se
980 5366 1393 5439 cogitationibus
1421 5375 1647 5439 tument.
1678 5366 1951 5439 lloetergo
1986 5367 2087 5439 fuit

512 5437 655 5510 quod
681 5437 822 5510 hunc
840 5438 1141 5510 superbum
1169 5438 1388 5510 divitem
1420 5438 1643 5510 inferno
1680 5437 1929 5502 tradidit,
1958 5437 2086 5510 quia

514 5505 683 5578 iusua
713 5505 967 5564 felicitate
990 5508 1205 5563 timidus
1229 5524 1336 5566 non
1357 5508 1484 5575 fuit;
1513 5508 1637 5576 quia
1665 5515 1916 5578 percepta
1941 5507 2084 5564 dona

515 5574 582 5654 ad
611 5592 762 5654 usum
808 5578 1126 5654 arrogantiae
1165 5578 1400 5645 inﬂexit,
1440 5574 1568 5654 quia
1622 5574 1842 5654 viscera
1867 5578 2084 5654 pietatis

516 5646 812 5717 ignoravit;
841 5646 967 5717 quia
996 5657 1213 5717 peccata
1238 5664 1333 5704 sua
1362 5649 1643 5713 redimere,
1673 5648 1833 5702 etiam
1862 5663 1981 5705 cum
2012 5649 2085 5704 sic

518 5716 570 5770 bi
599 5714 895 5769 abundaret
921 5714 1169 5784 pretium,
1212 5719 1404 5774 noluit.
1444 5718 1577 5773 Sero
1604 5728 1781 5773 autem
1808 5718 1957 5774 dives
1980 5720 2083 5776 iste

517 5785 702 5856 oculos
727 5784 943 5856 elevans
966 5788 1194 5856 aperuit,
1223 5789 1437 5855 quando
1464 5786 1722 5841 Lazarum
1744 5788 2082 5856 requiescen-

521 5860 627 5913 tem
655 5854 806 5923 vidit,
832 5865 993 5927 quem
1014 5854 1281 5926 lactentem
1318 5865 1443 5920 ante
1480 5857 1700 5928 ianuam
1738 5854 1919 5919 videre
1946 5873 2079 5919 con-

2114 3187 2163 3252 C

2188 1908 2372 1982 tudine
2396 1909 2859 1978 constringuntur,
2893 1917 2952 1963 ut
2970 1910 3121 1982 nulla
3145 1908 3507 1982 ad'reprobos
3533 1928 3783 1982 compas-

2184 1979 2339 2051 sione
2364 1986 2707 2051 moveantur,
2730 1987 2786 2033 et
2814 1980 2980 2033 erecti
3000 1978 3113 2051 jam
3142 1996 3240 2050 per
3264 1978 3529 2051 justitiam
3548 1978 3744 2051 judicii
3764 2024 3780 2049 ,

2186 2048 2265 2121 eis
2288 2047 2599 2121 nullomodo
2629 2050 3004 2121 misereantur.
3035 2047 3782 2121 Ipsi'quippejudiciconeoré

2186 2117 2319 2173 dant
2344 2118 2429 2173 cui
2455 2117 2747 2192 intuerent,
2766 2126 2821 2174 et
2865 2119 2946 2192 eis
2987 2117 3508 2192 quosdripere'non
3559 2134 3780 2192 possunt

2187 2202 2289 2262 nec
2318 2202 2388 2243 ex
2416 2188 2785 2262 misericordia
2812 2188 3269 2257 condeécendunt,
3312 2192 3439 2262 quia
3469 2188 3687 2246 tantum
3716 2195 3777 2248 il-

2187 2256 2269 2313 los
2295 2267 2478 2332 tunca
2505 2273 2565 2312 se
2592 2258 2849 2313 videbunt
2870 2274 2989 2316 esse
3019 2256 3345 2325 extra-eus;
3366 2272 3579 2332 quanto
3604 2264 3675 2317 ab
3716 2279 3779 2320 eo

2189 2342 2350 2403 quem
2380 2328 2980 2403 diliguntauctoresuo
3005 2332 3344 2403 conspiciunt
3364 2328 3491 2387 esse
3513 2334 3775 2403 repulsos.

2189 2399 2329 2464 Quid
2357 2406 2537 2470 autem
2560 2398 2822 2470 mirumsi
2845 2400 2975 2455 dum
2999 2398 3482 2470 justi—injustorum
3512 2398 3776 2459 tormenta

2189 2468 2557 2542 conspiciunt,
2590 2469 2695 2542 hoc
2721 2469 2801 2525 eis
2830 2468 3042 2525 eveniat
3066 2470 3119 2526 in
3146 2468 3405 2542 obsequio
3428 2472 3775 2541 gaudiorum,

2188 2538 2409 2610 quando
2438 2547 2493 2610 et
2520 2538 2573 2592 in
2603 2540 2811 2608 pictura
2837 2542 3177 2610 niger.color
3196 2538 3585 2607 substernitur,
3615 2552 3675 2597 ut
3700 2538 3776 2597 al;

2190 2608 2290 2663 bus
2300 2608 2384 2679 vel
2415 2608 2615 2679 rubens
2636 2610 2835 2665 clarior
2854 2608 3116 2667 videatur.
3139 2611 3268 2679 Sed,
3282 2612 3427 2667 sicut
3446 2612 3653 2668 dictum
3676 2622 3773 2678 est,

2189 2686 2343 2750 tanto
2370 2677 2529 2750 bonis
2568 2693 2666 2733 sua
2713 2680 2908 2749 gaudia
2956 2677 3308 2745 excrescunt,
3337 2691 3551 2750 quanto
3596 2677 3775 2738 eorum

2191 2748 2363 2805 oculis
2388 2748 2765 2821 damnatorum
2794 2751 2953 2821 imala
2995 2748 3380 2821 subterjacent.
3413 2751 3674 2819 Quamvis
3700 2755 3773 2807 eis

2190 2833 2290 2875 sua
2313 2818 2506 2888 gaudia
2534 2819 2692 2888 plene
2716 2819 2988 2875 sufficiant
3013 2821 3080 2876 ad
3105 2818 3515 2889 perfruendum,
3539 2824 3677 2877 mala
3701 2833 3774 2877 ta-

2191 2904 2317 2973 men
2363 2890 2717 2973 reprohorum
2734 2960 2746 2971 θ
2767 2892 2989 2973 absque_
3016 2891 3179 2973 dubito
3209 2906 3424 2973 semper
3446 2894 3738 2973 aspiciunt
3759 2932 3776 2959 ,

2190 2959 2315 3027 quia
2343 2974 2465 3013 cum
2504 2958 2776 3015 Creatoris
2812 2958 2895 3015 sui
2942 2960 3241 3017 claritatem
3280 2958 3497 3030 vident,
3535 2958 3680 3017 'nihil
3725 2958 3776 3020 in

2190 3036 2437 3102 creatura
2484 3030 2660 3102 agitur
2689 3030 2830 3100 quod
2859 3030 3042 3087 videre
3086 3047 3195 3087 non
3234 3041 3479 3102 possunt.
3513 3031 3773 3088 Prmterea

2191 3098 2414 3177 dejpsis
2433 3098 2721 3177 animabus
2739 3102 3014 3156 sciendum
3041 3110 3128 3157 est
3154 3098 3412 3177 quoniam
3448 3103 3589 3177 sicut
3614 3103 3651 3158 ii
3678 3106 3771 3177 qui

2194 3168 2373 3241 adhuc
2395 3169 2641 3226 viventes
2662 3179 2788 3225 sunt
2808 3178 3142 3228 mortuorum
3162 3168 3370 3228 animas
3394 3189 3501 3241 quo
3524 3173 3647 3229 loco
3677 3168 3775 3228 lia-

2189 3239 2421 3309 beantur
2449 3241 2733 3309 ignorant,
2774 3243 2847 3296 ita
2876 3245 3075 3297 mortui
3102 3242 3267 3297 vitam
3306 3244 3357 3298 in
3397 3239 3559 3298 carne
3586 3243 3771 3299 viren-

2190 3308 2324 3363 tium
2355 3308 2487 3381 post'
2510 3326 2604 3365 eos
2625 3308 2857 3381 qualiter
2883 3312 3200 3381 disponatur
3228 3312 3496 3376 nesciunt,
3545 3313 3671 3380 quia
3700 3322 3762 3368 et

2187 3382 2299 3452 vita
2323 3380 2540 3450 spiritus
2569 3380 2730 3451 longe
2757 3390 2844 3437 est
2864 3397 2895 3436 a
2918 3380 3025 3436 vita
3045 3384 3251 3450 carnis;
3280 3392 3331 3439 et
3351 3383 3486 3438 sicut
3498 3396 3767 3452 corporea

2189 3459 2245 3505 et
2271 3450 2592 3521 incorporea
2621 3450 2835 3508 diversa
2863 3461 2987 3507 sunt
3008 3466 3207 3521 genere
3228 3490 3245 3518 ,
3291 3456 3361 3508 ita
3390 3454 3551 3507 etiam
3577 3450 3773 3508 distin-

2188 3529 2275 3575 cta
2302 3521 2631 3589 cognitione.
2675 3522 2830 3590 Quod
2857 3530 3039 3578 tamen
3066 3522 3133 3577 de
3154 3524 3437 3578 animabus
3462 3523 3669 3578 sanctis
3689 3524 3774 3577 di-

2187 3591 2418 3663 cendum
2446 3608 2556 3663 non
2586 3600 2703 3657 est,
2734 3592 2859 3663 quia
2905 3607 3025 3662 quae
3061 3592 3206 3648 intus
3247 3594 3635 3663 omnipotentis
3681 3593 3775 3648 Dei

2188 3661 2693 3734 claritatemvident
2714 3661 2859 3718 nullo
2879 3663 3041 3718 modo
3047 3661 3414 3734 _credendum'
3440 3674 3526 3718 est
3551 3664 3676 3734 quia
3707 3665 3775 3718 sit

2189 3730 2321 3787 foris
2346 3732 2545 3803 aliquid
2573 3735 2715 3803 quod
2747 3733 3012 3803 ignorent.
3043 3731 3112 3785 Et
3138 3733 3416 3790 sciendum
3445 3730 3593 3801 quod
3622 3735 3773 3790 electi

2189 3810 2244 3856 et
2267 3804 2489 3871 perfecti
2515 3812 2800 3872 pestquam
2821 3804 2889 3859 de
2912 3803 3231 3874 corporibus
3256 3812 3564 3874 transeunt,
3582 3820 3776 3872 nequa-

2187 3887 2351 3940 quam
2380 3888 2474 3942 per
2502 3889 2772 3929 morarum
2800 3873 3023 3943 spatia,
3050 3874 3191 3943 sicut
3237 3873 3446 3943 antiqui
3487 3873 3703 3935 Patres,
3747 3889 3775 3928 a

2188 3944 2421 3998 caelestis
2450 3944 2633 4013 patrne
2662 3942 3008 4014 perceptione
3041 3942 3379 4014 differuntur.
3414 3942 3543 4014 Mox
3582 3946 3778 4014 quippe

2188 4021 2302 4066 uta
2328 4014 2505 4068 carnis
2531 4013 2877 4082 colligatione
2924 4022 3144 4078 exeunt,
3178 4013 3233 4068 in
3260 4013 3472 4069 cmlesti
3520 4013 3651 4067 sede
3698 4029 3778 4067 re-

2188 4083 2493 4152 quiescunt,
2525 4091 2815 4138 attestante
2844 4082 3032 4149 Paulo,
3057 4085 3149 4152 qui
3180 4085 3287 4138 ait:
3308 4085 3517 4139 Scimus
3538 4084 3775 4149 quoniam

2186 4154 2233 4206 si
2265 4155 2519 4207 terrestris
2548 4154 2733 4208 domus
2763 4163 2945 4209 nostra
2974 4154 3123 4209 huius
3150 4153 3487 4208 habitationis
3525 4154 3773 4207 dissolva-

2189 4231 2290 4289 tur,
2314 4225 2448 4293 quod
2471 4224 2868 4293 azdiﬁcatiouem
2911 4241 2976 4277 ea:
3003 4224 3119 4293 Deo,
3140 4224 3410 4293 habemus,
3438 4229 3775 4283 domuum!

2187 4292 2540 4365 manufactam
2570 4292 2819 4349 wtcrnam
2839 4296 2893 4348 in
2915 4296 3053 4348 caelis
3071 4292 3159 4365 (II
3182 4295 3300 4350 Cor.
3327 4311 3376 4361 v,
3406 4295 3480 4364 1).
3510 4293 3666 4350 Prius
3687 4310 3775 4349 au-

2188 4370 2299 4436 tem
2326 4379 2487 4433 quam
2518 4364 2848 4436 Redemptor
2873 4374 3056 4421 noster
3080 4364 3255 4421 morte
3281 4380 3389 4436 sua
3415 4366 3655 4436 humani
3684 4380 3774 4436 ge—

2189 4433 2332 4506 neris
2362 4449 2575 4506 poenam
2604 4433 2855 4501 solverct,
2886 4449 2981 4490 eos
3009 4435 3172 4490 etiam
3202 4435 3294 4506 qui
3322 4435 3563 4506 caelestis
3592 4434 3774 4506 patrie

2188 4502 2302 4557 vias
2332 4502 2524 4558 sectati
2553 4514 2695 4567 sunt,
2728 4514 2850 4575 post
2886 4518 3161 4573 egressum
3193 4502 3372 4561 carnis
3402 4502 3607 4560 inferni
3629 4505 3776 4560 clan-

2114 4564 2166 4626 D
2189 4580 2300 4628 stra
2323 4581 2631 4646 tenuerunt,
2661 4564 2771 4631 non
2794 4586 2851 4646 ut
2872 4564 3025 4645 ptius
3054 4576 3207 4644 quasi
3230 4590 3548 4646 peccatores
3576 4576 3775 4645 plecte-

2190 4652 2294 4716 ret,
2325 4645 2421 4699 sed
2463 4652 2527 4716 _ut
2574 4660 2669 4701 eos
2715 4646 2768 4699 in
2814 4645 3374 4716 locis_remotioribus
3413 4647 3774 4716 quiescentes,

2190 4713 2317 4781 quia
2345 4713 2571 4769 necdum
2595 4715 2907 4772 intercessio
2929 4713 3238 4771 Mediatoris
3259 4713 3576 4783 advenerat,
3601 4716 3674 4771 ab
3703 4719 3774 4771 in-

2187 4797 2375 4852 gressu
2402 4786 2571 4856 regni
2601 4796 2780 4856 reatus
2812 4786 2997 4856 prima:
3034 4784 3205 4855 culpae
3246 4786 3579 4855 prohiberet.
3626 4785 3774 4841 Unde

2182 4858 2337 4924 juxta
2364 4854 2602 4925 ejusdem
2628 4854 3004 4925 Redemptoris
3034 4854 3205 4911 nostri
3248 4854 3626 4912 testimonium
3649 4900 3664 4923 ,
3696 4857 3775 4911 di-

2187 4939 2279 4980 ves
2306 4927 2398 4994 qui
2427 4926 2567 4995 apud
2597 4925 2795 4981 inferos
2815 4934 3097 4995 torquetur
3118 4926 3173 4981 in
3196 4926 3315 4982 sinu
3341 4926 3571 4980 Abraha:
3601 4925 3771 4980 Laza-

2188 5010 2307 5067 rum
2340 4996 2677 5067 requiescere
2699 4997 3115 5067 contemplatur.
3140 4995 3240 5062 Qui
3268 4998 3512 5066 profecto
3534 4996 3578 5067 si
3598 4996 3776 5051 adhuc

2187 5064 2242 5137 in
2258 5066 2392 5137 imis
2416 5081 2523 5137 non
2551 5075 2752 5131 essent,
2785 5064 3003 5137 hosille
3029 5066 3085 5121 in
3114 5064 3398 5121 tormentis
3424 5066 3639 5137 positus
3669 5082 3774 5119 non

2187 5134 2411 5190 videret.
2446 5135 2595 5192 Unde
2624 5145 2679 5192 et
2705 5137 2845 5192 idem
2873 5135 3205 5206 Redemptor
3228 5134 3545 5204 noster—pro
3576 5145 3775 5190 nosme

2188 5205 2358 5275 culpa:
2383 5206 2564 5261 debito
2611 5208 2962 5272 occumbens,
2992 5205 3200 5261 inferna
3229 5212 3472 5275 penetrat
3493 5243 3512 5271 ,
3554 5213 3617 5259 ut
3648 5220 3774 5259 suos

2185 5274 2277 5356 qui
2306 5275 2355 5330 ei
2384 5276 2705 5356 inhaeserant
2733 5278 2799 5332 ad
2825 5277 2991 5356 cretes
3016 5274 3295 5356 _reducat._
3325 5275 3432 5332 Sed
3472 5290 3585 5356 quo
3627 5289 3767 5356 nunc

2184 5342 2348 5417 homo
2377 5346 2689 5416 redemptus
2716 5347 2984 5413 ascendit,
3014 5346 3142 5401 illuc
3167 5344 3410 5417 profecto
3451 5342 3509 5400 si
3539 5354 3769 5416 peccatu

2185 5413 2447 5472 noluisset
2474 5413 2639 5473 etiam
2662 5418 2781 5474 sine
2804 5413 3184 5489 redemptione
3200 5413 3552 5487 pertingth

2258 5530 2387 5587 Cur.
2427 5528 2613 5587 LXIX.
2644 5562 2717 5574 —
2742 5528 2902 5585 Pater
2949 5529 3248 5597 Abraham,
3298 5529 3550 5585 miserere
3600 5530 3706 5582 uti

2724 5599 2873 5674 (Luc.
2924 5616 3014 5656 xvr
3036 5642 3053 5669 ,
3098 5599 3213 5671 24).

2255 5716 2313 5771 In
2356 5715 2583 5787 exposit.
2618 5714 2679 5769 Β.
2727 5712 2858 5787 Job,
2903 5712 2996 5787 lib.
3034 5728 3169 5787 t,_n_.
3200 5710 3522 5787 t<l;__Regul.
3565 5720 3763 5787 pastor.

2224 5796 2327 5843 art.
2352 5780 2444 5857 ιιιξ
2457 5803 2577 5858 cap.
2609 5787 2708 5852 i9;
2733 5786 2786 5858 in
2813 5780 3042 5858 exposit.
3060 5783 3122 5838 Β.
3140 5783 3261 5858 .Iob,
3279 5782 3372 5858 lib.
3398 5797 3551 5846 xuu,
3570 5780 3629 5835 n.
3653 5780 3763 5848 30.)

2231 5871 2332 5918 ene
2381 5852 2598 5931 semper
2638 5857 2825 5930 epulas
2869 5852 3111 5927 sequitur
3147 5852 3445 5925 loquacitas
3468 5894 3486 5921 ,
3536 5864 3762 5921 cumque
