3996 6346
244 325 381 386 i225

606 318 860 382 ALULFI
896 316 1260 377 EXPOSITIO
1298 316 1449 375 VET.
1492 315 1583 374 ΕΤ
1621 314 1780 372 NOV.
1824 310 2016 370 TEST.
2057 300 2126 356 J—
2163 314 2315 373 SUP.
2359 316 2614 389 EVANG.
2654 316 2800 374 δερ.
2844 315 3105 377 ιυοΑιι;

242 446 430 495 venter
457 434 702 507 reficitur
751 433 929 507 lingua
964 432 1307 507 disfrenatur.
1359 427 1831 507 Nisiuenimugula;
1860 434 1907 487 Α
1937 428 2225 500 metipsum
2256 433 2968 507 reparareoperandonon
2996 441 3183 507 posset
3208 446 3537 507 agnoverat;

244 508 455 582 deditos
479 496 1607 582 immoderatailoquacitas_raperet,.divcs
1628 496 1721 555 ille
1738 496 1832 582 qui

244 580 490 650 epulatus
510 577 752 645 quotidie
777 575 1055 646 splendide
1083 573 1300 650 dicitur,
1333 576 1383 628 in
1416 573 1594 650 lingua
1622 573 1836 650 gravius

166 642 192 703 εἶ
244 642 351 705 non
383 642 620 714 arderet,
652 663 753 702 nec
779 642 974 717 aquam
995 654 1224 717 peteret,
1254 649 1466 701 dicens:
1492 647 1649 698 l’ater
1670 642 1835 697 Abra-

163 763 169 770 .
242 721 383 784 Iram,
407 720 649 773 miserere
674 719 795 779 mei,
827 716 873 773 et
902 719 1045 772 mitte
1068 716 1323 771 Lazarum
1348 726 1401 769 ut
1423 717 1643 786 ittlingal
1665 724 1837 768 extre-

166 808 175 842 :
243 807 381 866 mum
406 790 556 866 digiti
584 790 737 866 sui-in
761 806 967 866 aquam,
1000 799 1053 841 ut
1082 790 1350 866 refrigeret
1377 788 1607 866 linguam
1630 799 1833 866 meam:

242 862 363 927 quia
412 856 615 915 crucior
663 862 716 914 in
763 856 860 914 hac
896 856 1364 928 ﬂamma.'Quihus
1392 856 1634 928 profecto
1658 856 1837 928 verbis

172 960 176 964 θ
240 930 545 989 ostenditur
576 932 711 1011 quia.
731 927 1272 1011 epulandoquotid‘ie
1303 927 1543 1011 crebrius
1572 929 1623 982 in
1655 927 1837 1009 lingua

240 1001 711 1079 peccaverat,_qui
747 1001 1117 1079 _totus_ardens
1146 1001 1453 1079 refrigerari
1485 1014 1542 1055 se
1567 1001 1837 1079 praecipue

240 1072 505 1145 inglingua
529 1070 859 1145 requirebat.
896 1071 1051 1127 Prius
1079 1074 1280 1145 quippe
1309 1072 1558 1145 epulatus
1595 1070 1838 1139 quotidie

240 1089 297 1128 in
325 1089 396 1127 nn
438 1089 505 1126 ua
529 1089 859 1142 requirebat.
896 1089 1051 1127 rrtus
1079 1089 1280 1145 quippe
1309 1089 1555 1141 epulatus
1595 1089 1838 1139 quouuie

238 1089 521 1213 splendide
543 1143 769 1209 dicitur;
800 1152 855 1198 et
876 1152 999 1215 post
1027 1157 1221 1216 aquam
1245 1153 1431 1216 petere
1452 1143 1504 1196 in
1528 1141 1704 1216 lingua
1726 1154 1839 1216 rne-

238 1210 488 1286 moratur
508 1232 543 1286 _:
578 1216 700 1286 quia
730 1210 898 1282 enim,
931 1227 992 1271 ut
1016 1210 1267 1281 diiimus,
1300 1214 1441 1286 inter
1468 1213 1666 1286 epulas
1682 1210 1839 1266 valde

237 1283 480 1340 deﬂuere
507 1283 812 1355 loquacitas
838 1287 1007 1353 solet,
1037 1301 1107 1342 ex
1135 1302 1292 1357 paena
1339 1285 1541 1357 indicat
1583 1284 1794 1357 culpam
1818 1321 1835 1346 9

237 1370 360 1427 cum
388 1370 515 1411 eum
539 1352 699 1424 quem
723 1352 997 1427 epulatum
1040 1352 1318 1427 splendide
1346 1355 1558 1427 Veritas
1587 1352 1835 1427 dixerat,

235 1425 294 1498 in
325 1426 506 1497 lingua
537 1428 659 1498 plus
703 1425 899 1484 ardere
929 1425 1263 1498 perhibebat.
1297 1427 1363 1482 Hi
1389 1426 1481 1495 qui
1512 1425 1839 1498 chordarum

240 1497 587 1577 harmoniam
616 1497 951 1570 temperant,
998 1508 1145 1577 tanta
1178 1501 1316 1577 hanc
1356 1497 1837 1577 arte__dispensa_nt,

236 1577 297 1640 ut
327 1569 648 1638 plerumque
673 1567 797 1625 cum
820 1586 927 1625 una
958 1572 1213 1640 tangitur,
1247 1570 1406 1639 longe
1435 1568 1539 1640 alia
1567 1583 1636 1622 ex
1658 1567 1841 1640 multis

238 1637 693 1713 interiacentibus
714 1641 890 1713 posita
914 1637 1119 1713 chorda
1142 1637 1438 1713 quatiatur.
1468 1638 1715 1710 Cumque
1737 1638 1839 1693 ista

236 1712 720 1784 sonitumreddit,
755 1712 992 1784 illaqute
1038 1712 1090 1767 in
1107 1712 1321 1784 neodem
1349 1720 1510 1784 cantu
1543 1718 1838 1779 temperata

235 1788 324 1854 est
342 1782 462 1837 aliis
488 1782 837 1854 impercussis
864 1780 1068 1839 tremit.
1097 1783 1187 1838 Sic
1218 1798 1347 1851 ergo
1374 1780 1650 1852 Scriptura
1684 1795 1839 1854 sacra

239 1851 665 1932 plerumque'de
682 1855 988 1932 virtutibus.
1019 1855 1099 1909 sic
1117 1854 1184 1932 de
1204 1851 1508 1932 vitiisagit,
1528 1863 1587 1907 ut
1610 1851 1841 1932 damula:

234 1922 458 1991 quendo
476 1921 631 1979 aliud
652 1926 913 1993 insinuat,
946 1926 1175 1980 tacendo
1199 1925 1341 1978 aliud
1357 1921 1680 1980 innotescat.
1702 1921 1843 1993 Nihil

234 1993 386 2047 enim
418 2003 611 2050 contra
633 1996 856 2052 divitem
900 1992 972 2051 de
1002 1997 1331 2064 loquacitate
1360 2002 1713 2057 memoratur,
1743 1992 1841 2048 sed

234 2064 368 2135 dum
402 2080 562 2134 pinna
594 2067 645 2121 in
696 2066 877 2135 lingua
914 2066 1131 2129 dicitur,
1160 2081 1281 2135 qua:
1320 2068 1373 2120 in
1422 2066 1673 2120 convivio
1704 2064 1845 2118 inter

234 2133 378 2190 alias
403 2133 617 2203 gravior
646 2133 828 2202 fuerit,
862 2136 1019 2206 culpa
1048 2133 1399 2193 monstratur.
1430 2136 1720 2192 Videamus
1747 2150 1845 2206 au-

237 2211 352 2277 tem
401 2222 544 2277 nunc
588 2207 827 2277 inopiam
858 2205 1041 2263 divitis
1085 2208 1323 2263 ardentis
1362 2207 1516 2276 cujus
1556 2216 1703 2260 tanta
1744 2205 1846 2259 fuit

238 2276 576 2332 abundantia
604 2276 891 2347 epulantis.
919 2279 1007 2333 Ait
1036 2282 1179 2333 enim
1210 2296 1223 2331 :
1251 2278 1413 2332 Pater
1433 2279 1718 2343 Abraham,
1743 2278 1844 2329 mi-

234 2361 415 2421 serere
440 2349 561 2421 mei,
592 2359 641 2403 et
664 2350 809 2404 mitte
835 2348 1096 2403 Lazarum
1123 2357 1180 2403 ut
1198 2350 1424 2421 intingat
1444 2359 1732 2404 extremum
1762 2348 1846 2421 di-

234 2417 337 2486 giti
367 2420 449 2491 sui
473 2420 526 2472 in
557 2436 745 2489 aquam
764 2462 778 2485 ,
807 2429 863 2473 ut
901 2423 1174 2491 refrigeret
1216 2417 1451 2491 linguam
1478 2436 1646 2474 meam
1674 2435 1692 2471 :
1723 2420 1843 2491 quia

238 2489 449 2561 crucior
481 2492 537 2544 in
568 2495 663 2544 hac
692 2492 925 2561 ﬂamma.
959 2489 1165 2559 Quibus
1193 2489 1372 2561 verbis
1413 2491 1568 2547 nobis
1596 2506 1705 2544 non
1735 2489 1844 2561 hoc

238 2555 603 2630 innotescitur
630 2555 755 2630 quia
786 2563 895 2618 illic
944 2555 1002 2617 in
1043 2570 1195 2617 tanto
1222 2560 1418 2617 ardore
1448 2577 1553 2616 una
1601 2570 1729 2617 tunc
1773 2560 1842 2614 ad

239 2629 935 2712 sttﬂicientiamfefrigerii
983 2649 1137 2712 aqum
1182 2633 1323 2688 stilla
1366 2634 1699 2712 requiratur,

235 2702 387 2773 quod
419 2704 466 2757 is
505 2703 598 2773 qui
630 2703 699 2757 de
727 2704 1057 2759 abundantia
1086 2715 1408 2772 peccaverat
1448 2704 1555 2757 illic
1590 2702 1843 2757 aestuanti

239 2772 407 2827 nimis
436 2772 708 2828 cremetur
734 2774 935 2829 inonia.
960 2773 1218 2829 Videmus
1245 2776 1388 2827 enim
1418 2774 1469 2827 in
1500 2774 1681 2828 verbis
1702 2773 1843 2826 divi-

240 2790 407 2827 mmts
436 2790 708 2828 cremetur
734 2790 822 2827 mo
866 2790 935 2829 ra.
968 2790 1218 2829 videmus
1245 2790 1388 2827 enim
1418 2790 1469 2827 ιιι
1500 2790 1681 2828 vernis
1702 2790 1843 2826 orvi-

240 2841 332 2906 tis,
357 2856 430 2899 ex
459 2842 811 2923 subtilissima
828 2790 926 2923 ﬁci
947 2843 1175 2923 indicio,
1206 2860 1369 2914 quam
1399 2858 1593 2923 magna
1616 2844 1713 2923 tali
1736 2843 1845 2923 eul-

241 2926 326 2981 pae
355 2929 515 2983 poena
547 2914 905 2983 responderit.
948 2912 1157 2984 Agente
1207 2912 1436 2979 namque
1482 2912 1686 2983 inopia,
1734 2912 1846 2967 illic

242 2997 420 3052 usque
449 2985 519 3039 ad
560 2986 782 3040 minima
826 2987 1059 3055 petenda
1107 2984 1422 3053 compulsus
1471 2993 1581 3049 est,
1633 2984 1725 3052 qui
1755 2984 1845 3055 hic

238 3066 441 3125 agente
469 3056 680 3111 tenacia
728 3054 900 3125 usque
927 3057 994 3111 ad
1043 3058 1288 3125 neganda
1319 3056 1540 3110 minima
1570 3054 1841 3124 pervenit.

243 3121 383 3190 Quid
415 3127 577 3182 tribui
601 3121 870 3192 subtilius,
902 3127 1029 3196 quid
1055 3121 1346 3183 districtius
1368 3121 1588 3197 potest?
1620 3125 1843 3182 Guttam

240 3208 399 3263 aqua:
430 3198 586 3267 petiit
612 3198 705 3269 qui
734 3200 902 3254 micas
925 3200 1081 3269 panis
1108 3198 1345 3269 negavit.

238 3281 376 3361 Car.
411 3285 573 3342 LXX.
608 3288 981 3361 —-_Memento,
1014 3290 1116 3360 ﬁli,
1157 3306 1279 3361 quia
1333 3288 1469 3361 bona
1524 3291 1761 3360 recepisti
1787 3291 1844 3345 in

313 3360 419 3413 vita
447 3368 558 3425 tua,
581 3368 631 3415 et
656 3357 889 3415 Lazarus
911 3357 1149 3415 similiter
1170 3357 1314 3415 mala
1341 3360 1492 3433 (Luc.
1518 3378 1625 3426 xvr,
1640 3357 1767 3432 ’25).

316 3450 410 3524 (In
440 3452 674 3524 expositi.
708 3453 769 3506 Β.
799 3452 922 3517 Job,
974 3454 1068 3509 lib.
1119 3470 1174 3519 v,
1205 3470 1353 3509 num.
1404 3454 1490 3524 l.)
1522 3456 1656 3510 Cum
1688 3454 1843 3512 valde

242 3520 459 3575 occulta
500 3520 607 3577 Sint
634 3523 809 3577 divina
836 3523 1057 3590 judicia,
1084 3540 1181 3579 cur
1218 3526 1270 3579 in
1327 3526 1428 3579 hac
1454 3520 1564 3580 vita
1593 3541 1842 3581 nonnun-

242 3602 407 3659 quam
436 3591 594 3645 bonis
622 3594 763 3647 male
785 3594 872 3658 sit,
904 3603 961 3648 et
989 3594 1143 3648 malis
1172 3594 1312 3651 bene
1337 3612 1352 3661 ;
1384 3603 1513 3650 tunc
1542 3597 1841 3652 occultiora

240 3668 393 3726 sunt,
423 3677 543 3716 cum
567 3671 623 3717 et
650 3663 806 3718 bonis
833 3665 920 3719 hic
949 3664 1088 3719 bene
1108 3672 1209 3727 est,
1245 3676 1300 3719 et
1328 3666 1483 3721 malis
1512 3666 1673 3721 male.
1707 3667 1841 3722 Nam

242 3744 367 3802 cum
393 3733 551 3788 bonis
578 3734 668 3789 hic
704 3734 846 3787 male
895 3744 977 3788 est
1005 3743 1061 3789 et
1108 3736 1263 3792 malis
1290 3738 1446 3802 bene,
1479 3737 1584 3791 hoc
1614 3739 1843 3794 fortasse

245 3799 674 3876 deprehenditur
717 3805 843 3875 quia
874 3814 929 3860 et
971 3806 1095 3859 boni
1129 3808 1173 3859 si
1219 3823 1323 3875 qua
1378 3799 1724 3876 deliquerunt
1752 3808 1843 3865 hic

242 3874 527 3943 recipiunt,
560 3883 619 3948 ut
643 3876 711 3948 ab
738 3874 941 3931 aeterna
985 3876 1198 3948 plenius
1225 3874 1573 3948 damnatione
1602 3880 1842 3935 liberen-

244 3950 365 4017 tur;
399 3953 455 3998 et
494 3947 619 4000 mali
652 3947 813 4017 bona
844 3965 963 4017 qua:
987 3947 1088 4011 pro
1120 3948 1222 4004 hac
1248 3949 1358 4002 vita
1388 3947 1592 4003 faciunt
1621 3950 1707 4005 hic
1752 3952 1839 4008 in-

243 4016 495 4091 veniunt,
517 4024 575 4069 ut
599 4016 669 4069 ad
694 4018 823 4091 sola,
840 4016 893 4091 in
916 4028 1191 4091 posterum
1224 4028 1491 4075 tormenta
1520 4022 1843 4091 pertraban-

246 4089 352 4161 t_u_r.
377 4083 531 4161 Unde
547 4093 602 4140 et
620 4087 827 4161 ardenti
842 4089 895 4141 in
916 4083 1127 4161 inferno
1144 4090 1292 4145 diviti
1311 4083 1536 4161 dicitur?
1559 4091 1840 4161 Memento,

244 4153 351 4229 liti,
369 4157 489 4229 quia
510 4159 745 4229 recepisti
776 4156 912 4213 bona
930 4160 984 4213 in
1006 4160 1109 4214 vita
1131 4169 1239 4229 tua,
1269 4172 1321 4214 et
1348 4160 1583 4217 Lazarus
1604 4153 1843 4221 similiter

245 4227 408 4281 mala.
430 4227 638 4300 Atcum
661 4228 816 4283 bonis
844 4230 933 4286 hic
960 4233 1098 4285 bene
1110 4227 1291 4297 est,et
1312 4234 1466 4288 malis
1478 4234 1636 4300 male,
1663 4237 1841 4293 incer-

243 4302 359 4351 tum
388 4298 543 4376 valde
570 4309 653 4376 est
684 4308 861 4376 utrum
891 4301 1020 4376 boni
1047 4303 1250 4357 idcirco
1280 4304 1423 4360 bona
1467 4298 1736 4376 accipiant
1784 4317 1843 4363 ut

242 4369 626 4445 provocatiad
652 4369 855 4445 aliquid
886 4375 1078 4429 melius
1104 4387 1371 4443 crescant,
1403 4392 1470 4429 an
1496 4369 1643 4445 justo
1669 4378 1843 4435 laten-

245 4439 395 4515 tique
439 4439 639 4515 judicio
688 4442 775 4495 hic
816 4458 1036 4499 suorutn
1085 4460 1310 4515 operum
1344 4439 1840 4505 remunerationem

244 4504 569 4585 percipiant,
614 4519 668 4585 ut
696 4527 738 4585 a.
760 4515 988 4585 praemiis
1010 4504 1139 4585 viae
1182 4517 1456 4584 sequentis
1501 4504 1838 4585 inanescant,

246 4528 569 4573 pcruptaut,
614 4528 668 4558 υῑ
696 4528 724 4563 a

246 4588 303 4629 et
330 4584 509 4628 utrum
533 4575 703 4629 malos
728 4528 789 4630 id:

246 4645 527 4728 suppliciis
553 4647 872 4728 corrigendo
900 4649 1207 4728 defendant:
1243 4655 1322 4728 An
1348 4645 1434 4712 ιιίά
1463 4674 1653 4713 eorum
1683 4676 1842 4728 pugna

246 4717 493 4786 incipiat,
544 4727 601 4771 ut
649 4722 975 4788 quandoque
1024 4720 1347 4788 complenda
1402 4738 1499 4777 eos
1551 4728 1617 4776 ad
1658 4717 1845 4783 u'Itima

246 4793 509 4862 gehenna:
538 4798 805 4844 tormenta
849 4792 1125 4860 perducat.
1156 4791 1338 4847 Sancti
1382 4794 1543 4862 igitur
1571 4795 1690 4859 viri,
1721 4811 1845 4852 cum

247 4860 967 4936 sibisuppetereprospera
1018 4862 1177 4932 hujus
1233 4860 1424 4936 mundi
1479 4866 1842 4936 conspiciunt,

284 4930 440 4985 avida
496 4930 803 4999 suspicione
840 4930 1166 4997 turbantur;
1220 4934 1412 4989 timent
1456 4930 1631 4989 enim'
1659 4951 1727 4992 ne
1754 4930 1845 4994 hic

267 5002 500 5079 abortum
524 5016 753 5079 suorum
800 5000 1008 5079 fructus
1062 5004 1344 5079 recipiant,
1375 5005 1566 5079 timent
1597 5022 1665 5063 ne
1697 5010 1843 5079 quod

249 5069 431 5144 divina
483 5072 687 5141 iustitia
738 5072 913 5129 latens
958 5074 1011 5128 in
1050 5074 1130 5130 eis
1176 5069 1365 5130 iulnus
1392 5077 1636 5144 aspiciat,
1663 5069 1843 5137 et'ex-

247 5143 539 5268 teriilort'ibus
588 5158 683 5200 eos
727 5145 1041 5201 muneribus
1092 5146 1375 5203 cumulans
1417 5143 1486 5203 ab
1514 5143 1717 5206 intimis
1755 5166 1846 5209 re-

249 5227 317 5268 ne
361 5230 390 5267 a
421 5253 436 5268 .
1681 5242 1685 5246 ’

249 5222 436 5284 pellat.
1681 5242 1685 5246 ’

246 5303 379 5361 Car.
410 5304 689 5381 LXXI._——
714 5307 859 5379 Rogo
879 5318 948 5376 te,
972 5322 1120 5381 pater
1139 5312 1423 5380 Abraham,
1442 5324 1499 5369 ut
1528 5316 1702 5371 mittas
1728 5333 1845 5373 eum

497 5380 551 5433 in
582 5378 980 5451 domum’patris'
997 5385 1098 5438 mei
1130 5383 1295 5455 (Luc.
1323 5378 1435 5456 xvi,
1457 5385 1582 5458 27).

330 5470 704 5549 lln__e_xp‘osit.
753 5471 815 5527 Β.
870 5471 989 5537 Job,
1048 5474 1142 5530 lib.
1186 5492 1298 5540 vm,
1331 5495 1387 5533 ιι.
1417 5476 1507 5545 29,
1553 5487 1609 5534 et
1633 5478 1726 5536 lib.
1758 5496 1836 5549 ix,

255 5546 406 5618 l_ttt_ttl.
437 5540 589 5612 till.)
619 5540 909 5611 Postquam
938 5555 1147 5618 tempus
1174 5549 1297 5603 vitm
1326 5540 1607 5618 praesentis
1628 5540 1840 5607 abscin;

254 5603 431 5692 detur,
462 5603 797 5692 nequaquam
828 5603 1146 5692 reprohi'et
1178 5603 1602 5692 peccatores—ad
1632 5603 1836 5692 opera-

254 5679 457 5761 tipnem
484 5679 848 5761 promerendae
889 5679 1071 5741 'veuite
1097 5679 1320 5743 ulterius
1349 5679 1705 5761 revertentur,
1736 5709 1837 5750 nec

254 5742 321 5797 ad
372 5742 669 5826 adhibenda
726 5766 867 5826 recta
922 5771 1087 5826 opera
1129 5742 1711 5819 τενσέέιὶιὶιιίιὶἑῖ
1736 5742 1837 5822 “es;

252 5817 400 5887 quod
426 5815 576 5874 dives
598 5834 757 5887 quem
787 5815 978 5882 inferni
1026 5828 1238 5886 ﬂamma
1264 5815 1557 5905 cruciabat,
1576 5815 1718 5905 quia
1744 5815 1835 5894 si;

655 5913 922 5977 ΡΑτιιοι..
960 5922 1261 5985 LXXIX.

1868 1823 1918 1884 B

782 4583 929 4665 circo
953 4584 1183 4665 adversa
1210 4583 1425 4665 feriant,
1451 4595 1511 4641 nt
1535 4590 1602 4641 ab
1623 4583 1842 4645 aeternis
1868 4602 1924 4665 υ

1941 515 2064 554 nam
2094 516 2430 577 nequaquam
2474 501 2596 577 sibi,
2626 504 2718 558 sed
2749 501 2953 559 relictis
2995 501 3541 577 fratribus'p'rodessé

1939 572 2242 643 satagebat,
2273 574 2458 629 dicens
2488 591 2499 626 :
2540 573 2681 643 Rogo
2714 584 2780 641 te,
2800 584 2947 643 pater
2974 572 3340 641 Aura/tamur
3360 581 3540 637 mittas

1937 658 2055 697 eum
2084 646 2137 697 in
2167 643 2374 697 domum
2401 646 2566 714 patris
2616 647 2735 699 mei.
2770 643 2818 700 Η
2827 645 2952 700 abeo
2980 647 3119 700 enim
3170 649 3390 719 quinque
3402 652 3540 772 [fra-
3636 682 3647 692 ο

1939 720 2065 772 tres,
2096 724 2151 767 ut
2184 724 2393 770 testetur
2417 716 2543 772 illis.
2576 733 2639 770 ne
2680 725 2727 769 et
2750 717 2849 772 insi
2876 717 3083 771 veniant
3106 718 3160 771 in
3192 718 3360 772 locum
3420 737 3541 772 tunc

1939 720 2065 774 tres,
2096 724 2151 767 ut
2184 724 2393 770 testetur
2417 716 2543 782 illis,
2576 733 2639 770 ne
2680 725 2727 769 et
2750 717 2849 786 ipsi
2876 717 3083 771 veniant
3106 718 3160 771 in
3182 716 3360 773 locum
3402 716 3541 777 [tunc

1941 793 2329 861 tormentorum.
2363 786 2514 842 Solet
2560 802 2797 861 namque
2851 796 3103 843 mlestum
3152 790 3387 861 animum
3416 807 3542 861 spes

1937 856 2025 928 vel
2052 855 2182 911 falsa
2216 857 2396 913 fovere
2416 876 2448 928 ;4
2480 858 2574 913 sed
2604 866 2661 912 ut
2690 873 2901 928 poenam
2952 874 3105 913 suam
3150 860 3366 926 reprobi
3419 855 3545 928 gra-

1941 926 2060 997 vius
2086 928 2340 991 sentiant,
2375 926 2539 983 etiam
2585 928 2655 983 de
2690 926 2847 983 venia
2875 944 3028 997 spem
3061 930 3335 986 amittunt.
3387 926 3544 991 Unde

1940 994 2173 1071 ﬂammis
2220 998 2802 1071 ultricibusgtraditus,
2852 994 2959 1054 non
2994 999 3116 1068 sibi,
3168 1013 3226 1056 ut
3283 1002 3538 1071 diximus,

1941 1069 2034 1143 sed
2066 1068 2319 1139 opitulari
2370 1070 2625 1125 fratribus
2654 1070 2982 1143 concupivit,
3014 1073 3139 1143 quia
3168 1087 3228 1128 se
3264 1068 3543 1143 nunquam

1943 1140 2102 1217 igneo
2149 1156 2335 1196 carere
2359 1150 2676 1217 tormento,
2707 1140 2964 1217 adjuncto
2994 1140 3545 1217 desperationis—sup-

1942 1210 2124 1281 plicio,
2178 1212 2418 1280 agnovit.
2477 1210 2567 1267 Sic
2596 1210 2812 1281 quoque
2867 1210 3125 1269 debemus
3179 1210 3545 1272 indubitanter

1943 1281 2175 1358 credere
2190 1283 2333 1358 quod
2364 1282 2533 1358 iniqui
2561 1292 2842 1358 postquam
2872 1282 3088 1338 teternis
3118 1282 3367 1358 damnati
3411 1302 3545 1358 sup—

1942 1352 2120 1424 pliciis
2148 1352 2365 1417 fuerint,
2396 1352 2471 1409 de
2485 1354 2797 1425 parentibus
2822 1362 2882 1425 et
2917 1355 3161 1423 cognatis
3202 1369 3257 1411 et
3285 1352 3546 1425 proximis

1943 1423 2074 1490 suis,
2091 1439 2240 1499 _quo_s
2259 1425 2614 1499 reliquerunt,
2637 1423 2976 1499 cogitabunt,
3007 1440 3133 1499 cum
3164 1442 3260 1496 per
3286 1423 3544 1499 semetip-

1942 1508 2058 1568 sam
2091 1495 2301 1568 Veritas
2339 1496 2483 1568 dicat
2510 1497 2635 1568 quia
2664 1495 2815 1568 dives
2833 1496 2929 1566 qui
2962 1496 3016 1551 in
3044 1495 3255 1568 inferno
3300 1495 3545 1568 sepultus

1943 1564 2122 1638 fuerat
2167 1566 2235 1621 de
2260 1567 2500 1636 quinque
2529 1564 2787 1623 fratribus
2814 1564 2952 1638 quos
2966 1567 3269 1638 reliquerat
3298 1564 3458 1624 etiam
3488 1572 3545 1627 in

1944 1636 2210 1707 supplicio
2234 1638 2440 1705 positus
2460 1652 2644 1693 curam
2688 1637 2928 1708 gerebat.
2965 1636 3234 1694 Prmterea
3265 1640 3545 1697 sciendum

1944 1708 2192 1777 estquod
2223 1709 2362 1777 ignis
2411 1708 2467 1764 in
2494 1708 2726 1777 inferno,
2756 1718 2813 1765 et
2860 1708 2930 1764 ad
2964 1710 3393 1766 consolationem
3434 1727 3547 1768 non

1946 1778 2110 1850 lueet,
2135 1787 2191 1835 et
2220 1789 2404 1837 tamen
2440 1788 2499 1836 ut
2543 1781 2716 1850 magis
2758 1788 3011 1849 torqueat
3036 1780 3104 1835 ad
3140 1782 3341 1850 aliquid
3375 1781 3544 1839 lucet.

1945 1849 2079 1922 Nam
2111 1866 2374 1922 sequaces
2419 1849 2665 1922 quosque
2692 1867 2821 1909 suos
2848 1866 3032 1907 secum
3070 1852 3123 1907 in
3157 1849 3427 1909 tormento
3453 1868 3545 1909 re-

1945 1921 2120 1992 probi,
2148 1919 2360 1977 ﬂamma
2392 1919 2716 1991 illustrante,
2742 1922 2908 1980 visuri
2929 1932 3077 1989 sunt,
3102 1938 3331 1992 quorum
3360 1937 3550 1981 amore

1942 1991 2308 2061 deliquerunt,
2358 2004 2627 2064 quatenus
2669 2009 2859 2048 eorum
2914 1994 3008 2062 qui
3054 1991 3217 2048 vitam
3255 1994 3550 2052 carnaliter

1944 2072 2134 2117 contra
2201 2074 2469 2134 praecepta
2523 2064 2832 2120 Conditoris
2886 2074 3222 2126 amaverunt,
3305 2066 3550 2136 ipsorum

1945 2148 2163 2202 quoque
2193 2135 2445 2190 interitus
2492 2150 2588 2190 eos
2610 2136 2665 2190 in
2707 2146 2999 2203 augmento
3028 2151 3140 2192 sua:
3185 2135 3550 2194 damnationis

1946 2204 2174 2277 affligat.
2215 2204 2369 2277 Quod
2416 2205 2661 2277 profecto
2708 2206 2811 2261 hoc
2840 2207 3032 2265 eodem
3084 2206 3378 2277 Evangelio
3410 2216 3551 2265 testo

1948 2275 2287 2344 collegimus,
2344 2276 2400 2331 in
2422 2275 2558 2345 quo,
2609 2275 2849 2332 Veritate
2903 2277 3203 2344 nuntiante,
3245 2275 3403 2334 dives
3456 2279 3551 2338 ille

1988 2360 2109 2399 uem
2134 2347 2363 2414 contigit
2411 2346 2480 2401 ad
2508 2350 2695 2403 aeterni
2734 2347 2968 2401 incendii
3012 2356 3281 2404 tormenta
3313 2350 3551 2407 descen-

1946 2361 2109 2469 3uem
2134 2361 2363 2414 contigit
2411 2361 2480 2401 aa
2508 2361 2695 2403 aeterni
2734 2361 2968 2401 incenan
3012 2361 3281 2404 tormenta
3313 2361 3551 2407 descen-

1969 2431 2096 2488 rerc,
2148 2418 2385 2488 quinque
2432 2418 2659 2473 fratrum
2713 2419 3038 2473 describitur
3087 2420 3411 2475 meminisse.
3444 2421 3553 2488 Qui

1946 2487 2220 2542 Abraham
2252 2488 2407 2554 petiit
2459 2497 2519 2543 ut
2559 2489 2626 2543 ad
2670 2503 2857 2543 eorum
2890 2490 3246 2544 eruditionem
3281 2487 3554 2549 Lazarum

1947 2558 2206 2633 mitteret,
2242 2575 2309 2633 ne
2330 2559 2569 2633 illucgeos
2596 2561 2923 2633 quandoque
2949 2563 3229 2633 venientes
3257 2574 3355 2632 par
3390 2578 3551 2633 pmna

1945 2630 2240 2684 cruciaret.
2273 2629 2375 2704 Qui
2403 2631 2569 2704 igitur
2596 2629 2663 2685 ad
2688 2629 2891 2704 doloris
2920 2631 3002 2685 sui
3027 2629 3299 2686 cumulum
3331 2629 3555 2704 propin-

1946 2714 2182 2772 quorum
2237 2702 2542 2772 absentium
2584 2701 2850 2762 meminit.
2888 2711 3119 2772 constat
3167 2701 3354 2772 procul
3381 2701 3548 2761 dubio

1946 2769 2077 2845 quia
2105 2785 2201 2825 eos
2248 2770 2316 2825 ad
2343 2779 2717 2845 augmentum;
2745 2770 2993 2845 supplicii
3024 2769 3185 2845 paulo
3213 2782 3337 2845 post
3368 2775 3554 2844 potuit

1950 2842 2114 2895 etiam
2138 2850 2430 2909 praesentes
2448 2840 2650 2895 videre.
2682 2840 2822 2908 Quid
2853 2840 3037 2895 autem
3072 2840 3268 2897 ntiruin
3296 2845 3339 2898 si
3364 2840 3553 2901 secum

1949 2925 2171 2981 quoque
2219 2913 2482 2980 reprobos
2530 2912 2761 2981 aspiciat
2808 2913 3059 2981 cremari,
3116 2915 3204 2982 qui
3250 2914 3316 2968 ad
3346 2916 3553 2972 doloris

1950 2982 2033 3053 sui
2065 2982 2339 3038 cumulum
2381 2998 2503 3053 eum
2535 2998 2698 3053 quem
2727 2983 3050 3051 despexerat
3092 2985 3146 3039 in
3170 2984 3291 3040 sinu
3322 2986 3554 3043 Abrahae

1951 3050 2220 3109 Lazarum
2272 3053 2441 3108 vidit?
2470 3052 2527 3109 Si
2552 3050 2689 3123 ergo
2719 3054 2768 3109 ei
2798 3050 2858 3108 ut
2886 3068 3044 3123 pretia
3075 3067 3347 3112 cresceret
3391 3068 3447 3114 et
3469 3060 3555 3114 vir

1951 3125 2155 3180 electus
2208 3126 2476 3197 apparuit,
2527 3141 2627 3180 cur
2679 3141 2787 3179 non
2842 3124 3173 3181 credendum
3214 3128 3458 3197 sitquod
3496 3132 3555 3187 in

1870 3217 1919 3281 ο
1951 3197 2218 3281 supplicio
2266 3197 2449 3281 videre
2494 3212 2587 3251 eos
2633 3197 2796 3251 etiam
2820 3211 2958 3281 quos
2993 3206 3181 3251 contra
3205 3196 3381 3281 _Deuin
3411 3199 3552 3258 dile-

1951 3266 2125 3341 gterat“
2150 3268 2363 3338 possit?
2408 3266 2525 3334 Qua
2554 3282 2638 3341 ex,
2667 3267 3053 3341 re‘colligitur
3078 3268 3366 3341 quodﬂeos
3415 3285 3555 3341 quos

1948 3337 2261 3394 inordinate
2288 3354 2432 3393 nunc
2463 3337 2677 3408 reprobi
2709 3338 2957 3407 diligunt,
2984 3337 3122 3394 miro
3144 3340 3333 3408 judicii
3360 3337 3553 3400 ordine

1946 3424 2135 3482 secum
2184 3419 2310 3465 tunc
2339 3410 2391 3463 in
2424 3409 2706 3464 tormentis
2752 3409 3032 3482 videbunt,
3061 3418 3118 3463 ut
3150 3424 3361 3480 poenam
3416 3427 3551 3482 pro-

1947 3480 2081 3551 pria:
2118 3482 2454 3553 upunitionis
2510 3488 2801 3553 exaggerct
2850 3479 2939 3553 illa
2996 3479 3207 3553 auctori
3259 3479 3551 3553 praepes“.

1947 3550 2181 3607 eamalis
2210 3552 2461 3621 cognatio
2507 3551 2622 3620 pari
2665 3559 2789 3605 ante
2816 3550 3004 3607 oculos
3043 3550 3550 3613 ultione’damnata.

2251 3663 2381 3719 Car.
2414 3662 2622 3719 LXXII.
2651 3694 2723 3706 —
2754 3661 2888 3719 Item
2912 3663 3050 3719 unde
3070 3680 3250 3735 supra.

2020 3776 2184 3858 (Dial.
2216 3777 2311 3858 lib.
2345 3793 2416 3858 ινο,
2442 3792 2564 3847 cap.
2737 3773 2890 3842 Quod
2919 3775 3050 3831 boni
3074 3774 3247 3858 bonos
3277 3776 3553 3858 in_regt_to,

1946 3856 2003 3905 et
2034 3846 2160 3902 inali
2190 3848 2359 3902 malos
2391 3848 2444 3901 in
2475 3846 2741 3917 supplicio
2771 3856 3137 3914 cognoscant,
3162 3847 3216 3902 in
3248 3846 3435 3905 verbis
3449 3846 3553 3906 do;

1947 3920 2155 3974 minicis
2181 3921 2299 3973 luce
2322 3920 2517 3973 clarius
2544 3927 2626 3973 est
2648 3917 3095 3973 demonstratum.
3122 3917 3181 3973 In
3204 3920 3396 3988 quibus
3423 3934 3550 3977 cum

1945 3990 2150 4070 dictum
2181 3998 2328 4070 esset
2358 3990 2499 4070 quod
2526 3998 2770 4070 mortuus
2799 3988 3063 4070 Lazarus.
3074 4000 3320 4070 portatus
3342 3999 3441 4070 est
3480 3991 3553 4047 ab

1947 4063 2152 4131 angelis
2178 4064 2233 4117 in
2262 4058 2389 4116 sinu'
2411 4059 2656 4125 Abrahae,
2685 4068 2741 4112 et
2770 4068 3019 4131 mortuus
3034 4058 3181 4113 dives
3203 4063 3444 4129 sepultus
3465 4070 3556 4117 est

1946 4130 2000 4187 in
2024 4126 2279 4195 inferno,
2313 4131 2656 4200 subjunctum
2688 4137 2770 4200 est
2796 4146 2807 4181 :
2843 4126 2943 4200 Qui
2972 4129 3177 4181 elevans
3224 4126 3399 4185 oculos
3426 4147 3553 4187 suos

1946 4220 2060 4258 cum
2083 4212 2213 4258 esset
2249 4205 2301 4257 in
2328 4198 2618 4272 tormentis,
2647 4198 3061 4272 vidithbraham
3088 4216 3121 4272 ᾳ
3150 4202 3322 4272 longe,
3363 4212 3413 4255 et
3437 4200 3554 4257 La-

1946 4292 2125 4329 zarum
2158 4276 2212 4329 in
2234 4278 2350 4328 sinu
2371 4273 2501 4343 ejus,
2533 4281 2579 4324 et
2605 4270 2976 4343 ipseclamans
3002 4269 3170 4324 dixit:
3198 4269 3361 4326 Pater
3379 4272 3556 4328 Abra-

1945 4346 2087 4411 ham,
2134 4347 2371 4399 miserere
2394 4339 2497 4397 mei
2514 4383 2529 4408 ,
2575 4339 2630 4395 et
2660 4341 2800 4393 mitte
2830 4339 3091 4394 Lazarum
3117 4352 3171 4395 ut
3200 4342 3422 4413 intin’gat
3451 4344 3553 4399 ear-

1947 4428 2163 4470 tremum
2204 4416 2352 4483 digiti
2410 4413 2490 4466 sui
2534 4414 2590 4466 in
2637 4427 2845 4482 aquam,
2901 4420 2947 4465 et
2991 4414 3261 4537 reérigeret
3316 4417 3553 4487 linguam

1947 4503 2112 4537 meam
2135 4504 2151 4537 :
2184 4488 2304 4537 auia
2328 4486 2531 4537 crucior
2558 4485 2611 4537 in
2642 4483 2739 4535 hac
2773 4487 3004 4537 ﬂamma.
3063 4484 3134 4537 ἰιι
3168 4484 3435 4537 Abraham
3463 4486 3549 4537 di-

1945 4503 2151 4568 meami
2184 4488 2304 4568 quia
2328 4486 2531 4568 crucior
2558 4485 2611 4537 in
2638 4483 2739 4564 [iac
2770 4487 3004 4568 ﬂamma:
3036 4483 3435 4567 Cui-Abraham
3463 4486 3549 4568 dif

1949 4560 2028 4611 xit
2056 4578 2064 4609 :
2099 4554 2232 4623 Fili,
2263 4556 2535 4609 recordare
2564 4554 2683 4625 quia
2712 4555 2948 4625 recepisti
2975 4554 3108 4609 bona
3135 4557 3187 4610 in
3218 4557 3321 4610 rita
3349 4568 3454 4620 tua,
3494 4562 3549 4612 et

1953 4626 2188 4682 Lazarus
2228 4627 2467 4681 similiter
2497 4629 2654 4698 mala.
2707 4625 2866 4679 Dives
2914 4634 3096 4681 autem
3127 4628 3198 4698 de
3222 4629 3402 4698 seipso
3428 4626 3544 4695 jam

1952 4714 2104 4768 spem
2152 4699 2338 4753 salutis
2367 4713 2475 4752 non
2506 4696 2743 4761 habens,
2776 4696 3547 4768 ad_promerendaui'suorum

1952 4766 2179 4822 salutem
2209 4768 2557 4831 convertitur,
2584 4768 2764 4822 dicens
2790 4784 2803 4819 :
2840 4766 2986 4837 Rogo
3010 4778 3077 4827 te,
3101 4778 3267 4837 pater,
3293 4778 3347 4819 ut
3372 4768 3549 4826 mittas

1950 4853 2066 4891 eum
2096 4841 2147 4892 in
2172 4839 2377 4892 donmm
2401 4840 2564 4906 patris
2592 4840 2689 4892 mei
2714 4854 2730 4891 .'
2754 4837 2917 4891 habeo
2933 4838 3308 4909 enimquinque
3327 4840 3546 4909 fratres,

1950 4916 2005 4960 ut
2045 4918 2256 4963 teatetur
2293 4909 2433 4974 illis,
2461 4926 2524 4964 ne
2552 4920 2600 4963 et
2626 4910 2725 4974 ipsi
2752 4910 2958 4962 veniant
2990 4907 3044 4961 in
3066 4907 3235 4961 lacum
3270 4910 3401 4960 hunc
3432 4907 3547 4965 tor;

1949 4990 2257 5049 mentorum.
2307 4979 2510 5046 Quibus
2539 4977 2717 5035 verbis
2751 4988 2941 5049 aperte
2980 4977 3283 5049 declaratur
3328 4979 3454 5047 quia
3489 4989 3551 5037 et

1948 5048 2078 5119 boni
2098 5053 2290 5115 bonos,
2315 5062 2369 5106 et
2393 5051 2517 5105 mali
2540 5047 2870 5119 cognoscant
2898 5047 3089 5119 malos.
3112 5048 3167 5103 Si
3194 5048 3353 5117 igitur
3373 5051 3549 5105 Abra-

1946 5118 2073 5175 ham
2100 5122 2362 5177 Lazarum
2392 5118 2629 5177 minime’
2648 5118 3077 5188 recognovisset,
3110 5134 3449 5190 nequaquam
3476 5122 3549 5178 ad

1947 5190 2167 5249 divitem
2197 5198 2250 5249 in
2277 5195 2562 5249 tormentis
2592 5192 2824 5261 positum
2852 5190 2933 5261 de,
2962 5197 3233 5245 transacta
3264 5192 3379 5260 ejus
3406 5206 3546 5247 con-

1945 5263 2163 5320 tritione
2206 5266 2539 5334 loqueretur,
2587 5260 2772 5334 dicens
2799 5260 2943 5331 quod
2986 5261 3124 5315 mala
3174 5262 3445 5333 receperit
3486 5264 3547 5321 in

1945 5334 2055 5390 vita
2080 5353 2195 5392 sua.
2243 5334 2311 5390 Et
2337 5337 2382 5391 si
2410 5336 2535 5388 mali
2564 5333 2737 5387 malos
2767 5348 2875 5387 non
2917 5342 3402 5402 recognoscerent,
3434 5348 3546 5391 ne-

1945 5419 2218 5478 quaquam
2246 5408 2396 5465 dives
2425 5406 2478 5459 in
2509 5405 2792 5478 tormentis
2832 5403 3038 5478 positus
3061 5401 3287 5478 fratrum
3306 5401 3539 5478 suumn

1944 5474 2107 5540 etiam
2152 5478 2445 5534 absentiam
2496 5474 2847 5529 meminisset.
2899 5474 3184 5541 Quomodo
3230 5476 3373 5529 enim
3403 5491 3544 5546 pra-

1943 5561 2124 5611 sentes
2153 5566 2258 5606 non
2284 5556 2468 5619 posset
2486 5560 2782 5619 agnoscere
2806 5546 2899 5619 qui
2918 5546 3081 5619 etiam
3108 5561 3207 5619 pro
3234 5547 3541 5604 absentium

1943 5622 2205 5682 memoria
2252 5614 2460 5676 curavit
2503 5614 2770 5674 exorare?
2819 5614 2936 5683 Qua
2964 5617 3018 5671 in
3044 5614 3121 5672 rei
3145 5616 3275 5672 illud
3320 5631 3542 5688 quoque

1943 5692 2247 5770 ostenditur
2271 5690 2418 5760 quod
2442 5698 2499 5770 et
2528 5689 2670 5770 boni_
2702 5688 2904 5770 malos,
2951 5698 3007 5742 et
3034 5688 3160 5743 mali
3200 5693 3536 5770 cognoscunt

1941 5767 2134 5823 bonos.
2185 5759 2317 5816 Nam
2365 5770 2420 5815 et
2446 5761 2595 5814 dives
2624 5760 2691 5815 ab
2732 5759 3004 5815 Abraham
3033 5759 3394 5828 cognoscitur,
3444 5759 3535 5811 cui

1943 5839 2142 5896 dictum
2181 5842 2265 5891 est
2308 5850 2320 5888 :
2378 5830 2631 5903 Recepisti
2681 5830 2812 5886 bona
2839 5831 2892 5885 in
2924 5831 3025 5885 vita
3064 5840 3195 5880 tua:
3226 5835 3281 5883 et
3325 5828 3536 5886 electus

3058 5919 3135 5978 39
