3996 6346
197 374 329 434 1249

193 493 289 555 rit,
320 502 431 543 vere
456 482 619 555 liberi_
647 478 810 532 eritis.
841 473 1106 542 Quoniam
1150 472 1309 555 igitur
1332 478 1534 555 aeterna
1565 465 1659 522 Dei
1687 480 1773 520 sa-
1807 470 1854 524 Α
1880 461 2023 555 hunc

230 540 406 621 ieiitia,
437 568 557 610 cum
588 550 746 604 Patre
777 540 1122 621 manens-per
1147 541 1361 621 saecula,
1382 540 1445 621 _in
1472 540 1583 621 line
1609 552 1777 621 saccu:

230 581 406 621 Ielllla,
437 581 557 610 CIII"
590 581 746 604 (aut:
777 581 1110 613 ιιιαιιι-ιιδτγι-ι-
1147 581 1361 607 οων-ιω,
1396 581 1445 594 ι..
1480 581 1583 594 ..ην
1609 581 1773 615 νων...

192 581 362 693 forum
384 634 498 681 erat
520 619 871 693 incarnande.
887 615 963 693 ad
980 616 1095 693 hoc_
1111 614 1357 693 homines
1377 611 1505 693 justi
1527 618 1583 664 et
1603 616 1776 690 sancti

192 680 501 760 ὲῖιὶιῖὶὶιίεςι,
534 694 660 747 utin
685 680 935 745 cordibus
952 684 1394 760 hominumviam
1417 682 1542 736 huic
1563 680 1779 760 sapien-

194 747 634 840 ﬁ'biéaiehmio
661 764 1045 840 praipararent,
1078 757 1167 840 qui
1197 755 1296 840 nisi
1321 769 1381 840 se
1406 766 1593 807 servos
1620 747 1779 819 hujus

190 826 933 925 sapientiaincognoscerent,
961 828 1130 881 sancti
1152 826 1477 925 .nullatenus
1521 838 1639 925 esse
1682 836 1780 925 po;

192 895 430 970 ldisisent.
464 895 604 975 Quia
633 904 778 975 enim
820 909 1027 975 certum
1055 907 1171 975 erat
1200 895 1344 964 quod
1376 910 1470 963 per
1499 906 1779 975 accessum

192 968 1020 1052 temporumwdelicientisﬁsgculi
1039 1040 1051 1051 .
1065 968 1352 1052 languores
1377 971 1777 1052 excrescerent,

187 1034 360 1110 achilli
389 1058 474 1106 est
504 1056 562 1103 ut
585 1055 783 1101 aeterna
815 1041 910 1096 Dei
939 1034 1203 1110 sapientia
1236 1053 1329 1103 per
1349 1036 1700 1110 _semetipsa_m
1720 1034 1781 1110 in

189 1106 303 1179 line
333 1121 654 1178 sazculorum
697 1114 908 1169 veniret
948 1106 1020 1165 ad
1059 1110 1316 1179 grandem
1348 1108 1491 1162 hunc
1518 1116 1571 1185 et
1603 1106 1782 1185 nimiae

187 1177 510 1252 inﬁrmitatis
535 1196 798 1256 aegrotum
822 1226 839 1254 ,
870 1186 922 1239 id
951 1190 1035 1256 est
1064 1177 1159 1251 per
1189 1190 1362 1234 totum
1400 1177 1676 1256 mundum_
1692 1177 1785 1256 ja-

186 1249 310 1323 cens
366 1249 906 1332 languidutn__genus
962 1249 1286 1332 humanum;
1339 1258 1414 1331 ut.
1452 1249 1783 1332 transmissis

188 1320 330 1405 prius
358 1320 983 1405 pmdica_toribus_qu§si
1015 1322 1334 1405 quibusdam
1365 1320 1739 1405 visita-toribus
1763 1358 1779 1380 ,

188 1390 334 1461 lauto
351 1390 693 1474 postmodum
719 1390 889 1474 major
902 1390 1055 1451 ﬁeret
1076 1392 1318 1474 potentia
1337 1390 1553 1457 medici,
1576 1398 1781 1459 quanto

186 1465 364 1544 magis
383 1473 607 1529 morbus
649 1470 911 1525 crevisset
937 1465 1146 1534 aegroti.

185 1566 311 1624 CAP.
366 1564 515 1620 XXI.
574 1595 641 1607 —
706 1560 803 1616 Vos
858 1575 924 1614 ea:
977 1568 1126 1699 p‘age
1180 1556 1387 1611 diabolo
1427 1556 1548 1609 estis
1597 1553 1779 1625 (Joan.

849 1646 969 1696 vni,
1093 1669 1108 1683 .

849 1646 937 1686 viti
954 1671 969 1696 ,
995 1646 1108 1696 es).

254 1730 333 1801 (In
355 1729 590 1800 exposit.
620 1727 683 1801 Β.
713 1725 835 1801 Job,
860 1725 953 1780 lib.
986 1739 1104 1801 xm,
1137 1739 1281 1801 num.
1313 1719 1383 1775 58
1411 1763 1425 1787 ,
1452 1720 1667 1774 inverso
1696 1733 1786 1772 or-

183 1795 352 1871 dine.)
379 1795 644 1871 Antiquus
666 1798 837 1853 hostis
859 1795 1375 1871 onii_i_iuin_princeps
1401 1806 1780 1862 perversorum

182 1872 318 1928 alios
335 1863 713 1927 socios'habet
738 1876 899 1936 atque
929 1867 1065 1921 alios
1089 1864 1245 1919 tilios.
1274 1863 1376 1929 Qui
1405 1877 1637 1936 namque
1658 1870 1785 1915 sunt

182 1944 297 2008 ejus
325 1944 460 1997 socii
494 1942 593 1996 nisi
625 1941 699 1994 illi
730 1933 989 2008 apostata:
1015 1936 1310 2008 angeli_q_ui
1341 1950 1462 1987 cum
1493 1948 1559 2008 eo
1589 1933 1655 2008 de
1686 1950 1783 2008 pa-

183 2004 301 2067 tria:
338 2013 577 2069 cmlestis
623 2004 1143 2065 sede-ceciderunt?
1173 2005 1269 2059 Vel
1296 2019 1430 2074 quos
1458 2004 1593 2055 alios
1622 2004 1784 2057 habet

182 2082 323 2139 ﬁlios
367 2084 469 2139 nisi
511 2095 793 2152 perversos
825 2079 1070 2133 homines
1100 2076 1190 2145 qui
1219 2077 1285 2129 de
1313 2075 1428 2152 ejus
1457 2089 1782 2152 prava_per-

181 2156 438 2210 suasione
484 2143 535 2208 in
582 2152 799 2205 malitiae
850 2143 1178 2216 generantur
1219 2145 1578 2216 operatione?
1632 2143 1785 2199 Unde

182 2226 346 2279 etiam
375 2239 509 2280 voce
534 2221 790 2276 Veritatis
820 2214 1123 2273 inﬁdelibus
1142 2217 1335 2270 dicitur
1368 2233 1379 2266 :
1418 2214 1519 2268 Vos
1544 2231 1608 2268 ex
1638 2225 1786 2282 patre

186 2294 398 2350 diabolo
427 2296 572 2350 estis.
607 2294 683 2346 lta
716 2305 846 2345 vero
875 2305 1038 2343 unum
1069 2302 1267 2357 corpus
1307 2294 1431 2339 sunt
1457 2285 1703 2339 diabolus
1730 2294 1787 2339 et

176 2380 373 2422 omnes
404 2366 572 2435 iniqui
598 2406 612 2431 ,
643 2371 704 2417 ut
742 2362 1071 2435 plerumque
1089 2358 1305 2412 nomine
1334 2357 1527 2435 capitis
1557 2371 1785 2435 censea-

183 2444 272 2491 tur
293 2426 515 2507 corpus,
537 2426 831 2488 et'nomine
857 2426 1102 2500 corporis
1124 2436 1286 2497 caput
1306 2427 1626 2507 appelletur.
1655 2426 1787 2480 Nam

182 2498 407 2576 capitis'
430 2498 647 2559 nomine
695 2498 975 2576 censetur:
994 2514 1191 2576 corpus
1214 2538 1229 2562 ,
1251 2513 1400 2576 __cum_
1435 2498 1501 2552 de
1528 2513 1787 2576 perverso

184 2568 404 2632 homine
449 2576 644 2631 dicitur
696 2592 709 2628 :
766 2573 849 2628 Ex
894 2570 1035 2626 vobis
1064 2587 1196 2624 unus
1228 2568 1463 2623 diabolus
1494 2578 1569 2623 est
1603 2569 1786 2638 (Joan.

184 2662 255 2712 vi,
288 2646 401 2717 7i).
434 2646 497 2700 Et
526 2660 733 2700 rursum
759 2644 977 2699 nomine
999 2641 1432 2717 corporis'caput
1459 2642 1787 2717 appellatur,

183 2708 305 2771 cum
335 2708 402 2771 de
430 2719 548 2783 ipso
578 2724 825 2781 apostata
857 2712 1050 2783 angelo
1077 2712 1274 2765 dicitur
1302 2728 1313 2762 :
1346 2708 1598 2763 Inimicus
1635 2710 1789 2763 homo

185 2788 280 2841 hoc
311 2789 433 2859 fecit
456 2781 685 2857 (Matth.
722 2800 855 2849 xm,
888 2781 1001 2853 28).

184 2880 318 2936 CAP.
349 2880 513 2936 XXII.
551 2910 621 2921 —
654 2877 755 2941 Qui
783 2894 887 2932 non
909 2876 1073 2930 intrat
1100 2893 1191 2947 per
1212 2875 1401 2931 ostium
1428 2876 1484 2947 in
1522 2872 1673 2937 ovile,
1700 2870 1794 2947 sed

256 2952 493 3006 ascendit
520 2950 732 3003 aliunde
754 2991 768 3014 ,
799 2949 887 3003 ille
911 2949 996 3017 fur
1022 2945 1166 3001 estet
1192 2947 1371 3017 latro:
1399 2945 1486 3016 qui
1507 2953 1679 2997 autem
1707 2945 1793 2996 in-

258 3031 366 3076 trat
394 3039 486 3092 per
515 3023 705 3077 ostium
727 3060 742 3085 ,
773 3015 956 3090 pastor
978 3029 1055 3073 est
1083 3020 1252 3073 ovium
1287 3015 1466 3089 (Joan.
1500 3032 1534 3070 x
1559 3055 1573 3080 ,
1608 3016 1682 3083 1).

259 3113 483 3183 (Homil.
518 3130 610 3170 xm
636 3152 652 3177 ,
682 3113 734 3168 in
765 3111 965 3167 Ezech.
991 3151 1006 3176 ,
1040 3128 1097 3165 ιι.
1134 3110 1166 3164 8
1190 3151 1206 3177 ,
1236 3118 1292 3165 et
1321 3109 1557 3164 maxime
1602 3105 1790 3183 homil.

186 3179 312 3251 xui,
345 3203 399 3241 n.
428 3186 507 3255 1.)
531 3186 587 3241 Si
620 3194 805 3254 pastor
826 3184 1000 3255 bonus
1023 3184 1187 3237 intrat
1213 3197 1317 3255 per
1336 3183 1534 3255 ostium
1556 3217 1570 3241 ,
1595 3187 1649 3233 et
1679 3179 1795 3248 ipse

188 3259 420 3322 ostium,
449 3251 505 3311 et
533 3251 647 3329 ipse
681 3264 892 3329 pastor,
930 3254 1047 3324 ipse
1086 3251 1454 3329 proculdubio
1503 3251 1669 3329 intrat
1698 3264 1796 3319 per

188 3323 568 3400 semetipsum;
590 3323 960 3395 Quaerendum
975 3333 1059 3400 est
1083 3326 1267 3400 itaque
1299 3324 1453 3400 nobis
1478 3323 1713 3400 qualiter
1740 3328 1797 3376 et

188 3399 309 3466 ipse
355 3392 520 3454 intret
558 3392 633 3454 etv
661 3413 758 3468 per
798 3392 1193 3468 semetipsnmf
1214 3394 1471 3468 Dominus
1499 3392 1699 3468 etenim
1733 3406 1799 3468 ac

188 3462 526 3539 Redemptor
546 3462 732 3523 noster
757 3482 881 3522 cum
904 3462 1089 3539 san—cla
1107 3466 1357 3539 Ecclesia
1382 3478 1542 3539 quam
1566 3462 1800 3516 redemit

188 3533 486 3595 secundum
504 3553 723 3591 carnem
736 3553 841 3591 una
854 3536 1154 3590 substantia
1171 3543 1271 3599 est,
1301 3533 1467 3588 Paulo
1484 3541 1676 3587 attesta
1686 3540 1795 3596 nte,

188 3610 284 3679 qui
308 3611 416 3663 ait:
444 3608 715 3676 Adimpleo
745 3623 805 3659 ea
842 3622 957 3679 qua:
977 3606 1160 3660 desunt
1173 3608 1473 3679 passionum
1500 3604 1799 3679 Christiuin

190 3672 350 3757 e'arne
377 3696 503 3757 mea
521 3672 613 3757 pro
642 3672 995 3757 corpocmest
1018 3716 1035 3742 ,
1076 3676 1221 3757 quod
1239 3684 1315 3757 est
1344 3673 1656 3757 Ecclesiae.
1679 3672 1799 3753 ((ξοο

191 3749 319 3805 loss.
345 3768 396 3819 ι,
423 3745 534 3820 ib).
561 3745 946 3818 Hujtts’capitis
967 3745 1166 3820 corpus
1183 3745 1418 3801 Ecclesia
1432 3756 1534 3805 est,
1561 3753 1615 3796 et
1645 3745 1801 3820 hujus

192 3817 443 3891 corporis
472 3817 935 3887 caput’Christus.
962 3818 1054 3891 De
1083 3832 1193 3891 quo
1227 3832 1327 3869 suo
1358 3819 1537 3891 capite
1567 3817 1803 3891 exsultat

192 3885 431 3961 corpus,
484 3885 656 3961 idest
695 3898 882 3945 sancta
937 3885 1175 3961 I'chleSia
1223 3902 1345 3941 cum
1399 3885 1680 3939 Psalmista
1701 3885 1799 3961 1di-

195 3957 355 4017 ceti-te
400 3982 414 4017 :
468 3959 625 4015 Nunc
652 3970 821 4015 autem
863 3960 1108 4013 exultavit
1142 3966 1296 4026 caput
1324 3974 1491 4010 meum
1520 3973 1675 4024 super
1700 3957 1803 4010 ini-

195 4033 359 4088 micos
402 4049 541 4087 meos
595 4032 776 4102 (Psal.
815 4028 1092 4102 xxv1,_6).
1134 4028 1268 4094 Quia
1303 4030 1446 4083 enim
1477 4026 1803 4097 quandoque

195 4102 311 4171 ipsa
334 4107 408 4159 eti
430 4120 499 4157 tm
530 4099 816 4157 exaltanda
842 4111 955 4165 est,
974 4099 1251 4171 jatitnunc
1272 4106 1433 4171 caput
1458 4114 1613 4171 suum
1642 4113 1804 4171 super

196 4169 448 4230 inimicos
478 4188 605 4227 suos
636 4173 930 4226 exaltatum
962 4170 1158 4240 gaudet
1190 4171 1240 4223 in
1271 4169 1444 4225 caelis.
1479 4169 1612 4223 Cum
1641 4169 1803 4240 igitur

196 4244 357 4299 electi
378 4246 577 4313 quique
606 4245 671 4296 ad
694 4244 859 4297 vitam
882 4239 1236 4313 perveniunt;
1261 4240 1387 4310 quia
1414 4241 1655 4313 membra
1675 4239 1804 4313 ejus

236 4330 297 4369 er
341 4310 462 4371 eum
492 4310 718 4368 intrant
759 4314 824 4368 ad
866 4310 989 4368 eum
1014 4355 1030 4380 ,
1064 4314 1179 4381 ipse
1220 4327 1316 4380 per
1343 4326 1402 4365 se
1434 4312 1598 4365 intrat
1622 4310 1689 4364 ad
1719 4326 1798 4366 se.

224 4399 318 4452 pse
350 4387 492 4439 enim
519 4386 573 4438 in
603 4385 859 4439 membris
887 4386 998 4439 suis
1033 4392 1114 4437 est
1142 4383 1232 4451 qui
1265 4384 1429 4437 intrat
1468 4382 1583 4453 ipse
1613 4390 1801 4452 caput,

198 4453 270 4506 ad
300 4457 444 4523 quod
476 4455 729 4507 intrantia
761 4455 1003 4509 membra
1032 4454 1374 4522 perveniunt.

200 4539 337 4600 CAP.
392 4542 561 4598 XXIII
604 4575 675 4586 -—
710 4544 772 4599 Si
807 4537 1490 4683 glugznpegnéiintroierit',
1521 4544 1806 4599 salvabitur

865 4630 987 4668 oan.
1022 4630 1082 4678 x,
1116 4630 1195 4678 θ).

276 4684 585 4758 (Ηοιιιὶιῃ,
622 4686 713 4742 lib.
744 4703 810 4752 ιι,
832 4686 897 4758 in
920 4683 1141 4758 Ezecb"
1171 4702 1228 4740 n.
1262 4683 1362 4758 l6,
1392 4692 1447 4740 et
1474 4683 1672 4758 H_omi'_.
1708 4684 1803 4749 14,

204 4753 302 4811 lib.
331 4776 381 4819 ι.
409 4758 459 4812 in
490 4756 719 4827 Evang.,
749 4774 804 4813 ιι.
829 4754 906 4828 5.)
939 4756 1165 4828 Semper
1188 4754 1377 4828 oculos
1400 4755 1580 4810 cordis
1601 4754 1667 4808 ad
1695 4759 1809 4810 exi-

206 4834 323 4900 tum
352 4838 592 4884 nostrum
627 4826 829 4900 ponere
852 4867 868 4892 ,
890 4826 954 4881 et
984 4826 1228 4900 meditari
1258 4826 1516 4880 debemus
1546 4829 1664 4880 sine
1691 4842 1811 4900 ccsf

205 4899 447 4964 satione,
501 4897 716 4968 quando
762 4915 793 4952 a
838 4898 1248 4968 pnesentbvita
1296 4911 1587 4968 exeamus,
1640 4904 1695 4950 et
1713 4897 1810 4968 _ad

205 4978 411 5039 aiterna
440 4965 631 5037 gaudia
660 4965 1045 5039 pertingamus.
1090 4966 1320 5037 Propter
1348 4968 1453 5021 hoc
1481 4967 1679 5039 quippe
1711 4965 1810 5039 Pa-

209 5039 304 5093 tris
350 5035 678 5107 Unigenitus'
703 5048 785 5094 est
816 5035 1160 5098 incarnatus,
1200 5035 1262 5090 ut
1298 5052 1398 5107 nos
1438 5035 1512 5089 ad
1556 5036 1811 5092 Ecclesia:

208 5121 413 5164 sancte
441 5105 599 5163 tidem
632 5110 939 5164 introducat
961 5148 975 5174 ,
1009 5115 1065 5161 et
1090 5107 1157 5161 ad
1186 5105 1421 5175 speciem
1449 5122 1559 5161 sua:
1588 5108 1811 5163 visionis

209 5177 431 5235 educat.
482 5178 631 5236 Unde
679 5180 945 5248 loquitur,
987 5178 1171 5233 dicens
1212 5194 1226 5229 :
1269 5175 1331 5232 Si
1360 5179 1471 5246 quis
1504 5195 1592 5243 per
1622 5196 1701 5232 me
1729 5180 1811 5233 in-

209 5252 450 5316 troierit,
496 5251 818 5320 salvabitur,
867 5259 915 5304 et
952 5249 1297 5320 ingredietur,
1342 5249 1732 5320 etregredietur,
1762 5259 1811 5306 et

212 5333 407 5397 pascua
435 5322 695 5397 inveniet.
708 5318 1043 5397 Ingredietur
1069 5318 1320 5375 videlicet
1334 5319 1422 5397 _at_l_
1439 5318 1619 5383 ﬁdem,
1634 5334 1812 5397 _egre-

211 5386 393 5446 dietur
418 5408 546 5448 vero
573 5407 603 5446 a
629 5390 735 5445 [ide
773 5386 842 5445 ad
869 5391 1127 5461 speciem,
1150 5406 1191 5461 7a
1223 5390 1541 5445 credulitate
1579 5390 1648 5445 ad
1679 5386 1815 5447 con-

215 5462 651 5533 templationem;
694 5460 915 5533 pascua:
933 5471 1114 5533 autem
1144 5460 1386 5533 inveniet
1413 5462 1467 5517 in
1493 5470 1694 5533 aeterna
1726 5477 1813 5517 re-

217 5526 451 5587 fectione
480 5542 537 5587 et
561 5526 832 5588 satietate.
864 5531 1116 5601 Quisquis
1143 5531 1286 5585 enim
1318 5532 1604 5587 Dominum
1630 5530 1815 5589 Jesum

218 5604 387 5680 corde
412 5603 639 5680 simplici
668 5603 927 5675 sequitur,
950 5610 1166 5657 αξιοι-[ιω
1190 5601 1473 5680 viriditatis
1491 5603 1692 5680 pabulo
1720 5618 1819 5658 nu-

221 5671 412 5748 tritur.
433 5671 562 5740 Qua:
593 5671 773 5727 autem
811 5682 1175 5748 sunt_pascua
1208 5673 1309 5726 nisi
1339 5671 1571 5748 paradisi
1602 5689 1818 5743 semper

220 5741 445 5798 virentis
493 5752 695 5800 aeterna
742 5741 1220 5811 gaudiat’Pascua
1258 5741 1491 5812 namque
1520 5741 1817 5799 electorum

223 5818 360 5893 sunt.
388 5815 573 5893 vultus.
602 5828 834 5893 praesens
860 5814 978 5879 Dei,
1001 5814 1092 5893 qui
1122 5813 1250 5893 dum
1281 5812 1405 5893 sine
1436 5812 1648 5893 defectu
1689 5830 1820 5870 con-

226 5882 453 5949 Inicitur
474 5926 490 5955 ,
531 5882 648 5945 sine
685 5883 795 5945 tiae
823 5900 977 5946 mens
1004 5882 1128 5944 vitae
1153 5883 1277 5946 cibo
1305 5884 1551 5942 satiatur.
1590 5882 1820 5958 Propter

603 361 858 420 ALULFI
898 354 1260 417 EXPOSITIO
1298 352 1462 409 VE'I'.
1503 350 1595 409 ET
1631 348 1793 408 NOV.
1833 346 2031 406 TES’I‘.
2070 374 2141 388 --
2178 344 2332 404 SUP.
2374 340 2629 401 EVANG.
2669 344 2812 401 SEC.
2852 344 3043 403 JOAN.

3334 344 3475 406 1250

2070 475 2343 585 egressum
2388 472 2664 523 nostrum,
2718 474 2879 528 quem
2932 460 3177 528 quotidie
3223 462 3473 518 meditari

2129 532 2349 585 ebemus
2374 573 2389 585 .
2420 534 2485 585 de
2518 531 2876 585 Redemptore
2905 540 3091 584 nostro
3122 528 3268 584 Pauli
3292 548 3317 585 s
3344 548 3473 585 ouo-

1880 542 2065 588 mente
2093 528 2349 585 debemus
2374 573 2389 597 ,
2420 534 2485 585 de
2518 531 2876 599 Redemptore
2905 540 3091 584 nostro
3122 528 3268 584 Pauli
3292 548 3317 585 s
3344 548 3474 601 quo-

1880 617 1987 672 que
2019 602 2281 672 loquitur,
2310 602 2493 657 dicens
2526 618 2542 658 :
2577 602 2644 657 Ut
2673 601 3017 670 sanctiﬁcaret
3057 618 3147 670 per
3175 619 3322 672 suum
3349 620 3476 658 san-

1881 671 2100 744 guinem,
2128 674 2402 743 papulum,
2447 682 2597 726 extra
2638 680 2838 744 portam
2872 688 3062 744 passus,
3083 680 3178 725 est.
3214 671 3477 744 Extremus

1881 741 2040 816 igitur
2077 741 2146 798 ad
2197 741 2311 797 eum
2358 753 2507 798 extra
2533 743 3156 816 Διτιιιιινα.γὶιιιρνορενίιιηι
3200 741 3309 816 ejus
3350 760 3478 811 por—

1885 812 2053 870 tantes
2082 831 2102 869 :
2133 832 2235 869 non
2274 817 2408 869 enim
2456 812 2697 867 habemus
2739 814 2819 865 hic
2860 823 3148 866 manentem
3189 814 3477 881 civitatem,

1882 888 1973 942 sed
1999 889 2229 958 futuram
2257 887 2560 955 inquirimus
2587 882 2774 955 (Hebr.
2809 900 2898 938 xm
2923 925 2939 950 ,
2974 882 3082 954 12).

1884 998 2013 1055 CAP.
2068 997 2257 1052 XXIV.
2308 1027 2377 1038 —
2428 994 2744 1051 Potestatem
2784 993 2943 1047 habeo
2989 994 3210 1062 ponendi
3250 996 3482 1049 animum

2375 1085 2541 1122 meam
2570 1067 2747 1137 (Joarr.
2782 1081 2844 1128 x,
2880 1063 2983 1133 18).

1958 1159 2037 1230 (Ιιι
2086 1162 2314 1230 exposit.
2358 1159 2418 1212 Β.
2464 1157 2610 1230 Job,
2654 1158 2745 1230 lib.
2781 1171 2914 1230 μιν
2939 1195 2953 1219 ,
2986 1171 3038 1208 n.
3071 1152 3139 1214 2,
3174 1155 3247 1230 3,
3278 1154 3311 1206 4
3336 1165 3389 1209 et
3418 1156 3481 1222 5,

1885 1224 2178 1299 aliquando
2230 1232 2443 1284 inverso
2489 1228 2733 1299 ordine.)
2772 1224 2942 1279 Omne
2986 1227 3486 1299 genushumanum

1886 1297 2102 1357 inimiCa
2135 1300 2225 1355 illa
2263 1300 2541 1369 persuasio
2568 1300 2619 1352 iit
2652 1298 2822 1363 culpa:
2849 1297 3099 1369 contagio
3138 1297 3207 1369 ab
3244 1299 3355 1366 ip~a
3400 1313 3487 1351 ra-

1885 1373 2005 1428 dice
2058 1368 2352 1441 polluerat,
2402 1370 2689 1440 nullusque
2737 1381 2853 1421 erat
2891 1368 2980 1435 qui
3013 1368 3149 1490 apud
3188 1368 3356 1421 Duzllllt
3389 1385 3487 1437 pro

1888 1443 2266 1490 “aenatoribus
2314 1442 2652 1490 interceiletis
2697 1454 2726 1490 a
2753 1446 2973 1490 peccato
3015 1438 3046 1489 li
3089 1454 3146 1490 er
3177 1448 3486 1490 appareret.

1888 1438 2266 1514 peccatoribus
2313 1438 2652 1495 intercedens
2697 1454 2726 1492 a
2753 1446 2973 1514 peccato
3015 1438 3146 1491 liber
3177 1448 3486 1508 appareret,

1885 1509 2142 1584 quoniam
2193 1529 2256 1566 ex
2302 1514 2488 1584 eadem
2528 1527 2701 1584 massa
2739 1509 2912 1584 editos
2950 1524 3103 1584 atque
3134 1520 3356 1584 cunctos
3386 1526 3489 1584 par

1885 1578 2068 1639 reatus
2094 1584 2409 1639 involverat.
2466 1582 2697 1635 Proinde
2744 1582 2888 1634 venit
2928 1580 2994 1633 ad
3038 1595 3135 1633 nos
3174 1578 3491 1649 Unigenitus

1889 1654 2064 1709 Patris
2093 1672 2106 1706 :
2141 1654 2427 1723 assumpsit
2448 1670 2515 1706 ex
2546 1654 2700 1706 nobis
2730 1660 2979 1723 naturam
3000 1691 3013 1712 ,
3045 1666 3149 1703 non
3173 1660 3491 1723 perpetratis

1887 1730 2125 1795 culpam.
2163 1724 2292 1780 Sine
2315 1722 2537 1793 peccato
2565 1724 2763 1795 quippe
2780 1722 2971 1795 debuit
2987 1737 3105 1795 esse
3128 1722 3217 1795 qui
3242 1736 3350 1795 pro)
3368 1739 3493 1791 pec-

1890 1792 2162 1853 caloribus
2208 1792 2530 1851 intervenire
2561 1794 2853 1863 potuisset,
2885 1792 3006 1860 quia
3039 1793 3284 1863 nimirum
3308 1792 3494 1847 aliena!

1891 1868 2204 1937 pollutionis
2245 1867 2492 1934 contagia
2542 1862 2646 1937 non
2694 1871 2966 1937 tergeret,
3001 1863 3045 1915 si
3077 1862 3292 1937 propria
3322 1865 3491 1937 susti-

1888 1934 2062 1993 neret.
2102 1937 2366 1992 Mediator
2396 1940 2574 2005 itaque
2606 1935 2696 1990 Dei
2730 1946 2787 1990 et
2815 1936 3114 1996 hominum,
3148 1935 3308 1987 homo
3340 1934 3495 1987 Chri-

1886 2020 2001 2065 stus
2032 2007 2187 2063 Jesus
2236 2010 2576 2062 intercetlens
2636 2022 2734 2076 pro
2774 2005 3187 2076 peccatoribus,
3240 2005 3494 2076 semetip-

1890 2096 2011 2134 sum
2038 2079 2242 2146 justum
2267 2078 2538 2133 hominem
2571 2074 2661 2146 qui
2692 2074 2790 2145 pro
2811 2076 2931 2129 aliis
2959 2074 3348 2144 indulgentiam
3376 2091 3493 2130 inc-

1888 2165 2101 2205 reretur
2164 2149 2419 2206 ostendit.
2482 2148 2717 2202 Veniens
2767 2150 2946 2215 itaque
2996 2146 3060 2200 ad
3113 2162 3211 2199 nos
3260 2146 3497 2215 desuper

1890 2222 2132 2275 medicus
2159 2231 2375 2285 noster,
2414 2221 2684 2287 tantisque
2716 2235 2813 2273 nos
2836 2218 3115 2287 inveniens
3145 2216 3495 2283 languoribus

1891 2307 2127 2361 pressos,
2152 2291 2404 2361 quiddam
2430 2286 2784 2344 nobis'simile
2813 2286 3140 2361 etquiddam
3162 2289 3495 2361 contrarium

1892 2358 2183 2431 apposuitf
2211 2362 2288 2414 Αιι
2339 2361 2585 2415 homines
2628 2362 2826 2430 quippe
2867 2360 3028 2431 homo
3073 2358 3257 2431 venit,
3305 2359 3397 2410 sed
3430 2359 3497 2411 ad

1891 2428 2209 2503 peccatores
2232 2433 2429 2499 justus.
2454 2428 2817 2503 Concordavit
2839 2428 2994 2503 nobis
3018 2428 3245 2503 veritate
3265 2436 3495 2503 natura,

1892 2498 1987 2558 sed
2041 2498 2372 2569 discrepavit
2426 2517 2457 2554 a
2506 2501 2659 2555 nobis
2711 2502 2939 2555 veritate
2976 2498 3217 2565 iustitia).
3265 2498 3501 2554 Vitiosus

1894 2590 2039 2631 enim
2080 2575 2243 2629 homo
2286 2572 2479 2635 corrigi
2521 2588 2629 2627 non
2661 2580 2904 2640 poterat,
2940 2569 3041 2622 nisi
3072 2570 3393 2640 perDeum;
3423 2570 3502 2623 vis

1894 2646 2010 2700 deri
2053 2654 2231 2698 autem
2273 2644 2459 2699 debuit
2499 2644 2591 2709 qui
2627 2639 2962 2710 corrigebat,
2989 2649 3046 2694 ut
3070 2639 3357 2709 praebendo
3381 2640 3504 2693 imi-

1895 2716 2116 2769 talionis
2156 2715 2383 2768 formam
2410 2752 2426 2778 ,
2470 2721 2735 2766 anteacta:
2785 2711 3003 2764 malitis;
3045 2718 3279 2763 mutaret
3313 2710 3497 2763 vitam.

1895 2785 2004 2839 Sed
2030 2784 2199 2838 videri
2230 2784 2297 2836 ab
2327 2784 2547 2837 homine
2572 2799 2679 2836 non
2708 2792 2956 2849 poterat;
2984 2782 3123 2833 Deus
3144 2780 3309 2833 homo
3331 2779 3503 2835 factus

1897 2865 2007 2916 est,
2062 2863 2121 2908 ut
2168 2854 2341 2907 videri
2392 2853 2675 2921 potuisset.
2712 2850 2897 2905 Justus
2939 2852 3098 2917 igitur
3136 2857 3191 2921 et
3226 2849 3506 2904 invisibilis

1898 2924 2041 2979 Deus
2067 2924 2347 2993 apparuit,
2379 2920 2570 2977 similis
2608 2923 2764 2976 nobis
2809 2923 2970 2993 homo
2998 2920 3221 2993 visibilis
3246 2960 3260 2982 ,
3294 2929 3352 2973 ut
3378 2920 3504 2993 dum

1897 2990 2178 3051 videretur
2205 3012 2271 3050 ex
2302 2994 2463 3049 simili
2491 3032 2505 3055 ,
2535 3000 2749 3047 curaret
2769 3008 2837 3047 ex
2862 2992 3039 3061 leSlO;
3062 3000 3117 3044 et
3136 2990 3261 3044 dum
3280 2991 3507 3045 veritate

1898 3067 2113 3136 generis
2148 3065 2446 3120 concordat
2490 3062 2829 3136 conditioni,
2871 3063 3072 3136 virtpte
3101 3062 3232 3136 artis
3260 3061 3507 3136 obviaret

1900 3131 2226 3206 aegritudini.
2262 3137 2317 3191 ιιι
2346 3150 2511 3191 carne
2541 3149 2671 3204 ergo
2713 3134 2937 3188 veniens
2971 3132 3227 3187 Dominus
3260 3131 3508 3206 non_cul-

1822 3228 1869 3293 ο
1900 3202 2026 3279 pam
2077 3218 2317 3293 nostram
2370 3222 2437 3261 ex
2470 3202 2651 3287 ovitio',
2694 3220 2801 3293 non
2845 3219 3059 3293 poenam
3089 3202 3509 3293 ex‘necessitate

1900 3274 2160 3346 suscepit,
2195 3278 2339 3332 nulla
2395 3278 2541 3333 enim
2598 3276 2807 3343 peccati
2844 3274 3250 3346 labepoltutus
3275 3314 3287 3335 .
3329 3282 3509 3329 reatus

1900 3344 2075 3406 nostri
2107 3350 2279 3405 teneri
2310 3348 2621 3403 conditione
2660 3362 2768 3400 non
2805 3346 3002 3415 potuit,
3042 3354 3098 3399 ct
3120 3344 3241 3398 ideo
3278 3350 3508 3400 mortem

1900 3430 2144 3476 nostram
2166 3420 2312 3474 omni
2340 3418 2665 3472 necessitate
2693 3417 2924 3480 calcata,
2945 3432 3067 3470 cuin
3098 3415 3290 3477 voluit,
3314 3424 3507 3483 sponte

1899 3492 2159 3556 suscepit.
2195 3488 2545 3559 Nequaquam
2576 3488 2721 3541 enim
2750 3487 2822 3559 ita
2854 3498 2909 3540 ut
2939 3502 3036 3559 nos
3058 3486 3157 3539 fuit
3186 3492 3344 3559 natus
3365 3524 3380 3547 ,
3408 3500 3509 3540 nec

1902 3561 1978 3616 ita
2018 3555 2305 3624 mortuus,
2339 3574 2439 3613 nec
2473 3562 2545 3612 ita
2577 3558 2949 3613 resuscitatus.
2982 3555 3100 3611 Non
3130 3555 3272 3611 enim
3303 3569 3508 3625 coope-

1903 3642 2061 3685 rante
2094 3632 2243 3685 coitu
2266 3669 2283 3695 ,
2313 3630 2409 3684 sed
2446 3630 2651 3698 Spiritu
2683 3639 2872 3683 sancto
2901 3627 3351 3707 superveniente,
3376 3641 3511 3707 cun-

1903 3711 2095 3765 ceptus
2122 3709 2241 3765 est;
2275 3712 2433 3754 natus
2458 3697 2638 3754 autem
2671 3709 2913 3752 materna
2940 3697 3167 3762 viscera,
3198 3706 3253 3752 et
3283 3697 3510 3753 fecunda

1904 3769 2188 3833 exhibuit,
2223 3780 2277 3824 et
2310 3771 2619 3839 incorrupta
2646 3772 2901 3824 servavit.
2935 3769 3163 3823 Rursum
3197 3783 3292 3822 n0s
3323 3782 3512 3822 omnes

1905 3858 2027 3897 cum
2057 3843 2306 3896 nolumm
2338 3838 2618 3907 mouimur,
2651 3840 2775 3905 quia
2815 3840 2882 3893 ad
2905 3840 3178 3894 solvendae
3209 3854 3380 3907 poenae
3419 3838 3513 3892 de-

1906 3914 2075 3969 bittnn
2104 3915 2276 3983 culpa:
2307 3921 2505 3966 nostra:
2544 3912 2854 3966 conditione
2882 3923 3246 3983 coarctamur.
3291 3907 3384 3963 lile
3411 3924 3509 3963 au-

1909 3993 2016 4038 tent
2048 3984 2174 4054 quia
2198 3981 2330 4039 nulli
2359 3984 2653 4037 admiXtum
2681 3991 2766 4054 est
2787 3983 3007 4054 culpae,
3041 3981 3173 4054 milli
3218 3996 3287 4033 ex
3321 3994 3513 4034 neces-

1906 4052 2080 4109 sitate
2120 4054 2401 4110 succubuit
2450 4069 2637 4119 ponite.
2695 4052 2802 4107 Sed
2843 4056 2968 4119 quia
3018 4053 3229 4115 culpam
3274 4057 3513 4104 nostram

1906 4124 2236 4180 dominatnlo
2259 4124 2517 4188 subdidit,
2551 4139 2764 4191 ptnnam
2796 4132 3039 4191 nostram
3062 4119 3369 4191 miserando
3393 4133 3515 4191 sus-

1907 4196 2091 4262 cepit,
2134 4197 2274 4250 sicut
2301 4194 2414 4262 ipse
2444 4194 2519 4246 ait
2551 4189 2565 4245 Ξ
2604 4192 2920 4246 Potestatem
2951 4189 3113 4244 habeo
3142 4190 3366 4262 ponendi
3396 4190 3514 4243 ani-

1908 4260 2045 4321 mam
2071 4283 2238 4320 meam
2255 4305 2273 4332 ,
2303 4260 2350 4318 et
2379 4272 2685 4332 potestatem
2712 4263 2875 4316 habeo
2895 4263 3081 4314 iterum
3108 4260 3347 4315 sumendi
3373 4276 3510 4314 eam.

1909 4337 2012 4403 Qui
2041 4340 2202 4391 etiam
2236 4330 2539 4405 praemisit}
2582 4330 2751 4385 Nemo
2784 4333 2918 4385 tollit
2953 4348 3069 4385 eam
3098 4350 3130 4385 a
3159 4348 3269 4405 me,
3300 4331 3389 4384 sed
3418 4347 3513 4401 ego

1910 4402 2046 4474 pono
2067 4424 2184 4461 eam
2207 4402 2475 4473 u'meipso.
2497 4402 2733 4458 Rursum
2760 4418 2865 4474 non
2890 4412 2948 4456 ut
2970 4420 3069 4457 tius
3095 4402 3387 4474 suscitatus
3408 4411 3511 4469 est,

1910 4470 2038 4546 quia
2070 4486 2253 4530 nostra
2298 4470 2623 4546 resurrectio
2663 4470 2917 4546 intidem
2943 4474 3138 4546 saeculi
3188 4480 3282 4546 ist
3312 4472 3510 4537 dilata,

1912 4543 2054 4601 illius
2101 4563 2229 4601 vero
2271 4546 2357 4599 die
2408 4545 2568 4600 tertio
2613 4543 2906 4599 celebrata.
2939 4543 3005 4598 Et
3035 4561 3133 4599 nos
3159 4543 3376 4613 quidem
3420 4558 3516 4612 per

1834 4624 1888 4682 D
1914 4618 2067 4673 illum
2098 4617 2427 4685 resurgimus
2460 4632 2474 4667 :
2506 4631 2629 4669 nam
2659 4616 2774 4684 ipse
2800 4631 2897 4686 per
2920 4632 3013 4679 se;
3046 4630 3219 4683 neque
3250 4616 3394 4667 enim
3422 4616 3514 4679 qui

1916 4690 2058 4741 Deus
2108 4696 2226 4741 erat
2276 4686 2417 4741 sicut
2456 4703 2553 4741 nos
2581 4696 2640 4740 ut
2668 4686 2735 4740 ab
2765 4685 2872 4741 alio
2903 4686 3209 4741 resuscitari
3250 4685 3516 4751 potuisset

1914 4757 2209 4825 indigebat.
2243 4757 2299 4810 In
2322 4771 2389 4811 eo
2412 4770 2540 4825 ergo
2569 4759 2685 4825 ejus
2716 4758 3039 4812 resurrectio
3067 4758 3228 4810 distat
3259 4774 3284 4804 τι
3312 4760 3511 4825 nostra

1913 4822 2058 4896 quod
2091 4843 2195 4882 non
2229 4843 2325 4898 per
2345 4822 2708 4897 nosmetipsos
2732 4843 3076 4898 resurgimus.
3100 4828 3239 4880 sicut
3269 4822 3387 4898 ille;
3414 4838 3514 4891 pro

1915 4892 1982 4952 eo
2010 4899 2152 4951 enim
2184 4892 2328 4967 quod
2364 4892 2681 4967 simpliciter
2709 4892 2957 4953 homines
2985 4913 3169 4950 sumus
3192 4933 3207 4956 ,
3241 4892 3514 4967 adiutorio

1914 4968 2178 5036 superiori
2202 4965 2290 5023 _ut
2331 4965 2613 5037 resurgere
2644 4970 2917 5022 valeamus
2948 4967 3055 5021 indi
3096 4982 3266 5018 emus.
3299 4965 3389 5019 llle
3419 4980 3517 5018 au—

1917 5047 2026 5089 tem
2056 5038 2294 5089 eiusdem
2325 5040 2739 5089 resurrectionis
2769 5040 2872 5089 vim
2904 5055 3023 5089 cum
3057 4984 3214 5089 gatre
3243 5047 3295 5089 et
3324 5044 3514 5089 sancto

1917 5047 2026 5093 tem
2056 5039 2295 5105 ejusdem
2325 5040 2739 5094 resurrectionis
2769 5040 2872 5092 vim
2904 5055 3023 5091 cum
3057 5039 3214 5089 Patre
3243 5047 3295 5089 et
3324 5044 3514 5090 sancto

1914 5110 2120 5177 Spiritu
2152 5109 2292 5166 Deus
2332 5110 2617 5173 exhibuit,
2644 5124 2804 5178 quam
2838 5117 3015 5162 tamen
3045 5107 3192 5163 solus
3226 5106 3279 5160 in
3322 5108 3516 5161 huma-

1916 5182 2083 5235 nitate
2114 5181 2370 5249 percepit.
2407 5180 2666 5234 Dominus
2695 5179 2857 5245 igitur
2880 5187 3063 5249 natus,
3092 5192 3220 5234 vere
3247 5185 3510 5243 mortuus,

1916 5266 2045 5305 vere
2075 5253 2429 5306 resuscitatus
2452 5289 2467 5314 ,
2504 5249 2554 5302 in
2584 5250 2833 5304 omnibus
2859 5248 3024 5304 distat
3053 5266 3083 5303 a
3116 5249 3271 5303 nobis
3306 5249 3514 5317 magni-

1920 5322 2105 5376 tudine
2156 5324 2441 5391 potentite,
2486 5320 2579 5373 sed
2622 5320 2735 5391 sola
2770 5321 3064 5375 concordat
3106 5322 3260 5375 nobis
3290 5322 3515 5375 veritate

1920 5402 2127 5449 natura:
2143 5390 2169 5458 ;’
2184 5401 2239 5446 et
2261 5408 2377 5447 cum
2403 5390 2455 5443 in
2486 5390 2693 5444 cunctis
2712 5392 2966 5456 Operibus
2994 5393 3103 5445 suis
3134 5392 3395 5447 immensa
3416 5406 3515 5447 nos

1923 5463 2120 5518 virtute
2148 5460 2524 5525 transcendat,
2558 5460 2610 5513 in
2643 5476 2748 5515 uno
2779 5468 2957 5515 tamen
2988 5478 3017 5515 a
3050 5462 3204 5516 nobis
3227 5502 3242 5527 ,
3272 5466 3323 5517 id
3352 5470 3435 5516 est
3461 5462 3514 5517 in

1918 5531 2107 5589 formae
2151 5532 2375 5586 veritate
2399 5569 2412 5591 ,
2465 5546 2571 5585 non
2599 5530 2889 5599 discrepat.
2923 5530 3057 5598 Quia
3089 5547 3218 5599 ergo
3246 5576 3260 5600 ,
3290 5544 3345 5586 ut
3374 5548 3514 5601 pra:-

1920 5603 2122 5659 dictuin
2154 5611 2237 5657 est
2259 5643 2273 5668 ,
2304 5601 2480 5655 nullus
2514 5610 2630 5655 erat
2659 5602 2811 5667 cujus
2839 5603 3045 5657 meritis
3074 5604 3226 5657 nobis
3257 5604 3515 5659 Dominus

1921 5672 2202 5744 propitiari
2230 5672 2534 5737 debuisset,
2564 5669 2886 5744 AUuigenitus
2909 5669 3090 5744 Patris
3116 5673 3342 5729 fortnam
3377 5674 3518 5727 inlir-

1921 5742 2122 5798 irritatis
2154 5754 2348 5797 nostra:
2378 5742 2695 5814 suscipiens,
2729 5742 2873 5814 solus
2899 5742 3073 5812 justus
3101 5747 3384 5814 apparuit,
3420 5757 3515 5810 pro

1920 5814 2296 5885 peccatoribus
2314 5812 2676 5885 i.intercedens
2708 5830 2721 5866 :
2752 5812 2842 5883 qui
2880 5815 3005 5868 dum
3034 5812 3246 5885 partiam
3274 5826 3513 5869 nostram

1919 5884 2202 5945 moriendo
2254 5884 2545 5956 toleravit,
2586 5884 3000 5960 corruptionem
3036 5884 3284 5947 nostram
3325 5899 3511 5943 resur-
