3996 6346
158 418 169 429 Χ
222 427 356 484 1257

782 420 1029 480 ALULFI
1071 422 1428 482 EXPOSI'I‘IO
1465 422 1622 482 NOVI
1656 424 1853 483 TEST.
1892 455 1964 469 -
1998 426 2149 485 SUP.
2192 422 2438 486 EVANG.
2478 424 2629 487 SEC.
2661 425 2852 485 .IOAN.

3316 430 3452 493 1258
3476 444 3479 445 ⁷

217 544 438 599 molesta
468 552 587 609 qua:
609 535 886 618 obtinent,
914 551 983 618 eo
1010 538 1196 618 minus
1212 538 1459 593 amabilia
1503 536 1784 618 iiant‘quae
1813 548 1862 607 Α
1888 542 2312 618 compassionem
2342 541 2675 607 attrahimur,
2723 546 2876 599 tanto
2914 538 3035 597 altis
3059 542 3237 601 verius
3263 560 3456 618 appro.

217 621 427 675 vacant,
452 608 503 664 et
530 625 638 679 quo
661 608 926 663 delectant
952 610 1255 677 praesentia,
1278 625 1345 679 eo
1373 624 1477 662 non
1508 609 1787 678 inquirant

216 693 433 739 a:terna.
451 678 599 737 Unde
627 688 681 734 et
709 694 801 748 per
820 680 1158 748 semctipsam
1183 678 1387 733 Veritas
1409 680 1652 746 loquens,
1665 694 1787 733 cum

215 764 483 809 terrenam
530 766 715 819 pacem
745 766 775 803 a
805 765 1033 816 superna
1062 749 1409 817 distingueret
1434 788 1450 814 ,
1479 759 1534 802 et
1562 748 1626 819 ad
1659 764 1785 803 ven-

214 833 389 879 turam
410 818 693 889 discipulos
722 836 786 873 ex
817 821 1062 888 praesenti
1092 829 1437 889 provocaret,
1464 820 1569 872 ait:
1595 818 1787 872 Pacem

214 898 443 965 relinquo
473 888 607 965 vobis
631 932 646 956 ,
676 906 855 965 pacem
880 907 1044 943 meam
1073 890 1137 943 do
1168 888 1305 965 vobis
1330 905 1346 942 :
1378 890 1621 965 relinquo
1649 890 1787 943 scili-

214 975 298 1022 cet
330 959 683 1018 transitoriam
708 1001 724 1025 ,
758 961 827 1015 do
870 975 1193 1014 mansuram.
1224 959 1280 1013 Si
1310 973 1438 1027 ergo
1464 974 1557 1013 cor
1583 961 1634 1013 in
1665 974 1785 1013 eam

214 1052 332 1106 qua:
358 1034 541 1106 relicta
563 1041 644 1086 est
672 1031 867 1106 ligitur,
899 1046 1179 1106 nunquam
1202 1030 1267 1083 ad
1295 1030 1440 1106 illam
1470 1044 1587 1106 qua;
1614 1028 1787 1083 danda

214 1099 295 1161 est
324 1104 649 1173 pervenitur.
684 1100 791 1154 Pax
842 1101 1000 1168 igitur
1032 1115 1265 1173 pncsens
1293 1099 1631 1173 ita_tenenda_
1660 1107 1743 1153 est
1765 1138 1784 1165 ,

214 1184 273 1230 ut
298 1169 353 1229 et
399 1174 543 1241 diligi
592 1172 783 1225 debeat
822 1178 875 1225 et
904 1169 1212 1236 contemni,
1242 1185 1310 1224 ne
1351 1169 1401 1241 si?
1440 1169 1787 1224 immoderate

213 1246 465 1314 diligitur,
495 1240 759 1311 diligentis
786 1243 994 1295 animus
1022 1242 1073 1294 in
1104 1240 1257 1309 culpa
1289 1240 1549 1309 capiatur.

213 1334 339 1391 CAP.
371 1333 608 1389 XXXIX.
636 1365 708 1377 —
740 1331 892 1386 Venit
932 1332 1069 1385 enim
1103 1332 1363 1454 {irinceps
1412 1330 1561 1402 hujus
1606 1330 1787 1386 mundi

780 1402 955 1454 (Joan.
980 1418 1087 1454 xw.
1140 1402 1215 1454 υ).

780 1402 955 1473 (Joan.
980 1402 1193 1471 x1v,30)

288 1498 506 1571 (llomil.
533 1494 623 1565 '59,
650 1495 701 1571 in
735 1496 1042 1571 Eva_ng.,.n.
1071 1492 1103 1547 8
1125 1535 1139 1559 ,
1161 1492 1215 1559 9,
1241 1492 1353 1562 10.)
1388 1492 1598 1571 Maligni
1627 1493 1786 1571 spiri-

213 1565 306 1631 tus'
329 1586 433 1623 non
458 1571 631 1623 solum
662 1565 1087 1633 ingredientibus
1115 1578 1486 1634 perversurum
1511 1567 1788 1620 animabus

213 1656 377 1711 opera
416 1654 510 1693 sua
550 1637 863 1705 requirunt,
894 1643 952 1688 ut
997 1650 1088 1689 eas
1116 1633 1203 1711 gad
1242 1644 1505 1688 tormenta
1536 1636 1786 1711 trahant,

214 1704 399 1767 verum
430 1712 492 1763 ad
524 1704 725 1762 cleCtos
766 1719 981 1775 quoque
1007 1705 1265 1775 veniunt,
1306 1712 1361 1758 et
1407 1720 1559 1757 suum
1590 1706 1643 1757 in
1682 1704 1788 1759 illis

213 1780 411 1856 aliquid
441 1779 717 1856 requirunt
742 1814 756 1841 ,
781 1772 825 1830 Si
854 1772 1192 1856 praevaleant.
1214 1772 1367 1855 .Unus
1398 1782 1576 1829 autem
1606 1775 1788 1856 inho-

212 1845 442 1905 minibus
487 1845 727 1911 eistitit,
784 1845 874 1915 qui
930 1852 1056 1899 ante
1086 1845 1390 1915 passionem
1440 1860 1590 1897 suam
1622 1845 1789 1899 libera

211 1935 345 1975 voce
388 1920 559 1974 dixit:
592 1917 713 1971 Jam
759 1932 861 1969 non
900 1916 1061 1968 multa
1108 1916 1293 1986 loquar
1339 1915 1626 1969 vobiscum:
1657 1916 1789 1986 venit

211 1993 348 2045 enim
376 1993 609 2060 princeps
639 1987 790 2060 hujus
812 1987 988 2040 mundi
1012 2025 1028 2049 ,
1058 1994 1109 2060 et
1138 1985 1192 2060 in
1221 2002 1434 2060 menon
1463 1986 1612 2060 habet
1642 1985 1795 2053 quid-

246 2055 385 2115 nam.
401 2061 533 2127 Quia
552 2055 857 2113 enim'hunc
882 2057 1158 2127 mortalem
1182 2057 1450 2109 hominem
1467 2055 1619 2119 vidit,
1638 2070 1792 2110 suum

246 2079 381 2115 ttam.
401 2079 533 2127 ηυιὲ
553 2079 692 2113 8111111
715 2079 857 2111 IIUIIC
882 2079 1158 2109 ιιιυΐιδιυιιι
1183 2079 1450 2109 ιιυιιιιιιειιι
1469 2079 1619 2119 νιυιι,
1638 2079 1790 2110 δυυιιι

211 2079 266 2187 fu
292 2132 381 2185 illo
412 2130 589 2183 mundi
619 2129 867 2197 princeps
896 2125 1098 2193 aliquid
1129 2126 1377 2197 invenire,
1390 2139 1454 2197 se
1481 2140 1638 2193 posse
1670 2140 1790 2197 cre-

211 2201 367 2257 didit.
399 2201 504 2254 Sed
562 2196 675 2253 sine
730 2197 840 2251 ullo
894 2204 1114 2264 peccato
1146 2212 1176 2249 a
1223 2196 1403 2249 mundi
1448 2196 1794 2264 corruptione

211 2271 373 2334 exiit,
398 2270 489 2338 qui
531 2269 647 2323 sine
676 2273 898 2336 peccato
928 2266 981 2319 in
1012 2267 1263 2338 mnndum
1294 2267 1439 2320 venit
1464 2303 1479 2329 ,
1511 2265 1616 2338 hoc
1639 2266 1705 2338 de
1734 2280 1793 2320 se

212 2335 628 2395 contra'mundi
658 2335 952 2408 principem
994 2336 1168 2408 nullus
1207 2337 1388 2408 dicere
1436 2336 1627 2408 potuit.
1658 2335 1792 2389 Nam

210 2425 338 2464 cum
371 2410 628 2479 propheta
659 2404 846 2479 dicat
874 2404 1008 2479 Ecce
1030 2407 1162 2458 enim
1208 2408 1261 2459 in
1288 2406 1794 2479 iniquitatibus_con-

212 2476 389 2549 ceptus
414 2476 525 2533 sum
546 2520 560 2546 ,
580 2479 709 2549 etin
740 2478 1158 2549 delictisipeperit
1188 2493 1267 2530 me
1293 2487 1456 2529 mater
1476 2492 1589 2529 mea
1617 2476 1788 2549 (Psal.

211 2547 281 2615 1.,
302 2550 351 2619 7)
380 2568 392 2603 :
424 2564 578 2604 nemo
607 2548 720 2604 sine
743 2550 899 2617 culpa
947 2548 998 2600 in
1030 2550 1228 2619 mundo
1261 2550 1434 2619 potuit
1467 2562 1584 2619 esse
1612 2547 1702 2614 qui
1737 2548 1791 2601 in

212 2617 472 2675 mundum
500 2622 647 2673 venit
676 2635 799 2673 cum
820 2620 996 2689 culpa.
1027 2617 1422 2689 Constatienim
1452 2618 1575 2686 quia
1606 2632 1793 2672 omnes

213 2692 306 2761 qui
335 2691 399 2745 de
442 2690 616 2761 carnis
641 2690 997 2761 delectatione
1025 2688 1426 2761 conceptisunt
1457 2725 1472 2749 ,
1504 2689 1557 2761 in
1602 2702 1792 2761 eorum

214 2757 406 2831 procul
428 2760 587 2831 dubio
615 2759 702 2831 vel
729 2760 975 2831 actione,
1004 2757 1090 2811 vel
1133 2757 1437 2831 locutione,
1470 2757 1551 2831 vel
1583 2758 1791 2831 cogita-

213 2824 365 2885 iione
388 2872 405 2898 ,
437 2830 632 2898 aliquid
675 2844 829 2882 suum
872 2829 1119 2897 princeps
1163 2826 1367 2898 mundi
1398 2824 1555 2894 hujus
1584 2828 1788 2880 habuit.

213 2899 324 2956 Sed
354 2896 553 2954 idcirco
593 2899 712 2953 illos
756 2898 837 2951 vel
870 2896 991 2968 post
1034 2912 1258 2968 capere,
1288 2896 1373 2968 vel
1412 2910 1559 2968 prius
1605 2904 1793 2968 tenere

213 2986 327 3026 non
356 2969 530 3041 potuit
550 3009 571 3041 γ,
590 2966 976 3041 νῳιοηὶωῃξεοε
1003 2968 1090 3020 ille
1119 2982 1150 3021 a
1170 2966 1388 3041 debitis
1417 2966 1527 3020 suis
1556 2966 1789 3041 eripuit,

215 3042 310 3110 qui
349 3037 447 3111 pro
474 3037 631 3093 nobis
658 3040 773 3111 sine
800 3038 980 3111 debiio
1026 3037 1213 3111 mortis
1235 3037 1477 3111 debitum
1505 3037 1663 3091 solvit
1688 3076 1702 3101 ,
1736 3045 1794 3092 ut

217 3107 319 3167 nos
350 3107 485 3165 'ideo
535 3112 631 3164 sub
656 3109 776 3177 jure
804 3109 972 3163 hostis
1000 3108 1170 3161 nostri
1218 3107 1396 3160 debita
1446 3118 1629 3162 nostra
1678 3123 1786 3163 non

217 3189 437 3236 teneant
459 3219 474 3243 ,
506 3181 628 3250 quia
654 3195 751 3250 pro
794 3180 946 3234 nobis
973 3177 1236 3250 Mediator
1264 3177 1355 3250 Dei
1384 3186 1438 3232 et
1470 3177 1789 3250 hominum,

217 3252 381 3307 homo
403 3248 643 3307 Christus
656 3248 821 3305 'Jesus
847 3250 1079 3319 gratuito
1095 3249 1321 3302 reddidit
1341 3249 1481 3316 quod
1509 3264 1613 3302 non
1637 3250 1793 3304 debe-

217 3322 331 3378 bat.
362 3322 463 3387 Qui
507 3322 647 3376 enim
696 3336 793 3389 pro
821 3321 973 3375 nobis
1014 3328 1255 3391 mortem;
1281 3319 1456 3391 carnis
1501 3319 1791 3391 indebitam
1819 3327 1866 3391 ο

218 3393 467 3453 reddidit,
486 3408 583 3447 nos
606 3408 635 3446 a
656 3392 831 3445 debita
852 3391 1042 3445 animae
1061 3389 1504 3459 morteﬁliberavit.
1526 3390 1787 3459 Aitergo:

230 3462 381 3518 Venit
404 3462 539 3515 enim
568 3463 803 3532 princeps
828 3463 1003 3532 mundi
1023 3460 1206 3529 hujus,
1250 3468 1298 3513 et
1321 3461 1375 3512 in
1405 3476 1485 3512 me
1512 3477 1615 3513 non
1645 3461 1794 3515 habet

216 3534 520 3605 quidquam:
544 3530 690 3605 Unde
717 3530 1010 3605 curandum
1040 3532 1194 3584 nobis
1222 3537 1324 3595 est,
1355 3538 1409 3582 et
1445 3544 1568 3605 cum
1590 3532 1794 3599 magnis

217 3600 462 3673 quntidie
490 3601 705 3655 lletibus
748 3600 1087 3673 cogitandum
1115 3638 1132 3665 ,
1158 3614 1315 3667 quam
1347 3600 1561 3673 rapidus
1587 3640 1602 3665 ,
1632 3615 1793 3669 quam

221 3670 475 3729 terribilis
500 3687 594 3725 sua
623 3673 676 3725 in
706 3670 857 3725 nobis
886 3684 1050 3739 opera
1080 3684 1354 3737 reqwrens
1386 3707 1402 3733 ,
1433 3670 1482 3723 in
1512 3670 1596 3725 die
1624 3672 1795 3726 nostri

220 3744 399 3801 exitus
420 3743 665 3813 princeps
686 3740 845 3809 hujus
864 3740 1043 3813 mundi
1068 3740 1247 3813 veniat
1258 3740 1337 3813 ;_si
1362 3740 1519 3813 etiam
1541 3741 1607 3813 ad
1629 3741 1794 3813 Deum

220 3829 387 3871 carne
414 3808 731 3867 morientem
760 3808 925 3874 venit,
949 3812 1078 3865 etin
1104 3811 1194 3863 illo
1223 3808 1416 3879 aliquid
1441 3812 1712 3878 quaesivit,
1741 3814 1793 3868 in

221 3900 331 3955 quo
362 3884 489 3938 nihil
535 3884 776 3955 invenire
821 3882 1040 3955 potuit,
1069 3878 1195 3950 quid
1241 3878 1422 3955 itaque
1474 3898 1571 3936 nos
1613 3882 1795 3938 miseri

220 3952 454 4018 dicturi,
503 3953 629 4023 quid
672 3953 852 4023 facturi
894 3967 1117 4014 sumus,
1176 3952 1268 4023 qui
1323 3953 1601 4006 innumera
1656 3955 1792 4007 mala

220 4020 626 4081 commisimus?
657 4022 792 4088 Quid
822 4022 1113 4090 requirenti
1158 4020 1465 4077 adversario
1488 4059 1503 4083 ,
1545 4032 1602 4077 et
1628 4024 1793 4081 multa

222 4110 319 4150 sua
364 4095 416 4148 in
472 4095 624 4149 nobis
669 4093 961 4149 invenienti
993 4093 1267 4156 dicemus,
1301 4093 1399 4147 nisi
1430 4092 1602 4147 solum
1652 4094 1796 4161 quod

222 4166 377 4220 nobis
407 4172 490 4221 est
514 4173 717 4219 certum
748 4165 1010 4232 relugium
1048 4172 1103 4217 et
1130 4164 1300 4218 solida
1325 4178 1446 4231 spes
1472 4181 1484 4215 :
1518 4164 1644 4231 quia
1674 4180 1796 4218 cum

221 4236 313 4291 illo
344 4252 502 4289 unum
534 4236 660 4289 l'acti
689 4250 869 4290 sumus
892 4275 909 4299 ,
933 4237 986 4288 in
1014 4249 1120 4303 quo
1149 4235 1396 4304 princeps
1425 4234 1583 4302 hujus
1612 4236 1797 4290 mundi

221 4316 279 4360 et
309 4322 461 4361 suum
491 4306 690 4375 aliquid
721 4306 1035 4375 requisivit,
1063 4314 1119 4359 et
1164 4305 1402 4360 invenire
1453 4305 1668 4359 minime
1695 4321 1795 4375 po-

223 4378 366 4443 tuit,
398 4378 651 4445 quoniam
697 4380 842 4431 solus
888 4385 973 4431 est
1017 4378 1155 4430 inter
1190 4386 1431 4429 mortuos
1481 4375 1633 4445 liber,
1665 4384 1719 4429 et
1764 4391 1796 4430 a

219 4444 560 4517 peccatijam
600 4448 820 4517 servitio
849 4446 1025 4500 veraci
1076 4446 1321 4517 libertate
1356 4444 1633 4517 soivimur,
1662 4460 1797 4513 quo-

220 4515 368 4571 niam
396 4515 445 4567 ei
476 4517 565 4579 qui
618 4530 741 4567 vera
772 4515 991 4568 libertas
1019 4523 1101 4569 est
1126 4515 1372 4568 unimur?
1402 4515 1624 4567 Constat
1653 4517 1795 4568 enim

220 4600 327 4640 nec
374 4596 571 4651 negare
611 4598 892 4652 possumus
918 4624 933 4650 ,
964 4586 1057 4638 sed
1094 4587 1357 4637 veraciter
1394 4584 1641 4648 fatemur,
1672 4586 1796 4652 quia

220 4655 471 4726 princeps
514 4653 671 4726 hujus
722 4652 905 4705 mundi
955 4654 1121 4706 habet
1166 4654 1229 4726 in_
1267 4652 1420 4706 nobis
1463 4653 1626 4705 multa
1653 4691 1669 4717 ,
1701 4655 1796 4708 sed

222 4721 487 4780 tamenin
519 4724 704 4778 mortis
731 4730 924 4778 nostra:
951 4732 1189 4793 tempore
1211 4721 1320 4793 jam
1351 4738 1449 4777 nos
1476 4738 1667 4792 rapere
1687 4739 1796 4780 non

223 4796 368 4850 valet
397 4834 413 4860 ,
444 4796 569 4863 quia
596 4794 711 4863 ejus
739 4795 977 4848 membra
1003 4809 1183 4848 sumus
1214 4792 1391 4847 elfecti
1417 4831 1432 4856 ,
1465 4794 1519 4846 in
1550 4808 1657 4860 quo
1682 4808 1795 4863 non

222 4866 387 4921 habet
411 4866 721 4933 quidquam.
764 4864 869 4918 Sed
919 4866 1043 4933 quid
1073 4863 1291 4933 prodest
1319 4862 1458 4933 quod
1488 4863 1660 4917 eidem
1685 4862 1798 4919 Re-

223 4935 489 5004 demptori
523 4944 706 4989 nostro
734 4949 829 5004 per
857 4933 1015 4988 Iidem
1040 4934 1327 5004 jungimu_r_,
1356 4935 1398 4987 si
1430 4933 1497 4986 ab
1525 4948 1591 4987 eo
1628 4935 1763 4987 mori
1781 4962 1793 4972 -

222 5006 326 5061 bus
352 5001 751 5073 disjungamur‘?
766 5003 884 5075 Ipse
909 5018 1050 5057 enim
1070 5004 1201 5075 dicit
1221 5019 1236 5075 :_
1260 5001 1385 5075 Non
1408 5004 1572 5055 omnis
1602 5005 1685 5075 qui
1711 5004 1795 5057 di-

222 5077 295 5129 cit
320 5072 445 5128 mihi
467 5114 483 5141 ,
509 5072 727 5128 Domine
748 5112 763 5137 ,
794 5072 1013 5126 Domine
1034 5114 1050 5139 ,
1080 5072 1289 5126 intrabit
1318 5074 1371 5125 in
1400 5072 1623 5143 regnum
1640 5076 1793 5128 caelo-

224 5162 342 5200 rum
364 5145 577 5216 (Matth.
602 5160 715 5216 vn,
750 5144 821 5213 1).
870 5144 1035 5216 Recta
1084 5144 1225 5216 enim
1275 5158 1437 5212 opera
1485 5152 1643 5216 recta:
1674 5144 1795 5216 lidei

224 5224 356 5273 sunt
374 5213 667 5284 jungenda,
685 5217 823 5269 mala
852 5229 971 5282 qua:
999 5213 1219 5268 fecimus
1247 5229 1343 5283 per
1371 5213 1681 5281 quotdiana
1713 5215 1794 5268 la-

225 5297 407 5340 menta
431 5293 553 5339 sunt
577 5284 823 5355 diluenda
849 5323 863 5346 ,
888 5294 948 5355 et
976 5300 1037 5338 ea
1061 5300 1178 5354 quae
1200 5298 1482 5355 possumus
1510 5285 1650 5355 bona
1692 5284 1794 5338 Ira-

226 5357 400 5410 tribus
446 5354 823 5425 impendenda.
852 5354 1035 5423 Neque
1062 5353 1387 5409 eninialiter
1417 5353 1794 5424 Redemptoris

228 5426 399 5479 nostri
454 5424 689 5480 membra
743 5424 1022 5491 ellicimur,
1066 5427 1169 5480 nisi
1222 5425 1531 5479 inhaerendo
1578 5425 1691 5479 Deo
1740 5434 1795 5480 et

228 5496 602 5565 compatiendo
631 5496 892 5565 proximo.
917 5495 1137 5549 Multum
1166 5495 1306 5549 enim
1328 5496 1471 5549 valet
1493 5497 1793 5565 compassio

230 5563 498 5630 fraterna,
532 5574 584 5618 et
614 5563 708 5619 nos
745 5566 1095 5633 omnipotenti
1125 5567 1233 5620 Deo
1278 5563 1793 5633 conjungunt'mise-

230 5634 471 5690 ricordiae
514 5638 741 5689 viscera.
784 5635 911 5688 lude
950 5636 1089 5689 enim
1130 5638 1177 5690 ei
1203 5635 1294 5704 qui
1320 5644 1401 5689 est
1427 5650 1588 5705 super
1616 5637 1794 5692 omnia

232 5709 651 5777 propinquamus
679 5705 817 5759 unde
863 5719 961 5758 nos
982 5706 1533 5777 ipericompassionem
1563 5708 1792 5775 proximi

231 5776 393 5847 etiam
412 5774 510 5830 sub
533 5777 888 5847 nosmetipsos
906 5774 1249 5847 deponimus.
1276 5774 1334 5829 ln
1358 5775 1516 5847 rebus
1539 5774 1797 5847 corpora-

232 5842 371 5899 libus
414 5862 571 5901 nemo
618 5846 723 5900 alta
765 5842 944 5914 tangit
980 5842 1081 5898 nisi
1119 5848 1213 5914 qui
1253 5844 1502 5899 tenditur.
1549 5844 1607 5898 In
1635 5842 1794 5902 rebus

232 5927 445 5987 quoque
464 5915 835 5986 aspiritualibus
856 5924 1061 5971 certum
1087 5927 1169 5973 est
1192 5917 1318 5986 quia
1336 5921 1537 5987 quanto
1555 5915 1676 5987 plus
1698 5931 1795 5987 per

470 6009 744 6072 PATBOL.
786 6012 1081 6074 LXXIX.

1827 4702 1878 4762 1)

1891 614 2233 682 pinquamus.

1889 704 2017 759 CAP.
2071 702 2183 758 XL.
2234 737 2303 748 —
2348 705 2474 759 Sine
2502 719 2580 757 me
2619 705 2751 845 nilgii
2791 704 3000 775 potestis
3045 712 3216 780 facere
3263 707 3455 780 (Joan.

2568 790 2653 840 xv,
2760 816 2775 830 .

2568 790 2653 840 xv,
2687 790 2775 840 ο).

1957 863 2173 943 (ιέίιξιξ
2201 864 2253 919 in
2292 863 2520 943 Bacch},
2540 865 2685 919 hom.
2718 865 2768 930 9,
2799 882 2944 921 num.
2992 867 3067 943 l._)
3106 867 3183 943 Es
3205 886 3462 943 omnipo-

1888 936 2049 989 tentis
2082 936 2197 1013 Dei_
2218 937 2386 1013 gratia
2416 936 2484 1013 ad
2508 936 2663 1013 bona
2678 952 2841 1013 opera
2881 936 3062 1013 conari
3091 940 3309 1013 quidem
3338 936 3457 1013 post

1887 1019 2093 1071 sumus,
2110 1007 2202 1080 sed
2224 1007 2337 1060 lucc
2360 1006 2601 1080 implere,
2623 1008 2666 1080 si
2689 1006 2799 1075 ipse
2821 1024 2925 1061 non
2945 1006 3161 1080 adjuvat
3180 1012 3269 1078 qui
3286 1006 3461 1080 ju'bet,

1889 1091 1995 1130 non
2060 1077 2317 1130 valemus.
2382 1076 2472 1131 Sic
2542 1076 2736 1131 Paulus
2760 1094 2882 1131 cum
2942 1076 3230 1145 discipulos
3276 1076 3465 1137 admo-

1888 1154 2061 1219 neret,
2092 1145 2271 1199 dicens
2305 1164 2319 1199 :
2351 1144 2477 1219 Cnm
2497 1156 2640 1219 metu
2669 1158 2716 1199 et
2747 1157 2961 1202 tremore
2986 1144 3205 1203 vestram
3230 1151 3462 1219 ipsorum

1891 1218 2107 1289 salutem
2136 1217 2420 1289 operamini
2462 1216 2679 1285 (Philip.
2711 1233 2777 1281 ll,
2816 1219 2930 1285 l2),
2964 1220 3107 1275 illico
3136 1216 3258 1289 quis
3285 1226 3336 1274 in
3382 1224 3462 1278 eis

1890 1287 2004 1340 haec
2033 1287 2143 1355 ipsa
2172 1288 2308 1339 bona
2340 1296 2651 1354 operaretur
2675 1289 2937 1355 adjunxit,
2969 1287 3194 1344 dicens:
3222 1290 3358 1345 Deus
3390 1300 3467 1347 est

1889 1358 2024 1433 enim
2053 1356 2139 1433 qui
2168 1358 2485 1433 aperatu_r__in
2514 1356 2673 1424 vobis,
2720 1366 2780 1433 et_
2815 1359 3079 1433 velle,__et‘
3100 1366 3345 1433 per/icere
3370 1380 3467 1433 pro

1894 1425 2029 1499 bona
2059 1425 2337 1499 uoluntate.
2371 1425 2505 1481 Hinc
2534 1435 2615 1480 est
2643 1428 2784 1495 quod
2816 1428 2930 1496 ipsa
2957 1425 3165 1499 Veritas
3194 1425 3469 1499 discipulis

1891 1496 2021 1551 dicit
2046 1516 2058 1549 :
2093 1496 2217 1550 Sine
2246 1512 2324 1549 me
2352 1498 2481 1550 nihil
2509 1499 2720 1567 potestis
2742 1499 2930 1567 facere.
2964 1497 3069 1552 Sed
3099 1500 3153 1553 in
3182 1501 3263 1556 his
3286 1496 3467 1558 consi-

1892 1568 2186 1640 derandum
2224 1574 2308 1620 est
2335 1568 2457 1640 quia
2498 1568 2720 1640 sibona
2751 1576 2934 1640 nostra
2979 1570 3056 1623 sic
3082 1572 3468 1640 omnipotentis

1895 1635 1993 1692 Dei
2019 1637 2159 1707 dona
2183 1646 2325 1702 sunt,
2356 1648 2415 1690 ut
2442 1638 2497 1690 in
2524 1638 2601 1692 eis
2628 1638 2826 1707 aliquid
2850 1646 3089 1693 nostrum
3120 1635 3337 1705 non'sit,
3369 1658 3468 1698 cur

1894 1723 1993 1762 nos
2016 1706 2166 1780 quasi
2197 1722 2294 1776 pro
2325 1708 2529 1780 meritis
2555 1706 2809 1762 aeternam
2835 1709 3241 1780 retributionem
3272 1714 3467 1780 quaeri-

1894 1779 2047 1851 mus?
2072 1776 2129 1832 Si
2175 1787 2351 1851 autem
2383 1777 2455 1830 ita
2476 1786 2828 1851 nostra‘sunt,
2854 1787 2912 1851 ut
2940 1778 3079 1833 dona
3103 1779 3196 1834 Dei
3219 1776 3466 1851 omnipo-

1896 1848 2057 1921 tentis
2083 1849 2344 1921 nonisint,
2388 1863 2505 1921 _cur_
2533 1864 2596 1901 ex
2628 1848 2707 1902 eis
2746 1849 3097 1921 omnipotenti
3127 1851 3238 1906 Deo
3266 1848 3468 1921 gratias

1830 1941 1870 2000 Β
1901 1919 2145 2000 agimus?
2192 1917 2296 2000 Sed
2324 1918 2604 2000 sciendum
2633 1926 2714 1972 est
2741 1932 2863 1986 quia
2894 1917 3031 1972 mala
3052 1930 3236 2000 nostra
3265 1917 3468 2000 soluun-

1899 1989 2058 2060 modo
2083 1998 2265 2043 nostra
2288 1997 2429 2054 sunt,
2460 1988 2598 2041 bona
2628 2003 2755 2060 vero
2796 2001 2977 2043 nostra
3008 1999 3062 2043 et
3085 1992 3467 2060 omnipotentis

1896 2058 1992 2113 Dei
2019 2068 2143 2113 sunt
2172 2069 2226 2114 et
2251 2066 2461 2131 nostra,
2478 2060 2607 2131 quia
2634 2059 2748 2126 ipse
2768 2059 3053 2131 aspirando
3083 2076 3180 2116 nos
3207 2058 3468 2131 prtnvenit

1895 2130 2238 2200 utrvelimus,
2269 2130 2359 2195 qui
2404 2129 2706 2200 adjuvando
2752 2128 3092 2200 subsequitur
3137 2128 3470 2188 ne'inaniter

1895 2199 2139 2262 velimus,
2170 2200 2261 2254 sed
2285 2199 2549 2267 possimus
2572 2199 2865 2268 adimplere
2888 2199 3007 2269 qua:
3034 2201 3297 2257 volumus.
3332 2202 3469 2258 Prte-

1894 2270 2144 2324 veniente
2190 2278 2366 2323 autem
2411 2269 2620 2336 gratia,
2673 2278 2727 2323 et
2774 2270 2913 2323 bona
2957 2270 3233 2326 voiuntate
3280 2275 3469 2329 subse-

1893 2347 2093 2407 quente
2117 2376 2131 2401 ,
2189 2340 2291 2392 hoc
2336 2339 2490 2408 quod,
2527 2339 2909 2408 omnipotentis
2950 2340 3042 2395 Dei
3072 2344 3269 2397 donum
3300 2355 3381 2399 est
3411 2344 3469 2399 lit

1894 2410 2143 2462 meritum
2169 2416 2429 2462 nostrum.
2462 2407 2612 2474 Quod
2634 2407 2772 2463 bene
2799 2407 2994 2463 Paulus
3024 2411 3171 2465 brevi
3200 2416 3469 2469 sententia

1893 2479 2153 2551 eXplicat,
2182 2479 2366 2551 dicens
2400 2478 2589 2551 :__Plus
2618 2480 2721 2532 illis
2751 2479 2984 2539 omnibus
3014 2481 3239 2535 laboravi
3271 2482 3324 2551 (Ι
3347 2484 3467 2539 Cor.

1893 2563 1981 2622 δν,
2022 2549 2132 2619 10).
2169 2549 2269 2615 Qui
2300 2564 2365 2622 ne
2394 2548 2667 2622 videretur
2705 2565 2813 2603 sua:
2837 2551 3020 2604 virtuti
3052 2548 3298 2607 tribuisse
3325 2557 3468 2622 quod

1894 2617 2099 2672 fecerat
2130 2620 2374 2691 adjunxit
2403 2636 2415 2672 :
2450 2617 2771 2691 Nonautem
2793 2635 2905 2689 ego,
2930 2622 3027 2691 sed
3051 2625 3221 2691 gratia
3254 2617 3470 2679 Dei-mea

1894 2706 2027 2762 cum.
2061 2692 2135 2743 Ac
2160 2692 2205 2743 si
2229 2689 2429 2762 diceret
2454 2706 2467 2741 :
2497 2688 2553 2762 l_n
2578 2690 2718 2743 bono
2736 2688 2903 2762 opere
2922 2688 3187 2762 l_aboravi,
3212 2708 3321 2746 non
3345 2709 3466 2762 ego,

1893 2761 1986 2811 sed
2017 2766 2073 2812 et
2101 2773 2222 2825 ego.
2254 2758 2310 2811 In
2340 2774 2405 2811 eo
2435 2760 2575 2811 enim
2597 2758 2752 2832 quod
2780 2760 2897 2812 solo
2922 2758 3133 2832 Domini
3161 2761 3303 2832 dono
3335 2758 3468 2832 prie;

1892 2837 2083 2882 ventus
2121 2845 2257 2891 sum,
2291 2842 2396 2880 non
2425 2841 2559 2895 ego;
2594 2828 2647 2881 in
2673 2838 2946 2897 eogautem
2974 2829 3118 2897 quod
3141 2828 3348 2885 donum'
3372 2850 3468 2887 vo-

1892 2896 2096 2951 luntate
2124 2899 2459 2963 subsecutus,
2499 2906 2554 2950 et
2580 2912 2699 2964 ego.
2733 2895 2861 2952 Haec
2888 2895 3122 2955 breviter
3149 2910 3338 2956 contra
3370 2902 3468 2960 Pe-

1892 2968 2089 3036 lagium
2120 2969 2259 3023 dicta
2286 2979 2409 3022 sunt
2439 2977 2492 3021 et
2517 2966 2851 3022 leestium.
3164 3000 3167 3003 -

1890 3058 2021 3117 CAP.
2052 3058 2187 3114 XLI.
2220 3091 2289 3100 -—
2327 3050 2628 3137 Vos‘amici
2676 3062 2774 3137 m‘ei
2821 3060 2944 3114 estis
2968 3101 2982 3127 ,
3030 3064 3087 3137 si
3105 3063 3329 3133 feceritis
3357 3082 3467 3137 qua:

2243 3132 2487 3203 prtecipio
2517 3131 2656 3185 vobis
2687 3131 2867 3187 (Joan.
2899 3147 2990 3200 xv,
3028 3131 3131 3203 l5).

1962 3226 1985 3293 (
2004 3222 2059 3277 In
2084 3222 2315 3293 exposit.
2348 3221 2408 3274 B.
2441 3220 2564 3286 Job,
2595 3221 2685 3275 lib.
2720 3237 2887 3293 xxvii,
2914 3222 3208 3293 unm._28.)
3254 3224 3469 3283 Amicus

1894 3291 2258 3348 Ve‘ritatis'est
2279 3302 2439 3347 recta:
2468 3299 2677 3363 amator
2697 3292 2942 3363 actionis.
2973 3291 3125 3346 Unde
3153 3301 3207 3347 et
3236 3294 3345 3363 ipsa
3376 3295 3468 3351 Ve-

1896 3365 2026 3419 ritas
2056 3364 2326 3434 discipulis
2353 3363 2481 3416 dicit
2507 3381 2542 3434 ς)
2569 3362 2670 3416 Vos
2700 3362 2853 3415 amici
2883 3363 2982 3434 mei
3008 3364 3147 3425 estis,
3179 3365 3223 3417 si
3244 3362 3468 3434 feceritis

1894 3451 2009 3514 qun:
2030 3433 2405 3514 ego_prt_ecipio
2435 3432 2595 3513 vobis.
2628 3434 2843 3514 Amicus
2870 3433 3068 3514 quippe
3094 3432 3255 3514 animi
3286 3446 3469 3514 custos

1894 3503 2109 3559 dicitur.
2134 3503 2287 3559 Unde
2312 3511 2367 3556 et
2392 3517 2498 3556 non
2520 3503 2789 3556 immerito
2813 3503 2905 3571 qui
2931 3503 3199 3559 custodire
3220 3506 3469 3560 volunta-

1896 3581 2005 3629 tem
2036 3574 2129 3627 Dei
2159 3574 2213 3627 in
2243 3572 2523 3642 praeceptis
2552 3572 2691 3627 illius
2718 3572 2905 3626 nititur
2930 3572 3045 3641 ejus
3072 3574 3274 3630 amicus
3304 3591 3467 3631 voca-

1898 3657 2001 3699 tur.
2036 3644 2171 3714 llinc
2198 3651 2279 3698 est
2319 3642 2462 3714 quod
2488 3658 2699 3697 rursum
2730 3643 2931 3698 eisdem
2954 3644 3226 3714 discipulis
3261 3645 3469 3701 Veritas

1895 3714 2023 3770 dicit
2050 3731 2063 3767 :
2105 3713 2205 3786 Vos
2228 3722 2397 3766 autem
2426 3712 2533 3766 dixi
2554 3714 2787 3786 amicos:
2819 3714 2938 3786 quia
2967 3712 3142 3786 omnia
3161 3731 3471 3786 quaecunque

1896 3786 2067 3839 audivi
2097 3802 2128 3837 a
2158 3783 2318 3837 Patre
2343 3800 2475 3847 meo,
2508 3793 2630 3837 nota
2660 3784 2757 3855 {eci
2779 3783 2917 3839 vobis
2946 3784 3132 3856 (Ibid.,
3164 3783 3275 3854 15).

1895 3875 2022 3931 CAP.
2058 3874 2211 3930 XLII.
2234 3906 2304 3917 ——
2330 3873 2459 3927 Cum
2488 3875 2677 3947 venerit
2704 3872 3029 3947 Paracletus,
3061 3893 3207 3947 quem
3238 3894 3329 3946 ego
3351 3880 3471 3935 mit-

2180 3956 2284 3999 tam
2324 3947 2461 4000 vobis
2492 3963 2522 3999 a
2554 3945 2712 3999 Patre
2746 3946 2936 4015 (Joan.
2962 3963 3049 4012 xv,
3070 3945 3184 4016 ‘26).

1969 4037 2200 4112 (Ho_m_il.
2249 4053 2401 4104 xxvr,
2422 4038 2498 4112 _in
2523 4036 2753 4112 AEva_ng.,
2785 4055 2838 4092 n.
2984 4037 3316 4112 Paracletum
3345 4056 3470 4112 sane

1897 4107 2039 4165 ctum
2070 4108 2235 4163 Filius
2264 4124 2293 4161 a
2313 4124 2375 4178 se
2404 4108 2676 4176 discipulis
2707 4108 2967 4178 promittit
2998 4107 3311 4178 mittendum
3330 4148 3345 4173 ,
3376 4111 3470 4177 qui

1897 4194 1957 4240 se
1999 4194 2212 4246 quoque
2246 4193 2275 4230 a
2308 4177 2465 4231 Patre
2496 4176 2719 4230 missum
2750 4176 2951 4231 eisdem
2977 4176 3103 4230 alibi
3132 4179 3353 4243 asserit,
3386 4176 3467 4235 di.

1897 4264 2027 4305 cens
2053 4269 2062 4301 :
2098 4250 2245 4304 Sicut
2268 4250 2404 4301 misit
2432 4262 2509 4299 me
2538 4248 2711 4310 Pater,
2743 4255 2791 4299 et
2813 4264 2905 4315 ego
2929 4247 3072 4317 mitto
3096 4263 3182 4300 vos
3215 4246 3350 4317 (Isa.
3377 4267 3468 4315 xx,

1896 4319 2011 4390 21).
2059 4318 2114 4373 In
2163 4321 2356 4388 quibus
2395 4318 2604 4390 verbis,
2644 4316 3469 4390 quamvjsmissiointelligatur

1900 4383 2015 4457 ejus
2046 4383 2339 4443 incarnatio
2373 4387 2556 4456 (Pater
2576 4388 2780 4459 quippe
2809 4383 3001 4459 Filium
3026 4386 3189 4459 misit,
3218 4383 3470 4459 quihune

1898 4456 1997 4530 pro
2021 4459 2385 4530 redemptione
2407 4456 2617 4524 generis
2633 4456 2848 4530 humani
2873 4456 3466 4530 incarnariconstituit),

1901 4525 2079 4584 tamen
2111 4525 2273 4581 etiam
2316 4526 2467 4595 juxta
2518 4535 2758 4597 naturam
2787 4525 3075 4581 divinitatis
3106 4537 3284 4597 potest
3314 4525 3470 4586 intel-

1902 4600 2011 4669 ligi.
2044 4597 2118 4650 Eo
2146 4597 2291 4651 enim
2318 4594 2434 4665 ipso
2462 4610 2493 4669 a
2523 4594 2680 4649 Patre
2708 4595 2870 4651 Filius
2899 4598 3036 4652 mitti
3059 4594 3271 4665 dicitur,
3302 4616 3409 4669 quo
3439 4618 3470 4655 a

1902 4667 2063 4731 Patre
2088 4674 2404 4737 generatur;
2435 4666 2512 4721 sic
2533 4681 2746 4737 quoque
2773 4678 3014 4722 sanctum
3042 4666 3469 4737 Spiritum—qui,

1901 4754 2020 4794 cum
2052 4738 2121 4791 sit
2146 4734 2291 4789 Patri
2320 4737 2603 4804 cocequalis
2625 4746 2678 4789 et
2704 4734 2857 4801 Filio,
2892 4753 2995 4791 non
3021 4734 3202 4793 tamen
3224 4734 3470 4793 inc'arna-l

1901 4818 1986 4863 tus
2014 4818 2127 4870 est,
2162 4805 2365 4860 eisdem
2391 4822 2449 4861 se
2475 4805 2640 4860 Filius
2670 4807 2883 4861 mittere
2913 4808 3160 4875 perhibet
3184 4825 3198 4860 :
3234 4808 3359 4862 Cum
3387 4826 3469 4863 ve-

1899 4880 2033 4931 nerit
2071 4876 2397 4949 Paracletus,
2424 4892 2572 4949 quem
2600 4892 2692 4947 ego
2734 4878 2933 4930 mittam
2954 4876 3099 4949 vobis
3126 4894 3157 4929 a
3190 4875 3367 4949 Patre.
3410 4878 3468 4933 Si

1899 4949 2041 5002 enim
2080 4948 2218 5000 mitti
2263 4946 2596 5018 solummodo
2627 4946 3156 5018 nicarnariideberet
3204 4947 3465 5018 intelligi,

1898 5027 2114 5073 sanctus
2157 5016 2343 5085 procul
2365 5017 2526 5070 dubio
2563 5016 2789 5086 Spiritus
2819 5016 3125 5070 nullomodo
3154 5017 3292 5071 mitti
3323 5016 3468 5073 dice-

1898 5097 2063 5153 retur,
2096 5087 2187 5154 qui
2209 5101 2543 5156 nequaquam
2573 5094 2655 5142 est
2675 5088 2997 5156 incarnatus,
3030 5087 3121 5141 sed
3144 5087 3261 5156 ejus
3286 5088 3466 5142 missio

1898 5159 2013 5226 ipsa
2043 5165 2125 5213 est
2155 5154 2427 5226 processio
2452 5196 2466 5221 ,
2514 5171 2618 5225 qua
2663 5155 2728 5209 de
2758 5154 2917 5209 Patre
2957 5154 3199 5224 procedit
3229 5165 3281 5210 et
3310 5156 3455 5216 Filio.

1898 5228 2048 5283 Sicut
2076 5230 2256 5295 itaque
2284 5226 2464 5298 Filius_
2487 5241 2592 5298 non
2624 5226 2916 5292 incongrue
2944 5228 3083 5298 mitti
3114 5226 3307 5282 dicitur
3336 5229 3462 5298 quia

1898 5307 2203 5369 generatur,
2250 5300 2322 5351 ita
2350 5306 2407 5352 et
2433 5296 2664 5365 Spiritus
2691 5302 2912 5350 sanctus
2951 5296 3147 5351 dicitur
3171 5298 3309 5352 mitti
3340 5296 3463 5367 (iuia

1894 5369 2154 5439 procedit.

1895 5476 2024 5533 Car.
2052 5476 2232 5533 XLIII.
2264 5508 2334 5520 —
2361 5475 2424 5531 Si
2459 5492 2563 5529 non
2600 5476 2797 5541 aoiero,
2833 5474 3134 5530 Paraclelus
3162 5492 3265 5530 non
3304 5478 3464 5533 veniet

2356 5545 2423 5599 ad
2450 5562 2535 5599 vos
2560 5545 2751 5614 (Joan.
2782 5562 2898 5612 xvi,
2933 5547 3006 5613 7).

1972 5638 2198 5711 (Dialog.
2233 5637 2326 5711 ω).
2354 5653 2408 5711 Ii,
2441 5651 2558 5711 cap.
2591 5636 2679 5701 '58,
2703 5645 2758 5691 et
2786 5638 2838 5691 in
2863 5637 3092 5711 exposit.
3124 5636 3184 5692 B.
3207 5636 3326 5711 iob,
3369 5639 3459 5711 lib.

1900 5706 2020 5775 vni,
2053 5724 2199 5762 num.
2223 5706 2336 5776 M.)
2376 5706 2631 5761 Dominus
2647 5706 2945 5777 inosteriut’
2990 5708 3144 5760 Iidem
3195 5708 3465 5777 discipulis

1901 5789 2157 5847 augeret,
2174 5778 2309 5831 dixit
2341 5794 2353 5829 :
2387 5777 2447 5831 Si
2477 5792 2577 5830 non
2602 5776 2805 5842 abiero,
2830 5776 3142 5847 Paracletus
3170 5794 3272 5832 non
3301 5776 3464 5832 veniet

1899 5849 1968 5902 ad
1981 5845 2101 5902 vos.
2123 5846 2256 5901 Cum
2279 5847 2419 5901 enim
2440 5855 2651 5902 constet
2675 5848 2798 5916 quia
2828 5845 3133 5903 Paracletus
3160 5848 3376 5915 spiritus
3400 5862 3462 5901 es

1900 5916 2059 5974 Patre
2085 5916 2343 5989 procedat
2380 5932 2592 5990 semper
2619 5925 2677 5975 et
2711 5932 2742 5973 a
2780 5916 2917 5976 Filio
2980 5934 3075 5975 cur
3100 5934 3160 5974 se
3188 5917 3355 5973 Filius
3382 5933 3444 5978 re

3002 6017 3168 6080 'ls0
