3996 6346
443 340 581 400 I263

1324 333 1670 393 APPENDIX
1708 334 1799 392 AD
1834 332 1896 391 S.
1935 326 2263 393 GREGORII
2301 326 2525 389 OPERA
2561 322 2795 413 QMNIA.

3534 326 3680 390 126‘

445 470 597 513 orem
651 457 1043 525 cognoscerent
1086 448 1301 525 malitia:
1350 452 1533 506 nubilo
1561 453 1794 525 velavit._
1816 451 2006 506 Vultus
2034 453 2082 514 Α
2109 462 2170 502 cc
2189 447 2369 525 liberie
2397 443 2787 525 praedicationis
2816 447 3183 525 exsurgerent,
3210 446 3267 525 et
3289 439 3684 525 necdum_piist

440 530 638 597 quippe
665 523 1025 597 ministrorum
1068 523 1183 588 ejus
1212 530 1429 590 opertus
1448 523 1669 587 exstitit,
1711 523 1829 597 quia
1847 534 2008 597 inens

440 592 872 667 persequentium
888 609 1021 667 eum
1060 608 1215 667 quem
1233 608 1406 667 carne
1435 603 1619 667 tenere
1641 594 1826 667 potuit
1845 592 2008 667 Deum

439 659 539 720 nec
568 659 662 734 per
684 664 933 717 miracula
967 663 1195 734 agnovit.
1233 659 1381 714 Unde
1413 678 1511 734 per
1538 659 1757 734 Paulum
1781 663 2005 717 dicitur:

444 732 614 805 Usque
643 737 695 787 in
745 734 1044 787 hodiernum
1071 733 1220 789 diem.
1274 748 1385 783 cum
1414 732 1599 805 legitur
1628 732 1846 805 oyses,
1881 733 2010 805 reta-

440 800 557 858 men
605 814 679 856 est
719 808 937 872 positum
984 820 1135 868 super
1160 818 1245 853 cor
1274 818 1448 853 eorum
1500 814 1509 861 ι
1540 800 1597 853 II
1631 802 1749 856 Cor.
1779 819 1850 866 tit,
1884 803 2005 872 15),

440 875 541 939 Qui
573 889 755 926 rursus
784 874 882 925 ait:
1024 873 1158 923 enim
1186 872 1556 943 cognovissent,
1590 890 1849 943 nunquam
1896 874 2009 929 Do-

438 945 633 996 minum
656 943 833 1012 gloria:
860 942 1231 1009 rruciﬁxissent
1254 939 1295 1007 ἡ(
1318 939 1345 993 ι
1373 940 1491 994 Cor.
1518 958 1574 1008 tt,
1597 941 1628 993 8
1650 944 1688 1009 ).

438 1030 566 1089 ΟΔΡ.
593 1032 700 1087 Lll.
729 1061 799 1071 —
825 1030 893 1083 Et
925 1032 1169 1103 inclinato
1195 1030 1535 1103 capitales“
1574 1033 1739 1086 emisit
1773 1034 2011 1103 spiritum

1002 1100 1195 1170 (Joan.
1222 1117 1330 1166 xix,
1364 1100 1484 1169 50).

508 1193 594 1263 (In
623 1192 852 1262 exposit.
898 1191 961 1245 Β.
989 1189 1110 1257 Job,
1142 1190 1232 1243 lib.
1268 1206 1336 1255 iv,
1371 1207 1516 1263 num.
1548 1192 1674 1263 3|.)
1707 1192 1856 1247 Sicut
1884 1210 2016 1250 vera

436 1261 579 1318 mers
608 1261 812 1331 est’qua
836 1264 1009 1315 anima
1032 1269 1310 1329 separatur
1339 1276 1367 1314 a
1390 1261 1523 1326 Deo,
1556 1263 1625 1315 ita
1657 1261 1842 1317 umbra
1871 1281 2017 1318 mor-

438 1335 505 1387 tis
531 1342 614 1387 est
642 1349 746 1402 qua
772 1348 896 1385 caro
925 1339 1204 1402 separatur
1224 1331 1291 1384 ab
1318 1334 1517 1384 anima.
1545 1332 1807 1387 Mediator
1834 1344 2017 1389 autem

438 1402 531 1456 Dei
561 1413 616 1456 et
665 1401 940 1456 hominum
986 1401 1154 1455 Solam
1200 1416 1296 1468 pro
1346 1403 1500 1456 nobis
1558 1413 1785 1456 mortem
1839 1406 2018 1460 carnis

434 1473 688 1541 suscepit,
744 1480 797 1525 et
824 1488 1002 1525 veram
1030 1480 1289 1542 mortem
1318 1470 1739 1542 delinquentium
1778 1490 1873 1542 per
1900 1491 2015 1527 uin-

433 1544 586 1611 bram
613 1558 720 1595 sna:
774 1542 961 1597 mortis
1011 1541 1228 1594 delevit.
1262 1540 1340 1593 Ad
1388 1558 1487 1596 nos
1516 1545 1713 1611 quippe
1746 1540 1889 1597 venit
1923 1545 2017 1611 qui

436 1610 490 1666 in
522 1620 695 1665 morte
724 1612 940 1679 spiritus
961 1612 1245 1678 carnisque
1273 1610 1619 1678 tenebamur;
1642 1629 1799 1667 uuam
1823 1615 1888 1667 ad
1918 1610 2018 1669 nos

434 1695 584 1753 suam
631 1692 860 1753 mortem
898 1681 1116 1753 detulit,
1148 1690 1200 1734 ct
1233 1680 1364 1734 duas
1411 1690 1620 1735 nostras
1650 1698 1783 1750 quas
1814 1686 2018 1753 reperit

431 1752 612 1821 scivit.
644 1752 699 1805 Si
730 1752 869 1804 enim
896 1752 1010 1819 ipse
1031 1761 1311 1817 utramque
1340 1752 1659 1821 sosciperet,
1686 1769 1783 1808 nos
1812 1770 1840 1806 a
1872 1752 2018 1807 nulla

2149 510 2415 570 assioneni
2448 515 2678 577 Domini,
2708 513 2879 567 sancti
2900 512 3128 579 Spiritus
3152 510 3415 565 infusione
3441 510 3683 581 solidati,

2110 535 2522 640 fiedemntorem
2562 600 2715 636 suum
2757 583 3079 636 auctoritate
3109 585 3255 633 ttrma
3305 582 3683 640 przedicarent.

2159 588 2522 654 edemptorem
2562 600 2715 636 suum
2757 583 3079 636 auctoritate
3109 585 3255 654 firma
3305 582 3683 654 przedicarent,

2111 658 2283 710 adhuc
2312 651 2496 709 contra
2523 654 2855 707 adversarios
2875 669 3000 705 suos
3028 651 3179 719 quasi
3202 653 3252 704 in
3275 653 3440 705 antris
3471 651 3691 707 insidia?-

2111 728 2325 780 bantur.
2357 725 2561 778 Clausis
2590 723 2783 792 quippe
2842 722 3063 785 foribus,
3093 722 3243 789 quasi
3286 722 3335 774 in
3369 723 3687 790 quibusdam

2112 798 2302 850 abditis
2329 795 2596 863 specubus
2626 796 2735 846 suis
2781 793 2941 846 catuli
2982 792 3187 859 rapturi
3218 794 3472 847 mundum
3527 795 3692 847 caba-

2110 868 2261 931 bant,
2288 875 2346 917 ut
2368 866 2665 917 animarum
2690 863 2919 932 praedam
2942 863 3281 933 postmodum
3306 872 3693 930 prasitum-tes

2112 936 2423 1001 diriperent,
2456 933 2523 986 de
2552 936 2743 1003 quibus
2790 942 2917 986 tunc
2965 942 3168 986 certum
3200 941 3279 1003 est
3309 933 3454 1001 quod
3511 933 3696 988 niuea

2113 1006 2370 1072 impetum
2415 1002 2583 1057 etiam,
2647 1003 2991 1070 sibimetipsis
3044 1002 3258 1056 latendo
3321 1003 3690 1057 {siquidm-ent.

2112 1074 2224 1130 Illis
2246 1074 2447 1128 foribus
2474 1074 2689 1137 clausis,
2722 1073 2806 1127 isti
2836 1074 2999 1126 catuli
3022 1082 3247 1125 mortem
3278 1082 3477 1125 nostra:
3510 1074 3700 1127 mortis

2117 1144 2347 1199 insidiati
2397 1144 2739 1213 quaesierunt,
2776 1152 2835 1196 ut
2889 1143 3097 1211 culpam
3153 1142 3541 1213 interficerent,
3578 1160 3701 1196 om-

2119 1229 2347 1282 nemque
2395 1212 2448 1267 iii
2481 1216 2633 1267 nobis
2692 1213 2903 1282 peccati
2960 1213 3122 1265 vitam
3163 1220 3436 1265 necarent.
3493 1212 3703 1266 Horum

2117 1281 2291 1354 primo
2319 1285 2393 1337 illi
2419 1284 2674 1354 esurienti
2701 1281 2917 1344 catulo,
2974 1283 3067 1335 sed
3091 1281 3198 1349 jam
3234 1282 3453 1344 valenti,
3484 1293 3707 1354 ostensa

2120 1353 2215 1424 per
2263 1354 2487 1409 linteum
2518 1353 2838 1424 gentilitate,
2877 1354 3033 1422 quasi
3072 1360 3365 1424 monstrata
3407 1357 3589 1424 prada
3621 1353 3704 1406 di-

2120 1421 2289 1478 citur:
2323 1424 2502 1475 Macta
2522 1431 2571 1475 et
2600 1423 2853 1476 manduca
2886 1421 3030 1489 (Act.
3062 1438 3114 1484 x,
3144 1421 3261 1489 i3):
3293 1422 3376 1474 his
3396 1422 3593 1475 catulis
3620 1437 3705 1476 ve-

2120 1494 2197 1547 lut
2219 1493 2391 1547 adhuc
2420 1493 2660 1555 infirmis,
2690 1503 2748 1547 ut
2780 1496 2831 1545 in
2862 1497 3028 1545 antris
3056 1492 3252 1545 cubare
3280 1493 3516 1545 debeant
3542 1492 3705 1558 jube-

2120 1574 2226 1628 tur,
2257 1578 2379 1617 cum
2407 1565 2484 1617 eis
2530 1578 2665 1617 voce
2693 1564 2960 1616 dominica
2990 1562 3211 1615 dicitur:
3240 1561 3423 1615 Sedete
3443 1563 3526 1613 hic
3550 1564 3606 1614 in
3630 1564 3707 1615 ci-

2120 1636 2291 1697 vitate,
2322 1634 2648 1704 quoadusque
2667 1633 2955 1686 induamini
2979 1634 3159 1685 oirtute
3175 1646 3237 1683 ea:
3256 1630 3535 1704 alto_(Luc.
3560 1648 3708 1704 xxiv,

2122 1704 2190 1756 :39
2209 1706 2247 1773 ).
2269 1699 2507 1773 Apostoli
2532 1699 2674 1757 enim
2692 1712 2840 1757 recte
2857 1704 3019 1757 catuli
3043 1711 3238 1773 sanctae
3256 1699 3505 1755 Ecclesue
3529 1703 3708 1757 vocari

2124 1772 2370 1842 possunt,
2401 1774 2490 1842 qui
2536 1774 2585 1826 in
2624 1773 2860 1827 Ecclesia
2883 1773 3014 1826 editi
3041 1772 3417 1826 adversantem
3450 1772 3705 1827 mundum

430 1820 704 1902 liberaret,
733 1821 829 1911 sed
862 1818 1019 1901 unam
1043 1822 1468 1911 iiiiscil'icorditer
1487 1818 1719 1911 accepit,
1745 1833 1799 1877 et
1825 1832 2020 1878 utram-
2050 1818 2097 1878 Β
2125 1818 3172 1911 3,233"355%,],g,;,‘;;,;‘,;,,g,‘,;;tj

433 1906 541 1959 que
564 1890 707 1959 juste
728 1891 1019 1944 damnavit.
1043 1890 1296 1958 Simplam
1320 1906 1469 1944 suam
1497 1890 1670 1960 dupla.-
1688 1903 1879 1948 nostra
1896 1910 2021 1949 eon-

435 1961 574 2030 tulit,
601 1969 655 2013 et
669 1960 881 2028 duplam
904 1970 1142 2015 nostram
1164 1960 1397 2014 moriens
1418 1963 1647 2030 subegit.
1670 1962 1816 2018 Unde
1833 1974 1888 2019 et
1910 1982 2018 2019 non

433 2028 702 2099 immerito
758 2046 865 2084 uno
912 2031 998 2083 die
1057 2031 1108 2083 in
1156 2031 1407 2099 sepulcro
1449 2041 1506 2086 et
1532 2028 1738 2087 duabus
1767 2035 2020 2091 noctibus

430 2098 613 2171 jaeuit,
644 2100 768 2168 quia
795 2101 1043 2154 videlicet
1072 2101 1244 2155 lucem
1274 2116 1383 2171 sua:
1428 2104 1629 2171 simpla:
1654 2105 1841 2159 mortis
1864 2116 2016 2160 tene-

431 2169 539 2225 bris
568 2171 740 2241 dupla:
787 2180 985 2224 nostra:
1014 2170 1203 2224 mortis
1231 2169 1492 2238 adjunxit.
1536 2169 1645 2237 Qui
1671 2190 1798 2241 ergo
1847 2177 2017 2230 solam

430 2254 530 2309 pro
586 2240 739 2293 nobis
796 2250 1027 2294 mortem
1078 2240 1255 2294 carnis
1294 2243 1523 2310 accepit,
1558 2240 1799 2296 umbram
1828 2249 2022 2301 mortis

430 2311 757 2379 pertulitLet
778 2325 807 2363 a
857 2311 950 2363 Dei
981 2312 1150 2365 oculis
1179 2311 1393 2379 culpam
1447 2327 1607 2378 quam
1636 2313 1857 2368 fecimus
1897 2317 2017 2370 abs-

429 2377 631 2451 condit.
667 2377 761 2451 Ut,
783 2380 944 2447 igitur
970 2396 1067 2434 nos
1093 2398 1122 2432 a
1152 2377 1327 2434 morte
1364 2377 1542 2435 carnis
1568 2390 1624 2435 et
1653 2384 1875 2451 spiritus
1923 2386 2019 2440 de-

430 2447 942 2570 lIIitoreslei-‘iperet,
993 2458 1224 2504 mortem
1282 2452 1458 2505 carnis
1496 2447 1755 2508 Dominus
1794 2470 1903 2509 non
1925 2454 2021 2511 de-

470 2531 563 2570 ens
593 2532 729 2570 sov1
761 2554 775 2569 .
1020 2530 1023 2535 '
1052 2532 1061 2539 ί

470 2531 563 2571 ens
593 2525 775 2570 solvit.
1020 2530 1023 2535 '
1052 2532 1061 2539 ‘

429 2602 562 2661 CAP.
592 2604 725 2661 LIII.
756 2638 828 2683 τ
1156 2598 1419 2732 C/tristugt
1446 2627 1711 2683 resurgere
1735 2631 1767 2668 a
1804 2618 2021 2673 mortuis

856 2726 865 2732 .
907 2726 914 2732 .
1085 2697 1204 2732 tum.
1239 2697 1333 2732 xx.
1416 2698 1449 2732 ι.

758 2748 761 2751 .
798 2673 1204 2754 ’.,.-.'.},""ft-Ieuit-
1238 2697 1333 2749 xx,
1362 2681 1449 2751 9)-

502 2768 653 2839 (Lib.
684 2772 743 2834 ii,
774 2769 1083 2837 ὶιιεειαὼη
1097 2771 1367 2846 μαι,
1400 2788 1545 2846 ιιιιιιι.
1579 2774 1672 2846 2.)
1701 2774 2018 2833 Universum

563 2842 1281 2909 tenin
1304 2844 1592 2912 evolvitur,
1641 2837 1841 2901 aeterna
1892 2864 2020 2903 vero

430 2909 543 2982 dies
569 2917 755 2967 octava
780 2918 1049 2982 estvqu
1066 2912 1287 2981 ma
1328 2923 1537 2982 septem
1564 2909 1774 2971 dierum
1804 2919 2015 2973 vicissi-

430 2978 616 3033 tudine
666 2978 1440 3055 εᾳιιιῦιιιιυόξαιωὸροιιιιίιιιιι
1496 2984 1695 3055 qui‘ppe
1738 3004 2018 3043 numerum

431 3050 834 3125 resurrectio.“
852 3050 1351 3125 Manendum:
1380 3050 1724 3111 beatitudinis
1751 3058 2022 3125 signiﬁca-

432 3126 540 3200 tur.
564 3119 733 3200 Hujus
754 3121 1257 3200 κρυῄίιιιυιιιειί
1287 3138 1447 3176 causa
1474 3136 1557 3178 ea
1576 3127 1732 3200 quod
1750 3119 1873 3195 post
1896 3129 2021 3184 sab-

431 3188 614 3268 batum
631 3188 1083 3268 .voluitW
1103 3208 1132 3244 a
1154 3201 1326 3246 morte
1350 3188 1651 3268 resurgere.
1676 3188 1797 3250 Dies
1820 3201 2019 3268 quippe
2045 3192 2091 3257 C

432 3257 764 3332 Dominicns,
791 3259 1100 3326 qui-domins
1129 3269 1211 3314 est
1239 3277 1271 3315 a
1299 3273 1475 3316 morte
1504 3257 1793 3332 dominica,
1825 3257 1855 3320 5
1882 3257 2019 3324 coii-

430 3328 635 3405 ditione
675 3330 883 3405 dierum
927 3340 1240 3405 numeratur
1280 3342 1521 3405 o_cta_vus,
1552 3334 1678 3401 'quia
1730 3328 2017 3405 septimum

430 3398 691 3478 sequitur.
723 3396 873 3453 Unde
902 3408 956 3453 et
996 3400 1109 3478 ipsa
1139 3416 1267 3478 vera
1297 3396 1868 3478 Redetnptorisjnos'tri
1895 3424 2019 3478 pas-

431 3468 535 3533 sio,
565 3478 620 3541 et
642 3484 769 3541 vera
799 3472 1142 3533 resurrectio,
1173 3470 1418 3539 figuravit
1439 3468 1636 3541 aliquid
1667 3476 1733 3530 de
1763 3492 1860 3531 suo
1892 3468 2017 3531 cor:-

431 3553 566 3617 pore
593 3539 644 3617 in
665 3539 853 3617 diebus
875 3541 1139 3617 passionis
1158 3556 1285 3617 suae.
1318 3542 1482 3617 Sexta
1510 3539 1650 3617 enim
1675 3545 1805 3601 feria
1828 3551 2019 3617 passus

432 3616 536 3674 est,
566 3609 790 3681 sabbato
818 3610 1021 3677 quievit
1048 3610 1102 3681 i_n
1131 3613 1398 3681 sepulcro,
1424 3612 1705 3671 Dominico
1730 3609 1908 3671 autem
1928 3620 2027 3674 dié'

432 3679 727 3731 resurrexit
768 3693 799 3731 a
827 3688 1018 3733 morte.
1051 3678 1291 3735 Pra's'ens
1332 3683 1472 3736 enim
1506 3687 1610 3737 vita
1640 3688 1793 3741 nobis
1842 3689 2017 3745 adhuc

432 3754 593 3826 scxta‘
609 3755 691 3800 est
732 3747 888 3826 feria,
937 3750 1061 3817 quia
1091 3750 1144 3826 in
1174 3751 1451 3826 doloribus
1493 3753 1721 3826 ducitur,
1751 3766 1803 3811 et
1835 3758 1884 3811 iu
1917 3776 2017 3811 an-

433 3816 631 3895 gustiis
669 3816 973 3897 cruciatur;
1031 3818 1125 3897 sed
1173 3821 1397 3897 sabbato
1452 3825 1604 3889 quasi
1657 3816 1717 3877 iii
1767 3828 2017 3894 sepulcra

433 3891 777 3965 quiescimus,
804 3891 934 3965 quia
979 3891 1217 3965 requiem
1247 3891 1438 3965 anima:
1469 3900 1590 3960 post
1635 3891 1842 3963 corpus
1867 3898 2019 3952 inve-

430 3954 630 4031 nimus.
662 3953 941 4031 Dominico
968 3958 1236 4031 vero__die,
1268 3953 1519 4014 videlicet
1548 3976 1579 4015 a
1621 3953 1872 4031 passione
1901 3976 2016 4021 ter-

430 4022 528 4087 tio,
560 4024 948 4107 a‘conditione,
982 4034 1041 4079 ut
1087 4022 1340 4107 diximus,
1384 4022 1764 4107 octavo,'jam
1786 4051 2017 4107 corpore

430 4107 463 4145 a
487 4101 657 4148 morte
686 4109 1059 4166 resurgemus,
1101 4105 1155 4149 et
1184 4098 1236 4152 in
1266 4099 1435 4166 gloria
1470 4098 1661 4157 animte
1698 4105 1859 4159 etiam
1884 4098 2017 4161 cum

429 4176 595 4241 carne
622 4165 988 4241 gaudebimus.
1034 4164 1206 4241 Quod
1238 4164 1370 4241 ergo
1394 4171 1529 4225 mire
1550 4171 1799 4229 Salvator
1831 4184 2016 4231 noster

429 4234 485 4309 in
507 4246 573 4309 se
611 4234 744 4309 fecit
772 4235 876 4288 hoc
905 4238 1171 4309 veraciter
1195 4238 1245 4309 in
1286 4234 1439 4293 nobis
1474 4241 1722 4309 signavit,
1750 4253 1805 4298 ut
1833 4262 1931 4300 nos
1959 4256 2018 4300 et

430 4299 588 4381 dolor
610 4304 663 4354 in
689 4312 863 4381 sexta,
894 4314 948 4359 et
972 4307 1182 4373 requies
1211 4307 1263 4361 in
1293 4299 1550 4378 septima:
1573 4323 1625 4366 et
1654 4299 1822 4380 gloria
1862 4299 2015 4371 excié

428 4379 544 4438 piat
571 4379 625 4423 in
652 4380 856 4426 octava.

427 4456 561 4515 CAP.
584 4458 716 4515 LIV.
742 4493 813 4503 —
842 4461 1084 4517 Tulerunt
1114 4465 1390 4522 Dominum
1416 4487 1602 4536 meum,
1642 4483 1691 4527 et
1714 4478 1883 4532 nescio
1922 4479 2013 4534 ubi

771 4544 1047 4598 posuerunt
1073 4552 1187 4588 eum
1219 4537 1406 4608 (Joan.
1436 4558 1525 4609 xx,
1560 4542 1651 4613 2).

504 4621 599 4705 (λιιι
625 4623 856 4692 exposit.
975 4624 1103 4705 710b,
1136 4628 1227 4682 lib.
1258 4645 1332 4695 ιιι,
1367 4648 1513 4687 num.
1545 4632 1673 4704 22.)
1710 4636 2010 4705 Aliquando

428 4692 703 4779 Scriptura
732 4708 882 4779 sacra
912 4703 1093 4779 totum,
1126 4692 1406 4779 pro__pai_'te
1454 4692 1735 4779 consuevit
1781 4692 2008 4779 pbnere,

426 4763 566 4844 sicut
593 4764 680 4844 hic
701 4763 767 4844 ad
788 4763 1191 4844 monumentum
1219 4763 1380 4844 diaria
1401 4763 2007 4844 conqueriturﬂlicensg

429 4830 678 4913 Tulerunt
715 4833 992 4888 Dominum
1019 4853 1205 4915 meum.
1242 4838 1421 4894 Solum
1453 4830 1650 4915 quippe
1679 4830 2007 4905 dominici—tiri

427 4916 624 4983 corpus
650 4909 702 4956 in
733 4909 1363 4983 monumeiLtojacuerat,
1397 4922 1450 4965 et
1473 4909 1600 4968 illud
1631 4917 1805 4970 solum
1838 4919 2006 4975 Maria

426 4977 715 5053 quaesitura
739 4977 1141 5053 venerat._Duni
1179 4996 1305 5053 ergo
1333 4983 1484 5051 quasi
1515 4992 1684 5039 totum
1708 4988 1863 5041 simul
1895 4990 2007 5044 Do-

427 5044 629 5125 mi'nu‘m
653 5044 938 5125 sepultum
964 5044 1300 5125 tleplorabat,
1335 5044 1388 5125 et
1413 5068 1518 5106 non
1544 5071 1739 5124 corpus
1769 5057 2004 5125 Domini,

424 5111 520 5164 sed
547 5110 835 5188 Domitium
859 5110 1125 5188 sublatum
1153 5110 1444 5188 quicr’ebat,
1487 5110 1737 5181 videlicet
1772 5110 2007 5186 enat;

425 5189 634 5249 partem
665 5182 1017 5250 signiﬁcabat.

422 5267 551 5353 Car.
586 5268 694 5325 LV.
711 5303 781 5313 —
810 5272 937 5353 Cum
957 5286 1087 5328 esset
1112 5295 1221 5353 sero
1245 5282 1437 5337 dieillo
1460 5301 1563 5338 una
1588 5286 1934 5353 sabbatorum,
1958 5299 2010 5346 et

494 5343 1087 5431 [ores‘essenttclausm‘
1112 5348 1197 5400 ubi
1247 5363 1396 5405 erant
1434 5356 1679 5431 discipuli
1706 5343 2009 5431 congregati

480 5420 701 5497 propter
751 5422 961 5497 metum.
982 5414 1304 5497 Judteorum,
1325 5426 1468 5497 Δυεηὶι
1507 5414 1678 5494 λεξςιιε,
1706 5439 1755 5481 et
1788 5414 1925 5484 sicut
1953 5414 2011 5484 in

495 5484 662 5535 medio
693 5498 867 5536 eorum
900 5484 1087 5553 (Joan.
1122 5504 1212 5553 xx,
1242 5490 1359 5560 19).

485 5567 929 5659 In_expps_it_.B.
954 5573 1075 5659 Job,
1108 5579 1198 5659 lib.
1229 5596 1355 5648 xxx,
1399 5599 1545 5659 num.
1570 5586 1695 5658 26.)
1729 5587 1855 5644 Post
1894 5589 2008 5645 Do-

423 5650 893 5720 minrpasstoneui
924 5650 1153 5720 apostoli
1182 5666 1278 5720 pro
1330 5657 1523 5711 mentis
1562 5650 1919 5715 teneritudine
1950 5672 2007 5717 et

425 5706 727 5789 formidinis
775 5706 1106 5779 inﬁrmitate,
1160 5706 1375 5776 clausis
1398 5706 2004 5787 ἴόἱὼιὶζῖέὲῑιῑέῦεἶηῐῖ

426 5774 581 5853 (ἓως
592 5777 741 5838 enim
758 5774 1103 5852 nequaquam
1114 5796 1301 5849 contra
1328 5774 2004 5859 manantium;

2124 1934 2253 1988 CAP.
2287 1932 2718 1999 [NL—Accipite
2736 1932 2989 2000 Spiritum
3018 1941 3283 1996 sanctum;
3313 1950 3526 2003 quorum
3549 1936 3705 1987 remi-

2195 2004 2362 2057 διήιξε
2392 2014 2599 2072 peccata
2618 2044 2631 2067 ,
2664 2003 2990 2074 remittuntur
3013 2004 3087 2055 eis
3112 2019 3127 2063 ;
3162 2011 3208 2055 et
3237 2019 3457 2074 quorum
3485 2007 3712 2057 retinue-

2195 2075 2327 2137 ritis,
2352 2071 2548 2126 retenta
2571 2083 2687 2126 sunt
2718 2071 2895 2143 (Joan.
2927 2089 3017 2139 xx,
3049 2074 3159 2144 25).

2198 2167 2294 2239 (In
2333 2167 2569 2239 exposit.
2604 2169 2660 2221 Β.
2685 2165 2826 2239 Job,
2861 2166 2951 2221 lib.
2986 2182 3171 2239 xxvii,
3200 2182 3347 2239 num.
3380 2164 3711 2239 διςίιιοωιι.

2122 2236 2215 2303 26,
2247 2238 2300 2292 in
2333 2236 2553 2305 Evang.,
2586 2256 2639 2292 ιι.
2672 2236 2747 2305 ιι.)
2771 2236 2919 2302 Quos
2947 2237 3116 2289 sancti
3140 2236 3370 2305 Spiritus
3395 2238 3572 2305 replet
3594 2251 3715 2303 gra~

2124 2309 2228 2371 tia,
2268 2310 2412 2377 prius
2441 2323 2533 2361 eos
2564 2309 2632 2362 de
2663 2318 2872 2361 terrena
2902 2309 3114 2361 actione
3159 2305 3430 2370 terrificat,
3463 2316 3520 2361 et
3558 2315 3711 2375 post-

2122 2376 2341 2433 modum
2369 2393 2463 2446 spe
2492 2378 2785 2432 cmlestium
2817 2376 3144 2439 consolatur,
3168 2384 3228 2429 ut
3253 2385 3403 2430 tanto
3432 2386 3559 2445 post
3583 2392 3712 2430 con-

2123 2449 2323 2503 fitendo
2352 2448 2418 2501 de
2448 2448 2678 2516 przemiis
2706 2446 3008 2516 gaudeant,
3033 2457 3234 2515 quanto
3266 2448 3411 2515 prius
3440 2447 3560 2500 sola
3586 2463 3712 2516 sup-

2121 2519 2282 2591 plicia
2322 2517 2710 2591 conspicienda
2757 2519 3114 2591 metuebant._
3149 2516 3280 2591 Cum
3307 2518 3495 2591 igitur
3544 2518 3714 2572 sancti

2124 2586 2353 2660 apostoli
2385 2586 2718 2660 nequaquam
2746 2595 2934 2641 contra
2956 2587 3194 2641 membra
3215 2586 3415 2660 diaboli
3436 2588 3492 2639 in
3523 2602 3716 2643 vocem

2122 2657 2305 2716 liberae
2329 2658 2724 2728 praedicationis
2764 2672 3046 2724 assurgere
3067 2699 3081 2723 ,
3113 2665 3167 2728 et
3193 2657 3423 2710 necdum
3463 2672 3562 2728 per
3593 2673 3715 2728 pas-

2122 2726 2343 2785 sionem‘
2356 2728 2565 2783 Domini
2596 2728 2767 2783 sancti
2799 2728 3029 2797 Spiritus
3061 2727 3325 2797 inlusione
3347 2727 3591 2795 solidati,
3621 2726 3714 2782 Re-

2124 2798 2463 2866 demptorem
2494 2814 2647 2852 suum
2679 2796 2936 2851 auderent
2978 2796 3300 2851 auctoritate
3342 2798 3494 2850 firma
3526 2797 3716 2866 ιιι-ωὖ-

2123 2886 2280 2932 oere;
2322 2877 2377 2923 et
2400 2885 2497 2938 pro
2524 2870 2721 2922 mentis
2762 2866 3203 2938 teneritudineet
3233 2866 3537 2921 formidinis
3569 2866 3714 2921 inﬁr-

2121 2941 2313 2995 mitate
2334 2955 2440 2993 una
2464 2939 2805 2992 sabbatorum
2822 2938 3016 2993 clausis
3047 2937 3249 2991 toribus
3270 2946 3495 3005 prepter
3513 2946 3718 2991 metum

2123 3009 2429 3065 Judeorum
2448 3008 2741 3062 residentes
2764 3016 3065 3062 metuerent
3089 3007 3255 3069 exire,
3285 3009 3507 3061 veniens
3536 3007 3714 3060 Domi-

2129 3096 2233 3135 nus
2258 3089 2311 3135 et
2335 3091 2481 3133 stans
2512 3079 2564 3132 in
2594 3079 2769 3131 medio
2820 3094 3005 3132 eorum
3037 3075 3325 3130 insufﬂavit
3358 3087 3412 3131 et
3442 3077 3571 3129 dixit
3596 3077 3711 3131 eis:

2124 3151 2351 3217 Accipite
2374 3149 2622 3219 Spiritum
2646 3159 2899 3201 sanctum.
2935 3146 3163 3210 Quorum
3186 3148 3484 3219 remiseritis
3506 3156 3716 3217 peccata

2121 3218 2448 3274 remittuntur
2477 3219 2584 3282 eis;
2616 3228 2663 3270 et
2703 3235 2917 3288 quorum
2954 3218 3300 3282 retiuueritis,
3334 3226 3528 3269 retenta
3566 3226 3713 3270 sunt.

2120 3289 2261 3345 Ecce
2284 3298 2666 3343 converSorum
2690 3297 2864 3343 terror
2888 3290 3113 3341 vertitur
3135 3289 3189 3342 in
3216 3296 3545 3356 potestatem,
3573 3289 3707 3353 quia

2123 3376 2249 3414 eum
2276 3359 2415 3413 mala
2437 3375 2531 3413 sua
2560 3358 2870 3427 paenitendo
2899 3358 3149 3427 puniunt,
3175 3372 3336 3426 usque
3358 3356 3419 3408 ad
3440 3370 3702 3427 exercen-

2122 3430 2249 3484 dutn
2275 3428 2533 3497 judicium
2562 3425 2915 3494 ascendunt;
2934 3437 2990 3482 ut
3020 3428 3123 3482 hoc
3152 3428 3205 3480 in
3238 3425 3343 3481 Deo
3368 3441 3520 3497 posse
3548 3425 3703 3479 acci-

2122 3494 2290 3569 piant'
2319 3500 2461 3569 quod
2507 3500 2655 3568 prius
2700 3498 2798 3566 ipsi
2842 3499 2910 3552 de
2957 3498 3067 3569 Deo
3118 3498 3445 3569 metuebant.
3495 3494 3716 3569 Iudice:

2121 3567 2323 3638 quippe
2350 3568 2483 3621 fiunt
2510 3567 2601 3637 qui
2633 3584 2923 3636 supernum
2951 3568 3205 3635 judicium
3249 3568 3485 3638 perfecte
3514 3567 3713 3638 liniue:

2120 3634 2273 3703 runt,
2317 3648 2371 3692 et
2407 3634 2577 3692 aliena
2609 3634 2829 3707 peccata
2860 3634 3132 3692 dimittere
3171 3634 3282 3705 jam
3312 3636 3578 3707 incipiunt
3621 3634 3717 3704 qui

2121 3708 2270 3787 prius
2292 3724 2360 3787 ne
2376 3724 2483 3787 _sua
2506 3705 3317 3787 retinerent-urimuridaverunt.
3355 3705 3715 3787 bibet‘autem

2122 3775 2340 3844 intueri,
2372 3778 2562 3833 fratres
2588 3778 2883 3833 cliarissiini
2903 3818 2916 3843 ,
2947 3778 3189 3847 discipuli
3218 3777 3427 3831 Domini
3459 3775 3528 3828 ad
3570 3784 3715 3829 tanta

2123 3864 2287 3902 onera
2310 3850 2624 3903 humilitatis
2653 3849 2865 3912 vocati,
2898 3849 2963 3900 ad
2993 3856 3251 3915 quantum
3282 3847 3496 3901 culmen
3533 3847 3715 3912 gloriae

2122 3918 2229 3972 sint
2270 3918 2529 3988 perducti.
2576 3918 2712 3973 Ecce
2744 3934 2847 3971 non
2888 3917 3060 3972 solum
3103 3918 3169 3971 de
3196 3918 3502 3984 semetipsis
3538 3915 3718 3988 securi

2125 3987 2283 4053 ﬁunt,
2308 3988 2402 4042 sed
2430 3989 2589 4041 etiam
2622 3989 2961 4055 obligationis
2992 3988 3179 4041 alienae
3209 3995 3536 4055 potestatem
3574 3987 3715 4039 rela-

2124 4059 2354 4113 xationis
2396 4059 2690 4119 accipiunt;
2722 4058 3076 4126 principatum
3117 4058 3335 4126 superni
3362 4057 3559 4124 judicis
3601 4070 3719 4109 sor-

2125 4128 2345 4191 tiuntur,
2380 4137 2437 4181 ut
2481 4129 2598 4182 vice
2644 4127 2738 4181 Dei
2780 4128 3099 4195 quibusdam
3148 4136 3367 4195 peccata
3419 4134 3711 4190 retineant,

2096 4197 2438 4264 quibusdam
2471 4198 2732 4252 relaxent.
2764 4194 2853 4251 Sic
2882 4198 2959 4251 sic
2984 4213 3079 4250 eos
3107 4194 3277 4250 a’Deo
3306 4197 3536 4250 decebat
3558 4194 3711 4263 erigi,

2122 4268 2213 4332 qui
2263 4276 2464 4319 tantum
2498 4284 2595 4336 pro
2638 4266 2747 4321 Deo
2799 4275 3180 4321 consenserant
3229 4266 3522 4333 humiliari.
3575 4264 3716 4336 Ecce

2121 4338 2213 4402 qui
2243 4335 2534 4391 districtum
2566 4337 2661 4391 Dei
2688 4336 2946 4404 judicium
2990 4344 3261 4400 metuunt,
3292 4339 3600 4389 animarum
3631 4335 3713 4402 ju-

2122 4408 2266 4460 dices
2296 4406 2445 4470 liunt,
2478 4414 2537 4460 ut
2566 4408 2703 4461 alios
2731 4407 2984 4460 damnent
3004 4408 3089 4461 vel
3116 4406 3344 4461 libercnt
3386 4407 3481 4474 qui
3510 4414 3714 4460 semet-

2125 4476 2268 4545 ipsos
2295 4477 2538 4530 damnari
2564 4476 2893 4531 metuebant.

2040 4549 2099 4611 Β
2158 4589 2286 4643 Car.
2320 4588 2477 4645 LVII.
2505 4621 2575 4632 --—
2611 4588 2791 4643 Venite
2818 4599 2867 4643 et
2893 4589 3141 4659 prandete
3170 4588 3361 4661 (Ioan.
3395 4606 3522 4658 xm,
3562 4589 3674 4659 l2).

2197 4681 2426 4751 (Homil.
2458 4681 2555 4745 24,
2587 4683 2638 4737 in
2672 4681 2904 4748 Evang.,
2933 4699 2987 4735 ιι.
3024 4683 3084 4747 6;
3112 4681 3206 4747 14,
3240 4698 3296 4736 ιι.
3330 4680 3396 4746 5,
3428 4682 3495 4745 6;
3529 4680 3629 4745 24,
3656 4697 3714 4737 ιι.

2124 4753 2189 4819 ϐ;
2221 4751 2309 4815 25,
2342 4771 2393 4806 ιι.
2422 4754 2472 4817 9,
2507 4753 2631 4822 10.)
2674 4752 2977 4820 Resurgens
3005 4751 3284 4817 Dominus,
3316 4766 3588 4821 apparens
3630 4752 3715 4805 ul-

2126 4825 2255 4875 timo
2280 4823 2390 4891 jam
2420 4826 2663 4877 convivio
2695 4838 2815 4876 cum
2844 4832 3049 4891 septem
3093 4822 3365 4890 discipulis
3407 4822 3725 4876 comedisse

2124 4893 2460 4957 describitur,
2510 4896 2632 4958 quia
2680 4893 2733 4947 hi
2764 4894 2853 4960 qui
2897 4893 2949 4947 iu
2991 4893 3082 4947 illo
3129 4892 3541 4962 nuncperfeeti
3588 4899 3723 4947 sunt

2123 4974 2321 5015 :rterna
2351 4977 2445 5031 per
2479 4963 2625 5017 illum
2651 4964 2940 5018 refectione
2967 4964 3249 5017 satiantur.
3285 4961 3479 5015 Petrus
3507 4962 3722 5031 quippe

2125 5043 2181 5086 ct
2209 5032 2463 5098 Thomas,
2491 5033 2803 5097 Natlianael,
2836 5032 2929 5087 ﬁlii
2958 5033 3221 5098 Zebedtci,
3248 5040 3304 5087 et
3328 5032 3419 5085 alii
3448 5046 3516 5085 ex
3543 5032 3717 5086 disci-

2125 5104 2263 5172 pulis
2292 5102 2405 5170 ejus
2440 5105 2566 5170 duo,
2596 5118 2717 5156 eum
2748 5119 2813 5157 eo
2846 5104 3008 5157 fuisse
3044 5111 3428 5165 memorantur.
3474 5102 3584 5155 Cur
3609 5117 3716 5154 au-

2126 5184 2232 5226 tem
2263 5188 2385 5227 cum
2416 5182 2620 5241 septem
2654 5173 2926 5241 discipulis
2952 5173 3197 5227 ultimum
3227 5172 3529 5227 convivium
3564 5172 3717 5226 cele-

2126 5242 2264 5308 brat,
2298 5243 2396 5297 nisi
2426 5243 2567 5311 quod
2589 5258 2684 5297 eos
2707 5243 3073 5297 tantummodo
3099 5245 3188 5311 qui
3211 5241 3506 5311 septiformi
3530 5241 3715 5308 gratia

2128 5314 2297 5367 sancti
2327 5312 2558 5382 Spiritus
2604 5313 2745 5381 pleni
2787 5322 2937 5377 sunt,
2969 5314 3177 5368 futuros
3206 5327 3388 5367 secum
3418 5312 3473 5364 in
3501 5320 3714 5365 teter-na

2127 5383 2420 5438 refectione
2456 5382 2776 5437 denuntiat?
2804 5383 3018 5453 Septem
3060 5397 3274 5452 quoque
3312 5383 3502 5453 diebus
3542 5392 3718 5437 omna

2130 5455 2231 5507 hoc
2278 5462 2484 5523 tempus
2510 5452 2895 5523 evolvitur,_et
2938 5468 3081 5522 saepe
3121 5452 3426 5523 Septenaria
3478 5463 3714 5523 numero

2130 5519 2404 5591 perfectio'
2427 5524 2751 5591 designatur.
2802 5520 2882 5576 Illi
2932 5519 3060 5592 ergo
3109 5519 3293 5577 ultimo
3340 5522 3592 5592 convivio
3635 5519 3709 5592 de

2123 5589 2407 5660 praesentia
2435 5589 2674 5649 veritatis
2704 5589 3123 5663 epulantur'qui
3168 5609 3308 5648 nunc
3356 5589 3711 5663 perfectionis

2122 5657 2298 5717 studio
2330 5672 2538 5717 terrena
2569 5657 2967 5729 transcendunt,
2996 5657 3130 5732 quos
3157 5678 3310 5717 amor
3332 5657 3488 5727 liujus
3516 5657 3709 5732 tumidi

2123 5749 2231 5786 non
2260 5733 2419 5801 ligat,
2447 5732 2636 5801 quibus
2674 5734 2774 5787 etsi
2804 5730 3076 5801 utcunque
3106 5748 3198 5799 per
3224 5739 3559 5787 teutamenta
3598 5730 3708 5801 ob-

2054 5810 2080 5893 ;
2120 5797 2343 5876 strepit,
2369 5797 2547 5873 coepta
2576 5811 2756 5863 tamen
2782 5816 2973 5863 eorum
2985 5797 3271 5861 desideria
3302 5818 3411 5861 nou
3442 5797 3712 5862 retundit
