3996 6346
457 326 590 385 1271

1339 316 1679 375 APPENDIX
1717 317 1808 374 AD
1845 318 1899 375 S.
1944 318 2272 375 GREGORII
2308 317 2536 375 OPERA
2574 317 2806 376 OMNIA.

3553 320 3697 380 127!

451 451 571 499 mra
599 437 685 492 cui
701 434 909 514 dictum
938 442 1019 514 est
1042 450 1054 486 :
1090 432 1251 514 terra
1276 449 1349 499 es,
1398 440 1446 514 et
1472 434 1524 514 in
1553 443 1738 514 terram
1751 434 1855 514 ibis
1883 432 2011 514 (Qe-
2041 438 2091 493 Α
2116 448 2184 513 ne
2214 433 2355 514 enim
2385 449 2479 488 sua
2507 449 2604 489 nos
2634 434 2827 514 leniter
2850 432 3041 504 tangit,
3069 432 3165 489 sed
3191 432 3424 504 inopiam
3449 444 3695 495 nostram

448 528 556 567 nes.
591 525 665 571 ιιι,
693 505 803 574 l9),
833 521 954 561 cum
986 506 1209 559 Domino
1230 502 1550 558 ascendente
1578 504 1629 557 in
1661 506 1853 558 caelum
1882 502 2011 570 ivit;

446 597 546 653 pro
579 581 680 653 hac
717 581 848 653 ipsa_
887 591 1129 653 namque
1162 575 1334 653 c_arni_s
1383 583 1576 628 nostrm
1626 574 2013 653 sublevatigne,

446 642 544 723 per
571 642 790 717 ﬁguram
816 642 1150 723 beatus—Job
1178 644 1634 723 Domi-num.avem
1661 653 1837 699 vocat.
1860 642 2015 723 _Qni_a

446 713 592 777 enim
611 713 953 774 ascensionis
980 719 1095 784 ejus
1120 715 1426 784 mysterium
1454 713 1690 768 Juda-am
1723 730 1827 769 non
1859 713 2016 770 intel-

364 789 376 815 ³
445 791 612 860 ligere
648 788 944 860 conspexit,
972 788 1036 860 de
1066 785 1374 860 infidelitate
1403 785 1515 860 ejus
1542 785 1858 860 sententiam
1890 800 2015 860 ιτερ-

370 882 385 911 .
445 854 589 924 tulit,
617 854 836 914 dicens:
862 856 1110 911 Semitam
1130 857 1505 924 ignoravitavis
1538 854 1675 925 (Job.
1706 854 1969 925 xxv111,i7)
1996 873 2010 919 ;

445 932 559 985 avis
588 930 727 983 enim
751 936 896 983 recte
932 926 1228 996 appellatus
1250 934 1332 980 est
1367 926 1641 989 Dominus,
1669 927 1792 993 quia
1820 940 2015 994 corpus

444 1014 698 1057 carneum
729 998 794 1051 ad
806 997 1253 1064 :ethera;libravit.
1278 996 1440 1065 Cujus
1466 997 1577 1049 avis
1594 997 1836 1049 semitam
1860 996 2015 1065 igno-

445 1071 607 1137 ravit,
662 1068 902 1137 quisquis
952 1082 1073 1121 eum
1104 1067 1168 1120 ad
1196 1067 1389 1122 coelum
1429 1066 1733 1121 ascendisse
1764 1082 1867 1119 non
1898 1080 2014 1120 cre-

443 1141 594 1196 didit.
644 1138 925 1197 Dominum
968 1152 1095 1205 ergo
1146 1148 1407 1203 nostrum,
1457 1138 1647 1190 fratres
1694 1137 2012 1203 charissimi,

442 1212 510 1266 ad
537 1209 697 1266 etelos
728 1208 1049 1271 ascendisse,
1075 1216 1130 1262 et.
1150 1207 1434 1273 credimus,
1463 1207 1662 1276 etquid
1688 1207 2015 1261 intuentibus

442 1281 498 1335 in
529 1281 721 1335 cretum
752 1288 965 1332 euntem
996 1279 1143 1332 illum
1184 1277 1294 1332 duo
1323 1278 1496 1346 angeli
1527 1278 1835 1331 assistentes
1859 1277 2013 1346 juxta

441 1351 563 1406 illos
602 1350 654 1405 in
692 1348 929 1404 vestibus
958 1349 1093 1403 albis
1117 1349 1369 1411 dixerint,
1410 1349 1728 1402 audivimus.
1772 1348 1902 1409 Viri.
1934 1349 2015 1401 in-

441 1423 652 1488 quiunt,
684 1416 907 1486 Galilwi,
936 1419 1058 1490 quid
1079 1421 1227 1473 statis
1256 1420 1561 1487 aspicientes
1583 1421 1637 1472 in
1668 1420 1882 1471 calum?
1911 1417 2013 1471 Hic

440 1490 592 1558 Iesus
630 1491 715 1561 qui
744 1499 1034 1561 assumptus
1062 1498 1138 1543 est
1177 1506 1208 1542 a
1231 1490 1369 1543 vobis
1399 1491 1451 1543 in
1498 1494 1715 1561 caelum,
1740 1491 1813 1542 sic
1853 1490 2013 1561 veniet

440 1558 870 1633 quemadmodum
917 1560 1117 1612 vidistis
1162 1576 1275 1612 eum
1301 1561 1594 1633 euntemgin
1624 1560 1823 1613 caelum.
1860 1558 2012 1633 Unde

439 1630 654 1701 oportet
680 1639 737 1684 ut
764 1630 888 1683 illnc
918 1644 1207 1701 sequamur
1236 1630 1416 1701 corde,
1440 1631 1527 1684 ubi
1558 1646 1678 1701 eum
1710 1630 2013 1701 ascendisse

436 1699 705 1757 credimus
733 1716 979 1769 corpore.
1010 1699 1281 1770 Desideria
1311 1709 1520 1770 terrena
1568 1700 1848 1770 tngiamus,
1881 1700 2012 1754 nihil

438 1788 539 1827 nos
574 1771 681 1839 jam
712 1768 943 1825 delectet
991 1770 1044 1823 in
1074 1769 1267 1824 inlimis
1294 1770 1384 1838 qui
1415 1768 1647 1824 Patrem'
1674 1771 1930 1824 habemus
1957 1771 2008 1824 in

2115 502 2420 559 immaniter
2441 506 2702 560 concutit.

2182 594 2309 652 Car.
2351 596 2440 652 Vl.
2470 630 2529 642 —-
2570 596 2638 650 Et
2665 598 2874 667 replevit
2931 606 3090 651 totam
3135 598 3363 664 domum,
3413 596 3503 654 ubi
3546 609 3701 658 erant

2604 670 2837 722 sedentes
2864 668 2999 738 (Act.
3036 685 3091 733 ιι,
3126 669 3202 737 1).

2184 756 2267 829 (In
2291 760 2519 827 exposit.
2550 759 2611 813 Β.
2644 758 2764 823 Job,
2796 760 2887 813 lib.
2916 776 3079 824 xxxv,
3112 776 3259 814 num.
3294 759 3408 828 l7.)
3440 759 3498 813 I11
3522 760 3701 829 Scrip-

2115 835 2236 884 tura
2264 845 2414 885 sacra
2438 846 2533 898 per
2558 831 2919 899 scptenarium
2943 846 3221 884 numerum
3251 832 3545 899 aliquando
3576 834 3700 887 nni-

2115 901 2341 971 versitas
2367 902 2642 969 praesentis
2697 900 2853 967 hujus
2882 903 3134 965 temporis
3162 902 3302 971 quod
3342 911 3555 971 septem
3586 905 3701 958 die-

2114 970 2213 1025 bus
2242 972 2439 1041 agitur,
2486 986 2580 1039 per
2603 972 2935 1025 octonarium
2970 987 3094 1025 vero
3125 970 3415 1025 numerum
3437 974 3544 1026 vita
3575 990 3701 1041 per-

2114 1050 2276 1111 petua
2307 1040 2634 1109 designatur,
2688 1056 2849 1110 quam
2880 1057 2974 1094 sua
3009 1043 3161 1096 nobis
3214 1043 3471 1096 Dominus
3517 1040 3702 1097 resur-

2115 1112 2353 1180 rectione
2373 1111 2643 1180 patefecit,
2661 1127 2777 1165 cum
2798 1111 3073 1165 Dominico
3094 1112 3299 1166 scilicet
3320 1114 3405 1166 die
3438 1116 3702 1168 surrexit.

2115 1178 2343 1249 PrOptcr
2364 1178 2502 1235 hunc
2522 1195 2648 1247 ergo
2671 1183 3030 1252 septenarium
3051 1198 3329 1235 numerum
3356 1184 3701 1252 temporalia,

2116 1252 2453 1305 octonarium
2483 1266 2611 1305 vero
2639 1260 2835 1304 a-terna
2890 1251 3209 1320 signantem,
3263 1268 3428 1320 super
3473 1251 3705 1307 centum

2115 1321 2301 1391 viginti
2335 1320 2521 1375 ﬁdeles
2568 1321 2620 1375 in
2651 1321 2927 1376 caenaculo
2959 1322 3254 1376 residentes
3283 1322 3519 1391 Spiritus
3543 1339 3705 1378 sanc-

2116 1401 2202 1445 tus
2226 1390 2421 1445 eﬂusus
2450 1400 2551 1447 est.
2585 1391 2684 1445 Per
2710 1401 2913 1459 septem
2932 1392 3127 1460 quippe
3156 1401 3209 1445 et
3242 1390 3365 1446 octo
3391 1393 3703 1460 quindecim

2114 1471 2527 1530 componuntur,
2559 1470 2613 1515 et
2640 1462 2685 1515 si
2716 1463 2780 1515 ab
2810 1478 2915 1515 uno
2947 1478 3114 1530 usque
3142 1463 3205 1515 ad
3243 1463 3551 1529 quindecim
3599 1480 3702 1517 nu-

2115 1532 2371 1587 merando
2406 1532 2657 1602 paulatim
2698 1546 2795 1601 per
2823 1532 3152 1587 incrementa
3180 1538 3579 1599 consurgimus,
3617 1550 3707 1587 us-

2114 1618 2220 1672 que
2246 1602 2313 1656 ad
2342 1604 2691 1657 centesimum
2719 1612 2775 1655 et
2800 1602 3110 1657 vicesimum
3143 1618 3422 1656 numerum
3453 1604 3703 1670 perveni-

2114 1688 2253 1727 mus.
2284 1672 2416 1739 Quia
2438 1674 2643 1727 scilicet
2668 1672 2927 1727 ellusione
2948 1674 3116 1727 sancti
3146 1673 3374 1741 Spiritus
3395 1672 3705 1729 didicerunt

2117 1752 2175 1798 ut
2202 1753 2257 1799 et
2294 1744 2605 1812 temporalia
2650 1744 2927 1799 tolerando
2961 1746 3270 1809 transirent,
3301 1754 3359 1799 et
3382 1752 3586 1798 aeterna
3616 1744 3699 1799 in—

438 1814 610 1897 «25311;.
660 1841 724 1894 Et
752 1842 855 1895 hoc
884 1840 1038 1894 nobis
1064 1850 1144 1894 est
1188 1814 1513 1909 mag‘nopere
1550 1840 2004 1909 perpendendum,

2118 1814 2328 1869 hiauter
2355 1823 2691 1884 appeterent.

436 1913 561 1983 quia
605 1913 648 1966 is
676 1911 767 1983 qui
814 1910 1052 1983 placidus
1092 1912 1353 1976 ascendit,
1400 1910 1653 1983 terribilis
1681 1910 1922 1983 redibit;
1955 1922 2010 1965 et

435 1980 707 2052 quidquid
743 1980 897 2052 nobis
933 1997 1052 2036 cum
1100 1980 1507 2052 mansuetudine
1536 1980 1935 2052 prgecipit,ihoc
1980 1997 2010 2036 a

434 2050 599 2106 nobis
633 2067 753 2105 cum
791 2051 1125 2106 districtione
1155 2052 1353 2119 exiget.
1398 2050 1565 2107 Nemo
1594 2050 1753 2118 igitur
1806 2051 2010 2105 indulta

433 2122 761 2193 paenitentiae
804 2129 1047 2192 tempora
1086 2121 1493 2193 parvipendat,_
1508 2137 1666 2193 nemo
1716 2136 1899 2175 curam
1928 2121 2011 2175 sui

434 2190 558 2247 cum
597 2192 738 2246 valet
784 2190 942 2263 agere
984 2190 1253 2261 negligat,
1288 2192 1413 2263 quia
1462 2190 1790 2263 Redemptor
1828 2200 2013 2263 noster

435 2270 586 2317 tanto
616 2270 743 2317 tunc
770 2264 820 2317 in
847 2262 1048 2330 judicio
1077 2261 1369 2317 districtibr
1386 2262 1587 2326 veniet,
1627 2270 1827 2329 quanto
1857 2261 2013 2317 nobis

433 2343 560 2403 ante
595 2332 852 2400 judicium
898 2348 1147 2401 magnam
1180 2332 1497 2403 prmrogavit
1524 2332 1856 2401 patientiam.
1889 2331 2014 2403 Ilico

433 2401 617 2469 itaque
641 2405 936 2467 vobiscum,
968 2403 1177 2467 fratres,
1206 2401 1373 2471 agite,
1400 2402 1515 2456 haec
1545 2403 1597 2455 in
1624 2411 1801 2455 mente
1830 2402 2011 2471 sedula

432 2474 760 2540 cogitatione
783 2482 1014 2537 versate,
1044 2474 1188 2541 quod
1211 2470 1491 2528 Dominum
1512 2471 1777 2527 credimus
1806 2470 1871 2524 ad
1901 2486 2013 2526 cm-

434 2542 546 2597 lum
602 2543 929 2599 ascendisse.
987 2542 1055 2596 Et
1096 2543 1139 2596 si
1169 2543 1342 2598 adhuc
1391 2543 1477 2597 hic
1517 2550 1758 2596 tenemur
1786 2541 2011 2595 inlirmi-

432 2619 545 2693 tate
594 2613 835 2683 corporis
856 2650 871 2678 ,
916 2628 1204 2685 sequamur
1231 2623 1412 2669 tamen
1439 2627 1562 2669 eum
1584 2611 1831 2683 passibus
1858 2627 2009 2668 amo-

430 2696 527 2737 I'IS.

429 2774 560 2833 CAP.
590 2776 679 2833 III.
724 2809 797 2822 —
838 2778 1092 2921 Possedit:
1112 2780 1402 2921 a‘grunitsste
1451 2778 1683 2833 mercede
1728 2776 2013 2849 iniquitatis

542 2898 566 2921 ,
1097 2868 1121 2904 c
1152 2867 1230 2915 .1,
1360 2889 1376 2905 .
1906 2903 1914 2911 ,

1097 2867 1166 2904 ει.
1192 2867 1230 2915 1,
1264 2867 1376 2915 ιδ).

612 2941 844 3012 exposit.
989 2898 1533 3022 isi-num.
1581 2940 1717 3022 5_8.)
1764 2940 1840 3022 De
1868 2903 2015 3022 .Juda

429 3010 696 3067 traditore
742 3029 838 3077 per
876 3014 1091 3067 beatum
1146 3010 1362 3066 Petrum
1417 3013 1721 3081 apostolum
1777 3012 2012 3067 dicitur:

430 3082 531 3136 llic
552 3084 779 3152 possedit
795 3100 976 3153 agrum
994 3084 1056 3135 de
1076 3082 1306 3136 mercede
1322 3084 1631 3153 iniquitatis.
1664 3083 2014 3153 Nequaquam

429 3154 574 3207 enim
616 3154 787 3222 pretio
831 3151 1102 3220 sanguinis
1140 3166 1325 3220 agrum
1354 3151 1497 3222 liguli
1527 3151 1801 3222 possidere
1847 3151 2015 3206 Judas

429 3222 626 3291 potuit,
656 3223 769 3291 qui,
800 3223 984 3277 relatis
1015 3223 1231 3291 triginta
1256 3223 1547 3290 argenteis,
1578 3222 1880 3277 traditionis
1908 3224 2012 3277 cri-
2041 3225 2084 3287 C

429 3309 556 3346 men
596 3293 969 3349 criminosiore
1014 3294 1066 3347 in
1097 3309 1154 3347 se
1202 3295 1446 3361 protinus
1489 3304 1664 3349 morte
1711 3292 2007 3348 mulctavit.

426 3362 535 3418 Sed
564 3364 805 3433 possedit
833 3364 1033 3419 dictum
1058 3371 1141 3418 est
1168 3364 1441 3433 possidere
1472 3363 1617 3418 fecit.

427 3452 554 3508 CAP.
596 3454 687 3508 IV.
710 3482 781 3492 —
805 3454 872 3507 Et
901 3454 1083 3507 cecidit
1111 3470 1223 3507 sors
1252 3470 1403 3523 super
1432 3452 1731 3518 Matthiam,
1763 3460 1812 3506 et
1840 3452 2011 3507 adnu-

501 3535 725 3579 meratus
755 3533 832 3578 est
860 3541 973 3577 cum
1024 3524 1262 3578 undecim
1290 3526 1539 3594 apostolis
1582 3523 1720 3593 (Act.
1752 3540 1793 3587 ι,
1825 3524 1937 3594 26).

500 3616 583 3685 (In
631 3616 862 3687 exposit.
900 3615 957 3668 Β.
1010 3614 1133 3683 Job,
1165 3616 1257 3669 lib.
1308 3632 1479 3673 χχχιι.
1516 3632 1661 3669 num.
1696 3615 1811 3687 27.)
1845 3616 2014 3673 Omne

468 3685 716 3741 eccatum’
756 3685 1107 3741 undenarium
1145 3696 1245 3750 est,
1278 3690 1401 3754 quia
1449 3686 1573 3740 dum
1606 3685 1857 3756 perversa
1905 3689 2013 3755 agit

427 3702 756 3811 Becalottum
786 3756 995 3808 transit.
1028 3754 1095 3807 Et
1122 3757 1244 3811 auia
1276 3756 1327 3809 in
1356 3758 1531 3811 cilicio
1559 3766 1839 3811 peccatum
1869 3758 2013 3811 plau-

477 3759 756 3821 ecalogum
786 3756 995 3808 transit.
1028 3754 1095 3807 Et
1122 3757 1244 3824 quia
1276 3756 1327 3809 in
1356 3758 1531 3812 cilicio
1559 3754 1839 3826 peccatum
1869 3754 2015 3825 plau-

430 3826 595 3894 gitur,
628 3826 753 3878 hinc
781 3832 862 3894 est
891 3826 1033 3893 quod
1065 3826 1116 3877 in
1148 3826 1492 3881 tabernaculo
1522 3828 1639 3880 vela
1670 3828 1881 3881 cilicina
1911 3845 2011 3883 un-

429 3893 601 3950 decim
630 3894 784 3948 liunt.
817 3893 953 3949 Ilinc
980 3909 1076 3965 per
1113 3896 1451 3950 undecimum
1482 3896 1743 3965 psalmum
1774 3896 2008 3953 dicitur:

430 3965 645 4021 Salvum
694 3982 774 4018 me
801 3966 946 4036 fac,
996 3963 1237 4036 Domine,
1283 3963 1523 4036 quoniam
1577 3966 1763 4034 defeat
1803 3978 2011 4022 sanctus

428 4036 653 4107 (I‘salm.
688 4052 760 4102 ιι,
790 4034 867 4106 1).
896 4034 1032 4089 Hinc
1061 4034 1251 4090 Petrus
1276 4034 1647 4107 infundenario
1676 4052 1901 4107 numero
1922 4053 2011 4091 re-

428 4105 648 4162 manere
676 4105 951 4177 apostolos
980 4115 1241 4177 metuens,
1296 4105 1569 4160 Matthiam
1613 4106 2006 4173 duodecimum,

427 4189 575 4232 sorte
601 4174 783 4241 missa,
814 4178 1109 4247 requisivit.
1146 4174 1255 4231 Nisi
1278 4176 1419 4230 enim
1450 4177 1645 4245 signari
1674 4177 1883 4245 culpam
1915 4193 2011 4246 per

429 4248 779 4302 undenarium
802 4256 1069 4313 cerneret,
1099 4248 1322 4316 implere
1340 4264 1622 4302 numerum
1642 4248 2009 4318 apostolorum

429 4326 541 4370 tam
570 4318 763 4373 festiue
790 4319 1121 4373 duodenario
1152 4333 1257 4373 non
1286 4327 1521 4373 curaret.

428 4408 559 4465 CAP.
590 4409 657 4486 Υ,
688 4441 769 4486 —_
782 4410 973 4486 Factus
999 4420 1075 4486 est
1101 4420 1307 4486 repente
1333 4412 1395 4465 de
1422 4412 1549 4468 caelo
1567 4428 1733 4486 sonus
1764 4422 2008 4486 tanquam

589 4481 903 4535 advenientis
930 4481 1488 4551 spiritus'veltementis
1520 4484 1657 4554 (Act.
1688 4501 1742 4549 11,
1783 4485 1861 4553 2).

500 4572 580 4645 (In
610 4571 840 4642 exposit.
870 4571 931 4624 Β.
953 4569 1072 4637 Job,
1098 4572 1191 4626 lib.
1216 4588 1268 4635 ν,
1297 4590 1444 4628 num.
1469 4573 1584 4697 65;)
1606 4574 1836 4644 Spiritus
1858 4592 2008 4633 sanc-

500 4661 514 4697 s
542 4660 571 4697 a
618 4644 777 4696 Patre
806 4641 1117 4697 procedens.
1153 4650 1209 4696 et
1245 4643 1311 4697 de
1341 4660 1405 4697 co
1432 4660 1539 4697 auo
1602 4654 1685 4697 est
1714 4645 1831 4697 Filii
1861 4649 2003 4697 acci-

427 4641 523 4698 tus'
542 4660 571 4698 a
618 4641 777 4696 Patre
806 4641 1117 4711 procedens,
1153 4650 1209 4696 et
1245 4643 1311 4697 de
1341 4660 1405 4697 co
1432 4641 1574 4712 quod
1602 4641 1685 4699 est
1714 4645 1831 4699 Filii
1861 4649 2003 4702 acci-

426 4716 600 4786 piens,
633 4721 829 4769 nostra:
853 4712 1086 4767 tenuiter
1111 4713 1312 4786 notitia:
1338 4711 1663 4786 inﬁrmitatis
1686 4716 2002 4774 infunditur.
2035 4711 2087 4772 D

427 4784 527 4851 Qui
557 4795 732 4839 tamen
764 4798 926 4853 super
952 4784 1228 4849 apostolos
1266 4785 1504 4852 veniens,
1538 4800 1636 4854 per
1674 4788 2002 4843 exteriorem

425 4871 615 4910 sonum
647 4862 896 4922 tanquam
927 4869 1037 4925 per
1067 4856 1439 4910 vehementem
1472 4856 1716 4925 spiritum
1748 4856 1995 4913 demons-

427 4932 618 4989 tratur,
632 4940 751 4979 cum
765 4923 958 4998 dicitur
975 4944 987 4979 :
1004 4923 1138 4998 Dum
1153 4923 1525 4995 complerentur
1536 4927 1643 4980 dies
1658 4926 2003 4998 Pentecostes,

427 5005 575 5047 erant
602 4996 1042 5069 omnesdiscipuli
1073 4998 1265 5063 pariter
1294 4998 1346 5050 in
1383 4998 1558 5069 eodem
1598 4997 1729 5069 loco,
1761 5008 1807 5049 et
1834 4996 2002 5069 factus

426 5075 507 5151 est
531 5074 734 5147 repente
764 5066 843 5151 den
856 5069 980 5120 cwlo
1006 5083 1169 5148 sonus.
1186 5078 1429 5151 tanquam
1457 5067 1771 5120 advenientis
1791 5066 1998 5151 spiritus

428 5136 759 5206 vehementis.
813 5136 1042 5190 Sanctus
1087 5139 1227 5190 enim
1277 5136 1505 5206 Spiritus
1552 5152 1671 5190 cum
1712 5152 1771 5190 se
1798 5140 2000 5194 notitia:

426 5204 672 5259 humanm
702 5205 1024 5260 inﬁrmitatis
1070 5204 1331 5267 insinuat,
1354 5214 1407 5259 et
1452 5207 1630 5261 sonitu
1668 5207 2002 5263 vehementis

425 5277 664 5345 spiritus,
692 5285 747 5330 et
770 5290 901 5329 voce
928 5277 1062 5330 lenis
1089 5292 1231 5329 aur-.1:
1253 5277 1585 5345 exprimitur,
1613 5278 1752 5331 sicut
1778 5278 1827 5330 in
1862 5278 1997 5334 libro

426 5343 572 5417 beati
600 5346 699 5401 Job
722 5346 958 5417 legitur:
993 5346 1061 5399 Et
1102 5363 1271 5400 vocem
1308 5343 1451 5417 quasi
1483 5348 1612 5401 lenis
1640 5364 1783 5401 aura:
1827 5350 1999 5404 audivi

432 5414 571 5483 (Job.
605 5434 675 5483 ιν,
712 5416 819 5483 16).
878 5416 1015 5482 Quid
1044 5418 1186 5471 enim
1215 5414 1524 5486 per'vocem
1570 5434 1711 5472 aura:
1752 5420 1852 5473 nisi
1908 5435 2000 5475 co-

428 5488 597 5607 gnilio
647 5488 817 5541 sancti
873 5488 1100 5556 Spiritus
1129 5488 1479 5555 designatur?
1543 5488 1769 5545 Sanctus
1819 5491 1998 5561 itaque

473 5556 661 5607 niritus
688 5559 908 5607 veniens
939 5558 1073 5607 lenis
1117 5566 1199 5607 est
1226 5570 1279 5607 et
1308 5560 1599 5607 vehemens
1626 5579 1637 5607 :
1688 5561 1839 5607 lenis.
1871 5565 1993 5607 nnia

472 5556 661 5635 piritus
688 5559 908 5611 veniens
939 5558 1073 5612 lenis
1117 5566 1199 5611 est
1226 5570 1279 5613 et
1308 5560 1599 5635 vehemens
1626 5579 1637 5613 :
1686 5561 1839 5622 lenis,
1866 5556 1995 5635 quia

428 5625 673 5700 notitiam
704 5640 877 5700 suam,
907 5640 1170 5696 quatenus
1197 5632 1448 5697 cognosci
1496 5640 1767 5700 utcunque
1796 5625 1991 5696 valeat,

427 5694 629 5770 nostris
651 5695 895 5750 sensibus
918 5694 1205 5770 temperat;
1231 5694 1540 5766 vehemens,
1562 5694 1996 5770 quia-quantum;

428 5763 563 5818 libet
592 5766 734 5819 hanc
774 5763 1057 5844 temperet,
1089 5768 1317 5844 adventu
1347 5763 1534 5825 tamen
1547 5763 1650 5844 suo
1680 5763 1999 5844 i_1i_tirn1itatis

436 5845 635 5895 nostra:
660 5836 955 5892 catcitatem
984 5836 1329 5895 illuminanda
1357 5843 1652 5911 perturbat.
1684 5841 1999 5900 Illustratio-

2114 1904 2246 1960 CAP.
2282 1904 2392 1958 VII.
2425 1933 2495 1986 -τ-
2524 1904 2595 1986 ιςῖι
2638 1914 2985 1986 apparuerunt
3012 1904 3441 1986 illis'disp‘ertitw
3484 1905 3696 1986 linguis,

2186 1986 2428 2115 tanqqam
2449 1977 2618 2048 ignis:
2650 1976 2879 2047 seditque
2916 1993 3073 2047 supra
3101 1977 3328 2047 singulos
3350 1992 3529 2030 eorum
3558 1975 3698 2046 μα.

2184 2061 2241 2110 ιι,
2276 2068 2309 2099 ο
2338 2084 2353 2099 .
3668 2086 3675 2113 ;

2185 2136 2265 2205 (In
2295 2136 2526 2204 exposit.
2557 2136 2615 2190 Β.
2639 2136 2759 2203 Job,
2783 2136 2875 2191 lib.
2906 2152 3090 2201 xxvnt,
3120 2151 3267 2189 num.
3298 2134 3380 2204 2.)
3412 2136 3705 2192 Sciendum

2114 2215 2197 2262 est
2226 2207 2479 2275 quoniam
2511 2215 2602 2261 aut
2642 2222 2738 2275 per
2766 2209 3113 2276 semetipsum
3144 2206 3402 2261 Dominus
3444 2207 3704 2276 loquitur,

2114 2286 2208 2331 aut
2238 2292 2329 2341 per
2369 2286 2671 2332 creaturam
2702 2275 3000 2346 angelicam
3029 2275 3143 2345 ejus
3168 2278 3234 2329 ad
3264 2293 3364 2332 nos
3386 2275 3559 2332 verba
3592 2277 3703 2333 tor-

2114 2356 2364 2428 manturj
2396 2346 2489 2400 sed
2520 2363 2641 2401 cum
2670 2348 3146 2428 per-semetipsum
3172 2346 3430 2428 loquitur,
3462 2349 3581 2403 sola
3612 2364 3707 2402 no.

2113 2416 2195 2488 bis
2224 2416 2302 2471 vis
2321 2417 2545 2488 internae
2573 2416 2909 2488 aspirationis
2938 2417 3193 2487 aperitur.
3225 2418 3357 2472 Cum
3381 2433 3483 2487 per
3509 2429 3706 2472 semet-

2114 2486 2286 2559 ipsum
2319 2487 2573 2557 loquitur,
2594 2486 2667 2559 rd'e
2694 2488 2859 2543 verbo
2887 2486 3005 2556 ejus
3044 2488 3161 2559 sine
3179 2488 3368 2559 verbis
3393 2503 3466 2559 ac
3489 2489 3707 2559 syllabis

2112 2556 2212 2612 cor
2237 2557 2481 2621 docetur,
2514 2558 2638 2624 quia
2667 2559 2837 2611 virtus
2857 2559 2975 2627 ejus
3006 2559 3060 2612 in
3094 2557 3282 2611 intima
3321 2556 3565 2625 quadam
3614 2574 3704 2613 su-

2112 2626 2417 2698 blevatione
2444 2629 2803 2695 cognoscitur,
2821 2626 2899 2684 ad
2915 2636 3074 2697 quem
3105 2644 3258 2682 mens
3283 2632 3446 2697 plena
3475 2643 3705 2698 suspen-

2112 2697 2279 2765 ditur,
2308 2714 2473 2754 vacua
2523 2707 2813 2768 gravatur;
2847 2698 3059 2768 pondus
3096 2699 3239 2753 enim
3281 2697 3703 2768 quoddamest,

2113 2770 2261 2839 quod
2289 2784 2502 2823 omnem
2533 2767 2764 2823 animam
2796 2767 2957 2839 quam
2988 2769 3157 2839 replet
3196 2769 3360 2823 levet.
3392 2767 3604 2823 Lumen
3635 2770 3703 2822 in-

2114 2854 2435 2909 corporeum
2466 2848 2549 2894 est
2588 2842 2729 2908 quod
2755 2849 2810 2894 et
2839 2840 3094 2895 interiora
3136 2840 3365 2907 repleat,
3411 2848 3471 2892 et
3500 2839 3703 2908 repleta

2115 2911 2351 2965 exterius
2392 2909 2833 2975 circumscribat;
2866 2912 2984 2966 sine
3011 2911 3242 2979 strepitu
3269 2924 3452 2964 sermo
3484 2921 3567 2965 est
3612 2911 3703 2978 qui

2116 2989 2171 3035 et
2195 2981 2436 3037 auditum
2482 2980 2657 3049 aperit
2705 2989 2759 3035 et
2809 2982 3009 3035 habere
3058 2982 3291 3035 sonitum
3323 2980 3519 3034 nescit.
3552 2980 3704 3049 Quod

2116 3052 2259 3107 enim
2291 3054 2355 3105 de
2397 3048 2629 3106 adventu
2659 3053 2831 3106 sancti
2856 3052 3087 3119 Spiritus
3115 3052 3378 3119 scriptum
3409 3060 3530 3105 est:
3564 3048 3703 3103 Face

2118 3132 2195 3177 tus
2223 3132 2296 3176 est
2325 3132 2529 3193 repente
2552 3121 2613 3175 de
2636 3124 2760 3176 caelo
2784 3139 2940 3176 sonus
2968 3133 3212 3192 tanquam
3254 3121 3575 3174 advenientis
3596 3122 3703 3189 spi-

2115 3194 2243 3247 ritus
2271 3195 2593 3255 vehementis,
2624 3203 2672 3246 et
2710 3194 2917 3263 replevit
2961 3203 3119 3247 totam
3161 3193 3388 3255 domum,
3419 3193 3506 3244 ubi
3549 3197 3701 3244 erant

2116 3267 2387 3317 sedentes:
2429 3274 2476 3317 et
2521 3272 2871 3333 apparuerunt
2912 3264 3017 3317 illis
3062 3264 3345 3333 dispertiat
3370 3264 3556 3332 linguis
3583 3273 3697 3313 tan-

2116 3349 2266 3406 quam
2296 3335 2451 3406 ignis,
2474 3333 2699 3403 seditque
2717 3351 2873 3403 supra
2902 3335 3131 3406 singulos
3153 3349 3361 3395 eorum;
3387 3347 3478 3406 per
3504 3333 3683 3406 ignem

2115 3401 2331 3473 quidem
2362 3401 2625 3458 Dominus
2663 3401 2932 3473 apparuit,
2971 3401 3067 3460 sed
3119 3420 3218 3473 per
3246 3402 3577 3471 semetipsum
3604 3401 3685 3455 loc

2117 3476 2387 3528 cntionem
2416 3474 2641 3544 interius
2670 3475 2814 3530 iecit.
2859 3474 2919 3528 Et
2951 3490 3128 3544 neque
3156 3475 3297 3543 ignis
3326 3474 3482 3535 Deus,
3518 3485 3696 3544 neque

2116 3544 2206 3599 ille
2236 3548 2445 3599 sonitus
2474 3543 2593 3611 fuit,
2620 3546 2714 3599 sed
2758 3561 2853 3613 per
2876 3545 2981 3601 hoc
3020 3542 3165 3612 quod
3188 3542 3427 3598 exterius
3458 3542 3702 3613 exhibuit

2115 3618 2380 3687 expressit
2412 3616 2514 3687 hoc
2543 3615 2687 3683 quod
2727 3612 2951 3672 interius
2980 3617 3163 3683 gessit.
3196 3614 3332 3680 Quia
3361 3615 3503 3687 enim
3535 3612 3702 3687 disci-

2117 3683 2273 3755 pulos
2316 3695 2369 3739 ct
2398 3686 2513 3741 zelo
2542 3701 2828 3741 succensos
2857 3695 2913 3741 et
2942 3687 3105 3741 verbo
3133 3687 3374 3755 eruditos
3404 3686 3551 3755 intus
3578 3683 3700 3755 red-

2116 3752 2268 3820 didit,
2313 3756 2444 3810 toris
2469 3756 2675 3823 linguas
2715 3757 2900 3823 igneas
2929 3755 3187 3811 ostendit.
3218 3754 3278 3808 In
3308 3752 3699 3824 signiﬁcatione

2117 3826 2279 3893 igitur
2308 3828 2522 3881 admota
2571 3836 2698 3881 sunt
2726 3827 3012 3891 elementa,
3062 3835 3118 3881 ut
3150 3826 3324 3890 ignem
3371 3834 3426 3879 et
3463 3826 3697 3878 sonitum

2116 3898 2383 3951 sentirent
2421 3911 2669 3965 corpora,
2701 3898 2823 3965 igne
2852 3914 2982 3953 vero
3014 3896 3270 3951 invisibili
3319 3904 3375 3950 et
3410 3910 3547 3949 voce
3586 3894 3700 3948 sine

2114 3968 2296 4022 sonitu
2323 3968 2647 4021 docerentur
2667 3969 2850 4021 corda.
2876 3967 3030 4023 Foris
3051 3981 3180 4036 ergo
3210 3966 3308 4038 luit
3337 3967 3477 4038 ignis
3499 3965 3587 4035 qui
3608 3980 3703 4035 ap-

2115 4038 2313 4107 paruit,
2337 4039 2427 4091 sed
2459 4039 2598 4092 intus
2626 4038 2715 4105 qui
2744 4038 3024 4093 scientiam
3056 4038 3221 4091 dedit.
3254 4036 3321 4091 Et
3352 4036 3477 4092 cum
3509 4039 3701 4107 regina:

2113 4108 2372 4178 Qandacis
2399 4109 2675 4163 eunuchus
2700 4111 2878 4163 currui
2900 4109 3188 4178 prasidens
3218 4108 3319 4162 iter
3347 4116 3618 4177 carperet,
3646 4115 3701 4160 et

2112 4176 2303 4249 Isaiam
2332 4179 2385 4232 in
2413 4180 2678 4249 manibus,
2713 4195 2819 4233 non
2847 4176 3149 4249 intelligens
3179 4178 3422 4243 haberet,
3446 4176 3511 4232 in
3538 4177 3699 4249 corde

2113 4248 2365 4303 nimirum
2412 4248 2655 4317 Phtlippo
2708 4249 2939 4319 Spiritus
2965 4248 3213 4306 dtiterat:
3268 4250 3509 4319 Adjungg
3558 4248 3699 4299 tead

2112 4336 2318 4373 currum
2350 4320 2485 4390 (Art.
2518 4316 2629 4388 viti,
2659 4316 2772 4389 23).
2808 4321 2873 4374 Et
2898 4338 3017 4376 cum
3035 4321 3100 4374 ad
3113 4316 3463 4375 evocandum
3478 4316 3700 4390 Petrum

2111 4389 2366 4446 timentes
2405 4389 2687 4445 Dominum
2728 4391 2925 4446 milites
2967 4392 3251 4446 Cornelius
3289 4389 3607 4451 dimisisset,
3646 4389 3700 4440 in

2111 4472 2293 4516 mente
2336 4461 2520 4530 procul
2547 4461 2707 4515 dubio
2738 4476 2768 4514 a
2797 4460 2999 4531 Spiritu
3050 4460 3239 4515 Petrus
3285 4460 3529 4531 audivit:
3566 4458 3701 4531 Ecce

2110 4534 2205 4586 viri
2236 4528 2598 4604 tres—quierunt
2623 4541 2695 4604 te.
2718 4528 2885 4604 Surge
2905 4533 3094 4604 itaque,
3118 4541 3167 4604 et
3193 4530 3462 4604 descende,
3494 4538 3546 4604 et
3574 4528 3703 4583 vade

2112 4620 2227 4681 eum
2264 4599 2501 4681 eis_(Act.
2538 4618 2604 4681 _x,
2782 4599 3038 4681 spiritqu
3070 4602 3226 4681 enim
3240 4600 3335 4655 Dei
3366 4599 3522 4668 quasi
3551 4615 3699 4681 qua;-

2112 4675 2234 4726 dam
2265 4670 2421 4726 nobis
2444 4671 2605 4726 verba
2632 4670 2925 4726 dicere’est
2948 4672 3158 4727 occulta
3182 4673 3231 4726 vi
3259 4686 3321 4726 ea
3343 4685 3464 4739 qua:
3489 4670 3697 4737 agenda

2109 4753 2238 4797 sunt
2266 4742 2535 4810 intimare,
2565 4751 2621 4797 et
2646 4757 2741 4797 cor
2769 4742 3002 4799 hominis
3030 4743 3269 4813 ignarum
3300 4756 3406 4795 non
3447 4739 3695 4813 adhibito

2110 4813 2337 4881 strepitu
2393 4820 2448 4867 et
2500 4813 2753 4867 tarditate
2800 4811 3069 4870 sermonis
3096 4814 3324 4883 peritum
3354 4819 3583 4882 repente
3627 4811 3696 4866 de

2110 4883 2436 4937 absconditis
2460 4883 2706 4938 reddere.

2109 4974 2237 5029 CAP.
2271 4974 2403 5028 VIII.
2437 5005 2508 5016 -—
2536 4975 2602 5027 Et
2632 4975 2808 5045 repleti
2838 4985 2955 5030 sunt
2983 4993 3155 5030 omnes
3184 4974 3381 5045 Spiritu
3406 4981 3617 5039 sancto,
3645 4979 3695 5024 et

2179 5054 2435 5128 coeperunt
2464 5046 2777 5128 loquilvariis
2799 5047 3021 5128 linguis,
3050 5056 3197 5117 prout
3226 5045 3453 5113 Spiritus
3478 5053 3692 5098 sanctus

2180 5116 2337 5169 dabat
2366 5116 2533 5187 eloqui
2562 5116 2666 5170 illis
2693 5118 2829 5186 (Act.
2857 5133 2916 5181 11,
2940 5116 3015 5186 4).

2178 5208 2401 5280 (Ilomil.
2426 5206 2526 5280 βο,
2559 5208 2610 5261 in
2633 5206 2861 5280 Evang.,
2894 5226 2947 5263 n.
2984 5209 3035 5274 4,
3090 5208 3139 5271 5,
3170 5210 3241 5268 6:
3290 5208 3475 5264 bomil.
3507 5206 3600 5271 9.6,
3634 5206 3691 5260 in

2105 5276 2307 5347 Evang.
2340 5294 2395 5349 ιι.
2425 5276 3027 5349 5.)ίΑυᾱὶδιίε,Τι·ιιῑτεε,
3068 5282 3191 5349 quia
3218 5280 3448 5348 Spiritus
3466 5287 3694 5334 sanctus

2104 5364 2266 5418 Super
2298 5348 2591 5417 discipulos
2622 5350 2672 5402 in
2706 5350 2872 5417 igneis
2901 5350 3092 5419 linguis
3118 5354 3381 5419 apparuit,
3412 5350 3688 5403 omnium-

2104 5420 2538 5488 que-linguarum
2565 5421 2843 5474 scientiam
2871 5420 3037 5490 dedit,
3068 5422 3193 5490 quid
3222 5422 3425 5475 scilicet
3453 5420 3556 5473 hoc
3579 5419 3690 5490 imi-

2102 5491 2288 5545 raculo
2316 5489 2597 5557 designans
2654 5490 2753 5543 nisi
2806 5489 2949 5559 quod
3002 5489 3185 5545 sancta
3218 5490 3453 5545 Ecclesia
3488 5489 3683 5542 eodem

2102 5560 2305 5630 Spiritu
2336 5561 2556 5630 repleta,
2591 5561 2825 5615 omnium
2851 5562 3089 5630 gentium
3118 5571 3231 5614 erat
3252 5576 3385 5616 voce
3413 5563 3683 5614 locutura.

2102 5632 2203 5697 Qui
2234 5646 2362 5685 vero
2394 5639 2579 5684 contra
2608 5631 2775 5684 Deum
2807 5632 2993 5685 turrim
3036 5631 3300 5685 mditicare
3327 5631 3503 5685 conati
3531 5638 3683 5694 sunt,

2101 5702 2533 5773 communionem
2582 5702 2737 5773 unius
2768 5702 2956 5771 lingum
2984 5702 3346 5773 perdiderunt.
3378 5700 3436 5754 In
3466 5699 3550 5754 his
3580 5715 3684 5753 au-

2104 5780 2210 5826 tem
2248 5772 2339 5839 qui
2388 5771 2555 5825 Deum
2603 5772 2876 5827 humiliter
2905 5771 3212 5828 metuebant
3252 5772 3445 5839 lingua:
3489 5785 3683 5824 omnes

2102 5844 2268 5900 unita:
2299 5851 2441 5900 sunt.
2486 5841 2583 5900 llic
2611 5857 2740 5915 ergo
2767 5843 3039 5905 humilitas
3066 5841 3265 5915 meruit
3287 5843 3568 5917 virtutem,
3616 5841 3685 5895 1l<
