3996 6346
258 344 384 405 ηἵδ

789 349 1034 407 Αιιυιιιτι
1074 349 1435 407 EXPOSITIO
1470 349 1632 407 NOV!
1668 350 1868 408 TEST.
1906 379 1976 395 -—
2011 350 2160 410 SUP.
2198 354 2376 412 ACTA
2414 354 2934 415 APOSTOLORUM.

3330 360 3471 422 1274

257 468 322 528 tie
349 462 592 548 superbia
618 464 1007 548 confusionem:
1046 463 1519 548 _quacrendum
1552 464 1705 545 nobis
1732 472 1815 519 est
1840 468 1888 528 Α
1916 474 2159 548 antqua;
2179 467 2508 548 simplicitas.
2528 468 2655 548 sinc
2685 467 3044 548 rectitudine?
3082 469 3231 548 Quia
3260 488 3391 548 ergo
3432 487 3491 535 ει

255 552 347 594 cur
370 533 595 603 Spiritus
623 542 838 589 sanctus
868 536 1077 590 Patriet
1101 534 1233 588 Filio
1263 543 1581 596 coaeternus,
1612 535 1663 587 in
1693 534 1813 603 igne

252 604 520 676 apparuit,
540 620 633 657 cur
660 604 710 676 in
740 605 860 673 igne
887 606 1043 660 simul
1070 613 1124 659 et
1149 605 1359 671 linguis,
1394 620 1488 658 cur
1527 604 1812 673 aliquando

255 674 305 732 in
324 674 594 735 columba.
627 674 911 744 aliquando
940 691 1068 731 vero
1115 676 1166 728 in
1195 676 1314 742 igne
1339 682 1683 740 monstratur,
1717 690 1814 729 cur

173 756 180 801 ι
252 760 407 816 super
425 743 754 816 unigenitum
780 745 1230 816 Filiumapparuit
1252 746 1305 799 in
1328 744 1585 799 columba:
1613 746 1811 816 specie,

250 825 305 873 et
318 814 486 882 super
512 815 801 883 discipulos
839 817 891 870 in
941 814 1079 884 igne,
1128 815 1202 869 ita
1232 823 1291 869 ut
1317 828 1491 882 neque
1519 829 1680 882 super
1708 814 1815 869 Do-

250 888 445 944 minum
496 885 710 955 veniret
761 886 813 940 in
866 886 1024 954 igne,
1078 900 1251 955 neque
1302 899 1463 953 super
1517 885 1816 955 discipulos

248 963 635 1012 monstraretur
664 954 717 1010 in
756 956 1045 1011 columba?
1092 954 1193 1026 Per
1217 964 1446 1026 quatuor
1484 954 1671 1026 itaque
1703 955 1817 1009 haec

246 1041 365 1097 qua:
376 1026 766 1097 proposuimus
792 1026 1048 1080 solvendo
1076 1023 1378 1097 redeamus.
1411 1023 1555 1078 Patri
1579 1023 1817 1097 namque

246 1095 300 1151 et
328 1095 463 1151 Filio
494 1105 789 1151 comternus
816 1096 1044 1165 Spiritus
1074 1096 1126 1150 in
1158 1096 1281 1165 igne
1310 1103 1658 1156 monstratur,
1692 1095 1817 1164 quia

244 1166 595 1235 incorporeus
645 1174 699 1220 et
728 1166 1011 1222 ineﬂabilis
1040 1175 1199 1234 atque
1248 1165 1526 1220 invisibilis
1572 1165 1708 1231 ignis
1736 1172 1820 1219 est

244 1236 401 1298 Deus,
432 1236 689 1304 quoniam
720 1245 1008 1292 attestante
1038 1235 1204 1291 Paulo
1233 1255 1244 1289 :
1296 1242 1430 1289 Deus
1476 1245 1647 1289 noster
1682 1235 1818 1305 ignis

243 1323 546 1361 consumens
574 1316 650 1361 est
677 1306 863 1377 (Hebr.
894 1324 986 1373 xu,
1029 1306 1141 1376 29).
1182 1307 1322 1361 Deus
1350 1306 1548 1376 quippe
1577 1304 1711 1377 ignis
1739 1304 1819 1358 di-

241 1378 398 1447 citur,
427 1377 555 1444 quia
585 1374 692 1447 per
712 1378 851 1433 hunc
878 1374 1219 1447 peccatorum
1244 1376 1431 1443 rubigo
1448 1374 1814 1447 consumitur.

240 1446 315 1502 De
344 1448 452 1502 hoc
479 1446 600 1517 igne
626 1446 837 1503 Veritas
866 1446 1025 1502 dicit:
1062 1446 1241 1517 Ignem
1269 1449 1379 1500 veni
1406 1447 1617 1517 mittere
1634 1446 1694 1517 iii
1715 1453 1819 1497 ter-

238 1535 372 1584 ram,
399 1514 594 1585 etquid
621 1518 733 1573 volo
762 1520 861 1572 nisi
890 1526 944 1571 ut
970 1514 1149 1571 ardeat
1182 1517 1333 1587 (Luc.
1364 1515 1576 1587 xu,4‘J)
1602 1516 1624 1568 ἱ)
1655 1514 1820 1569 Terra

238 1589 379 1642 enim
428 1596 621 1642 vocata
669 1597 793 1643 sunt
822 1588 986 1643 corda
1037 1586 1272 1655 terrena,
1302 1602 1419 1654 quae
1447 1586 1571 1641 dum
1610 1599 1821 1655 semper

239 1656 451 1712 infimas
505 1657 559 1711 in
615 1673 673 1712 se
719 1658 1072 1727 cogitationes
1119 1666 1437 1727 congerunt,
1480 1671 1514 1727 a
1575 1654 1818 1727 malignis

237 1725 948 1798 spiritibusconculcantur.
978 1727 1083 1783 Sed
1130 1725 1307 1798 ignem
1340 1726 1594 1798 Dominus
1627 1725 1679 1779 in
1707 1734 1819 1778 ter-

239 1812 353 1853 ram
400 1797 585 1867 mittit,
612 1814 733 1852 cum
770 1798 949 1853 alllatu
991 1799 1161 1853 sancti
1190 1797 1419 1867 Spiritus
1442 1797 1605 1851 corda
1625 1810 1816 1850 carna-

1914 537 2475 615 rectitudinem’docet
2496 539 2595 615 iste
2623 539 2849 615 Spiritus
2882 548 2938 594 et
2961 537 3383 615 simplicitatem,
3432 558 3490 605 et

1913 606 1965 662 in
2013 608 2137 675 igne
2182 609 2467 682 monstrari
2497 606 2682 682 debuit
2709 617 2763 663 et
2804 610 2858 682 in
2894 606 3171 677 columba,
3219 606 3484 682 quatenus

1914 694 2195 759 umnetcor
2215 678 2493 759 quodcjus
2513 680 2684 759 gratia
2708 680 2973 759 tangitur,
2988 688 3042 734 et
3061 678 3486 759 mansuetudinis

1914 747 2137 803 lenitate
2164 748 2507 816 tranquillum
2543 757 2598 804 et
2643 749 2759 803 zelo
2806 747 3023 818 justitiae
3060 749 3152 805 fiat
3181 768 3486 813 accensum.

1915 818 1993 893 ᾼᾱ
2033 827 2331 873 extremum
2358 819 2846 893 veruquturenduui
2880 821 3090 893 _est'cur
3144 822 3196 877 in
3236 824 3354 893 ipso
3384 826 3492 883 Re.

1915 888 2195 965 demptore
2232 896 2418 942 nostro
2469 889 2758 965 diediatore
2791 888 2914 965 _Dei_
2946 900 3001 944 et
3048 888 3323 949 hominum
3343 938 3358 962 ,
3390 912 3490 965 per

1916 958 2219 1032 columbam
2264 958 2558 1032 apparuit,
2581 960 2632 1011 in
2675 958 2945 1032 discipulis
2976 974 3102 1014 vero
3134 977 3231 1030 per
3273 958 3490 1032 igne-tn?

1917 1026 2077 1107 Certe
2116 1028 2639 1107 unigenitusdfilius.
2668 1027 2831 1096 jndex
2868 1037 2949 1107 est
2984 1026 3194 1107 generis
3234 1026 3490 1103 humani;

1916 1097 2010 1152 sed
2039 1099 2158 1165 quis
2185 1097 2299 1175 ejus
2322 1098 2583 1175 justitiam
2615 1097 2902 1175 ferret,_si,
2932 1101 3240 1170 priusquam
3271 1120 3367 1160 nos
3394 1097 3492 1175 per

1916 1167 2375 1241 mansuetudinem
2406 1168 2708 1241 colligeret,
2735 1167 3167 1241 _cnlpasnustras
3190 1189 3287 1241 per
3314 1167 3491 1231 zelum

1918 1238 2272 1314 rectitudinis
2307 1239 2617 1314 examinare
2662 1238 3168 1314 voluisset?__Homo
3194 1238 3341 1314 ergo
3388 1261 3487 1314 pro

1917 1308 2220 1381 hominibus
2254 1304 2428 1381 factus
2448 1346 2462 1371 ,
2486 1308 2676 1381 _mitem
2700 1324 2758 1381 se
2781 1309 3083 1381 hominibus
3109 1304 3354 1381 prtebuvit.
3383 1304 3495 1371 No-

1918 1378 2014 1431 luit
2043 1386 2357 1450 peccatores
2404 1376 2587 1441 ferire,
2634 1379 2727 1450 sed
2775 1380 3079 1447 corrigere;
3110 1376 3268 1450 'prius
3319 1386 3494 1441 voluit

1917 1457 2195 1519 mansuete
2221 1448 2490 1519 corrigere
2508 1490 2524 1515 ,
2549 1457 2606 1503 ut
2635 1449 2855 1503 haberet
2881 1464 3016 1519 quos
3063 1448 3398 1519 postmodum
3438 1456 3495 1511 in

1915 1517 2116 1593 iudicio
2136 1519 2388 1593 solveret.
2414 1518 2471 1572 In
2486 1519 2734 1593 columba
2757 1532 2884 1593 ergo
2898 1517 3205 1593 :super'eum
3229 1538 3492 1593 apparere

1918 1588 2147 1662 Spiritus
2194 1588 2409 1654 debuit,
2451 1589 2542 1656 qui
2583 1604 2689 1662 non
2740 1588 2991 1662 veniebat
3031 1599 3090 1645 ut
3136 1588 3357 1660 peccata
3383 1594 3495 1662 jam

1918 1673 2016 1729 per
2041 1658 2214 1711 zelum
2243 1666 2564 1729 percuteret,
2595 1659 2691 1715 sed
2710 1659 2883 1714 adhuc
2912 1674 3007 1728 per
3030 1658 3497 1719 mansuetudinem

1921 1729 2196 1801 toleraret.
2230 1728 2299 1781 At
2320 1736 2507 1801 contra
2532 1744 2692 1800 super
2732 1728 3022 1801 discipulos
3058 1731 3112 1785 in
3141 1732 3262 1801 igne
3310 1733 3496 1789 debuit

1919 1798 2147 1873 Spiritus
2173 1807 2392 1873 sanctus
2417 1798 2790 1873 demonstrari,
2823 1798 2883 1853 ut
2910 1799 2965 1853 hi
2993 1801 3083 1868 qui
3103 1798 3261 1856 erant
3286 1803 3497 1873 simpli-

240 1867 368 1940 lium
390 1866 702 1940 inflammat.
718 1868 881 1923 Terra
902 1870 1080 1940 itaque
1101 1866 1563 1940 accenditur,cum
1586 1881 1680 1940 cor
1696 1880 1818 1940 car_-
1850 1875 1898 1936 Β
1923 1866 2059 1940 citer
2088 1870 2354 1940 homines,
2377 1877 2433 1940 et
2460 1869 2577 1924 ideo
2605 1876 2931 1940 peccatores,
2962 1866 3055 1925 ens
3083 1881 3271 1927 contra
3302 1866 3497 1928 semet-

238 1939 382 2004 nale,
412 1939 468 1993 in
510 1938 619 1992 suis
648 1940 825 2007 pravis
858 1936 1223 2008 voluptatibus
1267 1936 1535 2005 frigidum,
1566 1936 1819 2003 relinquit

237 2008 707 2079 concupiscentias
738 2011 1013 2079 prmscntis
1041 2008 1243 2071 saeculi,
1273 2017 1323 2079 et
1364 2008 1516 2079 ardet
1545 2020 1640 2076 per
1668 2020 1820 2079 amo-

237 2095 356 2135 rem
389 2075 508 2133 Dei.
538 2078 682 2133 Bene
704 2075 831 2147 ergo
858 2079 911 2131 in
934 2080 1056 2147 igne
1082 2078 1330 2148 apparuit
1358 2075 1606 2146 Spiritus,
1630 2075 1721 2148 qui
1752 2075 1820 2130 ab

236 2150 389 2220 omni
422 2148 751 2220 cordetquod
774 2146 948 2220 replet
963 2146 1248 2218 torporem
1276 2147 1488 2220 frigoris
1517 2146 1739 2220 escutit,
1766 2152 1821 2220 ct

236 2218 346 2274 hoc
376 2219 429 2273 in
462 2218 728 2274 desiderio
767 2216 875 2273 su-Ce
913 2216 1232 2274 mternitatis
1270 2217 1533 2273 accendit.
1564 2216 1621 2269 In
1651 2216 1821 2284 igneis

234 2299 425 2343 autem
457 2286 649 2355 linguis
670 2298 999 2344 monstratus
1027 2297 1128 2354 est,
1153 2289 1277 2357 quia
1305 2289 1443 2343 idem
1483 2286 1713 2357 Spiritus
1734 2300 1822 2340 co-

234 2368 477 2413 :cternns
507 2366 588 2412 est
626 2358 782 2418 Filio.
825 2368 878 2413 et
907 2361 1070 2415 habet
1112 2356 1485 2428 cognationem
1530 2356 1818 2428 magimam

234 2429 422 2497 lingua
440 2444 563 2483 cum
588 2428 787 2499 Verbo.
817 2429 1051 2484 Verbum
1079 2426 1275 2499 quippe
1305 2426 1477 2482 Patris
1504 2433 1586 2499 est
1612 2426 1776 2499 Fiiius
1800 2442 1817 2489 ;

232 2508 293 2554 et
320 2495 451 2568 quia
498 2514 602 2553 una
634 2507 715 2552 est
761 2498 991 2568 Spiritus
1018 2507 1073 2554 et
1098 2495 1282 2554 'Verbi
1320 2498 1635 2563 substantia,
1678 2495 1820 2568 idem

231 2566 474 2639 Spiritus
500 2566 1010 2625 monstrari'debuit
1037 2570 1091 2624 in
1134 2569 1331 2637 lingua.
1368 2568 1458 2623 Vel
1499 2575 1666 2639 certe,
1694 2566 1821 2639 quia

232 2634 336 2710 per
357 2640 592 2708 linguam
618 2640 856 2709 procedit
876 2642 1118 2705 verbum,
1141 2639 1193 2691 in
1216 2634 1407 2706 linguis
1430 2637 1675 2710 apparuit
1695 2634 1821 2710 Spit

230 2704 375 2763 ritus
403 2750 420 2773 ,
443 2704 599 2778 'quia
620 2704 889 2779 'quisquis
938 2718 1126 2763 sancto
1173 2704 1377 2779 Spiritu
1388 2704 1676 2779 “tangitur,
1706 2704 1822 2779 “Dei

234 2776 523 2843 Verbum,
572 2779 624 2833 id
666 2776 757 2833 ‘est
786 2776 1146 2846 lunigenitum
1193 2776 1289 2832 Dei
1340 2776 1532 2830 Filium
1591 2776 1821 2846 conlite-

232 2857 347 2903 tur.
407 2846 474 2902 Et
522 2862 719 2913 negare
769 2848 863 2903 Dei
917 2845 1147 2903 Verbum
1200 2864 1307 2902 non
1331 2847 1491 2911 valet,
1531 2846 1655 2914 quia
1706 2845 1821 2915 jam

228 2919 424 2974 sancti
504 2918 739 2987 Spiritus
813 2919 1049 2986 linguam
1122 2918 1303 2973 habet.
1385 2916 1479 2971 Vel
1516 2923 1689 2987 certe
1766 2915 1821 2968 in

230 2989 440 3059 linguis
507 2986 678 3057 igneis
750 2988 981 3059 Spiritus
1058 2990 1371 3059 apparuit,
1437 2986 1561 3055 quia
1636 3000 1822 3059 omnes

226 3056 376 3128 quos
425 3056 714 3129 repleverit
758 3056 1008 3114 ardentes
1038 3056 1235 3129 pariter
1264 3067 1319 3113 et
1360 3058 1639 3129 loquentes
1654 3056 1819 3129 _facit.

226 3126 705 3200 [linguas—igneas
744 3130 997 3185 doctores
1038 3126 1261 3194 habent,
1293 3128 1419 3197 quia
1471 3128 1609 3200 dum
1653 3126 1822 3199 Deum

226 3197 473 3256 amando
527 3197 840 3270 praedicant,
887 3200 1048 3255 corda
1092 3199 1419 3270 audientium
1466 3197 1817 3270 inflammant.

1923 1939 2066 2015 ipsos
2092 1938 2382 2009 spiritualis
2410 1938 2590 2015 fervor
2606 1938 2929 1994 accenderet
2949 1981 2983 2015 ,Α
3018 1948 3073 2015 et
3099 1952 3333 2015 _peccata
3378 1959 3497 2015 quae

1919 2009 2060 2084 Deus
2080 2024 2178 2084 per
2204 2010 2667 2084 mansuetudinem
2694 2017 2940 2084 parceret
2968 2010 3067 2079 ipsi
3095 2009 3150 2065 in
3178 2027 3238 2067 se
3260 2029 3358 2084 per
3380 2009 3497 2083 pinv

1921 2079 2202 2134 nitentiam
2254 2079 2524 2148 punirent.
2569 2080 2678 2135 Nec
2724 2079 2821 2150 ipsi
2852 2080 3048 2150 quippe
3088 2079 3338 2150 poterant
3375 2079 3497 2141 esse

1920 2150 2035 2222 sine
2084 2158 2337 2217 peccato,
2386 2151 2478 2218 qui
2533 2149 2736 2222 caelesti
2773 2149 3115 2222 adhaerebant
3160 2153 3492 2222 magisterio,

1918 2218 2124 2273 Joanne
2144 2227 2451 2292 attestante,
2483 2222 2574 2290 qui
2604 2221 2680 2274 ait
2709 2239 2722 2274 :
2748 2222 2810 2276 Si
2853 2221 3154 2292 dixerimus,
3177 2218 3297 2292 quia
3318 2218 3497 2292 pecca-

1920 2300 2089 2343 catum
2108 2306 2211 2342 non
2234 2287 2475 2345 habemus
2488 2287 2517 2356 ,⁷
2548 2292 2779 2357 uosipses
2820 2291 3105 2344 seducimus
3129 2333 3144 2357 ,
3168 2287 3217 2346 et
3235 2287 3422 2348 veritas
3443 2295 3497 2349 in

1920 2361 2067 2431 nobis
2091 2375 2192 2431 non
2220 2357 2370 2431 estr(I
2394 2359 2554 2414 Joan.
2583 2376 2619 2425 ι,
2649 2357 2724 2428 8).
2750 2360 2808 2414 In
2837 2361 2957 2429 igne
2979 2376 3107 2431 ergo
3135 2364 3279 2416 venit
3312 2365 3365 2417 in
3394 2364 3494 2418 ho-

1921 2430 2111 2493 mines,
2146 2428 2199 2483 in
2225 2430 2472 2484 columba
2508 2444 2638 2503 vero
2686 2428 2934 2503 apparuit
2979 2428 3326 2498 in'Domino,
3374 2433 3497 2503 quia

1922 2511 2141 2568 peccata
2159 2507 2385 2570 nostra,
2415 2516 2534 2569 quae
2580 2500 2670 2570 pie
2696 2501 2951 2555 Dominus
2982 2515 3076 2569 per.
3128 2500 3499 2558 mansuetudi-

1921 2584 2045 2625 nem
2100 2569 2327 2640 tolerat,
2366 2585 2466 2625 nos
2515 2569 2611 2640 per
2651 2572 2825 2626 zelum
2872 2571 3203 2627 rectitudinis
3242 2573 3498 2629 debemus

1922 2648 2081 2694 caute
2106 2639 2435 2710 cunspicere,
2468 2639 2528 2693 et
2564 2642 2759 2695 ardore
2785 2655 3001 2710 semper
3026 2642 3351 2710 paenitentiae
3379 2657 3498 2699 cre-

1922 2725 2088 2762 mare.
2137 2708 2301 2776 Igitur
2347 2723 2443 2778 per
2468 2710 2769 2765 columbam
2797 2708 3106 2781 Spiritus—in
3138 2709 3499 2781 Redemptore

1922 2785 2249 2850 monstratus
2265 2786 2357 2850 _est
2380 2816 2395 2841 ,
2420 2793 2514 2850 per
2542 2781 2718 2850 ignem
2746 2794 2874 2850 vero
2925 2779 2977 2831 in
3008 2779 3498 2850 hominibus,'quia

1923 2856 2125 2917 quanto
2154 2847 2308 2902 nobis
2338 2848 2506 2901 nostri
2530 2848 2724 2917 judicis
2770 2847 2911 2917 facta
2942 2856 3026 2902 est
3071 2850 3328 2903 severitas
3360 2847 3499 2905 tern-

1923 2915 2138 2988 perata,
2182 2925 2331 2988 tanto
2373 2932 2498 2985 erga
2533 2915 2600 2973 'se
2649 2918 2809 2974 debet
2851 2915 2967 2972 ﬁeri
3009 2927 3189 2974 nostra
3217 2917 3499 2979 infirmitas

1924 2986 2168 3043 accensa.
2209 2986 2452 3059 Quatuor
2476 2988 2656 3059 itaque
2703 2989 3128 3059 propositionum
3174 2990 3385 3058 expleta
3414 3006 3500 3045 ra-

1926 3059 2073 3113 tione
2094 3073 2395 3129 pensemus,
2428 3057 2621 3114 fratres
2649 3057 2967 3123 charissimi,
2997 3057 3371 3129 praedicatores
3403 3076 3500 3116 no.

1924 3128 2311 3199 stros,3quales
2355 3129 2583 3199 Spiritus
2629 3138 2843 3185 sanctus
2868 3128 3094 3198 reperit,
3128 3130 3313 3198 quales
3351 3128 3501 3188 fecit.

1925 3197 2085 3255 Certe
2106 3201 2198 3269 qui
2228 3201 2284 3255 in
2312 3197 2421 3254 uno
2442 3200 2683 3256 conclavi
2719 3216 2816 3269 pro
2859 3197 3163 3254 Judaeorum
3192 3210 3340 3255 metu
3367 3202 3502 3257 resi~

224 3270 370 3327 Nam
430 3279 485 3325 et
528 3260 739 3325 otiosus
791 3260 875 3326 est
921 3285 1109 3339 sermo,
1144 3269 1379 3325 doctoris
1402 3311 1417 3336 ,
1480 3268 1527 3323 si
1579 3270 1821 3339 praebere
1850 3260 1895 3323 C
1925 3260 2144 3334 debant,
2174 3270 2467 3324 nativitatis
2492 3286 2603 3325 suae
2637 3260 2829 3338 singuli
2867 3270 3099 3338 linguam
3138 3280 3417 3335 noverant,
3449 3279 3504 3330 et

224 3357 342 3397 non
365 3341 514 3397 valet
538 3341 843 3396 incendium
863 3342 1078 3396 amoris.
1103 3338 1217 3394 Hoc
1237 3340 1490 3394 doctrina:
1520 3338 1825 3393 ineandiutn

222 3413 299 3467 ab
342 3413 466 3479 ipso
533 3411 781 3466 Veritatis
838 3426 933 3465 ore
981 3418 1343 3479 conceperant
1382 3410 1481 3479 qui
1526 3408 1820 3463 dicebant:

222 3478 434 3538 Nonne
453 3497 542 3535 cor
566 3490 798 3535 nostrum
838 3481 1025 3534 ardens
1066 3478 1174 3533 erat
1218 3480 1272 3532 in
1301 3478 1476 3545 nobis,
1506 3495 1619 3531 cum
1648 3479 1824 3547 loque-

220 3562 376 3607 retur
404 3552 463 3621 ξπ
493 3553 596 3616 via,
626 3560 675 3603 et
710 3553 930 3621 aperiret
958 3549 1105 3605 nobis
1147 3550 1447 3621 Scripturas
1484 3547 1819 3621 (Luc._xx1_v,

220 3623 363 3690 δὲῃ
402 3620 669 3674 Exaudite
719 3617 917 3690 quippe
962 3634 1228 3690 sermone
1267 3617 1821 3690 animus‘inardcscit,

219 3687 475 3761 torporis
502 3691 668 3759 frigus
695 3687 899 3745 recedit
920 3730 934 3754 ,
958 3688 1015 3744 ﬁt
1040 3705 1190 3744 mens
1218 3688 1283 3761 in
1300 3703 1532 3758 superno
1555 3687 1821 3742 desiderio

218 3760 397 3819 anilia
417 3801 435 3826 ,
467 3776 496 3815 a
519 3762 967 3830 concupiscentiis
989 3761 1215 3816 terrenis
1242 3760 1414 3813 aliena
1436 3776 1458 3830 ;_7
1487 3772 1638 3830 amor
1664 3771 1827 3830 verus

216 3835 322 3905 qui
356 3832 505 3886 hanc
534 3827 818 3905 repleverit
849 3832 900 3905 in
923 3829 1134 3905 fletibus
1170 3831 1395 3905 cruciat.
1428 3828 1535 3884 Sed
1558 3843 1686 3905 _cum
1730 3827 1824 3881 tali

215 3898 436 3959 ardore
457 3898 724 3957 cruciatur
742 3940 756 3965 ,
789 3901 918 3972 ipsis
948 3902 1059 3956 suis
1079 3900 1401 3955 cruciatibus
1427 3898 1827 3972 pascitur;_au-

215 3976 346 4029 dire
378 3974 434 4027 ei
478 3973 605 4027 libet
651 3967 914 4042 prtccépta
962 3971 1236 4042 t‘itnlestia2
1282 3979 1338 4024 et
1383 3967 1515 4038 quot
1559 3967 1826 4042 mandatis

214 4044 556 4101 instruitur,
589 4037 742 4110 quasi
773 4037 852 4097 tot
902 4042 1106 4097 facibus
1151 4037 1529 4095 inﬂammatur.
1595 4037 1663 4110 Et
1706 4052 1826 4107 qua:

216 4115 503 4185 torpebat
520 4109 664 4185 prius
693 4128 789 4181 per
808 4112 1098 4185 desideria,
1150 4110 1491 4185 postmodum
1514 4109 1690 4185 _ardet
1730 4124 1827 4176 per

215 4178 423 4240 verba.
465 4178 611 4253 Unde
638 4178 775 4253 bene
820 4198 916 4252 per
966 4178 1182 4253 Moysen
1236 4182 1429 4253 dicitur
1461 4198 1475 4234 :
1504 4178 1589 4253 1ηΔ
1615 4180 1827 4234 dextera

211 4258 342 4328 ejus
368 4257 532 4328 ignea
558 4251 644 4328 lea:
670 4250 846 4328 (Deut.
876 4250 1070 4319 xxxnt,
1119 4252 1198 4328 2):
1230 4251 1480 4328 Sinistra_
1502 4250 1699 4320 quippe
1740 4265 1826 4304 re-

258 4321 416 4381 robi—
438 4325 525 4392 qui
574 4324 641 4377 ad
668 4321 938 4379 sinistram
969 4323 1199 4390 ponendi
1242 4332 1402 4389 sunt,
1451 4321 1672 4392 dcxtera
1697 4334 1825 4375 vero

267 4398 326 4451 ei
373 4390 719 4462 appellantur
747 4394 921 4448 electi.
953 4394 1010 4447 1n
1050 4394 1269 4448 dextera
1299 4393 1458 4460 igitur
1501 4390 1597 4444 Dei
1628 4390 1715 4443 lex
1734 4398 1828 4462 _est

212 4469 394 4535 ignea
412 4458 432 4527 ζ
454 4458 602 4535 quia
633 4463 787 4535 electi
814 4465 1074 4535 mandata
1092 4458 1341 4535 coelestia
1360 4473 1715 4535 nequaquam
1726 4458 1752 4510 f
1751 4460 1824 4535 ri-

211 4528 561 4607 g'ido‘corde
589 4530 842 4595 audiunt,
881 4531 974 4586 sed
1012 4531 1079 4607 ad
1107 4531 1221 4584 haec
1266 4530 1465 4607 amoris
1492 4528 1663 4607 intimi
1691 4528 1822 4581 laci—

213 4598 329 4663 lius
366 4601 750 4664 inardescunt;
784 4615 963 4655 sermo
991 4599 1057 4653 ad
1102 4614 1284 4653 aurem
1314 4598 1557 4661 ducitur,
1586 4606 1643 4651 et
1671 4610 1824 4651 mens

208 4688 461 4739 eorum,
485 4671 698 4746 sibimet
726 4671 884 4746 irata,
917 4685 983 4746 ex
1026 4670 1264 4746 internaeh
1288 4666 1584 4746 dulcedinis
1605 4665 1822 4746 ilatnma

210 4736 639 4804 concrematur.
672 4741 729 4796 ln
758 4736 1007 4817 columba
1054 4754 1185 4795 vero
1231 4737 1462 4817 Spiritus
1496 4744 1559 4817 et
1584 4736 1659 4817 .in
1694 4736 1823 4817 igne

211 4820 574 4874 monstratus
601 4821 702 4875 est,
731 4813 855 4881 quia
881 4826 1069 4868 omnes
1089 4826 1225 4880 quos
1251 4805 1536 4881 repleverit
1553 4805 1822 4875 simplices

212 4898 279 4945 et
311 4885 580 4957 ardentes
608 4877 771 4947 facit}
800 4882 1071 4957 simplices
1091 4877 1341 4957 puritate,
1373 4877 1624 4957 ardentes
1648 4891 1821 4957 ternu-

214 4958 468 5013 latione.
498 4952 681 5020 Neque
711 4947 921 5007 etenim'
959 4947 1197 5020 placeret
1234 4950 1345 5003 Deo
1373 4956 1473 5020 aut
1509 4947 1822 5020 simplicitas

208 5030 351 5085 sine
380 5022 531 5087 zelo,
561 5015 654 5075 aut
704 5027 849 5076 zelus
875 5015 992 5076 sine
1018 5019 1383 5089 simplicitate.
1412 5015 1549 5072 Hinc
1578 5015 1691 5089 ipsa
1720 5016 1822 5089 ve-

210 5100 365 5155 ritas
397 5092 531 5146 dicit
555 5109 568 5145 :
592 5090 775 5163 Estiote
801 5091 1078 5163 prudentes
1095 5087 1225 5163 sicut
1245 5097 1526 5163 serpentes,
1548 5087 1606 5142 et
1623 5087 1825 5154 simpli-

209 5185 307 5224 ces
341 5166 482 5220 sicut
510 5161 757 5216 columba:
786 5157 997 5231 (Matth.
1030 5177 1088 5229 ι,
1135 5160 1246 5230 16).
1284 5157 1400 5231 Qua
1425 5158 1506 5231 int
1527 5174 1587 5213 re
1606 5164 1822 5231 _notan-

210 5240 363 5295 dum
397 5232 647 5300 estquod
668 5228 956 5302 discipulos
984 5228 1141 5302 suos,
1189 5228 1291 5302 nec
1318 5230 1402 5302 de
1424 5228 1672 5302 columba
1706 5228 1824 5302 sine

210 5297 533 5377 serpente,
562 5317 663 5357 nec
693 5303 759 5357 de
786 5297 1036 5371 serpente
1061 5297 1176 5355 sine
1210 5298 1491 5377 columba,
1523 5298 1691 5377 vuluit
1718 5297 1825 5377 Do-

212 5369 426 5435 minus
450 5372 756 5437 admonere,
774 5369 1037 5441 quatenus
1062 5379 1116 5425 et
1144 5371 1402 5426 columbae
1429 5369 1825 5441 simplicitatem

211 5444 440 5505 astutia
485 5443 748 5511 serpentis
792 5439 1147 5505 accenderet,
1193 5451 1248 5495 et
1280 5439 1546 5511 serpentis
1575 5439 1825 5511 astutiam

212 5511 507 5575 columba:
532 5509 845 5580 simplicitas
884 5518 1225 5580 temperaret.
1278 5509 1415 5564 Hinc
1460 5510 1656 5565 Paulus
1691 5510 1779 5580 ait
1808 5528 1821 5563 :

213 5585 429 5645 Nolite
454 5582 595 5651 pueri
619 5579 747 5651 e/ﬁci
784 5581 1013 5653 sensibus
1061 5579 1161 5653 (ΙΙ
1190 5579 1310 5633 Cor.
1356 5595 1476 5653 stv,
1518 5580 1657 5653 20):
1686 5579 1827 5653 Ecce

212 5653 586 5732 prudentiam
611 5652 875 5722 serpentis
899 5651 1215 5732 audivimus,
1242 5651 1468 5732 nunc_de
1487 5651 1827 5732 simplicitate

217 5719 513 5785 Eoluntbae
532 5719 844 5777 moneamur
864 5740 876 5776 :
897 5723 984 5776 sed
1003 5721 1203 5790 malitia
1224 5721 1419 5790 parvuli
1439 5719 1824 5789 estote'(lbid.).

218 5799 387 5855 Hinc
410 5792 477 5846 de
496 5792 656 5848 beato
685 5792 787 5849 Job
820 5793 1015 5848 dicitur
1039 5810 1052 5844 :
1077 5789 1208 5844 Erat
1227 5789 1321 5845 'uir
1346 5790 1562 5859 simplex
1585 5799 1632 5843 et
1659 5799 1827 5845 rectus

166 5930 169 5931 ν
222 5863 395 5942 (Job.
422 5875 471 5931 ι,
512 5863 586 5936 1).
617 5864 746 5934 Quae
791 5871 970 5925 autem
1000 5861 1263 5921 rectitude
1306 5860 1424 5920 sine
1468 5860 1828 5939 simplicitate,

1929 3348 2105 3395 tamen
2134 3356 2233 3394 nec
2258 3355 2320 3395 ea
2344 3340 2457 3408 ipsa
2482 3340 2659 3408 lingua
2688 3355 2849 3410 quam
2870 3346 3327 3410 noverantaperte
3345 3339 3503 3396 Chri-

1929 3355 2105 3395 tatnen
2134 3356 2233 3394 nec
2258 3355 2320 3395 ea
2344 3355 2457 3408 ipsa
2482 3355 2659 3408 nngua
2728 3356 2849 3394 nam
2870 3355 3133 3394 noverant
3145 3355 3327 3410 aperte
3345 3355 3503 3396 unn-

1926 3418 2065 3463 stum
2092 3410 2237 3480 loqui
2262 3355 2870 3480 praesumebant.%enit
2909 3409 3164 3480 Spiritus,
3215 3420 3269 3465 et
3308 3410 3363 3464 in
3407 3426 3504 3468 ore

1926 3494 2021 3534 eos
2067 3479 2177 3549 per
2205 3479 2570 3535 diversitatem
2614 3480 2912 3549 linguarum
2962 3479 3174 3544 docuit,
3225 3481 3279 3535 in
3322 3488 3504 3538 mente

1926 3564 2057 3619 vero
2085 3566 2152 3604 ex
2174 3551 2496 3619 auctoritate
2524 3551 2817 3605 roboravit.
2841 3550 3134 3619 Coeperunt
3160 3557 3216 3605 et
3242 3551 3297 3605 in
3326 3551 3503 3607 aliena

1926 3618 2195 3691 _Chri_stum
2230 3616 2581 3691 eloqui,_qui
2618 3620 2685 3676 de
2719 3621 2812 3675 illo
2851 3616 2997 3689 prius
3021 3627 3074 3673 et
3103 3619 3155 3673 in
3184 3634 3280 3675 sua
3322 3620 3504 3691 lingua

1927 3688 2072 3757 loqui
2102 3691 2429 3743 metuebant.
2454 3688 2719 3745 Praeterea
2748 3688 3149 3745 consideremus
3172 3699 3293 3759 post
3322 3688 3504 3746 incar-

1926 3759 2198 3830 nationem
2228 3760 2485 3828 unigeniti
2514 3760 2633 3815 Filii
2664 3761 2836 3830 qualis
2862 3761 2933 3815 sit
2972 3761 3285 3815 solemnitas
3314 3761 3380 3816 de
3406 3762 3504 3817 ad-

1924 3837 2090 3902 _ventu
2114 3829 2344 3902 Spiritus
2369 3831 2563 3902 sancti.
2591 3832 2743 3902 _Sicut
2770 3832 2912 3887 enim
2942 3830 3053 3902 illa,
3094 3830 3166 3885 ita
3191 3846 3409 3902 quoque
3449 3840 3505 3890 et

1924 3899 2041 3955 haec
2086 3909 2168 3955 est
2204 3901 2551 3972 honorabilis.
2588 3900 2646 3955 In
2675 3902 3001 3972 illa,quippe
3030 3901 3169 3956 Deus
3208 3899 3260 3956 in
3296 3899 3353 3958 se
3382 3918 3504 3971 per-

1924 3984 2151 4025 manens
2180 3971 2526 4040 semetipsum
2568 3974 2770 4026 creavit
2813 3971 3104 4026 hominem.
3155 3972 3211 4024 In
3244 3972 3343 4025 ista
3375 3986 3504 4027 vero

1925 4040 2172 4111 homines
2207 4042 2509 4095 venientem
2537 4040 2768 4111 desuper
2806 4048 3161 4111 susceperunt
3209 4041 3411 4111 Deum;
3454 4042 3505 4095 in

1926 4110 2014 4165 illa
2045 4111 2182 4166 Deus
2218 4111 2532 4165 naturaliter
2576 4109 2746 4165 factus
2774 4118 2856 4165 est
2895 4110 3089 4172 homo,
3139 4109 3192 4163 in
3234 4110 3336 4165 ista
3375 4125 3503 4167 vero

1926 4179 2173 4235 homines
2200 4180 2327 4236 facti
2348 4187 2472 4234 sunt
2493 4194 2588 4248 per
2614 4180 2954 4249 adoptionem
2982 4178 3074 4231 dii.
3100 4178 3155 4232 Si
3178 4194 3305 4248 ergo
3328 4195 3503 4235 rema-

1924 4266 2057 4306 nere
2084 4251 2330 4305 carnales
2358 4251 2412 4303 in
2440 4258 2612 4303 morte
2633 4248 2908 4313 nolumus,
2940 4248 3110 4315 hunc,
3152 4249 3342 4305 fratres
3379 4252 3505 4307 cha-

1925 4322 2142 4385 rissimi,
2175 4320 2533 4390 vivificantem
2550 4319 2807 4390 Spiritum
2828 4316 3095 4383 amem’us;
3118 4321 3212 4375 sed
3236 4320 3357 4390 quia
3379 4337 3506 4379 caro

1927 4391 2174 4460 spiritum
2226 4391 2432 4461 nescit,
2486 4388 2627 4461 dicat
2676 4388 3141 4461 fortassecarnali
3178 4388 3506 4461 cogitatione

1927 4458 2069 4532 apud
2121 4460 2417 4532 seialiquis
2466 4458 2811 4532 :uQuoutodo
2866 4458 3087 4526 diligere
3142 4458 3296 4515 valeo
3344 4478 3505 4532 quem

1928 4526 2155 4595 ignoro?
2183 4529 2285 4584 Sed
2310 4526 2429 4583 eum
2449 4526 2630 4582 videre
2662 4528 2827 4582 Deum
2856 4545 2964 4584 non
2994 4545 3309 4598 possumus,
3338 4526 3505 4587 h'abec

1929 4613 2050 4652 mus
2070 4598 2434 4669 aliquidquod
2446 4612 2673 4669 agamus
2694 4637 2709 4663 ,
2740 4600 2880 4655 unde
2906 4601 3007 4654 iter
3034 4599 3124 4655 ﬁat
3153 4617 3258 4669 quo
3298 4603 3363 4656 ad
3383 4617 3505 4659 eum

1926 4677 2124 4741 nostrm
2146 4667 2505 4741 intelligentiae
2528 4670 2715 4741 oculus
2753 4670 2952 4741 veniat.
2990 4670 3149 4725 Certe
3170 4667 3350 4741 lquem
3374 4672 3427 4724 in
3448 4688 3506 4729 se

1927 4737 2115 4811 videre
2132 4738 2287 4811 nullo
2304 4738 2465 4793 modo
2490 4739 2755 4806 valemus,
2798 4740 2959 4795 habet
2981 4741 3034 4794 in
3062 4737 3229 4795 servis
3264 4741 3373 4811 suis
3398 4757 3506 4811 quo

1926 4808 2249 4880 eumvidere
2267 4807 2380 4876 jam
2401 4823 2713 4880 possumus;
2752 4812 2881 4864 dum
2921 4811 3062 4865 enim
3093 4824 3187 4864 eos
3215 4810 3347 4865 mira
3377 4807 3506 4867 con-

1926 4876 2182 4947 spicimus
2218 4876 2417 4947 agere,
2463 4888 2667 4935 certum
2697 4880 2852 4935 nobis
2888 4890 2971 4934 est
3017 4895 3204 4934 eorum
3239 4882 3506 4937 mentibus

1924 4945 2209 5019 Dominum
2230 4945 2490 5004 habitare.
2517 4950 2683 5004 Deum
2703 4951 2865 5019 igitur
2886 4965 2949 5004 ac
2971 4949 3277 5019 proximum
3300 4951 3507 5019 integra

1924 5026 2106 5072 mente
2126 5018 2437 5092 diligamus,
2468 5018 2893 5092 necDeus’enim
2921 5018 3049 5092 gere
3089 5020 3207 5092 sine
3234 5018 3504 5092 proximo,

1924 5102 2027 5159 nec
2051 5088 2322 5156 proximus
2346 5104 2470 5146 vere
2501 5090 2734 5158 diligitur
2760 5090 2876 5145 sine
2920 5088 3050 5143 Deo.
3086 5088 3342 5144 Hinc'est
3363 5088 3507 5159 quod

1924 5157 2069 5230 idem
2090 5159 2318 5230 Spiritus
2336 5169 2550 5216 sanctus
2569 5157 2801 5215 secundo
2816 5159 3012 5228 legitur
3031 5160 3305 5229 discipulis
3326 5157 3504 5230 datus,

1926 5227 2073 5299 prius
2093 5227 2376 5284 a’Domino
2413 5231 2466 5283 in
2506 5239 2646 5282 terra
2676 5227 2921 5296 degente,
2948 5227 3283 5299 postmodum
3326 5246 3357 5284 a
3404 5227 3506 5287 Do;-

1929 5298 2077 5369 tnino
2104 5299 2243 5355 coelo
2285 5299 2621 5369 praesidente.
2653 5300 2707 5353 In
2738 5308 2881 5353 terra
2907 5298 3061 5353 datus
3083 5302 3310 5369 quippe,
3342 5309 3401 5354 ut
3421 5302 3506 5357 di-

1930 5367 2125 5436 ligatur
2145 5367 2437 5439 proxlmus,
2467 5384 2499 5423 e
2525 5370 2662 5424 cosio
2692 5383 2819 5423 vero
2835 5378 2894 5423 ut
2934 5367 3192 5438 diligatur
3210 5369 3372 5426 Deus.
3400 5371 3506 5431 Sed

1932 5452 2029 5494 cur
2071 5441 2215 5508 prius
2237 5440 2295 5511 in
2348 5448 2489 5511 terra
2511 5439 2913 5511 ,mpostmodum
2961 5455 2992 5494 e
3015 5441 3200 5511 _cmlo,
3235 5440 3335 5496 nisi
3364 5442 3505 5511 quod

1932 5519 2179 5578 patenter
2219 5510 2375 5563 datur
2411 5508 2632 5576 intelligi
2666 5510 2791 5578 quia
2817 5511 2969 5578 juxta
3009 5509 3229 5565 Joannis
3268 5508 3456 5569 vocem
3487 5529 3503 5570 τ

1936 5578 2037 5642 Qui
2067 5583 2279 5650 fratrem
2308 5595 2411 5650 non
2442 5578 2609 5650 diligit
2654 5597 2799 5649 quem
2838 5581 2995 5646 videt,
3022 5579 3188 5634 Deum
3228 5600 3372 5649 quem
3404 5601 3506 5639 non

1932 5648 2075 5715 uidit,
2100 5648 2764 5723 quomodopotest'diligere
2790 5650 2839 5721 (I
2867 5650 3025 5705 Joau.
3057 5666 3141 5719 tv,
3166 5648 3292 5723 20)?
3310 5653 3506 5720 Diliga-

1933 5736 2052 5775 mus
2066 5719 2194 5789 ergo
2222 5719 2523 5794 proximum
2540 5761 2554 5787 ,
2577 5719 2770 5794 fratres
2789 5719 2806 5786 ;‘
2825 5736 3066 5794 amemus
3092 5736 3217 5776 eum
3238 5719 3331 5794 qui
3355 5719 3504 5794 juita

1934 5805 2034 5846 nos
2057 5799 2157 5853 est,
2189 5798 2245 5843 ut
2272 5791 2552 5859 pervenire
2579 5792 2852 5853 valeamus
2870 5792 2940 5850 ad
2978 5807 3217 5852 amorem
3248 5791 3386 5848 illius
3413 5793 3504 5867 qui

1931 5876 2097 5934 super
2121 5875 2222 5921 nos
2260 5869 2361 5925 est.
2908 5870 2915 5877 '
