3996 6346
525 331 666 396 1275

622 446 753 505 CAP.
793 441 888 502 IX.
911 477 982 489 —
1001 443 1178 502 Musto
1206 445 1345 517 pleni
1367 456 1486 501 sunt
1514 449 1600 503 isti
1633 449 1768 521 (Act.
1800 466 1866 515 ιι,
1895 449 2008 517 15).

592 537 689 611 (ιιι
726 538 956 611 θκροείι.
996 538 1070 611 Β.
1112 536 1250 607 Job,
1282 538 1373 593 lib.
1421 556 1581 604 mn,
1625 558 1771 597 ιιιιιιι.
1813 541 1901 596 ιω.
1928 544 1944 611 )
1976 541 2110 598 Cum

516 609 762 682 discipuli
798 609 1005 682 Domini
1030 610 1378 682 loquerentur
1421 613 1583 667 variis
1625 612 1849 678 linguis,
1891 609 2109 682 quidam

515 680 585 753 de
604 680 798 737 Iudaeis
825 680 1109 736 irridentes
1131 681 1423 753 dicebant;
1459 682 1591 748 Quia
1628 695 1792 738 musto
1832 680 1970 753 pleni
1993 695 2112 739 sunt

515 751 624 810 isti.
661 756 713 807 ln
737 762 912 808 musto
936 753 1104 806 sancti
1135 750 1367 822 Spiritus
1397 752 1575 809 fervor
1598 750 1886 822 accipitur,
1909 756 1977 810 de
2002 772 2110 822 quo

517 824 572 882 in
604 824 895 894 Evangelio
937 823 1192 894 Dominus
1231 823 1398 878 dicit:
1440 823 1626 879 Vinum
1673 843 1855 881 novum
1903 829 2112 881 mittunt

516 896 574 952 in
605 907 742 969 utres
765 892 948 969 novos.
981 892 1059 969 Er
1081 909 1188 962 quo
1214 897 1337 969 dum
1363 906 1587 969 repente
1613 897 1947 969 replerentur
1981 913 2112 969 apo-

514 967 676 1033 stoli,
708 968 834 1021 dum
885 965 1077 1035 linguis
1115 966 1367 1020 omnibus
1418 965 1794 1036 loquerentur,
1840 984 1871 1023 a
1911 965 2112 1024 Judleis

516 1038 896 1107 nescientibus,
910 1037 1003 1092 sed
1024 1046 1203 1091 tamen
1221 1053 1347 1092 vere
1360 1045 1548 1092 attesta
1559 1040 1757 1107 ntibus,
1773 1040 1978 1096 dictum
1995 1048 2078 1095 est
2091 1058 2106 1094 :

515 1105 590 1164 Hi
617 1119 781 1164 musto
802 1108 944 1180 pleni
971 1118 1090 1163 sunt
1119 1107 1334 1178 (Matth.
1366 1125 1451 1174 rx,
1499 1109 1608 1179 17).

579 1201 712 1257 Cn.
747 1201 812 1256 Χ.
849 1232 922 1245 -
945 1199 1131 1254 Petrus
1158 1199 1373 1255 Iudaeos
1400 1203 1635 1273 increpat
1667 1204 1802 1274 (Act.
1835 1219 1891 1270 ιι,
1923 1203 2033 1274 Η).

583 1291 1026 1366 (Begul.pastor.
1059 1302 1199 1366 part.
1234 1308 1309 1366 Ill,
1343 1308 1390 1347 c.
1425 1291 1539 1366 δι.)
1571 1293 1670 1366 Qui
1700 1295 1838 1348 bona
1878 1295 2110 1350 necdum

511 1363 802 1434 inchoant,
832 1379 936 1418 non
966 1363 1088 1434 sunt
1115 1365 1193 1417 cis
1215 1365 1360 1434 prius
1393 1364 1703 1419 :ediﬂcanda
1730 1381 1848 1434 quae
1880 1367 2110 1421 salubri-

513 1443 599 1490 ter
627 1431 872 1505 diligu’nt,
904 1433 996 1488 sed
1028 1431 1353 1505 destruenda
1381 1449 1444 1488 ea
1481 1435 1530 1505 in
1567 1431 1762 1504 quibus
1791 1438 2110 1505 semctipsos

517 1503 766 1576 nequiter
792 1511 1030 1560 versant.
1064 1503 1198 1559 ilinc
1227 1512 1308 1558 est
1335 1505 1478 1574 quod
1510 1503 1699 1561 Petrus
1729 1508 1872 1574 prius
1895 1503 2106 1576 evertit,

512 1585 570 1633 ut
607 1575 962 1647 postmodum
1001 1583 1310 1647 construat,
1362 1592 1482 1630 cum
1513 1592 1851 1647 nequaquam
1893 1575 2107 1633 Indmos

510 1644 765 1704 monebat
793 1645 924 1718 quid
944 1645 1054 1714 jam
1087 1644 1345 1718 lacerent,
1369 1647 1474 1718 sed
1503 1647 1568 1702 de
1599 1644 1680 1701 his
1709 1644 1831 1718 qua:
1872 1648 2112 1703 fecerant

511 1714 845 1789 increpabat,
877 1717 1102 1789 dicens:
1132 1714 1310 1770 Iesum
1354 1716 1687 1771 Nazarenam
1718 1714 1883 1772 cirum
1921 1737 2112 1789 appro-

511 1785 685 1843 batum
714 1806 746 1840 a
771 1785 877 1842 Deo
909 1786 1146 1861 invobis,
1178 1789 1460 1861 virtutibus,
1493 1799 1542 1841 et
1566 1791 1842 1861 prodigiis,
1873 1801 1920 1843 et
1950 1785 2110 1860 signis

509 1875 623 1944 quia
650 1861 770 1946 fecit
800 1876 900 1946 per.
919 1859 1063 1946 illum
1093 1858 1230 1946 Deus
1258 1860 1310 1912 in
1341 1860 1508 1913 medio
1550 1858 1698 1943 uestri
1722 1858 1867 1946 sicut
1897 1858 2113 1946 vesp—sci-
2143 1885 2188 1946 Β

450 1967 456 1980 ε
510 1930 616 1988 iis:
644 1930 778 1983 hunc
800 1930 1014 2000 deﬁnito
1042 1930 1276 1991 consilio,
1301 1939 1349 1983 et
1385 1931 1708 2000 prwscientia
1745 1930 1838 1985 Dei
1863 1931 2108 1986 traditum

549 2018 605 2056 er
654 2018 837 2055 manus
888 2001 1180 2073 iniquorum
1225 2000 1921 2073 affligentesinteremistis,
1963 2018 2111 2073 quem

563 2090 652 2145 eus
725 2073 994 2145 suscitavit
1021 2113 1040 2145 _,
1073 2072 1281 2145 _solutis
1340 2072 1606 2145 doloribus
1667 2074 1860 2144 inferni
1889 2144 1894 2145 ν
1921 2075 1938 2145 (
1971 2072 2109 2128 Ibid.

509 2141 615 2211 2'2,
645 2142 810 2268 etc);
844 2152 900 2197 ut
949 2139 1204 2198 videlicet
1251 2142 1580 2198 crudelitatis
1628 2139 1737 2198 εικιὲ
1782 2139 2115 2212 cogitatione

510 2213 745 2268 destruet
771 2217 792 2268 .’
815 2211 1227 2268 aedificationem
1254 2224 1454 2268 sanctte
1483 2213 1878 2268 ormdicationis
1907 2223 2113 2268 auanto

510 2211 792 2278 destructi,’
815 2211 1227 2269 aedificationem
1254 2224 1454 2269 sanctte
1482 2211 1878 2284 prsidicationis
1907 2223 2113 2284 quanto

509 2285 670 2355 anxie
696 2293 1016 2355 quaererent,
1051 2292 1200 2355 tanto
1227 2284 1429 2339 utiliter
1457 2285 1722 2338 audirent.
1780 2284 1932 2345 Unde
1965 2296 2018 2339 et
2047 2286 2113 2339 il--

513 2351 629 2426 lico
653 2351 1046 2426 reispouderunt
1082 2371 1094 2407 :
1142 2352 1280 2426 Quid
1314 2371 1437 2426 ergo
1459 2356 1725 2426 faciemus,
1757 2356 1852 2426 viri
1884 2357 2116 2426 fratres?

515 2423 720 2490 Quibus
742 2423 867 2479 mox
897 2425 1091 2479 dicitur
1119 2442 1132 2477 :
1165 2424 1317 2496 A_gite
1356 2423 1735 2496 paenitentiam,
1756 2438 1804 2479 et
1830 2423 2116 2496 baptizatur

511 2496 856 2567 unusquisque
896 2504 1118 2567 vestrum
1161 2493 1351 2566 (Ibid.,
1405 2495 1509 2562 57,
1559 2494 1671 2558 38).
1705 2494 1835 2564 Quae
1882 2493 2118 2551 aedifica-

513 2563 676 2638 tionis
703 2563 865 2638 verba
897 2563 1140 2638 profecto
1170 2563 1603 2638 contemnerent,
1647 2563 1756 2638 nisi
1792 2567 1940 2638 prius
1970 2568 2117 2623 salu-

511 2631 684 2692 briter
706 2631 916 2692 ruinam
940 2653 1050 2690 suae
1072 2636 1453 2694 destructionis
1481 2631 1830 2693 invenissent.
1866 2638 2003 2694 llinc
2032 2647 2117 2693 est

512 2708 659 2779 quod
685 2707 882 2779 Saulus
917 2723 1038 2779 cum
1067 2723 1230 2777 super
1257 2724 1380 2765 eum
1410 2706 1622 2764 caelitus
1665 2710 1755 2764 lux
1783 2710 1976 2764 emissa
2029 2725 2116 2764 re-

510 2776 929 2862 splenduit,_fnon
955 2778 1071 2862 iam.
1091 2776 1392 2862 q'uid_recte
1415 2780 1635 2834 deberet
1658 2779 1854 2862 facere,
1878 2780 1972 2835 sed
1987 2780 2116 2862 quid

512 2861 680 2921 prave
707 2849 1180 2921 fecissetaudivit.
1217 2850 1350 2905 Nam
1378 2866 1500 2906 cum
1540 2859 1844 2919 prostratus
1873 2849 2115 2921 require—

512 2919 620 2991 ret,
648 2921 834 2977 dicens
860 2940 871 2973 :
901 2919 1124 2991 Quises,
1159 2919 1424 2977 Domine?
1443 2922 1688 2991 protinus
1715 2919 2072 2990 respondetur
2097 2941 2110 2975 :

510 2987 626 3062 Ego
662 3008 776 3048 sum
819 2993 971 3047 Iesus
1013 2989 1362 3064 rNazarenus,
1384 2987 1557 3064 Aquem
1589 3001 1642 3045 tu
1663 2987 2003 3064 persequeris.
2039 2992 2116 3064 Et

511 3060 632 3134 cum
670 3071 895 3134 repente
943 3061 1293 3134 sulijungeret
1324 3081 1338 3118 :
1374 3060 1592 3118 Domine
1615 3100 1631 3125 ,
1663 3060 1803 3134 quid
1824 3060 1926 3118 'me
1963 3063 2114 3134 jubes

511 3127 1242 3205 facere?'_l_llicoadiungitur
1274 3151 1286 3188 :
1317 3135 1520 3205 Surge,
1564 3142 1612 3186 et
1641 3127 1912 3204 ingredere
1941 3127 2117 3189 civita-

513 3201 633 3286 ξςιη,
657 3214 712 3286 et
734 3202 801 3257 ibi
828 3201 917 3286 tibi
945 3205 1142 3286 dicetur
1170 3205 1293 3286 quid
1322 3215 1367 3258 te
1393 3201 1626 3276 oporteat
1651 3201 1820 3286 facere
1842 3206 2112 3286 (Acteis).

509 3269 656 3329 Ecce
683 3273 751 3329 de
797 3273 935 3330 caelo
974 3269 1232 3330 Dominus
1263 3269 1492 3344 loquens
1531 3269 1892 3344 persecutoris
1919 3278 1998 3331 sui
2031 3269 2112 3330 fa-
2141 3273 2190 3338 C

509 3351 596 3402 cta
622 3346 918 3415 corripuit1
945 3360 1042 3401 nec
1075 3353 1252 3401 tamen
1295 3345 1441 3402 illico
1471 3363 1590 3414 qu;e
1642 3353 1824 3400 essent
1870 3344 2114 3403 facienda

508 3413 851 3472 monstravit.
884 3413 1024 3471 Ecce
1058 3416 1308 3487 elationis
1341 3417 1456 3487 ejus
1480 3413 1584 3471 fab:
1602 3416 1681 3472 ica
1713 3417 1818 3487 jam
1846 3425 1958 3472 tota
1989 3435 2115 3473 cor-

508 3495 696 3546 ruerat
740 3497 807 3558 iet
848 3497 972 3558 post
1001 3486 1211 3543 ruinam
1249 3486 1402 3545 suam
1435 3487 1650 3542 humilis
1685 3486 1936 3558 :edil‘tcari
1966 3505 2117 3558 quae-

509 3558 684 3614 rebat.
739 3557 804 3612 Et
853 3557 989 3613 cum
1047 3560 1295 3626 superbia
1361 3559 1684 3623 destruitur,
1742 3557 2114 3614 aedificationis

511 3635 694 3698 tamen
716 3629 876 3684 verba
897 3629 1218 3696 retinentur,
1241 3639 1299 3685 ut
1317 3630 1568 3685 videlicet
1591 3631 2114 3698 persecutorimma-

514 3697 598 3768 nis
627 3697 718 3768 diu
749 3700 1050 3754 destructus
1091 3702 1332 3768 jaceret,
1383 3709 1439 3754 et
1485 3697 1635 3754 tanto
1683 3709 1806 3768 post
1854 3701 1905 3753 in
1955 3701 2113 3755 bonis

511 3767 738 3839 solidior
760 3779 1033 3838 surgeret,
1079 3781 1286 3835 quanto
1333 3773 1480 3839 prius
1529 3769 1765 3825 funditus
1812 3785 2032 3827 eversus
2082 3788 2114 3825 a

511 3836 744 3964 pristino
766 3836 951 3893 errore
971 3839 1275 3895 cecidisset.
1301 3836 1402 3907 Qui
1424 3857 1554 3911 ergo
1577 3840 1723 3893 nulla
1746 3840 1922 3896 adhuc
1951 3858 2115 3911 agere

551 3923 654 3963 oua
678 3923 850 3964 cuine:
864 3918 980 3964 unt.
996 3926 1024 3963 a
1052 3911 1318 3964 riuiditate
1339 3925 1450 3964 sua:
1469 3910 1746 3964 pravitatis
1767 3920 1926 3964 antea
1950 3929 2114 3964 manu

551 3923 654 3963 oua
678 3923 850 3978 carpet
864 3918 980 3973 unt,
996 3926 1024 3963 a
1052 3911 1318 3977 rigiditatu
1339 3925 1450 3965 sua:
1469 3910 1746 3979 pravitatis
1767 3920 1926 3967 antea
1950 3910 2114 3968 manu

513 3979 870 4036 correctionis
891 3981 1164 4036 evertcndi
1194 3989 1338 4046 sunt,
1376 3991 1434 4036 ut
1462 3980 1528 4035 ad
1552 3988 1753 4036 statum
1781 3985 2113 4051 Operatiouis

510 4060 674 4110 rectae
712 4051 1058 4122 postmodum
1092 4051 1389 4122 erigantur.

619 4163 748 4220 CAP.
779 4161 1352 4220 XL—Paenitentiam
1398 4167 1534 4238 agite
1582 4165 1721 4238 (Act.
1770 4181 1836 4233 ιι,
1891 4161 2009 4237 58).

619 4253 810 4324 Regul.
859 4265 1066 4325 pastor.
1129 4265 1270 4326 part.
1320 4274 1410 4320 ιιι,
1457 4274 1511 4314 c.
1560 4257 1661 4325 '50;
1711 4258 1896 4314 homil.
1954 4257 2020 4323 9,
2061 4258 2116 4313 in

513 4325 715 4382 Ezecb.
743 4365 758 4391 ,
790 4344 844 4382 ιι.
874 4327 953 4397 6.)
981 4325 1304 4384 Peccatores
1330 4329 1421 4398 qui
1451 4330 1682 4385 admissa
1709 4329 1987 4394 deserunt,
2016 4345 2117 4384 nec

514 4405 695 4468 tamen
745 4400 1037 4467 plangunt,
1087 4415 1193 4453 non
1240 4398 1350 4468 jam
1380 4399 1483 4454 sibi
1530 4402 1805 4454 relaxatae
1847 4401 2118 4455 :rstimare

515 4467 713 4542 debent
740 4468 960 4542 culpas,
1009 4482 1144 4542 quas
1173 4471 1274 4524 etsi
1309 4469 1518 4542 agendo
1572 4486 1680 4526 non
1729 4471 2112 4542 multiplicant,

513 4538 678 4612 nullis
689 4548 892 4612 tamen
923 4538 1136 4594 ﬂetibus
1163 4542 1442 4612 mundant.
1469 4539 1652 4609 Neque
1681 4541 1822 4596 enim
1864 4538 1953 4612 qui
1979 4557 2116 4612 con-

514 4608 762 4664 tumelias
786 4609 1006 4679 irrogat,
1038 4612 1082 4664 si
1131 4609 1473 4666 solummodo
1522 4608 1783 4678 tacuerit,
1831 4608 2111 4675 satisfecit,

1431 333 1774 392 APPENDIX
1815 336 1907 392 AD
1945 335 2006 393 S.
2048 331 2378 393 GREGORII
2419 331 2648 390 OPERA
2684 332 2916 391 OMNIA.

3665 335 3814 394 1276

2137 455 2195 517 Α
2216 448 2342 524 dam
2390 447 2560 504 credit
2590 448 2748 524 _quod
2791 456 3015 524 peccata
3062 447 3431 524 principaliter
3472 455 3819 524 exstinguit?

2216 517 2333 592 Non
2361 528 2539 573 autem
2590 517 2732 592 Deus
2780 517 2978 575 nostris
3018 517 3346 576 cruciatibus
3396 517 3687 592 pascitur:
3718 529 3821 585 sed

2216 590 2535 666 delictorum
2566 591 2767 666 morbis
2787 592 3192 666 medicamentis
3220 590 3509 666 contrariis
3539 597 3821 666 medetur,

2217 670 2275 717 ut
2301 661 2393 731 qui
2432 662 2797 730 voluptatibus
2829 660 3080 716 delectati
3112 664 3180 718 ab
3209 679 3274 716 eo
3303 664 3689 730 discessimus,
3720 660 3822 723 ﬂe;

2217 732 2651 804 tibusamaricati
2674 733 2987 804 redeamus;
3012 743 3064 788 et
3088 733 3178 802 qui
3201 750 3297 804 per
3319 736 3503 792 illicita
3528 737 3823 796 deﬂuendo

2214 801 2546 868 cecidimus,
2577 803 2740 876 etiam
2770 819 2800 857 a
2829 803 2989 858 licitis
3027 801 3388 875 nosmetipsos
3433 810 3822 876 restringenda

2212 889 2512 944 surgamus.
2575 871 2795 928 Duobus
2842 884 3021 929 autem
3080 871 3278 930 niodis'
3321 879 3569 934 homines
3629 871 3669 933 ιι
3710 879 3824 936 Deo

2215 944 2512 1020 recedunt.
2548 953 2612 1020 et
2638 945 2849 1000 duobus
2894 946 3069 1020 modis
3115 965 3143 1002 a
3191 946 3303 1004 Deo
3350 960 3618 1020 apostaue
3664 950 3818 1007 ﬁunt.

2215 1015 2347 1071 Nam
2389 1017 2753 1086 unusquisque
2807 1016 3192 1089 aLConditore
3244 1015 3399 1089 suo,'
3431 1031 3528 1075 aut
3575 1022 3686 1076 fide
3737 1039 3826 1075 re-

2213 1089 2387 1151 cedit,
2437 1085 2773 1157 aut’Opere.
2831 1085 2985 1159 Sicut
3041 1105 3170 1159 ergo
3222 1093 3312 1158 qui
3362 1085 3402 1145 ἰι
3448 1091 3556 1146 lide
3611 1093 3824 1146 recedit

2213 1167 2461 1227 apostata
2491 1167 2573 1212 est
2594 1160 2716 1232 ,ﬂita
2740 1159 2832 1232 qui
2862 1158 2930 1212 ad
2959 1158 3280 1232 perversum
3312 1179 3482 1232 opus,
3530 1163 3684 1232 quod
3731 1164 3826 1218 de-

2212 1230 2786 1304 seruerat,_redit,_ab
2822 1230 3197 1304 omnipotente
3238 1230 3362 1288 Deo
3400 1230 3656 1304 apostata
3703 1237 3826 1288 abs-

2211 1316 2318 1371 que
2349 1300 2454 1383 ulln
2488 1300 2823 1383 dubitatione
2869 1299 3242 1383 deputabitur,
3274 1299 3489 1383 etiamsi
3531 1303 3823 1383 ﬁdeni__le-

2215 1369 2342 1513 25ers
2373 1370 2636 1512 videaztéi)r.
2671 1369 2830 1427 Fides
2868 1369 3015 1427 enim
3058 1374 3192 1428 nihil
3220 1375 3363 1429 valet
3409 1375 3532 1431 sine
3559 1377 3824 1446 operibus

2275 1459 2354 1496 ac.
2386 1458 2454 1504 ll,
2602 1481 2616 1495 .

2275 1459 2354 1496 ac.
2386 1458 2422 1496 ΙΙ
2439 1478 2454 1504 ν
2503 1458 2616 1504 Ζυ).

2318 1549 2446 1605 CAP.
2480 1551 2596 1606 XII.
2627 1549 2905 1608 —-'I’etrus
2928 1551 3172 1608 claudum
3196 1553 3393 1609 niravit
3434 1555 3575 1625 (Act.
3611 1557 3695 1627 ιιι)

2309 1638 2508 1714 llomil.
2537 1639 2604 1711 5,
2636 1641 2687 1696 in
2711 1640 2946 1708 Ezech.,
2986 1659 3042 1699 ιι.
3094 1642 3208 1714 15.)
3259 1644 3445 1700 Sancti
3489 1647 3592 1701 viri
3642 1663 3830 1704 coram

2215 1709 2520 1786 infidelibus
2550 1709 2608 1786 ut
2633 1730 2727 1786 eos
2757 1715 2821 1766 ad
2867 1714 3026 1786 fidem
3061 1709 3278 1770 trahant
3305 1717 3564 1772 miracula
3599 1718 3828 1786 faciunt,

2215 1781 2310 1839 sed
2341 1782 2688 1855 sibimetipsis
2713 1800 2832 1855 quae
2867 1785 3096 1840 fecerint
3143 1802 3250 1840 non
3293 1789 3663 1855 ascribeutes,
3707 1781 3836 1848 hac

2218 1853 2933 1928 omnipotentis‘Dei’virtmi
2958 1856 3227 1923 tribuunt,
3257 1866 3309 1911 et
3339 1860 3542 1913 auctori
3569 1853 3673 1914 suo
3700 1861 3835 1928 glo-

2217 1921 2455 1998 riam'et
2483 1921 2718 1998 laudem
2763 1923 3023 1994 reddunt,
3073 1944 3171 1996 per
3213 1921 3376 1995 quem
3406 1945 3469 1984 se
3507 1945 3666 1998 posse.
3693 1921 3834 1988 Catia

2216 1997 2423 2062 sciunt;
2454 1995 2592 2052 sicut
2639 1994 2832 2069 Petrus
2860 2013 2982 2052 cum
3011 1994 3200 2053 sanato
3229 1994 3453 2055 homine
3481 1994 3572 2069 qui
3601 2002 3834 2060 claudus

2217 2084 2286 2124 ex
2314 2077 2469 2122 utero
2494 2067 2678 2121 matris
2703 2068 2876 2123 fuerat
2897 2069 3108 2136 signum
3130 2069 3275 2123 fecit.
3300 2069 3457 2135 Quod
3486 2067 3614 2125 cum
3637 2089 3831 2128 omnes

2217 2139 2307 2209 qui
2331 2147 2720 2204 cognoscerent
2746 2140 2899 2194 valde
2927 2141 3282 2205 mirarentur,
3316 2139 3453 2194 dixit
3487 2161 3501 2195 :
3541 2141 3688 2206 Quid
3728 2147 3829 2198 ini-

2217 2210 2407 2263 ramini
2435 2209 2486 2261 in
2519 2209 2612 2262 hoc
2632 2248 2660 2282 ,_
2679 2217 2768 2262 aut
2808 2226 2902 2266 nos
2940 2212 3064 2282 quid
3102 2213 3404 2276 intuemini,
3453 2217 3609 2281 quasi
3655 2226 3831 2269 nostra

2218 2282 2434 2352 viii-iure,
2478 2289 2589 2352 ωιιὲ
2609 2280 2800 2352 pietate
2849 2280 3120 2352 fecerimus
3169 2283 3301 2352 hunc
3340 2280 3656 2338 ambulare?
3694 2285 3830 2340 Deus

2217 2349 2508 2414 Abraham,
2551 2346 2690 2404 Deus
2735 2346 2918 2412 Isaac,
2956 2364 3002 2404 rt
3047 2350 3182 2406 Deus
3207 2351 3399 2418 Iacob,
3432 2353 3579 2408 Deus
3615 2355 3830 2409 Patrum

2219 2431 2488 2495 notrorum
2516 2420 2822 2495 gtoriﬁcavit
2878 2422 3068 2495 (filium
3109 2439 3257 2476 suum
3297 2422 3500 2479 Iesum.
3555 2424 3624 2478 Et
3675 2428 3828 2495 paulo

2218 2499 2344 2562 post
2368 2510 2378 2543 :
2410 2490 2473 2544 In
2495 2491 2599 2560 ﬁde
2621 2495 2845 2546 nominis
2863 2493 2974 2563 ejus
2993 2495 3126 2546 huttc
3147 2509 3292 2564 quem
3319 2495 3523 2549 uidistis
3553 2506 3608 2548 et
3646 2490 3826 2563 nostis,

2217 2564 2545 2636 conﬁrmavit
2573 2579 2758 2636 nomen
2785 2565 2895 2634 ejus
2943 2564 3080 2636 (Act.
3117 2580 3199 2626 ιιι,
3231 2563 3340 2627 l2).
3371 2565 3607 2634 Signum
3638 2569 3830 2636 quippe

2220 2633 2457 2707 faciens,
2513 2633 2833 2707 intuentium
2884 2634 3072 2689 oculos
3139 2637 3382 2707 miraculi
3445 2633 3669 2692 lumine
3711 2633 3828 2707 pcr-

2220 2706 2464 2768 strinxit,
2494 2705 2588 2759 sed
2619 2703 2976 2759 humilitatem
2999 2706 3335 2770 custodiens,
3371 2707 3590 2761 Iaudem
3623 2703 3827 2764 auctori

2222 2775 2471 2830 reddidit.
2517 2775 2592 2830 De
2632 2775 2794 2847 tnnni,
2829 2792 2960 2847 vero
3000 2777 3145 2847 bono
3191 2779 3334 2847 quod
3385 2779 3594 2833 faciunt
3633 2779 3827 2833 idcirco

2219 2847 2317 2900 viri
2342 2848 2514 2900 sancti
2537 2861 2752 2917 semper
2786 2846 2996 2902 laudem
3025 2846 3269 2903 Creatori
3302 2849 3576 2914 reddunt,
3615 2859 3673 2903 ut
3707 2865 3826 2904 vera

2218 2917 2515 2972 stabilitate
2551 2919 2839 2987 persistant
2883 2918 2937 2972 in
2977 2933 3041 2973 ea
3092 2919 3292 2974 virtute
3327 2935 3495 2989 (illam
3535 2922 3825 2990 accipiat.

2220 3028 2348 3087 CAP.
2380 3029 2516 3085 Xlll.
2552 3061 2623 3072 —
2644 3029 2867 3104 Obedire
2895 3040 3093 3104 Oportet
3126 3030 3250 3104 Deo
3272 3033 3443 3104 magis
3481 3051 3638 3102 quam
3664 3033 3827 3089 [conti-

2747 3101 2896 3156 nibus
2937 3103 3077 3173 (Act.
3111 3118 3163 3168 ν,
3192 3102 3307 3172 29).

2295 3192 2373 3265 (Ιιι
2403 3193 2635 3264 exposit.
2661 3191 2747 3265 MB.
2773 3192 2902 3265 Job,
2957 3195 3050 3250 lib.
3081 3211 3220 3260 xvn,
3271 3212 3419 3251 num.
3443 3195 3548 3258 48,
3580 3196 3684 3265 49,
3729 3197 3830 3264 50;

2221 3263 2314 3339 lib.
2339 3281 2443 3339 _vn,_
2478 3281 2622 3318 num.
2657 3263 2758 3339 53,
2790 3264 2904 3337 54.)
2940 3267 3012 3321 De
3053 3277 3244 3339 sancto
3280 3266 3476 3334 Spiritu
3518 3269 3614 3335 qui
3661 3263 3834 3339 super

2220 3335 2513 3406 discipulos
2571 3337 2718 3390 venit
2768 3335 3096 3406 acceperunt
3140 3338 3242 3406 ipsi
3286 3347 3590 3392 ornamenta
3647 3335 3835 3394 virtu-

2223 3408 2312 3468 tis,
2357 3422 2493 3475 quos
2534 3407 2801 3478 immensa
2844 3408 3163 3478 possederat
3200 3420 3320 3463 ante
3344 3407 3831 3466 fmditastimoris.

2219 3478 2432 3533 Scimus
2475 3478 2617 3548 enim
2664 3477 2806 3548 quod
2848 3477 2946 3533 ille
3012 3482 3383 3547 apostolorum
3438 3482 3646 3547 primus
3694 3491 3834 3536 ante

2220 3558 2498 3616 acceptam
2530 3547 2692 3616 hujus
2711 3549 2944 3619 Spiritus
2971 3550 3238 3619 gratiam,
3267 3550 3478 3618 quoties
3516 3552 3651 3604 dum
3687 3552 3832 3606 mori

2221 3620 2432 3690 timuit,
2483 3619 2646 3674 vitam
2705 3623 2953 3688 negavit;
3016 3624 3111 3690 qui
3166 3637 3271 3676 non
3330 3622 3537 3690 prunis,
3578 3636 3693 3675 non
3751 3623 3828 3674 af-

2221 3689 2546 3744 ﬂictionibus
2568 3727 2584 3754 ,
2613 3706 2720 3743 non
2761 3692 2986 3746 terribili
3031 3689 3301 3761 potestate
3333 3689 3702 3759 cujusquam,
3737 3693 3827 3746 sed

2220 3762 2380 3815 unius
2449 3761 2698 3830 mancipii
2775 3763 2890 3816 sola
2948 3771 3031 3817 est
3084 3763 3510 3830 interrogatione
3576 3774 3823 3830 prostra-

2220 3841 2328 3885 tus.
2369 3830 2436 3885 Et
2471 3833 2687 3901 quidem
2733 3834 3094 3902 mancipium,
3138 3849 3207 3887 ne
3253 3849 3418 3888 sexus
3459 3832 3665 3886 ﬁrmior
3719 3843 3826 3888 ter-

2220 3902 2376 3957 ribile
2424 3902 2848 3966 demonstraret,
2899 3904 3093 3959 ancilla
3153 3913 3238 3959 est
3294 3905 3604 3972 inquirente
3646 3913 3824 3958 tenta—

2222 3981 2324 4027 tus.
2371 3972 2684 4042 Rursusque
2714 3983 2769 4027 ut
2795 3975 2916 4031 talis
2943 3990 3106 4030 esus
3153 3973 3439 4029 infirmitas
3468 3977 3638 4028 etiam
3664 3973 3824 4029 officii

2218 4045 2301 4098 sui
2352 4043 2652 4111 dejectione
2699 4045 3016 4109 vilesceret,
3068 4062 3176 4100 non
3226 4045 3294 4098 ab
3343 4045 3540 4099 ancilla
3593 4054 3825 4100 latum-

2220 4115 2404 4179 modo,
2429 4115 2522 4170 sed
2571 4115 2639 4169 ab
2687 4115 2908 4170 ostiaria
2955 4116 3147 4172 ancilla
3190 4124 3276 4171 est
3321 4119 3640 4185 requisitus.
3693 4115 3823 4169 Ecce

2219 4200 2380 4254 quam
2414 4187 2530 4240 vilis
2563 4194 2647 4240 est
2690 4186 2757 4240 ad
2799 4188 3112 4241 tentandum
3146 4203 3378 4256 persona
3426 4187 3717 4255 requisita,
3769 4195 3822 4238 ut

2219 4265 2407 4325 aperte
2461 4257 2782 4324 proderetur
2833 4267 3034 4324 quanta
3085 4273 3210 4312 eum
3263 4257 3476 4311 timoris
3536 4256 3825 4310 infirmitas

2219 4327 2555 4396 possideret,
2609 4329 2698 4396 qui
2747 4343 2848 4382 nec
2905 4337 3033 4382 ante
3081 4342 3272 4383 vocem
3329 4328 3568 4381 ostiaria:
3611 4327 3826 4396 ancill:

2219 4394 2558 4452 SubsistereI.
2603 4395 2710 4452 Sed
2755 4399 2866 4466 jam
2895 4399 2981 4454 hic
3029 4403 3189 4466 paulo
3217 4408 3344 4452 ante
3371 4397 3625 4464 timidus,
3652 4394 3825 4463 qualis

2257 4475 2344 4521 ost
2369 4468 2654 4522 adventum
2705 4469 2935 4535 Spiritus
2980 4469 3250 4524 exstiterit
3295 4468 3597 4523 videamus.
3643 4468 3806 4522 Certe.

2257 4483 2654 4522 osrauventum
2705 4483 2935 4535 Spiritus
2980 4483 3250 4524 exstiterit
3295 4483 3597 4523 videamus.
3643 4483 3801 4522 uerte

2220 4483 2364 4592 [αρε
2395 4546 2558 4602 teste,
2609 4538 2894 4594 didicimus
2939 4549 3130 4594 contra
3174 4540 3486 4595 sacerdotes
3531 4549 3589 4594 et
3631 4539 3801 4608 princi

2222 4623 2317 4679 pes
2364 4617 2562 4680 quanta
2609 4608 2894 4680 Dominum
2941 4611 3264 4665 auctoritate
3310 4611 3646 4680 mendicavit.
3695 4609 3822 4664 Nam

515 4657 2113 4752 amant;excitassent:subiugasss‘gingx
2144 4657 2197 4721 ι)
2220 4657 2344 4734 ἕιῖἷιι
2369 4657 2517 4735 ἶὲεἷιο
2553 4657 3076 4750 ιικιτᾶὲιιιοᾜυωειιο
3118 4657 3550 4736 ιιῖίεεει⁷ειοτιι
3573 4719 3591 4743 ,
3636 4689 3697 4736 et
3741 4695 3823 4733 sa-

512 4749 617 4808 bia:
669 4749 849 4807 verbis
897 4753 1197 4820 subjnncta
1244 4751 1564 4807 humilitatis
1595 4749 1904 4823 impugnet.
1957 4749 2033 4806 lia
2061 4762 2116 4808 et

515 4837 639 4894 cum
671 4823 783 4878 Deo
811 4823 1207 4893 delinquimus,
1241 4838 1582 4894 nequaquam
1627 4825 1984 4878 satisfacimus
2007 4862 2021 4888 ,
2067 4823 2113 4879 si

514 4893 586 4964 ab
616 4893 898 4963 iniquitate
925 4909 1202 4949 cessamus
1225 4935 1242 4960 ,
1270 4893 1373 4948 nisi
1413 4895 1714 4963 voluptates
1739 4910 1955 4964 quoque
1981 4911 2115 4964 quas

515 4963 802 5035 dileximus
821 4979 853 5019 e
871 4965 1143 5020 contrario
1193 4965 1446 5019 lamentis
1463 4965 1726 5035 appositis
1745 4963 2109 5033 insequamur.

514 5029 654 5092 Hine
685 5035 880 5088 Paulus
915 5038 988 5088 ait
1017 5052 1030 5087 :
1062 5035 1128 5088 Et
1164 5035 1273 5089 hinc
1314 5029 1550 5106 quidem'
1569 5037 1782 5106 fuistis,
1815 5029 1906 5089 sed
1951 5035 2114 5090 abluti

513 5107 640 5178 estis
661 5148 676 5170 ,
707 5106 798 5178 sed
826 5107 1309 5178 sanctificatiestis
1335 5105 1387 5178 (Ι
1417 5106 1536 5159 Cor.
1572 5105 1641 5178 vi
1655 5146 1670 5163 .
1708 5105 1816 5178 ll).
1850 5106 2112 5162 Nimirum

514 5176 661 5231 enim
708 5175 828 5230 illos
881 5176 1217 5231 ernendatior
1262 5175 1373 5231 vita
1439 5175 1782 5241 sanctiﬁcat,
1829 5190 1964 5245 quos
2018 5194 2114 5246 per

553 5247 890 5302 mnitcntiam
922 5247 1142 5302 abluens
1187 5247 1408 5302 aﬂlictio
1433 5247 1654 5302 ﬂetuum
1699 5250 1934 5302 mundat.
1977 5247 2112 5304 Hinc

561 5328 708 5372 etrus
778 5334 902 5374 cum
961 5319 1224 5386 quosdam
1295 5320 1510 5373 territos
1563 5319 1828 5372 malorum
1889 5333 2110 5374 suorum

516 5389 953 5459 consideratione
987 5389 1324 5459 susciperet,
1377 5390 1686 5454 admonuit,
1725 5389 1910 5442 dicens
1943 5405 1956 5441 :
1995 5389 2100 5445 Pte-

516 5458 791 5532 I_ti_tentiam
840 5463 1008 5531 agite,
1048 5470 1096 5514 et
1139 5458 1428 5532 baptizetur
1475 5461 1819 5532 unusquisque
1865 5468 2107 5516 vestrum.

520 5524 770 5585 Dicturus
817 5524 960 5585 erum
995 5524 1302 5601 baptisma,
1346 5524 1974 5601 pnemisit'pcenitentic
2029 5535 2108 5586 la-

518 5608 702 5654 menta
727 5642 742 5665 ,
774 5611 831 5653 ut
855 5604 1000 5671 prius
1028 5600 1167 5669 aqua
1188 5617 1247 5656 se
1276 5617 1386 5656 suae
1416 5601 1718 5656 aﬂlictionis
1750 5600 2108 5669 infunderent,

519 5676 588 5743 et
603 5673 945 5738 postmodum
973 5682 1310 5727 sacramento
1339 5674 1674 5743 baptismatis
1703 5673 1962 5726 Iavarent.
1990 5673 2107 5739 Qua

520 5741 694 5813 igitur
735 5749 917 5795 mente
962 5744 1056 5810 qui
1105 5741 1424 5798 transactus
1455 5746 1637 5813 culpas
1664 5744 1792 5797 ﬂere
1839 5743 2112 5812 negligant

522 5812 701 5884 securi
723 5814 911 5884 vivunt
939 5813 1220 5884 deveniat,
1245 5813 1462 5883 quando
1509 5812 1623 5882 ipse
1659 5819 1896 5870 summus
1924 5823 2109 5884 pastor

525 5878 784 5941 Ecclesiae
811 5882 936 5940 huic
959 5882 1121 5940 etiam
1149 5878 1484 5944 saerataemo
1507 5878 1882 5956 minitantium
1907 5878 2109 5943 adden-

2215 4752 2495 4806 oerdotum
2526 4752 2822 4821 principes,
2851 4752 3115 4814 seniores,
3147 4768 3212 4808 ac
3233 4752 3423 4807 scriba:
3452 4753 3509 4804 in
3552 4753 3825 4818 apostolo.

2217 4837 2338 4876 rum
2376 4823 2806 4892 persecutionem
2834 4830 3243 4886 concurrerent,
3274 4837 3370 4877 eos
3414 4821 3467 4874 in
3507 4824 3695 4878 iezlio
3723 4835 3824 4876 sta.

2220 4899 2450 4955 tuentes,
2469 4894 2521 4945 in
2542 4905 2646 4960 qua
2670 4894 2867 4947 virtute
2885 4893 3201 4947 miraculum
3226 4893 3450 4947 fecerint
3477 4894 3824 4960 percunctari

2216 4973 2560 5018 curaverunt.
2610 4962 2814 5028 Quibus
2857 4963 3098 5029 repletus
3149 4965 3354 5033 Spiritu
3401 4973 3599 5017 sancto
3650 4965 3823 5016 dixit:

2223 5034 2490 5102 Principes
2511 5035 2705 5103 populi,
2731 5044 2780 5088 et
2809 5036 3056 5099 seniores,
3081 5037 3126 5088 si
3167 5051 3261 5089 nos
3289 5034 3444 5087 hodie
3469 5035 3818 5103 diiudicant

2215 5105 2272 5158 in
2299 5105 2564 5172 bene/acto
2594 5107 2815 5159 hominis
2853 5107 3068 5174 inﬁrmi,
3091 5106 3145 5158 in
3173 5123 3273 5173 quo
3301 5107 3403 5158 iste
3439 5106 3613 5175 sati-us
3665 5108 3823 5175 factis

2215 5187 2312 5241 est,
2342 5187 2516 5228 notum
2540 5176 2605 5246 sit
2626 5175 2859 5229 omnibus
2883 5173 3022 5246 robis
3071 5186 3120 5228 et
3146 5179 3288 5230 omni
3317 5175 3449 5246 plebi
3479 5173 3682 5238 Israel;
3714 5177 3823 5244 quia

2213 5246 2269 5298 in
2301 5250 2507 5299 nomine
2549 5245 2675 5298 Iesu
2719 5246 2908 5300 (.‘Iiristi
2951 5245 3221 5301 Nazareni
3252 5264 3402 5310 quem
3448 5249 3820 5315 cruciﬁxisris,

2213 5333 2363 5387 quem
2393 5316 2532 5387 Deus
2558 5319 2823 5371 suscitavit
2861 5335 2892 5370 a
2936 5321 3171 5380 mortuis,
3201 5321 3257 5372 in
3289 5321 3384 5372 hoc
3405 5318 3507 5370 iste
3537 5322 3722 5369 adstat
3744 5333 3820 5367 ce-

2213 5386 2327 5440 ram
2353 5386 2492 5441 vobis
2520 5388 2692 5442 salvus
2723 5391 2859 5458 (Act.
2901 5404 2972 5454 Iv,
3001 5389 3080 5459 8).
3110 5389 3356 5458 Curaque
3395 5401 3526 5455 erga
3557 5389 3678 5440 haec
3713 5401 3818 5452 per-

2214 5460 2554 5528 sequentium
2587 5460 2737 5514 furor
2765 5471 3135 5525 excresceret,
3180 5474 3381 5528 eosque
3419 5460 3741 5512 sacerdotes
3765 5471 3818 5510 ac

2214 5534 2483 5600 pt‘lttClpeS
2522 5528 2702 5584 Iesum
2732 5531 3021 5598 pnedicare
3052 5533 3434 5600 prohiberent,
3464 5538 3664 5582 contra
3697 5531 3818 5581 iram

2212 5601 2513 5670 principum
2547 5617 2654 5671 qua
2684 5603 3003 5656 auctoritate
3023 5645 3026 5647 λ
3046 5600 3235 5656 Petrus
3269 5606 3578 5656 excreverit
3621 5600 3818 5671 indicia

2216 5680 2303 5725 tur
2323 5688 2444 5725 (11111
2467 5670 2579 5725 illic
2596 5673 2839 5740 protinus
2865 5673 3108 5727 subditur
3132 5691 3144 5726 ε
3171 5672 3356 5727 Petrus
3377 5689 3498 5726 uero
3523 5682 3572 5725 et
3599 5670 3818 5741 «postea

2213 5743 2454 5814 dixerunt
2479 5761 2490 5796 :
2518 5741 2740 5797 Obedire
2762 5755 2960 5812 oportet
2990 5743 3101 5799 Deo
3132 5745 3295 5814 magis
3318 5760 3475 5813 quam
3507 5745 3815 5797 hominibus.

2213 5812 2320 5868 Sed
2382 5830 2502 5869 cum
2559 5816 2936 5870 auctoritatem
2995 5812 3399 5885 pnedicaintium
3448 5817 3816 5870 resistentium

2215 5894 2480 5958 praecepta
2500 5902 2611 5944 non
2638 5895 2967 5958 premerent,
2995 5883 3065 5944 ad
3091 5883 3301 5957 ﬂagella
3325 5887 3671 5958 pervenitur,
3703 5897 3817 5941 nam
