3996 6346
223 403 368 466 1289

809 398 1059 458 ALULFI
1095 398 1456 460 EXPOSITIO
1491 398 1652 457 NOVI
1689 396 1884 456 TES'I'.
1920 429 1995 446 -—
2029 401 2179 460 θυι).
2218 401 2375 460 ACT.
2415 403 2944 465 APOS'I‘OLORUM.

3365 409 3507 470 1290

214 523 318 580 bus
345 520 481 578 aelii!
497 517 939 589 βτοῧοίῐηιιειηθϐ
959 528 1140 589 tamen
1162 516 1478 589 intermissis
1500 518 1803 581 interimus,
1832 518 1890 579 Α
1913 531 2190 589 nunquam
2219 519 2374 574 nobis
2399 519 2554 588 hujus
2576 521 2758 575 mundi
2786 521 3044 589 jubentur
3063 523 3306 588 adversa,
3337 526 3505 583 scien-

215 593 424 662 majora
454 590 696 646 laborum
732 585 872 642 mala
910 587 1174 657 proximis
1201 587 1518 662 imminent,
1551 603 1804 662 necessa-

214 658 420 721 rio'nos
445 662 696 715 virtutum
725 667 1012 724 augmenta
1040 658 1349 727 seponimus
1369 676 1384 723 ;
1408 673 1475 713 ne
1495 658 1808 714 inﬁrmiori-

214 733 317 790 bus
342 732 600 803 proximis
629 728 749 783 ﬁdei
780 728 1122 803 detrimenta
1158 741 1497 797 generemus,
1550 743 1621 783 ne
1651 737 1807 803 tanto

210 805 323 872 jam
343 798 498 872 quod
519 802 726 872 agimus
740 798 1178 872 virtus_uon_sit,
1210 808 1414 866 quanto
1444 815 1540 872 per
1568 798 1809 872 occasio-

213 867 338 930 nem
363 867 443 928 sui
477 871 532 926 in
554 867 741 924 alienis
765 868 1017 922 cordibus
1043 867 1396 922 fundamenta
1420 869 1686 924 virtutum
1711 869 1807 924 de-

209 945 392 1002 struit.
425 943 598 1009 Quam
626 940 733 994 vim
781 936 1236 1011 [_Text._lineam]
1259 938 1622 1011 discretionis
1667 938 1808 993 bene

213 1014 372 1069 nobis
400 1008 598 1066 Paulus
623 1008 881 1074 ostendit,
912 1008 1002 1076 qui
1043 1015 1098 1062 et
1124 1008 1354 1076 gentiles
1395 1009 1462 1062 ad
1500 1009 1806 1063 libertatem

214 1084 341 1140 ﬁdei
361 1083 641 1137 venientes
659 1077 977 1135 circumcidi
998 1078 1295 1149 prohibuit,
1313 1087 1369 1132 et
1395 1087 1575 1134 tamen
1599 1077 1807 1149 Lystris

210 1163 378 1225 atque
406 1151 590 1225 Iconio
621 1149 908 1225 transiens,
958 1147 1447 1225 ipse_'I_'_imo_t_heum
1490 1149 1582 1225 qui
1619 1147 1806 1225 gentili

211 1218 366 1297 pairs
410 1223 587 1297 fuerat
624 1220 805 1297 editus
846 1218 1200 1275 circumcidit.
1241 1218 1613 1297 Vidensenim
1659 1218 1808 1288 quod

209 1287 314 1350 nisi
334 1310 394 1349 se
415 1291 668 1346 mandata
690 1290 883 1344 litterae
901 1303 1121 1345 servare
1146 1291 1477 1352 ostenderet,
1499 1287 1804 1343 Iudaeorum

209 1365 417 1422 rabiem
442 1363 605 1417 etiam
640 1361 695 1415 in
723 1361 806 1416 his
829 1360 920 1429 qui
959 1359 1060 1414 sibi
1085 1359 1312 1414 comites
1340 1360 1565 1414 aderant
1598 1360 1805 1414 excita-

210 1443 328 1499 ret,
360 1433 676 1490 assertionis
716 1446 828 1486 sua:
869 1431 978 1484 vim
1006 1429 1329 1498 postposuit,
1364 1436 1419 1484 et
1460 1430 1579 1484 sine
1607 1429 1806 1482 damno

210 1504 339 1559 ﬁdei
365 1520 423 1559 se
461 1517 697 1572 suosque
721 1501 1008 1572 comitesa
1039 1499 1430 1572 persecutionis
1470 1499 1807 1572 immanitate

209 1573 520 1631 custodivit.
560 1567 711 1627 Fecit
750 1569 896 1640 quod
938 1567 1054 1625 ﬁeri
1101 1567 1226 1624 ﬁdei
1265 1584 1453 1624 amore
1503 1569 1802 1640 prohibuit,

209 1644 309 1699 sed
336 1644 403 1699 ad
433 1640 558 1698 ﬁdei
604 1637 827 1697 retorsit
853 1640 1210 1696 ministerium
1239 1640 1384 1709 quod
1427 1637 1580 1708 quasi
1612 1654 1719 1694 non
1742 1637 1807 1690 ﬁ-

209 1713 407 1769 deliter
433 1713 582 1770 fecit.
616 1711 944 1779 Plerumque
984 1711 1127 1779 enim
1156 1711 1326 1764 virtus
1365 1725 1487 1764 cum
1517 1709 1806 1763 indiscrete

211 1793 447 1850 tenetur,
496 1783 789 1847 amittitur;
820 1778 943 1836 cum
989 1778 1217 1835 discreta
1264 1779 1656 1850 intermittitur,
1688 1779 1807 1847 plus

211 1848 448 1910 tenetur.
471 1852 579 1909 Sed
599 1853 708 1907 alta
731 1850 1165 1907 consideratione
1186 1864 1322 1920 opus
1351 1858 1456 1916 est,
1486 1864 1555 1904 ne
1576 1848 1808 1904 fortasse

1910 586 2042 662 dum
2072 603 2415 662 summopere
2442 586 2696 662 estquod
2725 591 2770 646 si
2787 586 2930 662 'tunc
2957 591 3021 645 de
3051 607 3148 647 suo
3171 586 3366 662 aliquid
3396 613 3504 653 non

1911 655 2129 731 habeat,
2154 655 2473 731 minimaest
2495 655 2822 716 obedientia.
2847 661 2977 715 Nam
3004 678 3122 717 cum
3147 655 3304 731 hujus
3321 668 3505 723 mundi

1909 725 2203 802 despectus
2234 728 2560 802 prmcipitur,
2591 746 2712 785 cum
2739 732 2934 800 probra
2975 732 3195 802 adipisci
3217 725 3280 788 et
3315 743 3510 792 contu-

1910 798 2088 873 meliai
2107 798 2386 873 ju_l_)ent_ur,
2417 801 2518 873 nisi
2544 802 2660 873 haec
2683 798 2754 854 ex
2778 798 3075 873 semetipso
3097 804 3306 873 animus
3338 820 3507 873 appe-

1909 873 2014 946 tat,
2039 866 2358 946 obedientia:
2385 869 2486 923 sibi
2520 871 2770 946 meritum
2797 866 3011 946 minuit,
3032 872 3170 946 _quia
3197 873 3266 928 ad
3295 866 3507 946 eaquae

1910 937 2244 1015 inihac_vita
2269 937 2522 1015 despecta
2553 949 2679 1015 sunt
2720 941 2924 1015 invitus
2935 937 3256 1015 inmensique
3292 937 3512 1000 descen-

1911 1007 1994 1059 dit
2021 1024 2034 1059 :
2067 1007 2132 1059 ad
2153 1007 2532 1079 detrimentum
2560 1011 2762 1079 quippe
2788 1011 3098 1066 obedientia
3130 1007 3359 1078 ducitur,
3386 1029 3510 1070 cum

1909 1085 2152 1131 mentem
2180 1077 2614 1151 ad__suscipienda
2643 1077 2802 1146 hujus
2831 1081 3010 1136 saeculi
3040 1082 3239 1150 probra
3258 1124 3273 1149 ,
3306 1077 3519 1151 nequa.

1955 1160 2075 1218 nam
2106 1147 2393 1218 extaliqua
2445 1157 2600 1218 parte
2648 1151 2810 1204 etiam
2860 1166 2956 1204 sua
3004 1147 3131 1207 vota
3160 1147 3509 1210 comitantur.

1995 1215 2087 1293 bet
2136 1215 2631 1283 igitur'obedientia
2667 1220 2728 1293 _in
2772 1220 3008 1293 adversis
3049 1237 3117 1276 ex
3163 1237 3260 1276 suo
3311 1223 3512 1293 aliquid

1911 1284 2133 1357 habere,
2165 1297 2429 1356 quatenus
2457 1297 2607 1343 tanto
2637 1290 2707 1343 sit
2734 1291 3056 1357 gloriosior,
3105 1300 3307 1357 quanto
3329 1284 3510 1349 divino

1911 1354 2094 1435 ordini
2114 1354 2359 1435 jungitur
2381 1398 2397 1422 ,
2430 1359 2592 1435 etiam
2623 1374 2691 1413 ex
2718 1354 3008 1435 desiderio.
3038 1354 3144 1435 Sed
3175 1363 3279 1435 hoc
3301 1364 3511 1435 pondus

1909 1427 2126 1479 virtutis
2156 1427 2348 1482 melius
2375 1430 2730 1494 ostendimus,
2760 1431 2805 1485 si
2829 1431 3025 1484 factum
3055 1431 3200 1485 beati
3230 1427 3379 1486 Pauli
3405 1449 3515 1488 me-

1911 1509 2208 1571 moremus.
2260 1497 2460 1571 _Paulus
2506 1499 2762 1571 divinitus
2809 1498 2983 1554 fuerat
3012 1509 3072 1554 ut
3114 1499 3511 1571 Jerqsolymam

1911 1566 2211 1644 ascendere
2241 1568 2520 1644 debuisset
2546 1569 2875 1637 admonitus,
2899 1571 3038 1644 sicut
3063 1571 3178 1644 ipse
3206 1566 3410 1625 Gala'tis
3439 1573 3516 1627 di-

1910 1635 2027 1708 c_it:
2078 1635 2280 1708 Deinde
2307 1647 2423 1708 post
2459 1655 2626 1693 annos
2652 1635 3040 1708 quatuordecim
3079 1635 3265 1693 iterum
3300 1644 3514 1696 ascendi

1908 1703 2317 1774 Jerosolymam,
2345 1717 2610 1776 assumpto
2637 1703 2882 1763 Barnaba
2911 1720 2962 1764 et
2988 1710 3134 1774 Tito;
3174 1712 3385 1766 ascendi
3415 1729 3517 1766 au-

1911 1784 2016 1850 tem
2043 1783 2323 1850 secundum
2360 1779 2720 1850 reuelationem
2752 1778 2951 1849 (Galat.
2983 1796 3039 1843 ιι,
3076 1780 3152 1847 1).
3202 1780 3358 1850 Isque
3388 1797 3514 1837 cum

1913 1846 1976 1919 in
2000 1847 2195 1919 itinere
2230 1849 2550 1919 prophetam
2590 1846 2832 1917 Agabum
2862 1846 3152 1919 reperisset
3175 1891 3190 1915 ,
3222 1846 3421 1919 quanta
3452 1867 3514 1908 se

212 1921 1041 1995 ncquaquamtcommunis_boni
1069 1911 1318 1995 _consiiio,
1344 1911 1664 1995 sedltimore
1683 1934 1807 1988 pro-
1835 1911 1886 1970 B
1912 1916 2212 1995 adversitas
2231 1911 2294 1971 'in
2322 1911 2672 1995 Je_ro_s_olymi_s
2711 1911 2955 1995 maneret
2983 1911 3508 1995 audiyit.__Scri_ptum

211 1989 354 2065 prio,
376 1989 463 2049 vel
491 1992 780 2063 cujuslibet
804 1989 1341 2065 ambitionisstudio,
1367 2005 1400 2043 a
1417 1989 1628 2065 virtutis
1655 2003 1808 2065 exer-

211 2059 477 2120 citatione
514 2059 774 2120 cessetur.
805 2060 959 2128 Quod
1003 2061 1255 2114 nimirum
1286 2075 1408 2114 cum
1457 2059 1651 2129 agitur,
1691 2059 1806 2128 jam

212 2151 325 2192 non
345 2132 737 2204 dispensationi
763 2132 859 2187 sed
887 2133 1057 2201 culpae
1089 2131 1342 2186 servitur.

209 2226 343 2285 (ΞΑΡ.
386 2225 646 2282 XXXVII.
673 2253 747 2266 ——
777 2224 1188 2350 Prohi‘buit6\eos
1239 2223 1464 2295 Spiritus
1507 2223 1633 2279 Jesu
1664 2224 1801 2296 (Act.

896 2312 929 2350 x
969 2311 1014 2350 ι.
1088 2319 1125 2350 ι.

896 2311 1014 2361 xvr,
1045 2311 1125 2364 ο).

285 2387 507 2511 SHomil.
541 2388 628 2453 12,
648 2387 703 2442 in
734 2385 956 2467 Ezech.,
977 2403 1033 2441 n.
1059 2384 1158 2450 16,
1191 2384 1376 2467 homil.
1403 2383 1459 2451 4,
1489 2383 1543 2438 in
1571 2382 1803 2465 Evang.,

328 2459 368 2511 .l
385 2457 612 2511 Pronter
633 2458 808 2511 malos
832 2457 1104 2511 auditores
1128 2457 1283 2511 bonis
1300 2470 1480 2510 sermo
1496 2454 1803 2509 doctoribus

212 2454 368 2539 nni.)
385 2457 612 2539 Propter
633 2458 808 2539 malos
832 2457 1104 2539 auditores
1124 2457 1283 2539 bonis
1300 2470 1480 2539 sermo
1496 2454 1806 2539 doctoribus

213 2524 439 2595 tollitur,
462 2524 598 2583 sicut
641 2528 809 2582 Paulo
838 2527 1034 2582 dicitur
1063 2543 1077 2580 :
1113 2524 1350 2590 Festina,
1379 2534 1430 2578 et
1457 2527 1541 2578 exi
1567 2525 1806 2579 velociter

214 2599 278 2654 de
298 2599 586 2654 Jerusalem
603 2615 621 2663 ;
637 2599 878 2667 quoniam
906 2613 1010 2667 rion
1030 2597 1274 2667 recipient
1300 2595 1646 2650 testimonium
1664 2605 1806 2667 tuum

216 2671 280 2723 de
308 2687 388 2724 me
427 2672 566 2737 (Act.
599 2665 738 2732 xxu,
770 2666 884 2736 18).
917 2666 983 2720 Ει
1020 2665 1161 2722 sicut
1202 2667 1520 2737 volentibus
1547 2665 1806 2737 apostolis

255 2734 511 2795 medicare
552 2740 607 2793 in
651 2739 797 2801 Asia,
829 2734 1088 2805 scriptum
1120 2744 1202 2790 est
1241 2737 1367 2803 quia
1406 2734 1683 2804 prohibuit
1709 2749 1807 2789 eos

262 2809 452 2878 piritus
479 2810 882 2876 sanctus°(cum
912 2807 1056 2860 enim
1087 2806 1315 2878 apostoli
1347 2805 1807 2878 prtedicaregen-

217 2874 364 2934 tibus
393 2878 448 2933 in
479 2878 602 2932 Asia
634 2874 962 2940 voluissent,
992 2891 1090 2944 per
1118 2874 1376 2945 Spiritum
1403 2874 1657 2945 prohibiti
1685 2888 1808 2928 esse

218 2949 645 3016 memorantur);
675 2956 730 3003 et
757 2956 937 3001 tamen
957 2943 1074 3016 ipse
1093 2943 1184 3016 qui
1207 2945 1352 3016 prius
1373 2943 1808 3016 praedicationem

219 3019 519 3089 prohibuit,
549 3014 690 3089 hanc
719 3014 1041 3089 Asianorum
1071 3014 1325 3089 cordibus
1353 3014 1702 3089 postmodum
1723 3014 1808 3089 in-

221 3083 391 3155 I'udit,
438 3083 562 3144 nam
593 3088 684 3143 diu
725 3097 809 3144 est
837 3087 984 3155 quod
1010 3087 1138 3141 Asia
1180 3083 1376 3141 cuncta
1417 3085 1530 3154 jam
1558 3083 1806 3155 credidit.

221 3153 430 3215 Idcirco
456 3174 586 3229 ergo
617 3160 762 3229 prius
789 3153 1063 3229 prohibuit
1091 3158 1234 3226 quod
1257 3153 1621 3229 _postmodum
1655 3153 1804 3222 fecit,

222 3231 357 3302 quia
380 3226 600 3285 tunc'in
617 3226 720 3302 illa
750 3226 906 3302 erant
934 3228 1026 3298 qui
1053 3226 1294 3302 salvandi
1322 3241 1432 3302 non
1460 3233 1646 3291 erant,
1676 3234 1807 3302 tunc

220 3297 278 3378 iii
307 3300 579 3378 illanerant
604 3300 693 3371 qui
725 3297 968 3378 necdum
984 3298 1226 3378 reparari
1260 3299 1606 3378 merebantur
1607 3298 1704 3378 “ad.
1725 3297 1808 3351 vi-

221 3377 351 3425 tam.
399 3370 508 3424 Sed
540 3365 717 3425 tanien
763 3369 964 3424 utiliter
1008 3365 1087 3425 eis
1129 3367 1524 3438 praedicationis
1554 3365 1805 3438 _oliicium

220 3440 576 3516 subtrahitur,
611 3455 679 3494 ne
717 3443 934 3516 gravius
959 3436 1809 3516 _de_cohtempta_pra:dicatione

220 3509 452 3582 judicari
483 3506 840 3582 mererentur.
881 3509 1076 3582 Subtili
1101 3522 1231 3582 ergo
1258 3506 1580 3582 occultoque
1603 3506 1807 3582 judicio

220 3577 254 3636 ii
275 3581 632 3663 quorumdam
658 3581 880 3663 auribus
892 3579 1210 3662 praedicatio
1238 3584 1425 3663 sancta
1454 3577 1805 3643 subtrahitur,

221 3651 348 3721 quia
374 3651 623 3706 suscitari
654 3665 749 3720 per
768 3651 995 3720 gratiam
1018 3665 1127 3704 non
1158 3656 1453 3705 merentur.

223 3741 353 3800 Car.
394 3740 676 3798 XXXV/lli.
707 3773 780 3786 —
807 3741 1034 3796 Mundus
1065 3758 1178 3812 sum
1209 3758 1243 3796 a
1287 3740 1542 3812 sanguine
1581 3741 1813 3796 omnium

786 3813 926 3883 (Act.
958 3828 1050 3879 xx,
1081 3810 1194 3882 26).

299 3901 523 3972 (Bomil.
556 3904 644 3967 11,
675 3903 731 3958 in
773 3902 1001 3972 Ezech.,
1041 3921 1095 3959 n.
1127 3903 1208 3973 9.)
1252 3903 1479 3958 Multum
1533 3903 1635 3958 sibi
1678 3917 1815 3959 con-

225 3989 366 4029 nexa
388 3984 512 4030 sunt
535 3983 754 4044 peccata
777 3975 1112 4032 subditorum
1142 3984 1198 4028 et
1226 3977 1661 4044 praepositorum,
1683 3989 1819 4044 quo-

225 4045 370 4100 niam
402 4046 492 4099 ubi
528 4044 803 4113 subjectus
826 4061 895 4100 ex
922 4061 1018 4100 sua
1058 4046 1215 4114 culpa
1243 4046 1492 4108 moritur,
1537 4045 1607 4114 ibi
1643 4046 1689 4100 is
1722 4047 1816 4113 qui

224 4125 440 4186 praeest,
464 4117 716 4185 quoniam
748 4116 934 4181 tacuit,
957 4129 1082 4170 reus
1110 4113 1298 4169 mortis
1319 4123 1551 4171 tenetur.
1584 4113 1818 4170 Pensate

225 4199 374 4256 ergo,
416 4186 609 4241 fratres
648 4186 980 4254 charissimi,
1026 4194 1251 4256 pensate
1279 4187 1405 4253 quia
1446 4195 1502 4241 et
1542 4187 1686 4255 quod
1714 4201 1816 4240 nos

225 4255 369 4323 digni
403 4267 644 4323 pastores
671 4272 781 4311 non
809 4255 1036 4319 sumus,’
1059 4257 1221 4310 etiam
1252 4272 1320 4310 ex
1341 4267 1520 4312 vestra
1547 4257 1704 4326 culpa
1734 4263 1818 4311 est

225 4327 423 4395 quibus
457 4328 595 4396 tales
617 4329 818 4395 pnelati
858 4342 1060 4383 sumus.
1095 4326 1161 4381 Et
1188 4329 1233 4382 si
1255 4327 1469 4396 quando
1500 4343 1597 4382 vos
1620 4327 1687 4381 ad
1716 4327 1818 4381 ini—

225 4397 485 4467 quitatem
507 4395 760 4467 deﬁuitis,
782 4399 943 4452 etiam
963 4413 1029 4452 ex
1063 4407 1249 4452 nostro
1273 4395 1423 4452 reatu
1444 4409 1524 4452 est
1547 4398 1691 4467 quod
1719 4398 1818 4452 ob-

225 4466 480 4534 sistentes
507 4475 562 4518 et
591 4466 942 4520 reclamantes
987 4468 1039 4520 in
1066 4469 1246 4534 pravis
1275 4466 1690 4523 desideriis’nnn
1719 4467 1815 4522 ha-

227 4534 388 4589 betis.
414 4532 742 4606 _Vobisergo
771 4545 827 4587 et
852 4535 1009 4606 nobis
1034 4532 1269 4602 parcitis,
1316 4539 1360 4590 si
1391 4553 1421 4590 a
1453 4553 1619 4606 pravo
1652 4552 1820 4604 opere

230 4603 492 4671 cessatis;
522 4603 675 4658 vobis
703 4611 759 4658 et
795 4603 954 4675 nobis
976 4606 1266 4673 parcimus,
1307 4603 1520 4675 quando
1548 4608 1651 4660 hoc
1670 4603 1816 4675 quod

230 4675 478 4744 displicet
507 4690 615 4729 non
642 4684 901 4730 tacemus.
923 4674 968 4729 0
993 4689 1152 4744 quam
1188 4674 1376 4729 libera
1405 4674 1815 4730 commissorum

228 4744 332 4815 sibi
355 4745 613 4815 sanguine
638 4745 813 4801 fuerat
839 4745 1155 4815 praedicator
1173 4745 1437 4815 egregius.
1458 4747 1548 4814 qui
1565 4747 1810 4800 dicebat:

229 4813 594 4890 Mundus'sum
614 4833 648 4869 a
666 4813 917 4890 sanguine
940 4818 1171 4872 omnium
1190 4813 1334 4890 {non
1349 4813 1486 4890 enim
1507 4816 1813 4890 subterfugi,

229 4902 329 4959 quo
359 4889 525 4942 minus
551 4886 914 4942 annuntiarem
944 4904 1093 4959 omne
1120 4889 1391 4942 consilium
1419 4886 1514 4940 Dei
1557 4887 1726 4959 vobis!
1742 4886 1814 4942 ’δί

231 4958 376 5013 enim
393 4975 496 5012 non
510 4965 898 5023 annuntiasset,
911 4958 1141 5028 mundus
1155 4975 1184 5011 a
1203 4960 1462 5028 sanguine
1480 4974 1584 5012 non
1604 4958 1810 5023 luisset;

226 5029 322 5085 sed
343 5028 538 5097 quibus
559 5042 720 5082 omne
735 5027 1019 5082 consilium
1040 5026 1134 5097 Dei
1157 5026 1477 5083 annuntiare
1501 5029 1722 5093 studuit,
1746 5031 1815 5084 ab

229 5096 420 5154 eorum
440 5097 697 5162 sanguine
717 5098 947 5154 mundus
970 5097 1088 5152 fuit.
1106 5096 1162 5151 In
1192 5115 1296 5169 qua
1329 5113 1458 5153 voce
1487 5109 1540 5152 et
1568 5116 1664 5153 nos
1687 5115 1817 5154 con-

230 5169 496 5232 venimur,
521 5184 618 5223 nos
639 5170 1071 5237 constringimur,
1086 5184 1185 5224 nos
1206 5170 1284 5224 rei
1313 5184 1433 5224 esse
1457 5170 1816 5239 Ostendimur,

231 5239 326 5312 qui
354 5239 662 5312 sacerdotes
685 5256 956 5312 vocamur,
986 5244 1073 5310 qui
1095 5255 1258 5312 super
1284 5257 1346 5296 ea
1378 5240 1517 5294 mala
1546 5255 1664 5308 qua:
1692 5257 1818 5311 pro-

232 5309 350 5379 pria
377 5309 658 5372 habemus,
691 5311 890 5365 alienas
916 5309 1133 5380 qucque
1160 5309 1361 5367 mortes
1399 5314 1664 5378 addimus,
1693 5309 1819 5380 quia

231 5388 316 5434 tot
354 5380 650 5453 occidimus
676 5390 806 5450 quot
833 5382 900 5435 ad
931 5393 1156 5436 mortem
1183 5384 1260 5453 ire
1294 5382 1532 5453 quotidie
1563 5382 1726 5450 tepidi
1766 5392 1821 5437 et

235 5459 476 5504 tacentes
502 5450 744 5506 videmus
769 5469 784 5516 ;
815 5459 874 5506 ut
903 5453 979 5506 rei
1006 5453 1073 5506 de
1102 5450 1466 5522 subjectorum
1496 5461 1670 5506 morte
1699 5454 1820 5508 ani-

231 5535 440 5596 marum
471 5522 904 5596 constringimur,
929 5536 1049 5596 qua:
1074 5537 1288 5595 semper
1313 5525 1496 5581 vivere
1522 5526 1822 5596 potuissent

233 5589 281 5646 si
309 5592 469 5646 verba
497 5593 856 5661 correptionis
884 5589 1183 5649 audissent.

334 5703 465 5762 CAP.
497 5705 735 5761 XXXIX.
762 5737 835 5750 —
869 5704 1044 5778 _Virum
1065 5709 1211 5778 cujus
1241 5710 1349 5763 hinc
1371 5726 1503 5764 zona
1530 5720 1624 5775 est,
1653 5713 1727 5766 sic

463 5778 747 5850 alligabunt
774 5780 828 5832 in
849 5776 1139 5832 Jerusalem
1165 5778 1299 5850 (Act.
1337 5796 1445 5846 xxi,
1479 5781 1589 5852 11).

295 5865 379 5944 (In
389 5871 622 5943 exposit.
638 5869 700 5925 Β.
712 5869 836 5938 Job,
851 5868 946 5925 lib.
971 5886 1132 5934 xxxv,
1148 5887 1295 5927 num.
1312 5871 1400 5939 50,
1421 5872 1484 5928 51
1498 5872 1675 5946 .)Quia
1688 5889 1825 5933 non-

605 5985 878 6047 Ps'rnoc.
926 5984 1223 6049 LXXIX.

1835 3275 1884 3341 C

1908 1986 2115 2062 quippe
2141 1996 2224 2042 est
2251 1986 2579 2062 quod__id_em
2615 1989 2840 2062 _ltgabus
2868 2006 3057 2062 zonam
3099 1989 3248 2045 Pauli
3277 1986 3388 2048 suis
3419 2008 3514 2062 pe-

1908 2056 2366 2131 dibusinserens,
2391 2057 2528 2131 dixit
2558 2076 2571 2110 :
2615 2057 2794 2131 Virum
2822 2061 2972 2131 cujus
2999 2061 3108 2115 lucc
3135 2078 3267 2116 zona
3288 2071 3364 2116 est
3390 2056 3514 2131 {sic

1914 2125 2204 2200 alligabunt
2231 2129 2302 2200 in_
2315 2127 2625 2200 Jerusalem,
2658 2144 2689 2183 a
2717 2125 2897 2185 Paulo'
2915 2139 3094 2185 autem
3119 2132 3367 2200 protinus
3391 2125 3512 2187 res-

1915 2197 2185 2271 pendetur
2209 2215 2221 2250 :
2256 2197 2369 2268 Ego
2390 2215 2495 2252 non
2518 2199 2685 2253 solum
2716 2200 2956 2271 alligari,
2977 2202 3070 2255 sed
3101 2197 3150 2255 et
3175 2205 3306 2256 mori
3333 2205 3387 2257 in
3415 2204 3512 2257 Je-

1915 2267 2142 2344 rusalem
2172 2267 2649 2344 paratussumtpro
2679 2267 2886 2324 nomine
2922 2270 3052 2325 Jesu
3095 2288 3114 2326 :
3164 2290 3327 2344 neque
3374 2276 3513 2328 enim

1913 2338 2275 2413 pretiosiorem
2305 2339 2440 2413 facio
2468 2340 2706 2413 animant
2729 2357 2895 2413 meam
2937 2358 3090 2411 quam
3125 2359 3222 2395 me.
3243 2338 3514 2413 'Prtecep-

1916 2406 2068 2460 tione
2099 2408 2264 2475 igitur
2292 2406 2638 2482 revelationis
2677 2406 3070 2482 Jﬁerosoiymam
3110 2427 3371 2482 pergens,
3419 2406 3516 2468 ad-

1911 2491 2072 2530 versa
2091 2479 2394 2551 cognoscit,
2413 2486 2480 2551 _et
2501 2488 2680 2551 tamen
2703 2481 2815 2534 lucc
2845 2479 3074 2536 libenter
3097 2479 3299 2551 appetit
3322 2501 3334 2548 ;
3356 2479 3516 2539 audit

1913 2561 2038 2615 qua:
2067 2548 2283 2614 timeat,
2334 2548 2429 2603 sed
2468 2548 2534 2601 ad
2575 2549 2693 2605 haec
2722 2551 2998 2605 ardentior
3044 2548 3279 2606 anhelat.
3317 2553 3515 2610 Paulus

1914 2617 2118 2694 itaque,
2148 2617 2259 2672 Deo
2283 2633 2472 2687 aspera
2500 2626 2556 2673 et
2581 2619 2714 2694 dura
2743 2620 3081 2694 disponente,
3115 2638 3174 2676 se
3203 2624 3409 2677 studuit
3440 2625 3508 2679 ad

1915 2690 2167 2756 graviora
2197 2702 2525 2756 prmparare,
2555 2697 2611 2742 et
2636 2691 2700 2742 ad
2725 2690 2950 2743 adversa
2978 2691 3137 2744 etiam
3167 2707 3234 2746 ex
3262 2708 3360 2747 suo
3385 2702 3513 2749 voto

1915 2754 2160 2828 ducitur,
2198 2754 2344 2828 ‘quia
2397 2758 2659 2811 malorum
2704 2759 3096 2813 imminentium
3150 2763 3511 2828 cognitionem

1914 2825 2176 2896 percipit,
2198 2826 2292 2880 sed
2315 2825 2602 2881 devotione
2623 2829 2841 2896 spiritus
2871 2829 3032 2883 etiam
3073 2831 3141 2884 ad
3166 2825 3375 2886 acriora
3403 2832 3514 2888 fer-

1914 2895 2106 2949 vescit.
2149 2895 2431 2950 Praeeunte
2483 2911 2613 2965 ergo
2650 2895 2794 2952 beati
2844 2897 2994 2953 Pauli
3043 2899 3269 2955 infracta
3312 2903 3513 2960 virtute

1915 2965 2280 3044 instituimur,
2322 2975 2392 3044 _u_t
2433 2968 2478 3022 si
2519 2968 2763 3044 palmam
2782 2968 3098 3044 obedientiaa
3128 2972 3393 3044 veraciter
3418 2988 3512 3044 ap-

1913 3035 2252 3109 prehendere
2280 3035 2536 3109 nitimur,
2555 3039 2794 3095 adversis
2823 3038 2985 3109 hujus
3012 3042 3195 3097 saeculi
3235 3042 3400 3099 etiam
3439 3035 3510 3101 ex

1913 3105 2208 3161 devotione
2233 3107 2549 3163 militemus.

1950 3195 2083 3254 CAP.
2112 3195 2225 3254 XI...
2256 3229 2328 3242 —-
2347 3198 2429 3279 De
2456 3216 2547 3279 spe
2574 3210 2630 3279 et_
2647 3203 3019 3279 resurrectione
3047 3211 3366 3261 mortuorum
3387 3223 3482 3279 ego

2389 3270 2579 3343 iudicor
2609 3271 2746 3343 (Act.
2790 3288 2938 3339 xxm,
2971 3272 3047 3343 6).

2276 3341 2288 3352 ο
2367 3289 2579 3392 ϐιαίων
2609 3289 2746 3395 για.
2790 3289 2938 3339 xxm,
2971 3289 3047 3343 υ).

1991 3340 2074 3411 (In
2103 3348 2334 3410 exposit.
2417 3379 2430 3391 .
2460 3339 2582 3412 Joh,
2635 3342 2707 3412 ib.
2732 3359 2921 3412 xxxiv,
2948 3359 3096 3399 num.
3131 3344 3184 3408 8,
3213 3344 3264 3412 9,
3293 3356 3349 3403 et
3375 3346 3512 3412 Reg.

1913 3410 2069 3483 Pasti
2088 3418 2331 3483 part_._ni,
2359 3426 2479 3483 cap.
2502 3411 2606 3479 23;
2629 3411 2821 3482 Regul.
2849 3411 3058 3483 Pastor.
3081 3424 3220 3483 part.
3245 3410 3324 3483 in,
3347 3433 3397 3472 c.
3420 3410 3512 3483 εὖ,

1915 3489 1973 3553 et
2019 3480 2157 3535 libro
2205 3480 2509 3553 Moraloco
2561 3479 2737 3551 supra'
2775 3479 3030 3540 laudato.’
3064 3479 3262 3541 Homil.
3310 3479 3412 3553 ⁷26,
3460 3479 3516 3544 in

1915 3549 2144 3619 Evang.,
2178 3567 2233 3605 n.
2266 3551 2380 3621 12.)
2406 3550 2559 3606 Sicut
2588 3549 2949 3621 perniciosum
2978 3563 3062 3610 est
3097 3556 3144 3611 si
3173 3558 3349 3612 unitas
3374 3549 3517 3614 desit

1914 3621 2105 3682 bonis;
2138 3622 2212 3696 ita
2237 3621 2614 3696 perniciosius,
2641 3623 2685 3677 si
2714 3638 2822 3678 non
2847 3624 2988 3696 desit
3015 3627 3188 3681 malis.
3227 3626 3514 3696 Reprobo-

1917 3707 2038 3768 rum
2067 3693 2268 3761 quippe
2306 3693 2484 3746 unitas
2507 3692 2776 3768 bonorum
2806 3695 2974 3768 vitam
3000 3692 3364 3768 tantodurius
3387 3716 3517 3768 pr.»

1916 3763 2100 3887 Bedit,
2131 3769 2337 3843 quanto
2366 3777 2426 3816 se
2470 3762 2520 3816 ei
2549 3778 2646 3844 per
2675 3765 3018 3846 collationem
3043 3767 3236 3848 durior
3264 3762 3514 3838 opponit.

1970 3833 2075 3886 nde
2105 3835 2426 3887 nradncator
2454 3846 2700 3887 egregius
2724 3849 2874 3887 ιιι-ενι
2896 3835 3288 3887 Pharisaeorum
3313 3838 3514 3887 Saddn.

1970 3833 2075 3886 nde
2105 3833 2426 3901 praedicator
2454 3834 2700 3901 egregius
2724 3837 2874 3903 gravi
2896 3833 3517 3896 Pharisaeorum'Saddu-

1918 3918 2264 3975 meorumque
2293 3907 2671 3975 persecutione
2697 3906 3084 3975 deprehensus,
3114 3924 3301 3963 eorum
3315 3909 3514 3964 \inita-

1919 3980 2032 4028 tem
2063 3974 2424 4046 perniciosam
2453 3973 2556 4028 sibi
2590 3973 2786 4031 Paulus
2815 3975 2931 4030 fore
2957 3973 3294 4046 conspiciens
3316 4017 3331 4042 ,
3377 3981 3516 4034 inter

1918 4044 2241 4110 semetipsos
2281 4043 2522 4099 dividere
2568 4046 2804 4110 studuit,
2854 4060 2991 4114 quos
3017 4043 3204 4101 contra
3245 4063 3307 4102 se
3337 4047 3516 4105 unitos

1920 4115 2157 4189 graviter
2194 4115 2345 4178 vidit,
2377 4114 2949 4189 et_c‘lamavit,_diceus
2982 4133 2994 4167 :
3036 4114 3146 4189 [iri
3177 4118 3384 4185 fratres,
3419 4134 3514 4189 ego

1920 4184 2222 4239 Pharisaaus
2243 4200 2387 4250 sum,
2416 4183 2556 4252 ﬁlius
2586 4182 2997 4239 Pharisaeorum.
3036 4183 3118 4239 De
3146 4182 3237 4248 spe
3264 4197 3314 4240 et
3337 4182 3515 4242 resu'r-

1919 4257 2150 4310 rectione
2175 4263 2492 4308 mortuorum
2518 4269 2609 4322 ego
2643 4255 2875 4324 judicor.
2915 4253 3051 4320 Quia
3100 4256 3352 4311 nimirum
3379 4272 3515 4314 voce

1919 4333 2456 4397 percussaprotinus
2483 4335 2762 4397 contrase
2789 4325 3022 4397 vicissim
3045 4327 3375 4382 audientium
3400 4329 3515 4385 dis-

1920 4390 2070 4452 siluit
2099 4390 2273 4450 turba.
2299 4395 2541 4461 Dunique
2560 4390 2836 4448 Sadduc'ei
2861 4410 3012 4462 spem
3035 4398 3516 4454 resurrectionem-

1921 4483 2027 4538 que
2074 4473 2409 4538 mortuorum
2435 4477 2587 4538 __esse
2631 4464 2995 4538 denegarent,
3046 4483 3208 4538 quam
3254 4467 3513 4524 Pharisazi

1916 4533 2071 4605 juxta
2099 4536 2240 4589 sacri
2270 4533 2468 4602 eloquii
2501 4543 2767 4604 praecepta
2805 4533 3090 4592 crederent
3110 4577 3126 4604 ,
3166 4539 3304 4594 facta
3344 4547 3429 4594 est
3458 4541 3514 4598 in

1922 4613 2331 4679 persecutorum
2387 4605 2742 4679 unanimitate
2798 4607 3082 4679 dissensio.
3149 4609 3391 4679 Cumque
3457 4609 3513 4679 in

1847 4663 1898 4723 D
1921 4663 2056 4730 duas
2075 4682 2255 4745 partes
2278 4674 2713 4730 tumultuantium
2737 4677 3024 4733 multitudo
3044 4663 3321 4740 dividitur:
3342 4663 3512 4734 Paulo

1921 4746 2008 4800 via
2036 4744 2326 4813 ereptionis
2348 4745 2604 4817 aperitur.
2636 4745 2805 4813 Quem
2829 4749 2969 4802 enim
3001 4749 3156 4802 turba
3185 4762 3512 4817 persequen-

1924 4818 2056 4870 tium
2088 4817 2236 4870 unita
2266 4815 2693 4885 constrinxerat,
2735 4819 2906 4873 divisa
2940 4818 3156 4873 laxabat
3186 4815 3202 4871 Ξ
3255 4825 3311 4872 et
3339 4815 3511 4875 divisa

1922 4887 2078 4941 turba
2109 4885 2303 4940 Paulus
2332 4887 2526 4957 illaesus
2555 4889 2704 4952 exiit,
2736 4903 2855 4957 quae
2883 4890 3024 4942 hunc
3057 4890 3205 4942 unita
3234 4888 3382 4957 prius
3412 4889 3511 4943 im.

1922 4959 2157 5012 maniter
2185 4957 2394 5025 pressit.
2429 4955 2962 5027 Eripiunturetenim
3005 4957 3173 5026 justi,
3213 4955 3338 5013 dum
3369 4958 3512 5013 divi-

1923 5029 2123 5083 duntur
2177 5029 2398 5097 injusli;
2445 5037 2500 5082 et
2549 5028 2615 5082 ad
2667 5029 2962 5099 perfectum
2993 5036 3140 5099 _vota
3190 5029 3511 5096 perveniunt

1920 5101 2240 5166 electorum,
2273 5102 2396 5153 dum
2421 5113 2514 5166 per
2533 5097 2852 5153 discordiam
2877 5097 3276 5154 confunduntur
3295 5100 3511 5166 agmina

1922 5171 2294 5236 reproborum.
2319 5171 2424 5224 Sed
2451 5170 2574 5239 quia
2602 5177 2727 5222 sunt
2757 5168 2994 5223 nonnulli
3023 5170 3113 5236 qui
3142 5170 3209 5224 de
3236 5183 3512 5224 resurrecr

1924 5241 2069 5296 tione
2105 5242 2282 5294 carnis
2310 5241 2498 5295 incerti
2526 5246 2679 5302 sunt,
2721 5247 2775 5292 et
2802 5241 2938 5293 hanc
2967 5247 3096 5295 tunc
3123 5241 3325 5295 rectius
3347 5240 3512 5294 doce-

1924 5327 2042 5365 mus
2061 5353 2076 5379 ,
2115 5312 2158 5366 si
2191 5312 2349 5365 etiam
2379 5309 2620 5363 cortlium
2669 5317 2972 5364 nostrorum
3003 5312 3384 5379 qumstionibus
3412 5325 3510 5364 oc-

1923 5383 2082 5438 cultis
2112 5382 2473 5444 occurrimus;
2505 5394 2683 5450 pauca
2708 5381 2863 5435 nobis
2903 5381 2970 5435 de
2997 5383 3126 5450 ipsa
3155 5381 3510 5434 resurrectio-

1926 5453 2010 5509 nis
2039 5451 2145 5506 ﬁde
2173 5452 2440 5521 loquenda
2467 5460 2606 5503 sunt.
2640 5449 2791 5504 Multi
2818 5451 3015 5506 etenim
3034 5449 3056 5517 7,
3102 5452 3241 5505 sicut
3281 5465 3381 5505 nos
3409 5450 3511 5504 ali-

1927 5523 2140 5593 quando
2170 5520 2540 5593 fuimus,_dum
2569 5536 2786 5575 carnem
2815 5521 2870 5576 in
2914 5521 3252 5593 putredinem
3277 5534 3512 5593 ossaque

1927 5591 1981 5648 in
2002 5595 2276 5664 pulverem
2305 5591 2470 5659 redigi
2501 5607 2596 5660 per
2617 5593 2861 5664 sepulcra
2877 5592 3236 5664 conspiciunt,
3270 5591 3509 5664 reparari

1926 5661 2242 5733 expulvere
2270 5677 2489 5716 carnem
2516 5670 2572 5733 et
2597 5677 2719 5718 ossa
2746 5661 3030 5733 difﬁdunt,
3064 5663 3248 5732 sicque
3276 5661 3417 5732 apud
3448 5675 3510 5713 se

1927 5731 2491 5806 qua—sitratiocinautes
2514 5731 2700 5806 dicunt
2728 5750 2740 5785 :
2778 5731 2998 5806 Quando
3034 5749 3100 5787 ex
3128 5731 3338 5806 pulvere
3356 5734 3507 5806 homo

1927 5801 2227 5859 reducitur?
2258 5803 2476 5868 Quando
2506 5804 2696 5874 agitur,
2726 5813 2781 5857 ut
2803 5805 2934 5859 cinis
2960 5801 3259 5859 animetur?
3288 5801 3508 5874 Quibus

1927 5876 2162 5933 breviter
2199 5873 2585 5948 respondemus
2621 5876 2746 5932 auia
2777 5875 2934 5948 longe
2963 5876 3140 5932 minus
3165 5883 3248 5930 cst
3284 5873 3395 5928 Deo
3425 5885 3504 5943 re_~

3066 5992 3143 6058 ιιι
