3974 6350
214 382 237 436 1
249 378 349 438 297

810 375 1053 433 ALUM‘I
1099 376 1451 436 EXPOSITIO
1488 377 1642 436 NOVl
1682 378 1873 438 TES'I‘.
1914 408 1982 424 —-
2018 382 2165 440 SUP.
2211 384 2313 441 ΕΡ.
2356 374 2555 441 PAULI
2596 384 2682 441 AD
2720 381 2879 439 ROM.

3318 379 3462 440 1998

211 510 344 567 Csp.
369 506 459 564 XI.
482 538 553 550 --
586 502 747 559 Video
769 505 926 560 aliam
947 507 1108 587 legem
1128 510 1180 562 in
1200 509 1438 565 Membris
1458 510 1584 564 meis
1605 509 1783 582 (Rom.
1814 514 1862 572 Α
1890 510 2192 587 adoptionis
2210 515 2536 587 consolatur,
2567 515 2750 571 dicens
2768 531 2781 569 :
2798 514 2921 587 Non
2939 518 3202 585 aet'epislis
3221 518 3456 587 spiritum

878 592 977 643 vn,
999 576 1131 649 '25).

289 669 385 743 (la
409 668 641 740 exposit.
661 667 722 743 β.
751 665 873 734 Job,
895 666 988 723 lib.
1021 685 1131 732 xix.
1160 685 1310 743 nam.
1336 670 1450 740 12.)
1474 672 1629 743 ,Tunc
1651 673 1790 743 bene

215 739 443 799 interius
476 739 850 810 custodimur,
898 754 1019 793 cum
1061 755 1158 809 per
1196 741 1648 810 dispensationem
1695 742 1789 797 Dei

216 809 571 869 tolerabiliter
600 817 866 879 tentamur
894 810 1151 877 exterius,
1182 809 1470 879 aliquando
1498 812 1661 878 vitiis,
1691 811 1791 865 ali-

216 880 736 953 quatdopvessuris.
769 878 898 932 Nam
929 881 1007 933 eis
1035 895 1248 953 quoque
1276 878 1428 951 quos
1457 883 1600 936 viros
1638 881 1792 936 novi-

216 950 338 1007 mus
383 950 540 1005 luisse
568 950 854 1013 virtutum,
889 950 1210 1005 tentationes
1256 950 1321 1005 et
1360 952 1651 1005 certamina
1682 967 1786 1007 non

215 1022 433 1078 deluere
462 1020 733 1073 vitiorum.
764 1017 899 1073 Hinc
920 1027 1003 1072 est
1030 1020 1172 1075 enim
1199 1020 1341 1078 quod
1369 1022 1436 1075 ad
1461 1021 1793 1076 consolatio—

216 1106 338 1148 Ilelll
368 1100 603 1144 nostram
639 1088 831 1159 beatus
870 1088 1066 1159 Paulus
1091 1088 1410 1159 praedicator
1437 1090 1684 1159 egregius
1722 1091 1791 1146 de

216 1178 277 1216 se
304 1159 546 1231 QUIBdaIIl
578 1158 704 1231 talia
751 1157 979 1231 prodere
1010 1157 1271 1231 dignatur
1293 1200 1308 1223 ,
1358 1157 1542 1231 dicens
1572 1157 1586 1214 Ξ
1630 1159 1791 1214 Video

215 1228 372 1285 aliain
393 1231 555 1300 legem
582 1230 635 1280 in
660 1228 895 1300 membris
924 1228 1069 1287 meis.
1099 1239 1465 1300 repugnantem
1484 1230 1583 1299 legi
1607 1231 1793 1284 mentis

216 1316 361 1364 meae,
390 1297 714 1371 et_'captivum
744 1314 824 1371 me
842 1297 1106 1371 ducentem
1125 1298 1179 1352 in
1208 1297 1334 1371 lege
1344 1297 1557 1369 peccati,
1581 1315 1694 1371 qua:
1714 1308 1792 1353 est

216 1372 270 1425 in
296 1369 535 1424 membris
558 1369 703 1422 meis.
735 1367 815 1421 Ad
846 1367 951 1420 ima
979 1369 1176 1438 quippe
1200 1367 1363 1423 trahit
1390 1384 1550 1435 caro,
1594 1367 1664 1423 ne
1691 1384 1788 1423 ex-

220 1441 437 1495 tollatur
461 1438 702 1507 spiritus,
732 1447 787 1491 et
807 1440 873 1508 ad
897 1453 1104 1491 summa
1127 1438 1288 1492 trahit
1315 1438 1551 1508 spiritus,
1580 1453 1792 1508 negpro—

217 1506 664 1564 sternatur’caro:
690 1507 909 1576 spiritus
932 1510 1094 1573 levat,
1118 1523 1185 1562 ne
1204 1506 1481 1577 jaceamus
1501 1509 1554 1563 in
1576 1506 1788 1573 inlimis,

219 1595 348 1634 caro
368 1586 637 1647 aggravet,
672 1594 739 1633 ne
758 1577 1082 1632 extollamur
1104 1591 1171 1631 ex
1192 1579 1445 1641 summis;
1476 1578 1520 1632 si
1545 1594 1652 1633 non
1673 1578 1793 1632 sub-

220 1646 433 1704 levante
460 1647 647 1717 spiritu
671 1663 770 1702 nos
798 1662 928 1701 caro
951 1655 1203 1717 tentaret,
1236 1647 1567 1717 perlectione
1608 1646 1794 1717 procul

218 1718 381 1774 dubio
411 1716 720 1773 lentationis
746 1732 856 1772 sua;
892 1717 944 1771 in
983 1717 1089 1771 ima
1128 1716 1401 1785 dejiceret.
1437 1717 1640 1773 Rursus
1665 1732 1793 1773 vero

219 1789 265 1843 si
299 1803 404 1843 non
435 1794 677 1842 tentante
705 1801 866 1842 carne
894 1785 963 1841 ad
998 1802 1205 1842 summa
1241 1803 1341 1843 nos
1368 1788 1587 1856 spiritus
1615 1788 1795 1843 suble-

1890 583 2155 656 servitutis
2174 585 2356 656 iterum
2402 586 2455 638 in
2505 587 2683 639 timore
2724 586 2880 656 :Ased
2913 583 3179 656 accepistis
3221 583 3458 656 spiritum

1891 652 2185 724 qdoptionis
2220 655 2479 724 ﬁliorum,
2509 656 2563 708 in
2592 672 2693 724 quo
2728 654 3006 709 clamamus
3031 652 3047 708 ἓ
3071 652 3458 724 Αὺὺα,Ῥαιετ,

1890 718 2072 776 Justus
2100 718 2241 795 enim
2273 739 2392 795 esse
2435 739 2540 778 non
2564 718 2706 795 valet
2733 725 2786 795 in
2820 732 3110 794 conspectu
3142 718 3239 779 Dei
3270 727 3364 795 qui
3404 723 3458 779 ei

1892 806 1997 844 non
2018 807 2115 862 per
2131 792 2467 848 dilectionem
2497 794 2591 849 sed
2616 809 2712 864 per
2731 792 3066 849 formidinem
3096 795 3279 850 servit.

1891 880 2021 937 CAP.
2052 882 2179 958 XV.
2198 912 2269 924 —
2295 885 2415 958 _Non
2444 895 2562 940 sunt
2586 886 3144 958 eondignazpassiones
3166 888 3315 958 hujus
3338 898 3463 945 tem-

2067 956 2207 1023 poris
2236 956 2304 1007 ad
2324 958 2551 1026 futuram
2580 956 2797 1027 gloriam
2825 956 3001 1027 (Rom.
3024 973 3134 1024 vnt,
3170 957 3282 1027 18).

1965 1041 2043 1112 (In
2073 1045 2300 1117 exposit.
2328 1044 2388 1099 Β.
2417 1044 2540 1117 Joh,
2576 1046 2666 1100 lib.
2698 1063 2807 1113 vin,
2837 1064 2982 1103 num.
3012 1047 3126 1117 14.)
3153 1047 3319 1105 Electi
3342 1049 3466 1117 qui-

1892 1126 1997 1182 que
2026 1128 2146 1168 cum
2194 1113 2497 1186 hujusmodi
2535 1117 2757 1173 adversa
2797 1113 3117 1186 patiuntur,
3143 1134 3265 1174 cum
3301 1113 3463 1175 inho-

1892 1190 2149 1245 nestates.
2182 1185 2553 1250 contumelias,
2585 1200 2763 1240 rerum
2792 1185 3006 1248 damna,
3038 1188 3305 1244 cruciatus
3339 1202 3465 1243 cor-

1892 1252 2040 1320 poris
2079 1252 2337 1325 tolerant,
2386 1270 2504 1309 esse
2544 1257 2724 1323 gravia
2753 1257 2947 1324 quibus
2976 1265 3297 1312 exercentur
3333 1272 3467 1325 pen-

1892 1330 2045 1395 sant;
2077 1322 2169 1395 sed
2193 1337 2312 1377 cum
2344 1325 2538 1395 mentis
2558 1322 2785 1380 'oculum'
2811 1325 2879 1380 ad
2906 1335 3118 1380 aeternae
3138 1326 3325 1395 patriae
3338 1322 3469 1395 con-

1892 1390 2271 1463 siderationem
2326 1394 2581 1458 tendunt,
2649 1409 2717 1450 ex
2768 1390 3170 1463 comparatione
3226 1394 3463 1462 pnemii,

1893 1475 2055 1532 quam
2085 1461 2154 1515 sit
2182 1462 2299 1516 leve
2326 1466 2466 1531 quod
2493 1464 2771 1532 patiuntur
2795 1461 3089 1519 inveniunt.
3139 1465 3292 1531 Quod
3320 1465 3464 1518 enini

1893 1530 2049 1583 valde
2096 1546 2215 1586 eSse
2253 1530 2591 1599 importabile
2619 1550 2684 1588 ex
2715 1533 2904 1589 dolore
2929 1530 3257 1596 ostenditur,
3288 1534 3468 1588 consi-

1893 1599 2420 1670 derationeiprovida
2448 1619 2515 1657 ex
2548 1604 2980 1658 remuneratione
3014 1603 3293 1670 levigatur.
3334 1602 3470 1657 Hinc

1895 1677 1978 1724 est
2004 1671 2146 1737 quod
2175 1669 2370 1741 Paulus
2397 1688 2610 1741 semper
2635 1673 2815 1740 seipso
2849 1674 3117 1728 robustior
3133 1669 3332 1727 contra
3373 1670 3468 1725 ad-

1895 1754 2051 1811 versa
2079 1739 2329 1811 erigitur,
2382 1739 2780 1811 quia—nimirum
2804 1741 2961 1796 linem
2989 1743 3071 1797 sui
3109 1744 3288 1811 operis
3327 1756 3468 1811 prae-7

1898 1808 2148 1882 stolatur.
2180 1808 2355 1865 Grave
2397 1808 2625 1881 namque
2652 1812 2796 1882 quod
2838 1813 3065 1868 sustinet
3098 1808 3469 1882 mstimat,_sed

219 1857 780 1949 ZEE?E:_§'1_S.‘!P"E.‘1‘?
806 1857 1093 1949 3593??“
1112 1872 1232 1949 Ξῗῖ
1244 1857 1795 1949 ΡῗὲἓξέΡδίεῖῐπὶίὶἸῩ
1830 1873 1872 1934 B
1898 1857 2167 1949 Ῑιῖἷίἑίιὲ
2189 1857 2311 1947 ἶὲιέ
2327 1857 3074 1949 ’ρῦἓὲἱῆῧ”ἷιοῗιέἷᾶετῖιῖἷᾶἱὶὲῖἶι
3099 1857 3470 1949 ἰῖέῖἰέἒῖῗιῖιὲἒ

221 1926 605 1998 prosterneret.
655 1926 759 1982 Sed
806 1926 865 1981 lit
910 1935 1060 1998 certo
1112 1926 1510 1998 moderamine,
1563 1936 1630 1998 ut,
1668 1928 1795 1982 dum

222 1996 585 2067 unusquisque
605 2007 913 2067 sanctorum
931 1996 1045 2065 jam
1071 1996 1287 2065 quidem
1317 1998 1541 2052 interius
1566 1996 1635 2051 ad
1658 2012 1799 2052 sum-

220 2066 552 2139 mara’pitur,
584 2067 679 2122 sed
705 2066 1145 2139 adhucteutatur
1169 2067 1407 2121 exterius
1424 2108 1441 2133 ,
1474 2082 1575 2139 nec
1600 2070 1796 2136 despo-

220 2135 445 2195 ration'is
473 2136 699 2207 lapsum,
727 2150 828 2207 nec
855 2135 1385 2207 elationisincurrat,
1415 2136 1666 2207 quoniam
1696 2151 1799 2193 nec

220 2208 459 2263 exterior
475 2206 697 2261 tentatio
711 2206 921 2275 culpam
945 2206 1170 2275 perlicit,
1193 2207 1317 2276 quia
1334 2206 1560 2262 interior
1571 2207 1798 2261 intentio

220 2292 430 2334 sursum
461 2276 650 2341 trahit;
681 2290 782 2331 nec
807 2291 1019 2331 rursum
1045 2276 1269 2330 interior
1289 2276 1516 2331 intentio
1546 2277 1599 2331 in
1620 2291 1801 2345 super-

220 2347 367 2404 biam
396 2348 589 2410 elevat,
619 2346 874 2415 quoniam
899 2347 1125 2400 tentatio
1148 2347 1385 2400 exterior
1413 2347 1799 2401 humiliatdum

219 2425 428 2487 gravat.
467 2416 664 2487 Sicque
690 2430 885 2487 magno
913 2416 1101 2487 ordine
1145 2416 1520 2487 cognoscimus
1569 2416 1622 2487 in
1663 2415 1801 2487 inte-

221 2484 366 2558 riore
388 2484 654 2558 profecttL
672 2485 798 2558 quid
843 2485 1169 2558 accipimus,
1221 2486 1274 2539 in
1305 2486 1558 2558 exteriori
1587 2485 1799 2541 defectu

224 2557 349 2628 quid
377 2552 581 2611 s'umus.
614 2552 845 2628 Et_'_m_iro
880 2552 1040 2609 modo
1079 2556 1254 2624 agitur
1281 2563 1343 2610 ut
1370 2570 1470 2628 nec
1497 2555 1565 2611 de
1604 2560 1803 2610 virtute

222 2624 505 2697 quisquam
529 2624 717 2697 extolli
746 2625 957 2697 debeat,
990 2638 1089 2678 nec
1115 2628 1181 2679 de
1212 2627 1505 2697 tentatione
1531 2628 1799 2697 desperet,

223 2694 350 2765 tiuia
364 2694 491 2750 dum
506 2694 725 2764 spiritus
746 2695 925 2765 trahit,
959 2703 1014 2765 et
1033 2695 1425 2765 caroiretrahit,
1455 2695 1803 2748 subtilissima

222 2762 405 2835 iudicii
453 2762 650 2835 interni
667 2763 1052 2835 moderamine
1081 2762 1491 2835 _inl‘ra__summa
1536 2774 1593 2817 et
1639 2776 1803 2832 supra

224 2830 427 2899 inﬁma,
457 2833 511 2887 in
538 2832 776 2902 quodam
806 2832 982 2886 medio
1009 2830 1189 2885 anima
1219 2831 1463 2886 libratur.

221 2940 352 2999 Car.
377 2940 490 2998 ΧΠ.
518 2973 591 2987 -—-
622 2942 728 2999 Vos
747 2952 1047 3014 autemnon
1072 2944 1193 2997 estis
1220 2944 1275 3014 in
1299 2959 1473 3009 carne,
1504 2943 1596 2998 sed
1621 2944 1677 2998 in
1697 2944 1806 3014 spi-

738 3015 841 3067 ritu
869 3011 1045 3084 (Rom.
1069 3028 1178 3077 vni,
1211 3012 1290 3083 9).

298 3108 390 3181 (In
421 3107 651 3181 exposit.
686 3106 748 3162 Β.
774 3105 902 3181 _.l_ob,
934 3106 1028 3161 lib.
1056 3121 1166 3175 xtv,
1194 3121 1338 3160 num.
1371 3105 1487 3178 72.)
1515 3104 1653 3162 Justi
1675 3120 1807 3181 gau-

226 3177 373 3235 dium
401 3194 555 3233 suum
593 3178 647 3232 in
686 3177 836 3233 ctelis
862 3185 1095 3247 ponunt,
1139 3191 1435 3245 eorumque
1463 3177 1804 3247 Conversatio

229 3249 284 3304 in
327 3250 478 3304 caelis
504 3256 617 3313 est;
648 3255 705 3303 et
732 3239 949 3301 cum'in
978 3239 1321 3316 carnegsunt,
1346 3239 1529 3316 adhuc
1557 3246 1711 3316 quasi
1748 3246 1803 3303 in
1829 3239 1876 3303 C

228 3333 392 3374 carne
414 3318 525 3386 jam
551 3333 662 3386 non
705 3325 859 3384 sunt,
905 3318 1030 3385 quia
1076 3315 1217 3386 nulla
1244 3318 1419 3370 carnis
1446 3315 1805 3374 deleCtatione

227 3385 539 3460 pascuntur.
576 3385 1288 3460 Undegquibusdamjicitur
1319 3403 1350 3460 :_
1378 3386 1478 3460 vos
1505 3396 1674 3441 autem
1698 3403 1803 3442 non

229 3454 353 3512 'estis
372 3459 426 3511 in
451 3474 626 3523 carne,
652 3456 743 3511 sed
762 3454 815 3509 in
840 3457 1044 3525 spiritu.
1065 3454 1250 3525 Neque
1267 3455 1407 3510 enim
1432 3457 1483 3509 in
1509 3470 1671 3511 carne
1698 3472 1805 3512 non

228 3535 383 3583 erant
410 3528 500 3596 qui
529 3526 769 3598 magistri
798 3527 1054 3598 epistolas
1082 3534 1138 3581 et
1163 3526 1559 3598 exhortationis
1589 3526 1806 3598 eloquia

228 3595 610 3667 suscipiebant,
643 3595 737 3651 sed
766 3595 1051 3667 itu—Asijam
1080 3610 1185 3651 non
1214 3596 1269 3649 in
1297 3609 1461 3651 carne
1485 3608 1606 3651 esse
1632 3605 1718 3651 est
1742 3597 1810 3651 de

231 3666 419 3722 amore
444 3667 736 3721 carnalium
766 3666 899 3720 nihil
928 3666 1146 3720 habere.

231 3755 361 3813 CAP.
392 3754 531 3812 X111.
558 3787 630 3801 —-
657 3755 718 3812 Si
740 3756 852 3826 quis
882 3756 1120 3826 spiritum
1162 3754 1364 3826 Christi
1381 3771 1485 3810 non
1513 3754 1695 3821 habet,
1728 3756 1810 3811 hic

626 3843 728 3881 non
752 3824 833 3879 est
857 3824 969 3896 ejus
999 3824 1175 3897 (Rom.
1198 3841 1311 3892 vni,
1342 3824 1418 3894 9).

306 3916 524 3987 (Homil.
551 3915 639 3976 24.
672 3918 727 3972 in
760 3916 984 3984 Evang.,
1015 3931 1069 3970 n.
1095 3915 1171 3986 6.)
1202 3914 1505 3987 Meminisse
1531 3914 1809 3983 debemus,

233 3985 359 4061 quid
389 3990 457 4042 de
484 3996 671 4061 sancto
690 3987 900 4061 Spiritu
939 3986 1080 4061 dicat
1107 3988 1304 4061 beatus
1342 3985 1534 4061 Paulus
1567 4004 1581 4040 :
1613 3987 1685 4061 Si
1700 3989 1814 4061 quis

233 4054 471 4131 spiritum
510 4056 701 4131 Christi
730 4054 831 4110 non
863 4054 1057 4131 liabet,
1097 4056 1179 4110 hic
1221 4072 1324 4131 non
1352 4064 1427 4131 est
1458 4056 1597 4131 ejus.
1650 4054 1811 4131 Quasi

234 4126 450 4199 quidam
484 4128 679 4199 titulus
714 4136 804 4199 est
822 4126 1437 4199 Adivinaupossessionis
1455 4127 1571 4199 iste,
1596 4128 1814 4195 spiritus

237 4195 455 4255 amoris.
480 4197 725 4265 Nunquid
755 4195 996 4266 spiritum
1020 4195 1216 4251 Christi
1243 4196 1402 4249 habet
1424 4196 1468 4249 is
1488 4196 1639 4264 cujus
1658 4212 1813 4251 men-

236 4279 345 4325 tem
372 4268 496 4324 odia
519 4264 799 4338 dissipant,
824 4264 984 4321 elatio
1014 4266 1179 4338 inﬂat,
1210 4267 1288 4320 ira
1314 4281 1483 4338 usque
1505 4273 1571 4321 ad
1599 4266 1815 4338 divisio-

239 4355 359 4394 nem
415 4338 608 4392 mentis
652 4336 973 4405 exasperat,
1031 4337 1255 4391 avaritia
1312 4337 1546 4399 cruciat,
1603 4336 1814 4391 luxuria

235 4410 496 4464 enervat?
531 4406 864 4472 Pensate'qui
885 4406 954 4459 sit
972 4406 1188 4472 spiritus
1209 4406 1425 4461 Christi.
1456 4406 1704 4461 Profecto
1725 4407 1816 4462 ille

238 4479 329 4547 qui
360 4476 487 4547 facit
515 4476 714 4547 amicos
748 4482 804 4527 et
834 4475 1078 4547 inimicos
1105 4476 1283 4543 diligi,
1326 4483 1537 4529 terrena
1558 4476 1813 4547 despici,

238 4543 339 4617 pro
376 4543 676 4598 cmlestibus
714 4544 963 4617 testuari,
1014 4557 1229 4617 carnem
1260 4553 1478 4617 propter
1516 4545 1643 4597 vitia
1676 4560 1812 4617 con-

238 4611 361 4681 teri,
391 4621 623 4667 mentem
646 4627 676 4666 a
700 4612 1147 4681 concupiscentiis
1175 4612 1391 4666 frenari.
1422 4611 1478 4665 Si
1504 4626 1632 4680 ergo
1654 4613 1814 4669 vultis

235 4687 325 4757 jus
344 4679 672 4757 cognoscere
687 4680 1037 4757 possessionis
1052 4679 1169 4757 Dei,
1195 4695 1479 4757 personam
1500 4679 1815 4750 perpendite

239 4749 565 4827 possessoris
614 4749 804 4827 nostri.
849 4749 989 4808 Ecce
1014 4749 1371 4827 Aenitnjquod
1410 4749 1640 4827 diximus
1678 4766 1815 4827 _voce

240 4819 475 4880 veridica
506 4822 699 4876 Paulus
728 4822 925 4875 clamat
957 4839 975 4892 εΔ
1004 4820 1066 4876 Si
1102 4822 1214 4892 quis
1239 4820 1476 4892 spiritum
1498 4819 1689 4892 Christi
1709 4837 1814 4875 non

242 4895 427 4958 habet,
458 4893 538 4945 hic
559 4909 662 4945 non
687 4900 763 4945 est
790 4894 922 4960 ejus.
951 4890 1029 4962 Ac
1056 4893 1101 4945 si
1115 4889 1311 4962 aperte
1338 4891 1480 4962 dicat
1504 4908 1517 4943 :
1541 4889 1642 4956 Qui
1674 4906 1814 4962 nunc

245 4965 354 5019 Deo
370 4964 701 5018 inhabitante
727 4976 833 5015 non
855 4960 1057 5028 regitur
1070 4963 1138 5015 de
1151 4960 1340 5015 divinae
1354 4960 1612 5016 claritatis
1636 4961 1815 5031 specie

242 5035 581 5105 postmodum
611 5046 717 5085 non
746 5030 975 5083 laztatur.

241 5123 371 5178 Car.
397 5120 535 5176 XIV.
562 5152 633 5164 —
658 5117 783 5174 Non
807 5118 1075 5190 accepistis
1098 5120 1612 5190 spiritumhseruitutis
1634 5122 1819 5175 iterum

657 5192 711 5244 in
744 5191 925 5244 timore
949 5187 1135 5261 (Rom.
1152 5206 1262 5255 vm,
1291 5187 1401 5255 15).

318 5280 406 5349 (ln
435 5281 664 5351 exposit.
693 5280 754 5351 Β.
786 5278 907 5347 Joh,
936 5280 1027 5337 lib.
1076 5296 1160 5349 χι,
1208 5296 1351 5351 num.
1401 5278 1517 5348 55.)
1567 5278 1820 5339 Iudaicus

284 5351 475 5421 opulus
500 5349 687 5407 servus
706 5349 824 5413 fuit,
857 5351 947 5420 qui
973 5366 1074 5405 non
1100 5367 1282 5421 amore
1312 5350 1403 5406 lilii
1425 5352 1821 5421 obsequebatur

284 5366 475 5421 opulus
500 5366 687 5407 servus
706 5366 824 5413 tun,
857 5367 947 5420 qui
973 5366 1074 5405 non
1100 5367 1282 5406 amore
1312 5366 1403 5406 mn
1425 5366 1821 5421 oosequenatur

244 5366 498 5489 nomino,
527 5422 621 5476 sed
644 5422 836 5475 timore
862 5421 1057 5474 servili.
1093 5420 1202 5475 Lex
1228 5436 1458 5490 namque
1485 5422 1584 5475 sub
1608 5422 1822 5479 ultionis

245 5492 622 5562 persecutione
663 5491 917 5562 populum
965 5492 1171 5562 tenuit,
1217 5502 1275 5544 ut
1313 5491 1551 5562 quisquis
1592 5492 1688 5545 sub
1730 5493 1819 5547 illa

246 5560 497 5632 peccaret
537 5561 778 5630 protinus
814 5568 987 5632 morte
1025 5560 1345 5632 puniretur,
1384 5560 1481 5616 nec
1525 5560 1816 5617 Israelitica

288 5631 401 5686 lelis
430 5645 498 5685 ex
527 5629 709 5685 amore
735 5672 751 5697 ,
788 5630 882 5685 sed
931 5629 1158 5683 Domino
1196 5631 1461 5685 serviebat
1499 5646 1563 5685 ex
1606 5633 1818 5688 timore.

298 5716 529 5771 unquam
560 5709 741 5771 autem
771 5700 976 5769 impleri
999 5699 1204 5771 justitja
1228 5710 1407 5768 potest
1435 5716 1528 5771 per
1550 5701 1819 5767 timorem,

249 5769 563 5840 quia‘juxta
592 5769 817 5841 Joannis
841 5785 1027 5824 vocem
1076 5788 1089 5822 :
1126 5769 1635 5841 Perfectus/raritas
1676 5774 1819 5841 foras

252 5837 663 5899 mittit'timorem
694 5840 759 5913 (ι
784 5839 942 5896 Joan.
994 5855 1077 5905 tv,
1116 5837 1246 5911 10).
1266 5837 1461 5895 Paulus
1505 5852 1635 5907 ergo
1676 5837 1821 5943 lilio}

1902 1948 2283 2020 quippegquam‘
2313 1948 2383 2003 sit
2411 1965 2573 2017 grave
2600 1952 2743 2020 quod
2767 1952 2987 2020 patitur,
3017 1948 3215 2007 indicat
3241 1969 3254 2005 :
3288 1950 3387 2014 Qui
3414 1951 3471 2004 in

1900 2018 2187 2092 carceribus
2231 2017 2693 2083 abundantiusfin
2741 2017 2907 2092 plagis
2935 2039 3095 2092 supra
3132 2022 3368 2092 modum,
3416 2022 3473 2092 in

1900 2087 2146 2161 mortibus
2187 2092 2472 2161 frequenter
2499 2110 2553 2145 se
2592 2087 2751 2161 fuisse
2778 2087 3046 2149 teitatur':
3084 2093 3168 2161 qui
3209 2108 3241 2144 a
3273 2089 3473 2143 ludatis

1900 2159 2163 2231 quinquies
2192 2160 2546 2229 quadragenas
2570 2159 2673 2214 una
2700 2162 2868 2215 minus
2896 2159 3137 2231 accepit:
3168 2161 3254 2231 qui
3281 2168 3357 2212 ter
3379 2161 3475 2213 uir-

1902 2227 1981 2314 gis
2005 2227 2210 2314 elusus,
2229 2227 2673 2314 semel—lapidatus
2698 2240 2803 2314 est,
2826 2241 2902 2314 ter
2920 2227 3250 2314 naufragium.
3268 2245 3470 2314 μίξεως.

1902 2306 2051 2350 nocte
2069 2306 2118 2371 et
2142 2299 2225 2352 die
2242 2300 2293 2352 in
2319 2299 2576 2369 profundo
2597 2304 2755 2354 maris
2778 2302 2874 2371 fuit
2902 2316 2921 2354 :
2952 2299 3039 2369 qui
3057 2299 3282 2370 pericula
3305 2300 3475 2371 [lumi-

1900 2381 2044 2440 nam,
2076 2368 2352 2440 latronum,
2384 2386 2450 2423 ea:
2477 2386 2679 2439 genere,
2716 2368 2786 2423 ρκ’
2799 2368 3065 2440 gentibus,
3085 2371 3138 2422 in
3165 2371 3391 2440 ciuitate,
3418 2370 3475 2422 in

1903 2436 2200 2510 solitudine,
2223 2439 2277 2490 in
2305 2440 2457 2500 mari,
2477 2436 2541 2492 in
2576 2440 2723 2510 falsis
2754 2436 2998 2508 fratribus
3026 2441 3278 2509 pertulitu
3310 2439 3397 2510 qui
3422 2441 3476 2510 in

1902 2505 2100 2579 labore,
2143 2516 2193 2560 et
2222 2517 2472 2573 (erumna,
2510 2505 2794 2579 in'jejuniis
2825 2505 3033 2571 multis,
3055 2510 3109 2561 in
3138 2511 3273 2579 fame
3293 2505 3341 2562 et
3365 2509 3477 2575 siti,

1901 2574 1960 2649 in
1980 2577 2176 2646 frigore
2194 2588 2242 2630 et
2263 2579 2496 2649 nuditate
2516 2574 2806 2649 lgboravit;
2829 2583 2913 2647 qui
2938 2579 3067 2649 [oris
3090 2574 3307 2649 pugnas,
3339 2580 3479 2649 intus

1904 2645 2112 2699 timores
2140 2649 2383 2700 sustinuit
2405 2646 2491 2716 (II
2520 2645 2639 2701 cor.
2666 2663 2737 2711 xt,
2768 2645 2988 2718 23w.)
3016 2666 3030 2701 :
3058 2645 3314 2713 q'ui'ultra
3341 2648 3479 2701 vires

1904 2725 2181 2787 gravatum
2208 2730 2266 2769 se
2287 2731 2405 2770 esse
2434 2718 2643 2782 asserit,
2672 2718 2856 2772 dicens
2885 2738 2895 2769 ;
2924 2716 3103 2787 Supra
3128 2718 3333 2770 modum
3354 2733 3480 2786 gra-

1905 2783 2008 2835 vati
2038 2799 2417 2853 sumus,supra
2441 2787 2671 2839 virtutem
2691 2826 2705 2849 ,
2750 2789 2822 2840 ita
2864 2796 2919 2838 ut
2959 2783 3167 2839 uideret
3204 2801 3297 2840 nos
3324 2783 3481 2839 eiiam

1904 2852 2070 2923 trivere
2096 2857 2113 2921 (
2136 2851 2195 2905 11
2215 2851 2335 2907 Cor;
2376 2869 2423 2916 ι,
2454 2855 2549 2923 8).
2594 2854 2698 2908 Sed
2731 2855 3006 2923 quomodo
3034 2856 3483 2909 remunerationis

1905 2919 2075 2992 linteo
2108 2919 2363 2992 sudorem
2400 2919 2532 2977 tanti
2564 2919 2761 2979 laboris
2806 2934 2976 2992 tergat
3021 2925 3133 2992 ipse
3180 2926 3478 2988 denuntiat,

1908 2988 2090 3064 dicens
2125 3009 2137 3043 :
2183 2989 2435 3047 Existimo
2464 2996 2598 3063 quod
2626 3009 2728 3047 non
2771 2988 3190 3064 sunt'condignte
3218 3002 3483 3064 passiones

1909 3059 2332 3135 [tujustemporis
2368 3066 2436 3135 att
2475 3059 2707 3133 futuram
2738 3065 2954 3135 gloriam
2981 3104 2997 3128 ,
3042 3059 3156 3135 quc
3180 3059 3485 3135 revelabitur

1907 3129 1965 3184 in
1992 3129 2159 3204 nobis.
2195 3129 2393 3186 Finem
2422 3129 2602 3202 itaque
2645 3129 2824 3203 operis
2868 3129 3231 3204 praestolatur,
3274 3140 3332 3187 et
3355 3131 3485 3204 dum

1911 3198 2207 3266 profectum
2253 3198 2702 3258 remunerationis
2731 3198 3067 3269 considerat,
3118 3198 3223 3259 vile
3254 3203 3485 3258 aestimat

1908 3269 2055 3339 quod
2080 3285 2218 3341 pene
2237 3271 2487 3327 deﬁciens
2509 3272 2735 3328 laborat.

1979 3380 2108 3438 CAP.
2136 3381 2271 3438 XVI.
2296 3416 2367 3428 -
2398 3384 2633 3457 Vanitati
2666 3394 2900 3440 creatura
2926 3386 3159 3457 subjecta
3177 3391 3278 3454 est,
3307 3398 3412 3440 non

2349 3456 2521 3509 volens
2552 3453 2737 3527 (Rom.
2768 3470 2889 3519 vm,
2918 3453 3036 3525 20)}

2172 3545 2329 3615 posit.
2382 3542 2441 3597 Β.
2474 3543 2609 3611 Job,
2648 3545 2739 3600 lib.
2768 3561 2829 3607 ν,
2873 3560 3020 3600 num.
3064 3543 3165 3611 69;
3210 3544 3303 3615 lib.
3348 3559 3482 3613 vni,

1910 3611 2060 3668 num.
2095 3611 2214 3676 15$)
2246 3611 2447 3669 Przeter
2474 3615 2593 3670 illas
2630 3616 2901 3671 molestias
2924 3629 3056 3683 quas
3078 3615 3234 3670 electi
3271 3614 3360 3668 Dei
3390 3611 3485 3682 pa;-

1910 3685 2114 3738 tiuntur
2162 3684 2214 3737 in
2256 3692 2436 3739 mente
2483 3685 2734 3749 interius,
2783 3685 3032 3753 gravibus
3082 3685 3486 3739 necessitatibus

1913 3753 2279 3823 corruptionis
2306 3754 2534 3809 vinculis
2572 3757 2937 3819 astringantur
2972 3755 3229 3809 exterius.
3269 3753 3486 3809 Esurire

1912 3823 2147 3893 quippe,
2179 3823 2346 3886 sitire,
2377 3825 2683 3886 lassescere.
2721 3825 2931 3879 vincula
2960 3825 3318 3892 corruptionis
3338 3832 3484 3887 sunt,

1912 3908 2032 3962 qua:
2062 3894 2268 3948 scilicet
2287 3894 2419 3947 solvi
2454 3903 2763 3962 nequeunt,
2809 3894 2911 3949 nisi
2957 3910 3077 3950 cum
3127 3895 3178 3948 in
3210 3894 3353 3948 illam
3385 3895 3487 3947 im-

1914 3964 2255 4045 mortalitatis
2292 3964 2515 4045 gloriam
2549 3966 2865 4045 mortalitas
2902 3972 3083 4020 nostra
3130 3972 3486 4045 permutatur.

1916 4029 2203 4102 Replemus
2227 4029 2367 4087 enim
2398 4035 2778 4089 relectionibus
2801 4050 3017 4102 corpus,
3043 4048 3112 4087 ne
3132 4029 3486 4087 extenuatum

1913 4101 2166 4168 deficiat;
2214 4112 2570 4157 extenuamus
2599 4101 2947 4169 abstinentia,
2991 4118 3058 4156 ne
3101 4116 3199 4155 nos
3228 4101 3490 4169 repletum

1914 4182 2157 4241 premat;
2193 4181 2503 4239 vegetamus
2541 4171 2646 4226 hoc
2670 4173 2903 4226 motibus
2925 4211 2968 4241 ,η
2984 4186 3051 4225 ne
3073 4171 3181 4241 situ
3209 4169 3491 4241 immobili-

1915 4238 2042 4297 tatis
2069 4238 2299 4296 intereat
2331 4260 2342 4292 :
2374 4242 2467 4296 sed
2514 4242 2671 4295 citius
2720 4241 2824 4296 hoc
2869 4240 3185 4295 collocando
3220 4238 3488 4305 sistimus,

1915 4326 1985 4365 ne
2015 4313 2128 4382 ipsa
2154 4327 2249 4367 sua
2274 4310 2614 4377 vegetatione
2634 4310 2991 4382 succumbat;
3036 4310 3355 4378 adjumentis
3388 4310 3492 4382 hoc

1914 4379 2142 4436 vestium
2193 4384 2453 4449 tegimus,
2508 4394 2575 4434 ne
2626 4379 2788 4449 frigus
2818 4380 3116 4445 interimat,
3166 4386 3238 4449 et;
3269 4380 3490 4449 qumsita

1918 4451 2225 4518 adjumenta
2257 4447 2602 4518 projicimus,
2657 4447 2724 4503 ne
2768 4449 2913 4504 calor
2958 4460 3165 4504 exurat.
3200 4447 3302 4504 Tot
3331 4450 3491 4518 igitur

1918 4518 2715 4590 diversitatibusoccurrentes»,
2759 4520 2882 4588 quid
2911 4520 3113 4588 agimus
3144 4520 3242 4575 nisi
3268 4536 3490 4590 corrup-

1983 3541 2072 3614 (ln
2101 3559 2166 3614 e3

1841 4605 1896 4664 D
1922 4588 2160 4664 ti_bilitat_i_
2186 4588 2476 4654 servimus,
2528 4598 2590 4664 _ut
2614 4588 2830 4664 saltem_
2852 4590 3218 4664 multiplicilas
3268 4588 3491 4659 inipensi

1919 4657 2163 4727 obsequii
2189 4672 2382 4726 corpus
2411 4658 2673 4727 sustineat
2691 4658 2831 4727 quod
2863 4657 3106 4714 anxietas
3129 4657 3492 4713 inﬁrmte‘mu-

1918 4726 2195 4798 tabilitatis
2211 4728 2428 4794 gravat?
2454 4726 2602 4798 Unde
2626 4726 2761 4783 bene
2775 4744 2869 4798 per
2886 4728 3107 4783 Paulum
3129 4727 3322 4798 dicitur
3343 4745 3357 4779 :
3385 4728 3492 4781 Va-

1918 4797 2070 4849 nitati
2090 4798 2225 4868 enim
2247 4806 2489 4868 creatura
2503 4797 2729 4868 subjecta
2749 4796 2825 4852 est
2846 4816 2947 4853 non
2971 4801 3160 4859 volens,
3178 4796 3270 4850 sed
3287 4806 3492 4866 propter

1915 4866 2219 4939 ip_sum_.gqui
2244 4882 2357 4920 eam
2376 4866 2601 4937 subjecit
2615 4871 2669 4921 in
2710 4885 2830 4938 spe;
2874 4871 2995 4939 quia
3022 4878 3073 4939 et
3098 4868 3213 4935 ipsa
3260 4877 3494 4939 creatura

1917 4935 2273 5007 liberabitur_a
2303 4935 2539 5007 servitute
2564 4935 2907 5007 corruptionis
2935 4939 2987 4990 in
3011 4936 3290 4989 libertatem
3318 4936 3496 5007 gloria!

1925 5006 2153 5077 ﬁliorum
2204 5005 2319 5059 Dei.
2358 5006 2587 5061 Vanitati
2635 5005 2830 5077 quippe
2877 5014 3123 5060 creatura
3177 5021 3279 5060 non
3308 5005 3497 5062 volens

1925 5075 2187 5141 Subditur,
2217 5076 2338 5144 quia
2369 5078 2530 5132 homo
2559 5077 2649 5145 qui
2672 5075 2924 5145 ingenita:
2951 5079 3269 5129 constantiae
3296 5085 3495 5130 statum

1924 5146 2111 5217 volens
2136 5146 2390 5217 deseruit,
2424 5144 2638 5217 pressus
2659 5144 2818 5213 justas
2846 5145 3189 5217 mortalitatis
3214 5148 3454 5217 pondere
3475 5183 3493 5209 ,

1925 5214 2115 5269 nolens
2143 5214 2511 5270 mutaliilitatis
2525 5230 2633 5269 suae
2651 5214 2981 5284 corruptioni
2998 5216 3183 5270 servit.
3207 5214 3313 5271 Sed
3341 5231 3496 5269 crea-

1926 5292 2044 5338 tura
2095 5286 2207 5338 haec
2239 5296 2364 5340 tunc
2413 5303 2443 5340 a
2473 5286 2731 5340 servitute
2757 5285 3117 5353 corruptionis
3145 5294 3303 5340 exuta
3332 5285 3496 5353 eripi-

1926 5362 2045 5419 tur,
2086 5371 2206 5409 cum
2238 5356 2302 5409 ad
2328 5356 2558 5410 liliornm
2605 5354 2699 5425 Dei
2727 5355 2952 5423 gloriam
2982 5356 3289 5425 incorrupta
3318 5371 3496 5425 resur-

1962 5425 2098 5478 endo
2141 5425 2481 5491 sublevatur;
2522 5424 2778 5493 dignitate
2832 5426 3091 5479 libertatis
3136 5424 3391 5493 accepta,
3441 5424 3495 5481 in

1967 5495 2155 5565 liorum
2194 5493 2286 5547 Dei
2341 5496 2564 5565 gloriam
2595 5496 2839 5561 vertitur,
2888 5494 3012 5564 quia
3063 5495 3211 5549 unita
3261 5493 3371 5550 Deo
3399 5508 3496 5565 per

1925 5563 2189 5632 spiritum,
2222 5564 2372 5631 quasi
2402 5564 2505 5619 hoc
2559 5564 2731 5632 ipsum
2762 5563 3177 5632 quodcreatura
3206 5574 3289 5619 est
3319 5563 3495 5620 trans-

1925 5634 2031 5687 isse
2083 5650 2145 5688 ac
2196 5633 2469 5701 subegisse
2511 5634 2832 5689 declaratur.
2883 5632 3093 5689 Electus
3152 5637 3293 5689 enim
3353 5650 3497 5689 nunc

1924 5717 2082 5772 pinna
2106 5704 2465 5774 corruptionis
2489 5713 2743 5771 aggravat
2760 5747 2776 5771 ,
2802 5705 2897 5759 sed
2925 5713 3051 5758 tunc
3080 5705 3495 5774 incorruptionis

1923 5774 2089 5844 gloria
2120 5772 2318 5826 exallat
2343 5790 2355 5825 :
2389 5782 2441 5844 et
2468 5781 2726 5844 quantum
2767 5775 2831 5829 ad
2861 5777 3137 5844 praesentis
3165 5772 3495 5844 necessitatis

1922 5842 2188 5910 pondera,
2228 5856 2365 5900 nunc
2391 5843 2442 5899 in
2472 5841 2566 5900 Dei
2590 5843 2708 5900 liliis
2730 5846 2798 5902 de
2828 5841 3071 5901 libertate
3100 5846 3228 5900 nihil
3257 5841 3493 5899 ostendi-
