3974 6350
466 384 605 445 1303

1132 357 1188 401 ἐί
1353 374 1699 446 Αιιριιηῡιχ
1737 374 1829 443 Ab
1866 387 1924 445 s.
1967 384 2293 446 caseos"
2331 384 2563 444 ursas
2601 382 2835 442 ῡιιιιυι.

3597 386 3745 452 13114

461 501 891 576 Inhgrendqvel
913 513 1081 576 sacra:
1118 500 1410 576 Scriptura;
1440 504 1679 576 eloquiis
1710 504 1796 560 vel
1827 502 2054 560 occultis
2080 511 2129 573 Α
2226 514 2283 558 ut
2300 506 2586 562 exhibeatis
2606 522 2825 576 corpora
2844 512 3011 561 vestra
3040 505 3261 564 hostiam
3283 508 3536 567 visentem
3562 511 3748 574 (Rosa.

460 574 901 635 revelationibus,
925 574 977 628 in
1002 582 1262 644 quantum
1284 574 1572 644 accipiunt,
1607 583 1932 644 agnoscunt,
1950 576 2054 629 hoc

461 654 519 702 et
567 654 786 716 norunt,
807 652 862 700 et
900 641 1272 716 pronuntiant.
1303 641 1527 716 _Judicia
1561 641 1720 711 igitur
1762 659 1881 716 quae
1910 643 2055 716 Deus

462 724 607 771 tacet
649 715 890 770 nesciunt
921 754 936 777 ,
966 729 1087 782 quae
1132 714 1271 768 Deus
1303 713 1546 782 loquitur
1584 713 1795 769 sciunti
1816 713 1970 769 Unde
1999 722 2055 769 et

463 785 633 841 David
661 785 915 854 propheta
946 798 1067 838 cum
1095 784 1317 838 dixisset
1344 800 1357 836 :
1394 784 1459 838 In
1486 784 1638 838 labiis
1668 786 1793 838 meis
1822 800 2055 854 pronun-

466 858 591 911 tiavi
620 852 1037 924 omniojudicia,
1072 854 1315 924 protinus
1361 854 1566 907 addidit
1597 896 1612 921 ,
1641 857 1745 908 oris
1778 852 1872 908 tui.
1905 852 1983 908 Ac
2010 854 2057 909 si

465 936 652 996 aperte
673 924 844 979 dicat:
870 924 956 996 illa
982 939 1112 996 ergo
1126 924 1589 996 judiciaetnosse
1615 934 1670 979 et
1701 926 2054 996 pronuntiare

504 993 616 1050 otui
648 1010 766 1065 qua:
795 1002 847 1048 te
892 995 1093 1049 dixisse
1112 994 1371 1065 cognovi.
1401 993 1533 1047 Nam
1564 1009 1626 1048 ea
1656 1010 1777 1063 quae
1806 995 1919 1065 ipse
1946 1010 2053 1065 non

484 1064 701 1135 oqueris
724 1066 919 1119 nostris
940 1064 1289 1133 proculdubio
1326 1064 1724 1135 cognitionibus
1746 1064 2049 1119 abscondis.

465 1134 773 1205 COncordat
802 1148 929 1201 ergo
969 1135 1279 1205 prophetica
1310 1134 1716 1205 apostolicaque
1745 1136 2009 1189 sententia
2032 1173 2051 1201 ,

463 1206 589 1275 quia
611 1213 666 1284 e_t
694 1203 1245 1284 incomprehensibilia
1275 1203 1409 1284 sunt
1426 1203 1519 1284 Dei
1537 1203 1764 1284 judicia;
1789 1212 2054 1284 et_tamen

465 1274 585 1346 qua:
614 1275 680 1329 de
708 1289 801 1329 ore
840 1274 955 1342 ejus
984 1276 1189 1343 prolata
1220 1274 1418 1330 fuerint
1461 1274 1708 1346 humanis
1736 1275 1892 1329 labiis
1920 1289 2049 1343 pro-

462 1346 797 1407 nuntiantur,
821 1346 1075 1413 quoniam
1123 1346 1248 1400 sciri
1294 1346 1359 1399 ab
1405 1345 1708 1399 hominibus
1757 1354 1812 1399 et
1847 1345 2055 1412 prolata

462 1415 618 1485 prodi
669 1428 916 1484 possunt,
940 1425 995 1470 et
1015 1416 1271 1470 occultari
1290 1431 1394 1469 non
1423 1423 1666 1484 possunt.
1720 1414 1921 1469 Rursus
1950 1413 2054 1467 alia

460 1484 737 1541 suboritur
782 1488 1041 1553 quzestio:
1073 1487 1117 1539 si
1162 1501 1299 1539 unus
1342 1484 1399 1537 ﬁt
1427 1502 1549 1539 cum
1583 1486 1806 1540 Domino
1835 1485 2053 1553 spiritus

463 1555 556 1624 qui
586 1555 810 1625 Domino
829 1556 1065 1610 adhaaret
1088 1598 1105 1622 ,
1135 1557 1274 1610 sicut
1300 1555 1555 1625 scriptum
1588 1564 1670 1610 est
1696 1573 1708 1608 :
1743 1553 1842 1619 Qui
1870 1555 2051 1625 adlue-

463 1633 542 1679 ret
587 1624 831 1688 Domino,
872 1643 1003 1679 unus
1048 1626 1260 1693 spiritus
1296 1639 1406 1691 est;
1438 1626 1564 1692 quid
1607 1625 1678 1680 sit
1721 1626 1864 1694 quod
1910 1624 2052 1694 idem

464 1696 783 1764 praedicator
807 1697 1051 1763 egregius
1076 1690 1278 1749 Paulus
1326 1690 1601 1765 subiungit
1624 1734 1638 1757 ,
1670 1690 1892 1750 dicens:
1926 1690 2054 1756 Quis

464 1766 872 1847 enimﬁcognqvi’t‘
910 1782 1127 1847 sensum_
1144 1765 1520 1847 Domi-nixam
1565 1768 1687 1847 quis.
1724 1765 2053 1844 consiliarius

464 1839 575 1909 ejus
602 1833 711 1906 fuit
730 1836 749 1905 (
771 1833 801 1889 I
832 1833 953 1909 Cor.
980 1852 1029 1891 νι
1056 1877 1072 1899 ,
1106 1836 1173 1890 17
1196 1836 1261 1909 )?
1295 1835 1459 1891 Valde
1504 1833 1647 1890 enim
1675 1835 2055 1909 inconveniens

466 1904 677 1960 videtur
704 1904 851 1972 esse,
882 1908 1001 1974 ejus
1027 1904 1245 1963 sensum
1276 1922 1399 1961 cum
1427 1922 1534 1974 quo
1566 1923 1704 1961 unus
1733 1909 1903 1961 lactus
1932 1904 2054 1959 lue-

464 1976 536 2030 rit
561 1977 829 2044 ignorare.
862 1975 971 2031 Sed
1000 1978 1277 2033 sciendum
1308 1986 1391 2031 est
1417 1979 1539 2046 quia
1569 1978 1708 2031 sicut
1734 1992 1902 2045 supra
1928 1977 2055 2046 bre-

464 2046 605 2101 viter
628 2046 830 2099 dictum
858 2057 958 2111 est,
976 2049 1149 2103 sancti
1172 2048 1268 2102 viri
1298 2048 1348 2101 in
1380 2045 1638 2117 quantum
1671 2063 1793 2102 cum
1824 2045 2054 2100 Domino

464 2128 634 2171 unum
663 2126 823 2181 sunt,
853 2134 1067 2173 sensum
1098 2118 1307 2174 Domini
1333 2134 1441 2173 non
1465 2120 1729 2185 ignorant.
1755 2117 1887 2172 Nam
1916 2117 2056 2169 idem

464 2201 683 2257 quoque
712 2189 989 2255 apostolus
1018 2190 1145 2243 dicit
1175 2207 1187 2242 :
1222 2187 1348 2253 Quis
1375 2190 1511 2243 enim
1534 2190 1797 2243 hominum
1826 2188 1923 2240 scit
1942 2202 2059 2257 qua:

463 2255 863 2329 sunthominis,
892 2261 992 2313 nisi
1021 2260 1233 2329 spiritus
1263 2260 1484 2315 hominis
1504 2261 1589 2329 qui
1609 2262 1662 2314 in
1689 2262 1801 2325 ipso
1822 2267 1896 2329 est
1920 2255 2059 2329 illa

464 2336 512 2399 e_t
542 2343 655 2397 quin
689 2326 787 2399 Dei
810 2340 929 2399 sunt
953 2324 1101 2383 nemo
1139 2332 1371 2399 cognovit
1397 2371 1410 2391 ,
1434 2324 1537 2384 nisi
1565 2324 1795 2399 Spiritus
1845 2327 1943 2380 Dei
1963 2328 1994 2399 _(

466 2393 589 2450 Cor.
623 2414 702 2463 ιι,
739 2398 845 2463 11).
878 2398 1079 2467 QuiAut
1130 2393 1441 2453 ostenderet
1493 2415 1553 2454 se
1598 2393 1756 2452 nosse
1800 2412 1919 2467 qua:
1962 2393 2057 2467 Dei

465 2474 629 2528 sunt,
663 2467 931 2533 adjunxit:
961 2465 1076 2521 Nos
1107 2477 1276 2521 autem
1306 2485 1407 2523 non
1434 2471 1671 2537 spiritum
1696 2465 1848 2538 hujus
1877 2466 2056 2521 mundi

466 2538 798 2609 accepimus,
826 2538 916 2609 sed
938 2540 1107 2606 ipsum
1136 2540 1222 2609 qui
1247 2555 1313 2593 ex
1339 2540 1446 2592 Deo
1471 2550 1566 2593 est.
1593 2538 1727 2592 Hinc
1758 2544 1951 2592 iterum
1978 2538 2061 2609 di-

465 2605 541 2660 cit
572 2622 585 2656 :
621 2603 771 2669 Quod
800 2603 975 2661 oculus
1006 2624 1107 2661 non
1134 2603 1288 2675 uidit,
1316 2626 1408 2662 nec
1438 2611 1581 2663 auris
1611 2609 1803 2662 audivit
1828 2646 1843 2669 ,
1888 2624 1980 2661 nec
2002 2608 2058 2660 in

467 2690 548 2750 cor
584 2675 817 2750 hominis
836 2678 1096 2750 ascendit,
1126 2694 1254 2750 quae
1277 2681 1587 2750 praeparavit
1630 2678 1771 2732 Deus
1798 2678 2058 2749 diligenti-

466 2744 664 2885 ῧιεςὲξ
685 2748 877 2887 ,"noq’i;
907 2758 1078 2802 autem
1124 2744 1361 2803 reuelauit
1388 2744 1489 2820 'per
1529 2748 1783 2821 Spiritum
1821 2744 2057 2803 sanctum

464 2926 596 2984 CAP.
624 2926 831 2983 XXVII.
856 2961 926 2974 --
950 2926 1033 2984 Ea:
1049 2930 1198 3001 ipso,
1226 2940 1276 2984 et
1313 2945 1405 3001 per
1423 2930 1619 3001 ipsum,
1641 2938 1689 2984 et
1716 2930 1773 2984 in
1800 2932 1912 3001 ipso
1936 2937 2056 2985 sunt

928 3002 1103 3053 omnia
1134 3000 1324 3071 (Rom.
1357 3017 1438 3065 xl,
1468 3000 1588 3071 56)).

540 3091 637 3164 (In
666 3092 900 3163 exposit.
935 3091 994 3146 B.
1024 3091 1274 3164 Job,ilib‘.
1319 3108 1447 3147 xxix
1474 3134 1491 3159 ,
1518 3108 1572 3164 n_.
1624 3091 1692 3146 69
1720 3101 1776 3149 et
1805 3092 1917 3163 70.)
1959 3093 2055 3148 Di-

470 3161 639 3219 versis
685 3161 1021 3244 temporibus
1048 3163 1206 3244 Abel,
1240 3162 1401 3244 Isaias
1448 3171 1502 3217 et
1529 3161 1765 3244 Joannes
1791 3161 2057 3233 apparue-

470 3244 600 3289 runt
626 3250 642 3300 ;
670 3232 833 3303 divisi
851 3232 1066 3300 quidem
1100 3233 1313 3303 fuerunt
1343 3241 1587 3303 tempore
1611 3271 1627 3297 ,
1658 3233 1756 3288 sed
1785 3232 1891 3289 non
1920 3250 2056 3303 pra:-

2230 592 2338 642 xu,
2371 578 2449 646 1).

2160 735 2173 749 ο
2230 665 2383 749 (Lib.
2414 684 2451 749 ιι
2476 710 2490 737 ,
2520 670 2573 725 ἰιι
2602 668 2820 738 Ezech.,
2851 670 3040 749 homil.
3074 670 3158 749 10,
3188 689 3244 729 ιι.
3275 672 3397 743 19.)
3441 674 3593 730 Multi
3624 685 3757 735 sunt

2158 738 2211 790 in
2236 738 2468 793 Ecclesia
2499 749 2713 814 sancta
2750 742 2911 814 positi
2934 782 2949 806 ,
2999 742 3089 812 qui
3131 738 3476 814 peccatorum
3523 762 3753 803 suorum

2157 821 2423 889 memores
2451 852 2466 875 ,
2498 812 2746 882 lacrymis
2863 812 3085 889 lavant,
3108 812 3326 869 carnem
3352 831 3452 889 per
3471 817 3751 889 abstinen-

2158 882 2286 959 tiam
2340 889 2653 959 macerant,
2684 882 2846 959 nullis
2883 896 2953 959 se
2995 884 3154 959 hujus
3179 886 3753 959 “mundinactionibus

2160 952 2427 1023 ntiscent;
2478 965 2596 1019 qm:
2638 952 2881 1023 habent,
2938 952 3296 1023 indigentibus
3356 955 3605 1009 tribuunt
3634 1000 3649 1023 ,
3697 970 3757 1011 et

2158 1018 2359 1072 habere
2389 1034 2507 1087 quae
2537 1022 2876 1094 nonAbabent
2904 1038 3010 1077 non
3040 1018 3433 1094 concupiscunt
3464 1042 3478 1077 :
3511 1029 3609 1093 qui
3637 1018 3759 1081 rne-

2158 1102 2339 1166 mores
2364 1091 2551 1166 aeterni
2575 1090 3109 1162 judiciLsemetipsos
3137 1090 3379 1164 quotidie
3407 1090 3759 1151 Deo—sacriﬁ-

2158 1160 2299 1238 cium
2325 1174 2419 1229 per
2440 1160 2730 1238 lameutum
2775 1160 3205 1238 compunctionis
3232 1173 3490 1238 mactant.
3523 1166 3629 1232 Qui
3678 1168 3761 1221 id-

2160 1232 2308 1309 circo
2339 1244 2574 1309 corpora
2599 1232 2865 1309 castigant
2893 1243 3160 1309 quatenus
3190 1237 3291 1289 hoc
3330 1236 3476 1309 quod
3508 1252 3613 1309 per
3637 1253 3758 1291 ina-

2158 1302 2383 1365 gistrum
2431 1302 2668 1372 gentium
2715 1302 2952 1369 dicitur,
3007 1305 3263 1372 impleant
3302 1323 3316 1358 :
3350 1303 3420 1359 Ut
3463 1302 3761 1359 exhibeam

2159 1385 2377 1439 corpora
2404 1381 2609 1444 vestra,
2642 1371 2860 1425 hostiam
2889 1371 3153 1440 viventem,
3181 1384 3441 1439 sanctam,
3472 1374 3590 1429 Deo
3635 1378 3759 1444 pla-

2159 1449 2375 1511 centem.
2434 1439 2619 1493 Hostia
2664 1444 2864 1511 quippe
2916 1439 3179 1498 oc-iditur
3231 1454 3289 1500 ut
3313 1443 3599 1499 oll‘eratur.
3636 1439 3760 1500 'Sed

2159 1508 2335 1585 hostia
2364 1511 2549 1585 vivens
2569 1520 2652 1564 est
2680 1508 2877 1585 corpus
2907 1530 3002 1582 pro
3029 1513 3253 1568 Domino
3276 1514 3537 1569 amictum
3564 1533 3580 1578 ;
3610 1516 3763 1585 quod

2160 1581 2334 1635 hostia
2360 1581 2572 1653 dicitur,
2606 1592 2661 1635 et
2690 1584 2873 1653 vivens
2897 1581 2918 1647 ,ί
2955 1590 3079 1653 quia
3108 1587 3237 1639 vivit
3261 1588 3313 1639 in
3343 1581 3642 1641 virtutibus
3658 1629 3674 1648 ,
3707 1584 3763 1640 id

2160 1660 2244 1705 est
2270 1651 2475 1723 avitiis
2507 1653 2768 1706 occisum.
2801 1650 2986 1708 Hostia
3016 1655 3303 1719 videlicet,
3335 1658 3462 1723 quia
3498 1656 3614 1723 jam
3636 1656 3770 1713 huic

2162 1721 2360 1796 mundo
2387 1729 2470 1775 est
2500 1736 2528 1774 a
2556 1725 2734 1792 pravis
2763 1725 2971 1778 actibus
3001 1734 3291 1788 mortuum,
3325 1721 3514 1780 vivens
3540 1738 3726 1782 autem
3744 1761 3771 1796 ,

2159 1791 2285 1860 quia
2313 1800 2506 1845 cuncta
2534 1791 2654 1862 qua:
2682 1797 2933 1862 praevalet
2952 1796 3092 1849 bona
3115 1805 3387 1866 operatur.

2159 1882 2291 1941 CAP.
2322 1882 2513 1938 XXlX.
2542 1914 2602 1927 -
2639 1884 2761 2027 Noq
2778 1887 3333 2025 Eiugifqplereéquam
3353 1898 3766 1961 oportetsapen

2234 2045 2313 2117 (In
2345 2047 2574 2117 exposit.
2596 2046 2668 2119 DB.
2700 2044 2801 2101 Job
2832 2089 2848 2114 ,
2886 2049 2976 2102 lib.
3023 2065 3093 2102 xx
3117 2088 3132 2111 ,
3168 2065 3314 2103 num.
3342 2048 3468 2119 18.)
3513 2040 3771 2107 Hteretid

2160 2117 2480 2187 plerumque
2508 2118 2759 2189 audacter
2806 2120 2872 2172 de
2903 2127 3092 2172 natura
3143 2117 3456 2175 divinitatis
3491 2130 3768 2189 tractant,

2164 2203 2285 2261 cum
2314 2190 2638 2261 semetipsos
2668 2188 2848 2261 miseri
2876 2190 3117 2261 nesciant
3142 2208 3154 2241 :
3184 2205 3285 2245 nec
3330 2206 3395 2245 ea
3422 2201 3679 2261 quarunt
3704 2188 3772 2250 ei

2163 2259 2357 2329 quibus
2381 2259 2697 2327 semetipsos
2725 2261 2790 2312 ad
2811 2258 3165 2313 humilitatem
3196 2258 3476 2325 erudiant,
3502 2277 3689 2317 mores
3714 2265 3770 2319 in

2164 2328 3250 2402 tranquillitatedisponant,_patientiam
3280 2342 3503 2386 servent
3529 2371 3546 2396 ,
3578 2336 3771 2402 longs-

2164 2400 2465 2473 nimitatem
2497 2400 2807 2473 exhibeant,
2831 2400 2929 2456 sed
2959 2414 3079 2473 qua:
3110 2401 3248 2455 ultra
3274 2417 3332 2456 se
3357 2415 3487 2456 sunt
3518 2400 3772 2473 perscru-

2161 2472 2265 2525 tari
2320 2471 2645 2525 desiderant.
2680 2469 2923 2539 Dumque
2949 2470 3013 2525 ad
3046 2472 3149 2526 hoc
3181 2472 3413 2525 tendunt
3435 2469 3587 2539 quod
3613 2490 3770 2529 com-

2161 2541 2817 2611 prehenderenequeunt
2843 2582 2859 2606 ,
2902 2555 3336 2611 eacognoscere
3378 2545 3668 2611 negligant
3692 2556 3772 2610 :ex

2161 2611 2355 2679 quibus
2400 2610 2597 2665 erudiri
2629 2620 2937 2678 potuerant.
2969 2610 3140 2677 Quam
3192 2612 3331 2666 bene
3358 2610 3553 2666 eorum
3600 2616 3773 2669 audao

2161 2682 2299 2735 ciam
2330 2681 2649 2748 praedicator
2676 2683 2924 2748 egregius
2952 2686 3219 2744 refrenat,
3248 2683 3472 2737 dicens:
3496 2682 3623 2738 Non
3650 2685 3772 2753 plus

2160 2768 2381 2822 saper_c_,
2430 2768 2583 2821 quam
2611 2760 2808 2816 oportet
2839 2768 3053 2822 sapere;
3080 2753 3173 2806 sed
3195 2768 3380 2822 sapere
3405 2754 3477 2807 ad
3498 2757 3770 2809 sobrieta-

2162 2820 2282 2876 tem.
2316 2820 2454 2876 Hinc
2479 2822 2736 2875 Salomon
2770 2822 2851 2875 ait
2886 2820 2906 2872 ί
2932 2821 3235 2877 Prudentia
3258 2820 3368 2878 tute
3394 2842 3536 2894 pone
3564 2827 3774 2881 modum

2160 2891 2347 2964 (Prov.
2378 2908 2543 2956 xxtn,
2568 2890 2645 2961 Δ).

2237 2910 2347 2948 rou.
2378 2908 2543 2956 xxtn,
2568 2908 2645 2956 si.

2158 2986 2290 3044 CAP.
2320 2984 2575 3043 XXX.—-
2595 2983 2914 3130 Nolitzlfsse
2941 2988 3222 3129 ρνυάῖιὲςεε
3251 2990 3393 3060 apud
3431 2992 3775 3062 eosrnetipsu

2822 3075 2923 3113 om.
2950 3076 3043 3126 xn,
3174 3100 3186 3112 .

2822 3075 2923 3113 om.
2950 3076 3043 3126 χιι,
3077 3075 3186 3126 ιο).

2230 3150 2312 3225 (ln
2340 3151 2572 3225 exposit.
2597 3149 2659 3205 Β.
2690 3148 2793 3206 Job
2812 3191 2828 3217 ,
2850 3152 2943 3206 lib.
2979 3169 3101 3225 xm,
3128 3153 3430 3225 naturis.)
3469 3153 3551 3225 Ad
3582 3169 3772 3209 veram

2160 3222 2477 3293 sapientiam
2507 3237 2616 3275 non
2647 3232 2873 3293 possunt
2900 3224 3084 3278 venire
3109 3224 3202 3293 qui
3242 3222 3429 3279 ﬁducia
3476 3224 3773 3293 decipiun-

469 3288 761 3361 dieatione.
794 3288 926 3358 Nam
974 3304 1105 3359 Abel
1143 3288 1518 3373 Redemptoiis
1547 3288 1715 3358 nostri
1745 3288 2053 3373 passio'nem

2162 3288 2249 3373 tui:
2273 3292 2419 3373 falsa:
2443 3306 2556 3373 sua:
2577 3288 2878 3373 sapientiai,
2901 3296 2975 3373 de
2996 3288 3191 3373 quibus
3210 3294 3456 3361 scriptum
3646 3293 3766 3358 Vc,

466 3373 819 3445 signiﬁcans,
856 3390 1051 3445 agnum
1105 3374 1159 3445 in
1215 3374 1476 3429 sacriﬁcio
1530 3374 1858 3437 obtulit;de
1902 3377 2057 3443 cujus

466 3446 721 3517 passione
759 3444 937 3503 lsaias
982 3446 1057 3499 ait
1084 3463 1098 3499 :
1128 3444 1275 3499 Sicut
1298 3460 1460 3517 agnus
1504 3460 1680 3517 coram
1725 3445 1963 3517 tondente
2002 3462 2058 3500 se

468 3512 813 3586 obmutescet,
838 3534 941 3574 non
970 3517 1207 3585 aperiens
1236 3512 1466 3586 ossuum
1494 3516 1512 3584 (
1539 3512 1778 3586 [sanun
1804 3556 1820 3581 ,
1854 3515 1947 3586 7).
1982 3517 2058 3572 De

468 3584 845 3670 quo‘Joannes
885 3583 1215 3670 quoque'ait
1241 3603 1253 3637 :
1284 3584 1420 3670 Erice
1462 3602 1626 3670 qgnus
1654 3583 1756 3670 Dei
1774 3626 1789 3650 ,
1829 3583 1944 3670 ecqe
1970 3587 2056 3655 qui

467 3654 602 3728 tollit
627 3666 838 3726 peccata
866 3654 1046 3713 mundi
1067 3654 1246 3728 (Joan.
1270 3672 1308 3720 ι,
1331 3655 1446 3725 21)).
1470 3654 1608 3711 Ecce
1631 3655 1848 3728 quidem
1879 3654 2058 3710 diver-

467 3725 546 3795 sis
575 3725 908 3795 temporibus
936 3725 1102 3791 missi,
1129 3736 1185 3780 et
1212 3734 1392 3780 tamen
1423 3726 1765 3781 concorditer
1792 3726 1869 3795 de
1886 3728 2058 3780 nostri

467 3794 845 3865 Bedemptoris
874 3798 1177 3852 innocentia
1206 3800 1499 3850 sentientes
1521 3835 1536 3860 ,
1569 3796 1814 3851 eumdem
1845 3794 2055 3865 Agnum

468 3862 705 3920 Joannes
748 3866 1080 3922 ostendendo
1105 3907 1121 3931 ,
1156 3865 1320 3920 Isaias
1348 3866 1688 3931 prmvidendo
1714 3904 1728 3926 ,
1763 3862 2058 3921 Abel'oﬂ‘e-

430 3994 433 3995 ν
467 3934 640 3990 τεηόο
686 3936 895 3992 locutus
924 3943 1026 3990 est.
1065 3934 1130 3987 Et
1161 3950 1319 4004 quem
1350 3934 1585 3989 Joannes
1628 3937 1678 3989 in
1708 3938 2017 3991 ostensione
2037 3978 2054 4004 ,

467 4019 630 4075 quem
659 4006 824 4061 lsaias
872 4010 923 4061 in
955 4005 1228 4061 locutione
1251 4045 1267 4071 ,
1297 4005 1439 4060 hunc
1466 4004 1599 4060 Abel
1628 4006 1976 4075 signiﬁcando
2001 4008 2055 4061 in

467 4077 716 4132 manibus
765 4079 957 4133 tenuit.
1006 4075 1495 4145 Diversisiquoque
1548 4076 1880 4145 temporibus
1931 4077 2057 4131 huic

466 4148 670 4202 mundo
699 4147 906 4213 David,
952 4148 1113 4203 lsaias
1154 4155 1210 4201 et
1256 4144 1453 4201 Paulus
1502 4144 1907 4215 apparuerunt;
1962 4147 2059 4201 sed

469 4225 652 4272 tamen
684 4219 858 4273 nullus
885 4235 1070 4275 eorum
1100 4217 1253 4271 alteri
1282 4217 1553 4271 diversum
1583 4218 1777 4283 sensit,
1804 4217 1927 4285 quia
1954 4217 2056 4271 etsi

470 4289 792 4355 semetipsos
824 4305 929 4345 non
961 4294 1222 4343 noverant
1252 4287 1385 4343 facie
1410 4330 1425 4353 ,
1450 4302 1612 4341 unum
1646 4297 1824 4341 tamen
1855 4286 2058 4341 didice-

465 4364 594 4410 runt
622 4371 686 4411 ex
712 4358 888 4412 divina
920 4358 1247 4426 cognitione.
1279 4356 1442 4411 David
1471 4359 1670 4426 quippe
1694 4366 1751 4410 ut
1778 4367 2057 4411 auctorem

468 4426 708 4480 omnium
740 4427 908 4483 Deum
939 4431 990 4482 in
1023 4427 1284 4481 Trinitate
1308 4436 1620 4481 ostenderet
1648 4469 1662 4491 ,
1692 4428 1860 4480 dixit:
1894 4428 2060 4481 liene-

466 4495 605 4546 dicat
633 4512 725 4568 n_os
754 4496 894 4552 Deus
912 4539 927 4563 ,
951 4498 1092 4550 Deus
1114 4505 1304 4556 noster,
1328 4497 1590 4551 benedicat
1612 4514 1704 4553 nos
1726 4496 1864 4551 Deus
1881 4497 2050 4568 (Psal.

465 4580 624 4635 ωινι,
658 4565 714 4635 8)
743 4585 755 4619 :
788 4584 852 4623 ac
880 4584 948 4623 ne
975 4569 1134 4622 tertio
1191 4568 1355 4621 Deum
1408 4568 1691 4623 nominans
1716 4609 1733 4635 ,
1764 4565 1895 4623 tres'
1922 4568 2054 4622 deos

466 4634 666 4707 dixisse
694 4634 994 4707 putaretur,
1027 4636 1171 4707 illico
1204 4637 1460 4692 unitatem
1506 4634 1745 4706 ejusdem
1778 4637 2055 4692 Trinitatis

464 4704 763 4778 insinuans,
784 4708 987 4763 addidit
1011 4726 1024 4763 :
1050 4704 1115 4758 Et
1136 4717 1370 4778 metuant
1390 4725 1505 4762 eum
1530 4704 1702 4762 omnes
1725 4709 1859 4778 ﬁnes
1883 4718 2053 4762 terrte.

464 4773 567 4842 Qui
594 4773 865 4835 enimnon
891 4793 985 4834 eos
1010 4815 1025 4837 .
1057 4776 1150 4831 sed
1175 4792 1299 4832 eum
1328 4778 1597 4843 subdidit,
1622 4773 1785 4832 unum
1808 4773 1909 4831 tria
1936 4793 2057 4846 qua:

463 4847 679 4902 dixerat
701 4848 983 4904 intimavit.
1016 4846 1179 4901 Isaias
1210 4863 1423 4916 quoque
1453 4864 1573 4904 cum
1606 4849 1815 4902 laudem
1843 4850 1910 4903 de
1934 4849 2052 4903 uni-

462 4925 580 4988 tate
605 4917 880 4974 Trinitatis
912 4919 1177 4988 aperiret,
1207 4918 1487 4987 Seraphim
1511 4933 1671 4973 voces
1700 4919 2011 4988 exprimens
2032 4962 2049 4987 ,

463 4987 568 5040 ait:
595 4988 839 5055 Sanctus,
871 4987 1116 5052 Sanctus,
1145 4988 1392 5051 Sanctus,
1423 5004 1487 5042 ac
1510 5004 1575 5042 ne
1604 4987 1762 5043 tertio
1790 4988 2048 5044 Sanctum

461 5057 747 5114 nominans
770 5100 786 5123 ,
817 5061 1074 5113 unitatem
1104 5057 1296 5113 divinae.
1337 5058 1646 5113 substantiae
1685 5059 1931 5113 scindere
1962 5059 2046 5113 vi-

460 5126 699 5200 deretur,
731 5128 998 5200 adjunxit:
1024 5128 1277 5200 Dominus
1301 5127 1440 5200 Deus
1471 5126 1849 5200 S_abaotli(1sa.
1868 5144 1940 5200 vi,
1964 5129 2048 5200 5).

463 5193 565 5262 Qui
589 5212 717 5267 ergo
740 5193 844 5253 non
871 5199 1078 5253 Domini
1108 5199 1179 5253 dii
1204 5239 1219 5263 ,
1242 5197 1335 5252 sed
1364 5197 1623 5253 Dominus
1647 5193 1787 5251 Deus
1820 5193 2048 5267 addidit,

463 5282 626 5340 unum
657 5271 891 5325 existere
917 5270 1057 5340 quod
1080 5269 1239 5323 tertio
1260 5269 1517 5340 Sanctum
1533 5276 1821 5340 vocavera_t
1849 5269 2050 5340 indica-

462 5336 558 5389 vit.
590 5336 788 5410 Paulus
815 5336 1030 5410 quoqqe
1054 5346 1113 5393 ut
1141 5339 1512 5408 operationem
1542 5347 1741 5394 sanctae
1770 5336 2047 5396 Trinitatis

463 5408 808 5491 ostenderet,
832 5408 937 5491 ait:
968 5408 1057 5491 Ex.
1072 5411 1195 5491 ipso
1215 5418 1264 5463 et
1293 5427 1383 5491 per
1395 5412 1579 5491 ipsum
1601 5449 1618 5491 τ
1643 5418 1692 5491 et
1711 5410 1769 5491 in
1787 5410 1901 5491 ipso
1916 5420 2047 5491 sunt

462 5480 858 5550 omnia.thque
884 5488 944 5535 ut
972 5479 1231 5534 unitatem
1260 5479 1499 5549 eiusdem
1526 5479 1801 5533 Trinitatis
1832 5480 2047 5534 intima-

459 5548 812 5632 lr'slgaad‘didit
835 5569 847 5603 :
878 5550 1004 5632 Ipsi.
1021 5551 1187 5632 gloria
1200 5550 1270 5632 _in
1284 5548 1837 5632 _s¢ec_ul_a‘steculorum.
1859 5552 2042 5632 Amen.

460 5612 562 5681 Qui
590 5615 747 5691 igitur
774 5637 879 5673 nun
909 5612 1056 5691 ipsis,
1073 5620 1168 5676 sed
1198 5621 1297 5688 ipsi
1326 5621 1580 5689 subdidit,
1595 5637 1758 5675 unum
1786 5621 2046 5675 naturali-

458 5686 1013 5762 ter,_lr_ia_secund_um
1044 5686 1302 5760 personas
1332 5686 1604 5757 innotuit,
1632 5691 1777 5762 quod
1800 5692 2045 5761 superius

458 5757 620 5811 tertio
642 5758 868 5827 idipsum
897 5760 1051 5813 dixit.

459 5860 592 5920 CAP.
622 5865 851 5924 XXVIII.
873 5897 943 5907 —
966 5867 1191 5927 Obsecro
1219 5888 1307 5928 vos
1329 5914 1345 5940 ,
1371 5890 1462 5943 per
1486 5874 1893 5930 misericordiam
1916 5875 2036 5944 Dei,

2162 3365 2257 3437 qui
2277 3364 2533 3437 sapientes
2558 3364 2681 3437 estis
2699 3364 2767 3437 _in
2794 3365 3183 3437 oculis‘vestris,
3212 3375 3258 3437 et
3283 3379 3446 3417 coram
3469 3363 3763 3437 vobismet-

2160 3432 2287 3504 i'psis
2328 3432 2607 3518 prudentes
2656 3432 2799 3503 (Isa.
2852 3450 2910 3499 v,
2946 3433 3077 3518 ').
3139 3434 3300 3518 unde
3331 3442 3407 3516 et.
3431 3433 3767 3518 pra-dicatoe

2161 3504 2428 3574 egregius,
2480 3506 2578 3558 hos
2604 3518 2743 3573 quos
2780 3504 3069 3559 carnaliter
3097 3505 3684 3575 sapientesinvenerat
3709 3512 3775 3560 ut

2161 3572 2481 3645 sapientiam
2506 3572 2689 3628 veram
2717 3574 3075 3643 perciperent,
3103 3572 3251 3644 prius
3274 3572 3388 3627 ﬁeri
3408 3574 3604 3629 stultos
3623 3590 3776 3644 qum-

2161 3647 2335 3710 rebat,
2368 3645 2553 3699 dicens
2599 3661 2612 3697 :
2664 3645 2724 3698 Si
2752 3646 2867 3715 quis
2904 3647 3045 3699 inter
3073 3662 3158 3700 vos
3188 3646 3387 3715 videtur
3423 3662 3536 3715 esse
3556 3650 3775 3713 sapiens

2160 3716 2215 3769 in
2246 3717 2342 3770 hoc
2362 3714 2569 3778 saeculo,
2598 3713 2786 3787 stultus
2804 3716 2901 3787 ﬁat
2920 3724 2977 3768 ut
3002 3718 3067 3769 sit
3091 3719 3297 3785 sapiens
3323 3713 3376 3787 (ι
3400 3714 3525 3769 Cor.
3555 3732 3630 3778 iu,
3656 3714 3773 3787 18).

2161 3788 2239 3841 Ac
2266 3787 2311 3841 si
2341 3788 2420 3839 eis
2448 3796 2635 3856 aperte
2655 3785 2798 3839 dicat
2824 3803 2837 3839 :
2883 3786 3043 3840 Stulti
3074 3800 3192 3841 esse
3218 3786 3360 3856 apud
3399 3785 3772 3855 vosnietipsOs

2160 3856 2372 3920 discite,
2406 3853 2547 3910 utin
2570 3853 2685 3926 Deo
2714 3870 2844 3910 vere
2884 3859 3157 3926 sapientes
3183 3853 3303 3911 esse
3333 3857 3585 3911 valeatis.
3630 3853 3771 3912 Hinc

2160 3942 2371 3996 rursum
2403 3926 2515 3980 ait:
2558 3923 2738 3996 Nolite
2766 3941 2878 3980 esse
2915 3923 3190 3996 prudentes
3229 3929 3371 3996 apud
3402 3930 3769 3996 vosmetipsos.

2161 3995 2239 4053 Ac
2265 3997 2310 4052 si
2337 3998 2485 4053 dicat
2510 4014 2524 4049 :
2556 3994 2658 4062 Qui
2687 3998 2828 4063 apud
2859 3994 3178 4066 semctipsos
3207 3994 3484 4066 sapientes
3512 3994 3662 4059 sunt.
3698 3998 3770 4053 ad

2160 4082 2341 4122 veram
2368 4068 2689 4138 sapientiam
2720 4069 3008 4138 pervenire
3037 4082 3143 4122 non
3173 4077 3423 4138 possunt.
3454 4067 3521 4122 Et
3551 4084 3651 4138 per
3676 4084 3767 4123 se-

2160 4136 2445 4208 metipsam
2488 4137 2701 4193 Veritas
2747 4137 2914 4191 dicit:
2947 4136 3232 4208 (Conﬁteor
3261 4138 3372 4202 tibi,
3417 4136 3607 4204 Pater,
3653 4139 3769 4192 Do-

2160 4207 2306 4263 mine
2321 4209 2435 4262 caeli
2454 4218 2503 4279 et
2534 4217 2685 4262 terra
2708 4224 2725 4262 :
2755 4210 2876 4278 quia
2902 4207 3218 4262 abscondisti
3239 4209 3350 4279 luet;
3378 4226 3411 4261 a
3439 4208 3768 4279 sapientibus

2159 4290 2209 4333 et
2235 4278 2587 4349 prudentibus,
2618 4288 2667 4331 et
2696 4277 2929 4333 rerelasti
2960 4295 3021 4332 ea
3051 4280 3279 4349 parvulis
3303 4277 3521 4349 (Matth.
3549 4295 3621 4341 xi,
3646 4278 3766 4346 ‘25).

2160 4370 2290 4425 CAP.
2320 4368 2507 4423 XXXI.
2532 4399 2602 4408 —
2632 4367 2693 4422 Si
2718 4369 2832 4438 ﬁeri
2860 4379 3056 4438 potest,
3083 4370 3220 4440 quod
3259 4369 3489 4440 ex_vobis
3521 4379 3619 4434 est,
3648 4386 3768 4423 cum

2211 4441 2446 4495 omnibus
2476 4439 2769 4494 hominibus
2797 4456 2974 4509 pacem
3003 4438 3245 4493 habentes
3276 4438 3457 4510 (Rom.
3492 4456 3553 4505 ιι,
3595 4439 3709 4510 :8).

2233 4530 2448 4603 (Regul.
2480 4530 2695 4603 Pastor.
2728 4539 2868 4603 part.
2898 4544 2990 4597 ιιι,
3013 4546 3135 4600 cap.
3165 4528 3279 4603 92.)
3318 4529 3376 4582 Si
3407 4544 3599 4603 pacem
3634 4531 3768 4603 dili-

2160 4600 2351 4669 gentes
2379 4604 2445 4654 ad
2476 4600 2859 4669 increpationis
2888 4603 3050 4655 verba
3084 4600 3384 4669 prosiliant,
3416 4614 3528 4653 non
3558 4600 3767 4655 debent

2084 4686 2135 4746 ι)
2160 4672 2451 4746 formidare
2481 4671 2831 4746 temporalem
2862 4687 3065 4746 pacem
3081 4670 3181 4725 sibi
3214 4669 3467 4746 turbare;
3492 4677 3555 4746 et
3578 4680 3763 4725 tamen

2161 4744 2406 4800 eamdem
2434 4756 2621 4811 pacem
2654 4740 2860 4811 integra
2886 4741 3177 4795 dilectione
3201 4740 3398 4811 debent
3426 4741 3765 4797 intrinsecus

2160 4823 2366 4877 tenere,
2394 4810 2553 4879 quam
2585 4826 2680 4880 per
2707 4810 3065 4866 invectiOnem
3100 4812 3246 4865 vocis
3264 4810 3521 4880 videntur
3548 4814 3768 4866 extrin-

2159 4899 2315 4939 secus
2344 4881 2443 4937 sibi
2475 4879 2711 4951 turbare.
2757 4879 2893 4936 Hinc
2934 4880 3130 4935 Paulus
3159 4886 3270 4934 ait:
3315 4879 3376 4934 Si
3402 4880 3525 4950 ﬁeri
3563 4892 3759 4951 potest,

2154 4954 2291 5024 quod
2317 4968 2383 5007 ea:
2401 4950 2546 5024 _v_obis
2566 4962 2672 5018 est,
2702 4968 2816 5005 cum
2843 4951 3082 5024 omnibus
3107 4950 3399 5024 hominibus
3442 4950 3634 5020 pacem
3664 4955 3763 5007 lus-

2153 5021 2348 5078 bentes.
2399 5021 2723 5076 Hortaturus
2769 5022 2911 5077 enim
2957 5021 3244 5089 discipulos
3288 5030 3346 5075 ut
3393 5036 3586 5090 pacem
3630 5039 3762 5079 cum

2154 5094 2405 5150 omnibus
2436 5092 2719 5157 baberent,
2750 5092 3280 5161 praemisit,dicens:
3313 5090 3382 5161 Si
3404 5094 3524 5155 ﬁeri
3547 5102 3760 5160 potest;

2152 5174 2315 5233 atque
2342 5162 2617 5230 subiunxit
2641 5180 2653 5215 :
2707 5159 2857 5226 Quod
2879 5177 2944 5234 es:
2965 5160 3103 5216 vobis
3128 5171 3225 5234 est.
3254 5159 3500 5234 Dillicile
3548 5159 3762 5234 quippe

2152 5231 2292 5301 erat,
2320 5242 2380 5287 ut
2405 5234 2450 5288 si
2474 5234 2612 5286 male
2640 5242 2758 5287 acta
2783 5232 3141 5302 corriperent,
3182 5231 3379 5287 habere
3405 5246 3601 5301 pacem
3628 5231 3760 5290 eum

2152 5305 2403 5361 omnibus
2432 5314 2686 5372 possent;
2717 5302 2811 5357 sed
2834 5317 2955 5357 cum
2987 5302 3299 5372 temporalis
3326 5317 3435 5371 pax
3462 5302 3519 5355 in
3553 5318 3761 5368 pravo-

2152 5384 2271 5431 rum
2298 5371 2549 5430 cordibus
2578 5389 2645 5427 ex
2672 5374 3042 5442 increpatione
3067 5371 3250 5429 nostra
3269 5371 3647 5438 confunditur,
3671 5375 3760 5428 in-

2150 5447 2349 5501 violata
2372 5458 2598 5499 necesse
2622 5454 2705 5497 est
2733 5450 2791 5496 ut
2815 5444 2867 5497 in
2893 5452 3078 5499 nostro
3102 5445 3268 5499 corde
3286 5453 3555 5497 servetur.
3575 5442 3758 5499 Reae

2156 5515 2342 5587 itaque
2369 5516 2480 5570 ait:
2514 5512 2665 5587 Quod
2700 5531 2765 5568 ea:
2793 5514 2931 5569 vobis
2948 5524 3069 5587 est;
3099 5529 3164 5569 ac
3194 5515 3239 5569 si
3269 5514 3532 5587 nimirum
3556 5514 3701 5587 dicat
3731 5533 3750 5587 ξ

2154 5582 2289 5653 Quia
2332 5602 2435 5655 pax
2479 5599 2545 5639 ex
2575 5584 2801 5639 duarum
2826 5585 3055 5654 partium
3085 5598 3350 5640 consensu
3380 5582 3656 5648 subsistit,
3701 5584 3754 5639 si

2153 5659 2222 5712 ab
2250 5658 2328 5713 eis
2356 5658 2446 5725 qui
2476 5655 2838 5724 corripiuntur
2865 5656 3184 5724 expellitur,
3230 5655 3436 5725 integra
3466 5660 3656 5725 tamen
3692 5655 3751 5707 in

2153 5736 2329 5782 vestra
2366 5718 2457 5797 qui
2486 5718 2755 5795 corripitis
2780 5718 2963 5780 mente
3005 5718 3475 5797 teneatur.__Unde
3523 5723 3753 5797 eosdem

2156 5791 2443 5867 discipulos
2470 5791 2679 5859 rursum
2710 5797 2981 5861 admonet,
3005 5795 3226 5867 dicens:
3259 5791 3324 5848 Si
3343 5793 3457 5863 quis
3485 5808 3590 5845 non
3620 5794 3751 5846 obe-

2146 5872 2225 5924 dit
2271 5865 2419 5923 verba
2466 5880 2641 5923 nostro
2683 5885 2774 5939 per
2819 5867 3109 5937 epistolam,
3148 5865 3282 5920 hunc
3315 5871 3516 5932 notate,
3545 5870 3596 5916 et
3634 5878 3749 5918 non
