3974 6350
208 335 343 396 i505

792 332 1040 391 ALULFI
1082 332 1444 395 EXPOSI'I'IO
1480 335 1638 395 NOV]
1676 334 1875 397 TEST.
1913 370 1983 383 —
2019 338 2170 398 SUP.
2212 339 2317 397 ΕΡ.
2359 340 2558 399 PAULI
2597 343 2691 399 AD
2729 344 2891 402 ROM.

3340 352 3479 411 I506

211 440 994 536 eumgiiiaaut
1018 450 1370 536 cuiifmidatur
1501 450 1680 535 Thess.
1712 467 1789 536 tu,
1821 458 1872 518 Α
1898 450 2031 536 Nam
2060 452 2187 536 dum
2231 455 2371 536 sclvi
2399 455 2640 512 debitum
2671 458 2976 536 necessitas
3021 462 3188 536 petit,
3233 463 3480 536 voluptis

215 520 329 591 ιι).
356 519 528 591 Atque
554 517 696 573 illico
724 516 967 591 adjunxit
991 536 1005 572 :
1034 516 1285 575 Et'naiite
1310 530 1367 575 ut
1389 516 1653 577 inimicum
1680 524 1794 578 exi-

214 587 422 664 siiiicare
442 587 618 664 illum_,
648 590 736 641 sed
762 588 1003 658 corripite
1028 597 1083 642 ut
1105 593 1321 664 fratrem
1356 590 1375 663 (
1391 592 1536 648 Vers.
1557 592 1683 664 715).
1713 592 1792 664 Ac

214 660 259 728 si
288 660 524 712 diceret:
575 657 769 712 Pacem
813 657 938 713 cum
984 675 1051 715 eo
1080 657 1403 718 exteriorem
1434 657 1652 728 solvite,
1695 663 1791 719 sed

213 727 524 802 interiorem
567 728 885 802 circa_i|lum
917 729 1223 802 medullitus
1246 733 1512 802 custodite
1530 772 1548 799 ,
1576 741 1635 787 ut
1664 748 1795 802 pec-

213 799 383 855 cantis
428 808 661 871 mentem
692 799 770 853 sic
799 807 974 871 vestra
1007 800 1270 856 discordia
1301 801 1486 869 feriat,
1528 799 1794 871 quatenus

214 882 318 939 pax
344 884 373 921 a
403 870 651 923 cordibus
676 869 867 923 vestris
894 884 993 924 nec
1020 871 1282 941 abnegata
1323 869 1580 928 discedat.

212 960 337 1015 CAP.
370 958 585 1032 XXXII.
613 991 692 1032 ἡ,
718 959 808 1032 Vis
837 977 941 1015 non
983 962 1158 1016 timere
1205 965 1543 1032 potestatem?
1592 964 1794 1019 Bonum

333 1032 438 1101 fac,
466 1041 516 1083 et
546 1029 750 1084 habebis
781 1031 985 1085 laudent
1013 1049 1076 1086 ex
1099 1029 1403 1101 ilia—(Rom.
1438 1051 1556 1099 xm,
1590 1035 1668 1104 5).

284 1123 493 1194 (Regul.
525 1123 733 1179 Pastor.
766 1133 902 1193 part.
938 1142 1028 1193 ιιι,
1058 1142 1178 1196 cap.
1222 1127 1336 1195 58.)
1370 1128 1445 1184 De
1473 1129 1682 1184 duobus
1711 1129 1794 1185 vi-

212 1195 296 1249 tiis
323 1210 563 1267 ιιιιοιηιηι
576 1212 747 1267 unum
779 1197 1086 1252 nullatenus
1114 1195 1494 1267 exstinguitur,
1520 1201 1620 1255 nisi
1650 1200 1795 1256 aliud

210 1267 502 1339 nutriatur,
520 1265 660 1339 _illu‘l
686 1267 1067 1339 in:equendum
1093 1276 1174 1321 est
1196 1265 1468 1323 ardentius
1496 1273 1639 1339 quod
1670 1286 1797 1338 pre-

210 1337 305 1409 niit
332 1335 705 1409 periculo-ius.
735 1335 889 1403 Saepe
910 1339 1049 1392 enim
1079 1339 1199 1406 quis
1220 1353 1250 1393 a
1277 1335 1529 1394 ciborum‘
1548 1355 1606 1395 se
1633 1335 1798 1409 inglu-

211 1406 293 1481 vie
321 1406 547 1481 minime
568 1416 923 1481 temperans,
944 1409 1275 1481 jamjamque
1308 1427 1450 1481 pene
1491 1406 1796 1481 superantis

212 1473 433 1550 luxuriae
480 1473 712 1550 stimulis
762 1473 1382 1549 premitur,'qui'huj'us
1422 1473 1610 1550 pugnae
1651 1493 1796 1537 metu

211 1548 446 1619 territus,
463 1548 605 1619 ilum
622 1562 679 1600 se
708 1562 805 1616 per
829 1549 1208 1619 abstinentiam
1238 1548 1565 1619 restringere
1587 1552 1794 1617 nititur,

210 1616 385 1671 inanis
424 1617 610 1685 gloria:
644 1619 944 1674 tentatione
974 1616 1240 1686 fatigatur.
1284 1616 1643 1675 Toleramlum
1694 1616 1797 1676 ita;

210 1701 314 1760 que
341 1696 446 1752 est,
478 1696 536 1740 ut
558 1703 652 1755 per
678 1690 930 1743 virtutem
952 1690 1288 1744 abstinentia:
1315 1692 1529 1746 interim
1552 1706 1799 1760 arrogan-

211 1759 284 1830 tia
312 1768 502 1830 contra
530 1760 796 1830 viventem
826 1769 1052 1824 crescat,
1086 1775 1152 1813 ne
1181 1776 1302 1814 eum
1334 1776 1431 1830 per
1457 1759 1744 1828 ingluviem
1767 1778 1797 1816 a

210 1828 319 1901 vita
347 1828 560 1901 luxuria
593 1828 828 1882 funditus
850 1830 1175 1901 exstinguat.
1209 1828 1349 1886 Hinc
1370 1840 1453 1886 est
1482 1833 1624 1901 quod
1662 1831 1799 1886 Pau-

209 1896 292 1952 lus
320 1899 741 1972 cuminlirmum
781 1896 1081 1955 auditorem
1111 1917 1265 1972 suum
1310 1896 1668 1972 perpetideret
1706 1911 1800 1955 aut

211 1982 372 2036 prava
404 1969 579 2024 adhuc
619 1970 755 2024 velle
786 1985 975 2038 agere,
1022 1979 1115 2025 aut
1152 1970 1219 2025 de
1259 1969 1473 2028 actione
1514 1981 1661 2028 recta
1700 1973 1801 2026 hu-

204 2044 384 2092 ‘mana:
419 2039 592 2093 laudis
620 2040 972 2094 retributione
998 2042 1263 2109 gaudere,
1296 2042 1370 2095 ait
1413 2062 1426 2096 :
1476 2042 1566 2096 Vis
1595 2060 1698 2097 non
1731 2045 1798 2096 ti—

210 2123 371 2181 mere
383 2110 735 2181 potestatem?
780 2109 980 2181 Bonum
1008 2116 1127 2181 (ac,
1175 2121 1225 2164 et
1268 2113 1476 2167 habebis
1504 2114 1709 2167 laudem
1736 2129 1799 2165 ea;

210 2177 323 2252 iuri.
354 2177 711 2252 Nequeenitn
744 2180 864 2252 ideo
910 2177 1049 2234 bona
1078 2183 1281 2249 agenda
1311 2193 1436 2237 sunt
1475 2196 1532 2237 ut
1563 2192 1800 2252 potestas

210 2245 369 2321 hujus
392 2245 575 2321 mundi
608 2250 749 2304 nuila
779 2250 1054 2315 timeatur,
1081 2245 1175 2305 aut
1202 2267 1296 2321 per
1318 2254 1432 2309 haec
1456 2245 1624 2321 gloria
1650 2267 1799 2307 trans

209 2318 413 2373 sitorice
454 2318 625 2374 laudis
654 2330 935 2374 sumatur:
975 2322 1071 2376 sed
1102 2318 1225 2377 cum
1267 2318 1532 2378 infirmam
1564 2334 1799 2377 mentem

211 2387 281 2442 ad
313 2398 518 2463 tantum
561 2390 725 2463 robuc
747 2390 1039 2463 ascendere
1075 2408 1182 2446 non
1227 2409 1385 2460 posse
1418 2404 1697 2463 pensaret,
1741 2401 1800 2447 ut

212 2468 269 2513 et
316 2460 635 2533 pravitatem
684 2460 856 2533 simul
886 2462 1182 2533 viiaretet
1222 2460 1434 2518 laudem
1484 2464 1802 2533 praedicator

211 2531 457 2603 cgregius
478 2540 533 2603 ei
555 2530 897 2603 admonendo
914 2531 1113 2599 aliquid
1134 2532 1328 2587 obtulit
1353 2544 1408 2589 et
1436 2530 1634 2603 aliquid
1657 2535 1799 2589 tulit.

211 2596 568 2673 concedendo
614 2602 757 2655 enim
789 2602 922 2656 levia
942 2643 979 2669 ,.
999 2596 1266 2657 Subtraxit
1293 2596 1539 2669 acriora;
1592 2612 1647 2658 ut
1676 2606 1801 2673 quia

213 2668 280 2723 ad
312 2670 606 2742 deserenda
635 2680 828 2726 cuncta
874 2668 1035 2742 simul
1077 2689 1183 2727 non
1215 2668 1551 2742 assurgeret,
1591 2668 1717 2727 dum
1748 2676 1799 2728 in

213 2739 449 2812 quodam
490 2755 588 2794 suo
617 2741 746 2812 vitio
769 2742 985 2812 animus
1012 2740 1346 2798 familiariter
1375 2739 1719 2812 relinquitur,
1770 2759 1802 2798 a

216 2809 451 2877 quodam
480 2826 579 2863 suo
608 2811 725 2865 sine
752 2810 940 2866 dolore
970 2812 1268 2867 tolleretur.

359 2922 490 2981 CAP.
521 2923 755 2982 XXXIII.
785 2958 855 2971 —
881 2926 1005 2982 Nox
1032 2930 1291 2999 prwcessit
1308 2970 1323 2995 ,
1356 2930 1463 2986 dies
1490 2939 1660 2986 autem

550 3000 978 3069 appmpinquavit
1008 2998 1185 3069 (liam.
1219 3016 1329 3067 xm,
1363 3001 1474 3071 η).

288 3087 368 3160 (ln
400 3091 630 3167 exposit.
666 3090 726 3167 β.
756 3089 1023 3167 Job,_lib_.
1076 3108 1203 3167 xxix
1227 3135 1243 3162 ,
1293 3110 1441 3151 num.
1483 3095 1535 3161 3,
1566 3094 1646 3167 4.)
1694 3094 1804 3150 Nos

210 3175 407 3218 omnes
452 3162 543 3237 qui
572 3162 852 3237 veritatem
900 3162 952 3215 in
1005 3163 1104 3237 hac
1132 3164 1240 3218 vita
1289 3162 1801 3237 sequimur,'quasi

208 3245 411 3286 aurora
454 3232 537 3286 \el
564 3231 853 3287 diluculum
881 3233 1063 3287 vocari
1092 3231 1395 3300 possumus.
1418 3236 1626 3292 Aurora
1648 3231 1804 3291 nam-
1826 3233 1874 3294 C

207 3317 310 3372 que
332 3301 430 3356 vel
450 3301 740 3374 diluculum
766 3302 1217 3374 noctemrquidem
1241 3304 1507 3361 interiisse
1528 3310 1799 3374 nuntiant,

205 3385 305 3427 nec
343 3380 533 3443 tamen
562 3372 861 3443 claritatem
891 3373 996 3427 diei
1045 3374 1307 3443 integram
1357 3384 1662 3442 ostentant;
1707 3372 1803 3434 sed

204 3442 516 3515 dumiiliam
539 3442 764 3515 pellunt,
783 3443 922 3515 hanc
948 3442 1266 3515 suscipiunt,
1298 3445 1469 3501 lucem
1487 3448 1803 3515 permixtam

207 3485 1805 3585 Egesta;mea:Romaniﬁ:;;";.:.;a;;.“};t.";.;;‘ista;

208 3592 333 3639 sunt
370 3582 599 3653 agimus,
629 3591 684 3636 et
710 3592 890 3637 tamen
915 3582 1231 3653 quibusdam
1259 3582 1436 3641 adhuc
1460 3582 1805 3642 tenebrarum

206 3652 461 3726 reliquiis
491 3670 596 3726 non
642 3668 910 3726 caremus.
956 3653 1060 3708 Per
1086 3655 1402 3725 prophetam
1446 3658 1645 3726 quippe
1692 3658 1805 3714 Deo

207 3722 450 3795 dicitur:
482 3723 604 3777 Non
624 3722 996 3795 justi/icabitiir
1036 3722 1098 3778 ini
1119 3722 1390 3795 conspecti:
1418 3722 1503 3781 tuo
1541 3722 1707 3781 omnis
1730 3730 1806 3783 tri-

210 3808 331 3865 oens
377 3788 549 3865 (Psal.
585 3788 766 3865 citur,"
809 3791 885 3862 2).
923 3788 1257 3865 Rursumque
1282 3797 1537 3865 scriptum
1568 3807 1649 3852 est
1680 3816 1692 3851 :
1737 3798 1805 3852 In

208 3863 400 3937 multis
424 3863 563 3937 enim
576 3864 888 3937 affeudimus
906 3880 1080 3937 omnes
1097 3863 1234 3932 (Jac.
1260 3882 1343 3937 ιιι,
1358 3863 1434 3932 ‘2).
1465 3864 1660 3922 Paulus
1679 3882 1808 3937 quo-

211 3947 316 4001 que
344 3934 429 3986 ait
474 3932 682 4007 :_Video
722 3934 882 4007 aiiam
909 3934 1069 4004 legem
1105 3938 1160 3988 in
1192 3936 1431 4007 membris
1477 3940 1606 3990 meis
1647 3932 1806 4007 repu-

176 4040 181 4041 ν
209 4010 463 4085 gnantem
491 4005 587 4085 legi
615 4005 799 4085 mentis
826 4021 972 4085 inew,
1003 4014 1058 4085 et_
1077 4006 1330 4085 captivum
1350 4023 1431 4085 me
1459 4005 1805 4085 ducentemjn

209 4018 463 4129 penatium
491 4018 587 4085 tegi
615 4018 797 4057 mentis
826 4021 972 4069 metr,
1003 4018 1051 4056 et
1077 4018 1330 4074 captivum
1350 4023 1431 4060 me
1459 4018 1724 4061 ducentem
1748 4018 1801 4061 in

214 4090 324 4150 __ge
356 4081 553 4150 peccati
583 4089 697 4144 qum
725 4082 800 4127 est
822 4074 875 4150 iri
907 4077 1146 4150 membris
1184 4079 1312 4129 meis
1354 4076 1533 4150 (liam.
1564 4093 1657 4146 vn,
1687 4077 1801 4150 23).

214 4141 492 4213 Ubiiiergo
535 4141 624 4197 lex
663 4144 870 4213 peccati
910 4160 1029 4199 cum
1085 4145 1201 4212 lege
1252 4141 1446 4201 mentis
1488 4141 1801 4210 contendit,

214 4212 468 4286 profecto
491 4212 671 4269 adhuc
696 4230 891 4269 aurora
918 4222 1022 4277 est,
1048 4216 1171 4283 quia
1203 4216 1291 4286 lux
1313 4218 1557 4286 quaajam
1584 4219 1806 4273 emicuit

216 4283 452 4358 necdum
502 4292 888 4358 praetereuntes
928 4286 1201 4358 ‘tenebras
1266 4283 1502 4343 funditus
1568 4291 1802 4358 pressit;

218 4354 398 4427 adhuc
416 4368 608 4427 aurora
635 4365 737 4427 est,
767 4354 891 4423 quia
912 4354 1038 4427 dum
1072 4356 1158 4411 lex
1187 4359 1362 4413 carnis
1389 4358 1558 4427 legem
1570 4354 1801 4423 'mentis,

221 4432 280 4494 et
305 4423 395 4476 lex
420 4425 616 4494 mentis
641 4425 812 4494 legem
840 4426 1017 4494 carnis
1044 4428 1297 4494 percutit,
1326 4423 1466 4483 inter
1485 4446 1544 4484 se
1570 4430 1805 4484 vicissim

221 4491 315 4544 lux
343 4498 399 4543 et
429 4492 614 4544 umbra
646 4492 905 4558 conﬂigit.
937 4491 1090 4547 Unde
1113 4511 1323 4549 rursum
1355 4497 1548 4552 Paulus
1575 4514 1697 4553 cum
1720 4498 1801 4552 di-r

1897 523 2115 598 explere
2145 526 2465 581 desiderium
2493 527 2748 596 suppetit,
2778 537 2833 583 et
2862 538 3012 583 tanto
3024 523 3209 598 gulam
3242 523 3480 593 seen-rius

1896 593 1949 648 in
1980 608 2217 665 praeceps
2239 598 2418 664 rapit,
2445 593 2649 665 quanto
2675 600 2775 653 sub
2803 593 3272 658 honesto'uomine
3292 620 3483 661 neces-

1895 664 2084 744 siiatis
2110 665 2385 744 explenda:
2429 664 2796 744 sé__contegit_.
2846 670 2999 744 Saepe
3040 683 3220 725 autem
3266 674 3319 728 in
3361 674 3478 744 ipsa

1895 733 2085 810 edendi
2106 736 2191 789 via
2221 736 2412 810 furtive
2426 737 2678 810 adjuncta
2701 733 3061 810 subsequitur,
3097 733 3477 810 nonnunquam

1899 819 2026 859 vero
2057 804 2395 878 impudenter
2416 807 2588 878 libera
2628 810 2787 862 etiam
2821 804 3009 878 praeire
3038 821 3281 866 conatur.
3306 804 3481 870 Facile

1894 884 1975 929 est
2009 882 2188 929 autem
2215 875 2633 949 deprehendere,
2660 875 3059 949 cumvoluptas
3089 883 3204 949 ejus
3249 884 3481 939 necessi-

1897 952 2061 998 tatem
2109 947 2399 1013 prazvenit,
2449 949 2541 1000 sed
2589 947 2744 1001 valde
2792 962 2878 1003 est
2916 947 3131 1003 «ιὶηἰείΙό
3176 951 3482 1008 discernere

1896 1029 2015 1090 cuin
2048 1014 2099 1068 in
2130 1016 2245 1085 ipso
2267 1030 2361 1070 esu
2381 1019 2681 1071 necessario
2709 1032 2768 1072 se
2797 1018 3003 1074 occulta
3035 1020 3325 1090 subjungit.
3348 1022 3482 1077 Nam

1898 1085 2024 1154 quia
2056 1095 2382 1160 praeeuntem
2416 1095 2622 1160 natura:
2648 1091 2945 1160 appetiium
2975 1085 3422 1160 sequitur,'quasi
3448 1107 3482 1148 a

1900 1163 2052 1222 tergo
2081 1156 2533 1231 venienstardius
2560 1159 2789 1231 videtur.
2819 1156 2897 1212 Eo
2921 1156 3067 1212 enini
3099 1156 3339 1228 tempoie
3367 1177 3477 1231 quo

1898 1226 2206 1299 necessitati
2235 1225 2471 1299 debitum
2500 1227 2757 1299 solvitur;
2787 1230 2912 1297 quia
2944 1245 3038 1297 per
3065 1225 3223 1284 esum
3240 1225 3484 1299 voluptas

1898 1295 2203 1370 necessitati
2237 1297 2507 1370 miscetur,
2545 1297 2673 1365 quid
2703 1295 3002 1370 necessitas
3025 1308 3203 1367 petat,
3247 1308 3300 1354 et
3328 1295 3479 1370 quid,

1862 1423 1866 1426 ν
1898 1365 2037 1418 sicut
2059 1365 2258 1439 dictum
2289 1376 2391 1439 est,
2419 1369 2665 1435 voluptas
2688 1378 2958 1436 suppetat,
2992 1365 3287 1436 ignoratur.
3319 1365 3476 1439 Saepe

1902 1450 2031 1507 vero
2051 1444 2113 1507 et
2126 1436 2504 1507 discernimus,
2538 1448 2592 1491 et
2619 1439 2742 1506 quia
2767 1449 3045 1506 utramque
3072 1453 3168 1507 per
3195 1436 3477 1506 experien-

1901 1505 2030 1558 tiam
2074 1505 2170 1559 sibi
2218 1507 2556 1574 conjunctam
2604 1505 2881 1574 novi-nus,
2928 1505 2981 1561 in
3027 1505 3128 1561 hac
3154 1505 3294 1576 quod
3325 1518 3479 1564 extra

1900 1583 2071 1645 metas
2100 1576 2369 1645 rapimur,
2420 1576 2547 1630 libet
2586 1586 2643 1630 ut
2686 1578 2904 1632 sciendo
2953 1577 3217 1631 fallamur.
3266 1578 3330 1631 Et
3356 1582 3483 1634 dum

1902 1644 2003 1720 sibi
2032 1661 2185 1720 mens
2211 1662 2277 1699 ex
2313 1648 2633 1720 necessitate
2662 1648 2948 1720 blauditur,
2989 1663 3053 1702 ex
3082 1650 3355 1720 voluptate
3382 1649 3481 1720 de-

1900 1716 2117 1782 cipitur,
2147 1716 2284 1770 sicut
2310 1718 2566 1785 scriptum
2589 1724 2674 1771 est
2697 1734 2711 1769 :
2741 1716 2925 1771 Carnis
2953 1733 3129 1771 curam
3157 1716 3225 1771 ne
3249 1719 3476 1843 Leceritis

1900 1786 1953 1837 in
1984 1786 2270 1840 desideriis.
2295 1785 2424 1843 Ome
2453 1788 2612 1843 igitur
2636 1789 2687 1840 in
2718 1788 2985 1843 desiderio
3011 1787 3123 1842 ficri
3149 1804 3243 1843 nro
3285 1790 3476 1843 ibetnr.

1900 1786 1953 1837 in
1984 1786 2270 1840 desideriis.
2295 1785 2424 1853 Qum
2453 1788 2612 1854 igitur
2636 1789 2687 1840 in
2718 1788 2985 1843 desiderio
3011 1787 3123 1842 ficri
3149 1785 3481 1856 prohibetur,

1834 1859 1876 1917 Β
1905 1856 1956 1908 in
1990 1857 2307 1910 «necessitate
2327 1857 2657 1927 conceditur.
2689 1856 2795 1912 Sed
2821 1872 2963 1927 saepe
2986 1859 3111 1912 dum
3146 1860 3358 1914 incaute
3386 1874 3484 1912 ne-

1902 1928 2139 1979 cessitati
2193 1926 2703 1993 condescendimus,
2767 1926 3043 1983 desideriis
3104 1928 3477 1993 deservimns;

1903 2010 2283 2064 nonnunquam
2314 2011 2464 2061 vero,
2488 1999 2613 2051 dum
2640 1997 2921 2062 desideriis
2949 1999 3357 2053 immoderatius
3385 2001 3483 2052 ob—

1906 2069 2051 2118 viare
2074 2067 2321 2130 nitimur,
2374 2069 2708 2124 necessitatis
2764 2068 3008 2123 miserias
3055 2083 3330 2136 augemus.
3394 2068 3484 2122 Sic

1904 2137 2046 2188 enim
2073 2152 2293 2191 necesse
2312 2146 2396 2191 est
2416 2146 2476 2190 ut
2498 2146 2665 2192 artem
2678 2138 2904 2207 quisque
2918 2139 3262 2193 continentia:
3285 2148 3482 2201 teneat,

1903 2214 2167 2272 quatenus
2192 2223 2301 2261 non
2322 2222 2559 2269 carnem,
2591 2209 2686 2261 sed
2714 2208 2843 2261 vitia
2871 2212 3050 2263 carnis
3077 2209 3309 2263 occidat.
3349 2209 3483 2262 Nam

1903 2277 2222 2346 plerumque
2259 2278 2385 2330 dum
2414 2277 2532 2346 plus
2555 2277 2701 2342 justo
2737 2293 2864 2332 caro
2905 2279 3276 2345 restringitur,
3322 2278 3484 2332 etiam

1905 2344 1974 2398 ab
2002 2347 2386 2401 exercitatione
2411 2344 2535 2400 boni
2562 2348 2741 2415 aperis
2767 2355 3074 2413 enervatur,
3108 2344 3164 2400 ut
3189 2349 3253 2401 ad
3279 2349 3479 2402 oratio-

1905 2429 2028 2468 nem
2072 2430 2291 2484 quoque
2319 2418 2402 2470 vel
2433 2418 2861 2485 praedicationem
2906 2434 3011 2471 non
3051 2416 3309 2482 sufﬁciat,
3357 2418 3484 2471 dum

1906 2485 2172 2539 incentiva
2202 2487 2450 2541 vitiorum
2492 2487 2543 2539 in
2582 2502 2639 2541 se
2678 2486 2917 2542 funditus
2944 2485 3209 2542 suffocare
3242 2486 3481 2542 festinat.

1905 2554 2219 2623 Attjutorem
2241 2557 2441 2626 quippe
2464 2556 2725 2611 habemus
2754 2558 3065 2613 intentionis
3093 2558 3317 2612 internae
3343 2556 3487 2612 hunc

1905 2626 2179 2680 hominem
2217 2640 2376 2694 quem
2421 2628 2658 2696 exterius
2705 2636 3004 2693 gestamus,
3056 2638 3112 2682 et
3156 2626 3256 2696 ipsi
3305 2628 3487 2682 insunt

1905 2705 2085 2750 motus
2129 2693 2390 2766 iasc’ivize,
2435 2696 2535 2766 ipsi
2574 2693 2794 2766 effectus
2820 2705 3110 2766 suppetunt
3155 2693 3487 2766 operationis

1903 2765 2082 2818 bonae.
2127 2763 2282 2834 Sazpe
2308 2779 2436 2819 vero
2464 2765 2589 2817 dum
2640 2765 2692 2817 in
2740 2765 2831 2820 illo
2875 2763 3085 2820 hostem
3123 2763 3487 2833 insequimur,

1905 2834 2067 2886 etiam
2096 2835 2270 2888 civem
2315 2848 2475 2902 quem
2516 2834 2783 2902 diligimus
2833 2836 3195 2900 trucidamus,
3245 2844 3301 2889 et
3342 2850 3486 2904 serpe

1904 2904 2031 2957 dum
2062 2904 2213 2974 quasi
2240 2904 2447 2974 concivi
2477 2905 2762 2973 parcimus,
2790 2906 2854 2957 ad
2883 2904 3121 2974 praelium
3148 2905 3357 2959 hostem
3386 2918 3486 2959 nu-

1906 2972 2117 3028 trimus.
2150 2972 2362 3029 Eisdem
2393 2972 2623 3044 namque
2664 2972 2933 3044 alimentis
2963 2974 3090 3028 vitia
3131 2974 3482 3044 superbiant,

1903 3044 2102 3113 quibus
2128 3046 2342 3098 nutrita:
2371 3043 2595 3098 virtutes
2621 3044 2829 3097 vivunt.
2860 3043 2929 3099 Et
2954 3059 3075 3099 cum
3104 3043 3274 3099 virtus
3301 3044 3486 3113 alitur,

1905 3117 2221 3184 plerumque
2249 3115 2388 3168 vires
2423 3129 2641 3185 quoque
2672 3114 2811 3169 vitiis
2848 3122 3143 3183 augentur;
3190 3129 3310 3170 cum
3352 3128 3485 3185 vero

1908 3188 2168 3239 immensa
2194 3184 2520 3239 continentia
2553 3184 2805 3239 vitiorum
2831 3186 2975 3240 vires
3002 3193 3290 3253 extenuat,
3319 3184 3482 3239 etiam

1905 3254 2077 3310 virtus
2095 3254 2346 3310 deficiens
2371 3254 2605 3309 anhelat.
2640 3253 2790 3308 Unde
2815 3268 3036 3309 necesse
3067 3263 3149 3309 est
3179 3262 3238 3308 ut
3260 3255 3486 3310 interior

1907 3326 2071 3381 homo
2096 3333 2298 3389 noster,
2327 3340 2514 3393 aequus
2542 3325 2756 3393 quidem
2787 3325 2989 3379 arbiter
3025 3323 3317 3395 praesideat
3346 3325 3486 3378 inter

1906 3411 1967 3451 se
2013 3404 2068 3451 et
2096 3410 2216 3450 eum
2247 3410 2411 3464 quem
2459 3395 2694 3449 exterius
2723 3402 2930 3464 gestat,
2959 3394 3254 3464 quatenus
3272 3394 3323 3448 ei
3359 3408 3487 3450 suus

1907 3466 2071 3520 homo
2099 3463 2354 3530 exterior,
2389 3475 2446 3518 et
2482 3478 2696 3533 semper
2732 3463 2797 3517 ad
2846 3463 3084 3517 debitum
3130 3463 3486 3533 ministerium

1906 3535 2113 3590 servire
2150 3534 2403 3602 suﬂiciat,
2447 3541 2503 3588 et
2542 3532 2812 3601 nunquam
2835 3534 3065 3602 superbe
3086 3532 3251 3587 libera
3278 3533 3487 3589 cervice

1908 3605 2264 3660 contradicat.
2290 3603 2398 3659 Nec
2420 3611 2638 3658 moveat
2666 3604 2710 3657 si
2731 3602 2858 3672 quid
2887 3604 3223 3672 suggerendo
3250 3603 3486 3672 submuro

1906 3684 2104 3737 murat,
2139 3675 2431 3729 dummodo
2457 3688 2580 3727 eum
2608 3671 2821 3742 semper
2842 3671 3182 3744 superposita
3211 3673 3365 3728 calce
3392 3671 3487 3727 do-

1907 3745 2216 3800 minationis
2254 3752 2482 3814 premat.

2200 3831 2329 3888 CAP.
2359 3830 2572 3887 XXXV.
2596 3862 2668 3874 —
2694 3829 2829 3887 Item
2855 3832 2991 3886 unde
3014 3849 3195 3905 supra.

1980 3925 2059 4000 (In
2085 3927 2315 4004 exposit_.
2341 3925 2401 4004 B_.
2424 3924 2557 3992 Job,
2613 3925 2814 4004 l_ih.__ix_,
2840 3941 2990 4004 num.
3024 3925 3146 3991 105,
3177 3922 3332 4004 106.)
3370 3922 3486 4004 Ple-

1907 3994 2220 4073 rui'nquese
2239 3996 2312 4073 ad
2340 3997 2477 4050 viam
2502 3997 2835 4073 rectitudinis
2853 3997 3075 4073 animus
3097 3994 3361 4073 accendit,
3385 4000 3486 4048 tor-

1907 4061 2096 4141 porem
2123 4067 2360 4132 discutit,
2388 4076 2648 4141 iantoque
2674 4066 2725 4141 iii
2764 4061 3485 4141 omlestibusdesideiiora-

1907 4130 2074 4204 pitur,
2108 4146 2166 4191 ut
2194 4152 2330 4206 pene
2348 4130 2427 4189 nil
2444 4152 2512 4189 ex
2528 4130 2850 4206 eoinferius
2870 4133 3191 4206 remansisse
3217 4130 3483 4206 videatur.

1909 4200 1977 4261 Et
2006 4200 2335 4281 tamen'cum
2381 4206 2447 4281 ad
2476 4205 2652 4281 carnis
2679 4218 2864 4281 curam
2894 4201 3199 4281 reducitur,
3232 4200 3349 4281 sine
3377 4214 3485 4281 qua

1909 4278 2188 4348 praasentis
2226 4277 2345 4330 vita:
2374 4275 2458 4327 via
2485 4271 2796 4348 nullomodo
2817 4271 3086 4348 expletur,
3116 4271 3187 4325 ita
3231 4271 3376 4348 hunc
3404 4271 3485 4348 iu-

1910 4341 2075 4402 ierius
2103 4348 2418 4415 depressum
2450 4351 2619 4409 tenet,
2636 4359 2710 4415 ac
2738 4342 2784 4396 si
2811 4343 2984 4415 adhuc
3008 4341 3075 4396 de
3097 4341 3317 4415 summis
3342 4341 3485 4401 nulla

1911 4411 2244 4485 contigisset.
2288 4415 2501 4470 Auditis
2539 4412 2715 4485 verbis
2743 4412 2977 4485 cmlestis
3003 4411 3205 4467 oraculi
3251 4412 3305 4466 in
3339 4426 3485 4465 amo-

1910 4503 2025 4543 rem
2050 4482 2231 4554 patria:
2257 4484 2490 4540 cretestis
2517 4484 2758 4550 erigitur,
2788 4482 2882 4537 sed
2912 4490 3225 4551 resurgente
3256 4496 3484 4554 praesen-

222 4566 377 4640 °°":"
407 4574 422 4612 ³
469 4551 899 4640 ΝρπΛυνιεοβῖείι
923 4602 938 4629 ι
981 4577 1315 4640 ηθίιυβίῐυθηὲ
1342 4551 1598 4640 ευΡάΜίιξ
1619 4551 1805 4624 νεῖ-Ὗῦἷέε
1836 4580 1885 4640 D
1912 4560 1982 4640 δῖε
2009 4551 2126 4636 vi”?
2151 4554 2360 4640 59"“0'
2383 4555 2507 4640 -59.”
2540 4563 3156 4640 ‘esrl'el'gcifgiﬁgji'f
3174 4551 3485 4640 $295953

219 4629 405 4710 venit,
445 4630 537 4685 sed
567 4629 871 4710 diesuutem
910 4629 1357 4710 appropinquavit.
1389 4635 1490 4710 Qui
1514 4637 1656 4690 enim
1686 4645 1808 4710 post

221 4700 519 4776 discessum
571 4702 747 4776 noctis
794 4717 899 4756 non
936 4700 1047 4770 jam
1076 4700 1331 4776 venisse,
1365 4700 1475 4776 sed
1522 4700 1806 4776 appropin-

220 4785 419 4839 quasse
437 4771 576 4843 diem
599 4772 852 4836 insinuat,
877 4787 998 4829 esse
1021 4787 1078 4827 se
1101 4774 1451 4843 proculdubio
1486 4771 1609 4830 ante
1636 4771 1805 4832 solem

223 4851 349 4911 post
397 4842 648 4898 tenebras
694 4843 868 4897 adhuc
919 4844 972 4897 in
1017 4857 1210 4898 aurora
1267 4845 1618 4901 demonstrat.
1655 4846 1806 4902 Tunc

228 4925 365 4981 vero
385 4911 544 4981 plene
572 4921 758 4967 sancta
788 4913 1083 4968 electorum
1113 4913 1349 4970 Ecclesia
1380 4915 1496 4971 dies
1522 4917 1643 4981 erit,
1682 4933 1804 4973 cum

223 4979 275 5058 ei
305 4979 541 5058 admixta
572 4982 779 5058 peccati
802 4984 998 5058 umbra
1016 4983 1127 5058 jam
1167 5000 1272 5058 non
1315 4986 1449 5058 erit;
1493 4979 1806 5058 tunc'plene

222 5048 342 5126 dies
369 5051 501 5126 erit,
551 5048 765 5126 quando
817 5048 1031 5126 luminis
1079 5054 1275 5108 interni
1316 5057 1556 5126 perfecto
1597 5048 1809 5113 fervore

228 5118 517 5193 claruerit;
554 5118 682 5175 tunc
711 5121 867 5191 plene
899 5122 1012 5178 dies
1050 5126 1176 5191 erit,
1215 5118 1433 5193 quando
1461 5127 1661 5182 nullam
1690 5142 1809 5182 ma-

224 5189 399 5244 lorum
429 5206 648 5266 suorum
690 5189 988 5249 tentantem
1018 5189 1333 5266 memoriam
1367 5197 1640 5266 tolerans,
1694 5214 1814 5255 om-

226 5272 327 5314 nes
352 5275 383 5315 a
413 5274 473 5316 se
494 5263 836 5318 tenebrarum
868 5266 1030 5320 etiam
1061 5265 1316 5337 reliquias
1342 5263 1666 5325 abscondet.

335 5372 466 5432 Car.
497 5373 742 5455 XXXiVi
767 5378 1049 5455 ;—__Carr_iis
1095 5396 1272 5436 curam
1299 5399 1369 5455 ne
1403 5383 1625 5455 feceritis
1648 5384 1707 5438 in

634 5448 900 5503 desideriis
933 5450 1112 5521 (Rom.
1143 5468 1255 5518 xtn,
1288 5453 1398 5523 Η).

304 5535 383 5609 (In
411 5539 640 5615 exposit.
673 5539 733 5593 Β.
777 5539 898 5615 .lob,
933 5541 1024 5596 lib.
1073 5558 1199 5608 xxx,
1228 5559 1376 5615 num.
1407 5542 1495 5610 62,
1527 5542 1642 5615 65.)
1690 5543 1810 5598 Βίε-

228 5618 414 5684 cretus
439 5611 519 5662 vir
562 5624 625 5664 ac
653 5612 932 5684 continens
965 5628 1143 5684 usque
1172 5614 1238 5667 ad
1282 5611 1681 5684 temperandam
1710 5629 1810 5670 ne-

228 5680 537 5754 cessitatem
567 5688 806 5734 ventrem
830 5681 1003 5754 reiicit
1022 5726 1036 5747 ,
1057 5680 1129 5736 iet
1157 5698 1184 5735 a
1214 5680 1487 5754 voluptate
1514 5687 1808 5754 restringit.

230 5744 516 5822 Sciendum
538 5765 668 5805 vero
697 5759 780 5804 est
804 5753 927 5822 quia
966 5744 1041 5807 sic
1071 5754 1316 5820 voluptas
1343 5744 1451 5807 'sub
1490 5744 1811 5810 necessitate

235 5831 297 5874 se
322 5820 508 5890 palliat
531 5858 545 5886 ,
588 5829 645 5876 ut
691 5822 776 5875 vix
824 5820 940 5877 eam
974 5824 1240 5893 perfectus
1266 5824 1493 5896 quisque
1521 5825 1809 5882 discernat.

1911 4636 2074 4698 atque
2085 4626 2149 4698 _iu
2173 4635 2315 4698 terra
2338 4623 2516 4698 cordis
2547 4637 2883 4698 nequaquam
2908 4636 3152 4698 supernae
3170 4622 3285 4698 spei
3302 4633 3484 4698 semen

1911 4692 2327 4768 prolicit,_q_uia
2376 4694 2718 4768 cogitationis
2766 4692 2959 4768 intimae
3000 4692 3152 4768 spiua
3196 4692 3485 4768 densescit.

1911 4759 2081 4833 Quam
2111 4759 2357 4840 videlicet
2384 4759 2593 4840 spinam
2615 4779 2710 4840 pe_r_
2735 4759 3077 4840 semeiiipsain
3088 4759 3301 4840 Veritas
3327 4771 3483 4840 ιιιιιιξιι

1909 4827 2109 4890 sanctae
2150 4827 2539 4890 exhortationis
2567 4827 2824 4898 eradicat,
2861 4827 3047 4886 dicens
3086 4827 3319 4898 :ANolite
3342 4827 3484 4880 solli-

1910 4908 1999 4960 citi
2027 4921 2138 4959 esse
2183 4906 2238 4958 in
2286 4904 2569 4975 c_rastinum
2609 4896 2823 4975 (Matth.
2857 4917 2931 4975 vi,
2962 4898 3073 4975 ξι).
3102 4896 3303 4952 Contra
3350 4898 3484 4975 hanc

1915 4990 2135 5048 quoque
2160 4989 2259 5046 per
2299 4972 2524 5048 Paulum
2568 4969 2765 5048 di_citur
2792 4990 2805 5025 :
2846 4970 3029 5048 Carriis
3059 4984 3232 5048 citrum
3261 4983 3326 5048 ne
3354 4969 3484 5048 [ece-

1915 5037 2111 5121 ritis'in
2132 5037 2555 5121 concupisceiiiiis
2579 5041 2755 5121 (Rom.
2782 5056 2895 5106 xnl,
2926 5038 3036 5121 ιι).
3065 5037 3172 5092 Sed
3216 5037 3380 5121 iubis
3406 5037 3483 5090 ni-

1916 5118 2110 5173 mirum
2133 5116 2288 5189 ducis
2296 5116 2359 5170 et
2378 5116 2559 5189 militis
2584 5116 2762 5189 verbis
2785 5116 3121 5189 agnoscimus
3136 5146 3153 5172 ,
3195 5116 3319 5177 quia
3342 5118 3484 5189 .tunc

1917 5188 1987 5243 ab
2015 5202 2078 5241 ea
2102 5187 2379 5242 mortifero
2404 5186 2622 5240 vulnere
2651 5183 3158 5259 animuspungitur,
3186 5193 3309 5259 cuiu
3340 5183 3394 5259 iii
3423 5189 3484 5231 ea

1918 5273 2165 5313 mensura
2193 5259 2460 5329 aequitatis
2490 5269 2597 5329 non
2618 5261 2847 5329 tenetur.
2870 5246 3294 5329 Nequemortaii
3314 5246 3484 5329 adhuc

1919 5330 1975 5383 in
1998 5344 2160 5384 carne
2186 5317 2486 5398 viventibus
2513 5323 2748 5398 funditus
2768 5337 2896 5377 cura
2923 5317 3099 5377 carnis
3134 5317 3484 5398 abscinditur,

1918 5400 2014 5456 sed
2042 5407 2101 5453 ut
2123 5398 2353 5454 discrete
2386 5396 2565 5450 animo
2594 5394 2792 5449 serviat
2822 5400 3165 5463 temperatur.
3198 5387 3329 5463 Nam
3358 5388 3484 5463 quia

1919 5470 2178 5525 sollicitos
2216 5484 2314 5523 nos
2359 5480 2480 5522 esse
2522 5465 2577 5518 in
2623 5458 3236 5531 crastinum'prohibet,
3286 5458 3485 5512 habere

1919 5548 2194 5611 utcunque
2230 5553 2411 5593 curam
2454 5536 2507 5589 in
2550 5535 2897 5611 prmseniibus
2937 5548 3043 5586 non
3091 5539 3282 5611 negat,
3322 5544 3483 5611 quam

1918 5611 2066 5676 tendi
2106 5603 2174 5665 ad
2207 5618 2417 5676 tempus
2452 5603 2594 5675 quod
2632 5608 2873 5676 sequitur
2911 5611 3075 5657 vetat.
3129 5603 3194 5676 ist
3235 5603 3482 5676 nimirum

1918 5673 2115 5734 Paulus
2142 5694 2261 5734 cum
2290 5671 2482 5732 curam'
2502 5676 2677 5730 carnis
2700 5675 2813 5727 fieri
2844 5676 2893 5727 in
2922 5671 3350 5736 concupiscentia
3378 5682 3483 5720 non

1918 5752 2062 5811 sinit,
2088 5748 2440 5820 proculdubio
2469 5747 2521 5800 in
2545 5746 2865 5820 necessitate
2890 5742 3154 5799 concedit.
3178 5740 3482 5816 Curandum

1918 5814 2103 5890 itaque
2137 5827 2252 5884 est,
2300 5834 2369 5874 ne
2416 5827 2507 5872 aut
2550 5814 2884 5871 necessitatis
2922 5824 3092 5869 metas
3137 5826 3264 5868 cura
3307 5814 3483 5865 carnis
