3974 6350
236 377 364 435 1557

786 368 1031 424 ALULFI
1069 366 1426 427 EXPOSITIO
1464 363 1627 423 NOVI
1663 363 1850 420 'IEST.
1892 393 1962 407 -—
1998 363 2149 422 SUP.
2192 366 2295 424 ΕΡ.
2338 367 2542 427 PAULI
2580 368 2671 429 AD
2709 367 2864 426 COR.

2322 278 2390 290 ’σε

3325 377 3462 436 i558

234 498 451 571 populus
476 502 564 571 est
588 492 839 571 omnium
892 508 1153 571 numerus
1174 494 1488 559 electorum,
1518 493 1610 571 qui
1647 493 1788 551 hanc
1814 491 1869 555 Α
1960 488 2089 545 αλιι.
2121 487 2258 546 XVI.
2279 522 2352 534 —
2382 490 2733 571 Per_g_loriam
2756 496 2808 544 et
2822 488 3224 571 ignobilitatem,
3254 500 3366 552 etc.

230 563 389 625 vitam
429 563 691 636 quoddam
721 563 818 619 sibi
850 563 1090 636 exsilium
1124 565 1461 634 deputantes,
1494 563 1558 636 ad
1601 578 1817 636 super-'

231 656 350 696 nam
397 633 621 708 patriam
663 641 785 708 tota
818 633 993 708 cordis
1034 633 1329 708 intentione
1359 633 1790 708 _suspirant,'tde

230 702 417 780 quibus
446 706 642 761 Paulus
683 706 859 759 dicit:
903 702 1241 780 Conﬁtentur,
1283 702 1789 780 quia_per:eg‘rini_et

230 775 446 852 hospites
489 785 607 832 sunt
642 792 810 852 super
837 784 1023 829 terram
1055 775 1210 852 (Heb.
1260 775 1334 852 xi,
1371 775 1480 852 I3).
1511 775 1609 842 Qui
1644 777 1789 852 _e_nim

229 845 340 907 haec
369 848 569 914 dicunt,
613 845 909 915 signiticant
954 861 1013 899 se
1045 848 1269 915 patriam
1322 846 1610 915 inquirere.
1641 845 1792 904 Hanc

229 918 708 993 peregrinationem
740 917 906 969 isdem
937 930 1150 993 quoque
1200 916 1473 984 apostolus
1506 916 1788 993 tolerabat,

228 984 345 1048 cum
361 984 575 1043 diceret
603 1004 615 1039 :
644 984 779 1057 Dum
807 1002 979 1039 sumus
1007 987 1318 1057 incorpore,
1342 987 1730 1057 peregrinamur
1757 984 1791 1041 ἁ

227 1060 443 1116 Domino
470 1075 487 1112 :
519 1074 609 1118 per
626 1056 782 1126 ﬁdem
804 1057 939 1111 enim
966 1055 1306 1123 ambulamus,
1336 1055 1387 1111 et
1426 1055 1529 1111 non
1557 1074 1649 1126 per
1677 1073 1791 1126 spe-

224 1133 365 1186 ciem.
400 1128 569 1197 Hujus
598 1126 1041 1197 peregrinationis
1073 1142 1336 1181 mrumnas
1364 1126 1639 1194 satagebat
1665 1142 1789 1181 eva-

222 1201 365 1265 dere,
416 1196 537 1254 cum
579 1196 832 1252 dicebat:
877 1196 1198 1250 Desiderium
1245 1198 1437 1252 habens
1484 1197 1710 1261 dissolvi,
1740 1206 1790 1254 et

222 1288 329 1326 esse
367 1286 481 1324 cum
535 1268 737 1322 Christo
779 1267 996 1337 (Philip.
1030 1284 1074 1330 ι,
1107 1266 1222 1335 ‘25).
1270 1266 1335 1320 Et
1369 1284 1583 1323 rursum
1612 1286 1625 1321 :
1659 1268 1790 1323 Mihi

222 1343 382 1396 vivere
407 1339 642 1395 Christus
667 1346 761 1401 est,
793 1347 841 1393 et
864 1338 994 1392 mori
1022 1338 1218 1391 lucrum
1251 1337 1461 1410 (Ibid.).
1494 1343 1511 1354 “

223 1432 348 1490 Car.
378 1431 516 1488 XIV.
553 1462 625 1474 —
660 1431 845 1486 Vetera
894 1432 1225 1498 transierunt,
1257 1440 1305 1486 et
1334 1434 1476 1504 facta
1516 1442 1634 1487 sunt
1660 1450 1791 1490 nova

783 1499 872 1556 (II
892 1500 1012 1556 Cor.
1037 1502 1225 1556 v.17).

783 1503 872 1569 (ΙΙ
892 1503 1012 1556 Cor.
1037 1503 1225 1571 v,17).
1336 1503 1342 1504 ⁷

296 1572 435 1645 (Lib.
466 1588 504 1639 ι,
538 1573 590 1627 in
635 1570 855 1645 Ezechi,
915 1573 1058 1626 hom.
1107 1572 1193 1639 IO,
1223 1588 1277 1645 η.
1303 1571 1356 1638 8,
1396 1572 1450 1637 9,
1486 1572 1595 1645 I0.)
1637 1572 1792 1644 Step8

224 1642 448 1699 vidimus
489 1643 750 1726 quosdam
780 1642 846 1697 ad
888 1658 1069 1726 vocem
1092 1644 1493 1726 praedicationis
1527 1642 1678 1725 quasi
1724 1642 1793 1699 ex

223 1714 632 1771 conversatione
680 1720 1029 1783 compnnctos
1092 1714 1327 1768 habitum
1382 1730 1489 1769 non
1555 1714 1790 1770 animum

224 1795 473 1850 mutasse,
534 1784 609 1839 ita
661 1792 718 1837 ut
762 1783 1063 1851 religiosam
1122 1794 1323 1839 vestem
1364 1795 1657 1850 sumerent,
1697 1785 1791 1840 sed

220 1863 465 1927 anteacta
495 1854 623 1908 vilia
655 1870 759 1909 non
792 1855 1081 1927 calcarent,
1132 1854 1275 1909 lucra
1304 1857 1485 1927 mundi
1518 1857 1791 1924 praesentis
1824 1866 1869 1927 Β

220 1925 486 1980 inhianter
512 1940 768 1996 qumrere,
794 1933 847 1979 et
875 1924 941 1996 de
977 1925 1093 1996 solo
1134 1926 1385 1980 exteriori
1416 1926 1789 1996 liabitnquem

219 1994 562 2066 sumpserunt
638 1995 937 2066 sanctitatis
1004 1994 1247 2066 liduciam
1310 1994 1794 2066 liabcrcntQuibus

221 2065 353 2137 quid
384 2066 530 2120 aliud
572 2065 996 2137 dicendum_esl,
1055 2066 1152 2118 nisi
1194 2065 1305 2137 hoc
1345 2067 1488 2135 quod
1544 2065 1792 2137 Magister

221 2134 466 2205 egregius
502 2136 817 2205 quibusdam
862 2134 992 2204 iegis
1033 2136 1300 2205 exteriora
1336 2134 1666 2191 servantibus
1709 2137 1791 2191 lo-

221 2204 422 2279 quitur,
449 2204 631 2279 dicens
658 2224 671 2260 :
702 2205 835 2269 Quia
875 2206 928 2258 iu
959 2206 1158 2279 Christo
1188 2204 1311 2259 Jesu
1342 2224 1500 2279 neque
1527 2209 1792 2261 circumci-

220 2278 296 2356 sio
327 2277 523 2356 aliquid
542 2277 700 2356 patet,
729 2292 887 2356 neque
910 2278 1232 2356 prteputium,
1277 2277 1368 2356 sed
1389 2277 1525 2356 nova
1553 2286 1790 2356 creatura

224 2346 364 2416 (Gal.
392 2346 444 2404 v.
475 2346 561 2418 6)?
594 2346 706 2402 Non
736 2346 876 2400 enim
906 2346 1080 2414 magni
1114 2356 1194 2402 est
1227 2348 1402 2402 meriti
1434 2350 1477 2402 si
1509 2348 1633 2417 quid
1662 2349 1791 2406 foris

218 2432 344 2489 erga
375 2433 475 2474 nos
503 2426 690 2489 agatur
717 2418 767 2472 in
801 2431 1044 2489 corpore,
1082 2420 1176 2472 sed
1206 2432 1530 2489 magnopere
1556 2434 1788 2489 pensan-

218 2486 471 2559 dumest
521 2487 647 2559 quid
702 2496 889 2555 agatur
934 2486 993 2540 in
1037 2497 1232 2559 tuente.
1284 2486 1415 2542 Nam
1468 2486 1788 2559 praesentem

218 2557 474 2629 mundum
512 2558 1143 2629 despirere,_tr.insitoria
1169 2574 1274 2612 non
1307 2557 1510 2625 amare,
1552 2568 1788 2614 mentem

218 2628 522 2684 medullitus
556 2627 621 2683 in
657 2627 953 2683 humilitate
996 2628 1106 2682 Deo
1136 2635 1188 2681 et
1227 2629 1482 2696 proximis
1521 2640 1786 2697 sternere,

218 2706 408 2752 contra
462 2698 634 2753 illatas
685 2698 1034 2753 contumelias
1081 2698 1393 2764 patientiam
1438 2714 1684 2764 servare,
1733 2710 1790 2755 et

216 2768 480 2849 custodita
512 2769 775 2849 patientia.
809 2767 1023 2849 malitia:
1066 2767 1308 2849 dolorem
1353 2782 1384 2849 a
1426 2768 1584 2849 corde
1610 2770 1787 2849 repel-

215 2834 347 2902 lere,
376 2834 555 2906 egenis
596 2837 811 2907 propria
848 2836 1098 2901 tribuere,
1120 2838 1291 2907 aliena
1314 2838 1531 2892 minime
1560 2834 1785 2903 ambire,

216 2905 450 2961 amicum
482 2907 535 2961 in
563 2905 674 2963 D‘eo
704 2909 924 2976 diligere
952 2916 1193 2977 propter
1239 2905 1437 2973 Deum,
1481 2916 1535 2961 et
1562 2922 1658 2963 eos
1693 2911 1786 2977 qui

215 2985 342 3033 sunt
368 2977 567 3034 inimici
590 2993 791 3043 amare,
817 2979 883 3035 de
906 2976 1199 3032 aﬂlictione
1229 2977 1456 3044 proximi
1487 2978 1688 3046 lugere,
1718 2976 1786 3034 de

218 3059 395 3105 morte
420 3048 535 3119 ejus
568 3050 656 3121 qui
703 3049 945 3121 inimicus
974 3057 1054 3102 est
1085 3062 1190 3101 non
1208 3047 1529 3121 exsultare:
1564 3049 1675 3103 htec
1704 3057 1786 3121 est

218 3133 357 3175 nova
399 3118 645 3175 creatura
688 3134 847 3188 quam
888 3118 1024 3172 idem
1080 3118 1333 3187 magister
1362 3119 1597 3187 gentium
1644 3119 1784 3189 apud

215 3189 351 3245 alios
379 3190 668 3259 discipulos
708 3191 944 3259 vigilanti
972 3189 1130 3245 oculo
1178 3189 1423 3257 requirit,
1464 3190 1684 3244 dicens:
1718 3190 1783 3244 Si

214 3276 314 3331 qua
341 3262 499 3332 igitur
518 3249 579 3315 in
598 3249 801 3317 Christi;
822 3278 952 3315 nova
979 3268 1236 3332 creatura,
1258 3249 1423 3313 uetera
1446 3262 1779 3332 transierunt,
1811 3249 1857 3315 C

216 3330 327 3413 ecce
363 3330 673 3413 Tacta-sunt
709 3333 881 3413 omnia
911 3348 1062 3413 notia.
1092 3330 1170 3383 Ad
1202 3338 1434 3413 veterem
1459 3331 1654 3413 quippe
1684 3331 1783 3385 ho-

214 3402 408 3457 minem
426 3402 658 3473 pertinet
674 3404 925 3457 mundum
951 3401 1191 3473 diligere,
1222 3401 1529 3473 transitoria
1559 3416 1624 3454 ex
1653 3416 1781 3455 con-

214 3471 546 3540 cupiscehtia
598 3486 800 3536 amare,
847 3479 1081 3526 mentem
1114 3472 1164 3523 in
1209 3471 1512 3540 superbiam
1557 3474 1779 3540 erigere,

213 3544 529 3667 Patientiam
558 3558 663 3597 non
692 3542 910 3606 habere,
934 3556 1000 3597 ex
1032 3541 1197 3595 livore
1221 3541 1432 3595 malitia:
1456 3541 1523 3596 de
1552 3544 1782 3611 proximi

233 3614 432 3667 ιυεὶοηθ
465 3613 723 3667 cogitare.
770 3628 864 3666 sua
911 3612 1267 3667 indigentibus
1308 3626 1412 3666 non
1444 3611 1591 3667 dare.
1624 3622 1782 3667 atoue

233 3614 432 3668 ιυεὶοηθ
465 3613 723 3681 cogitare,
770 3628 864 3666 sua
911 3612 1267 3679 indigentibus
1308 3626 1412 3666 non
1444 3611 1591 3682 dare,
1624 3622 1784 3682 atque

215 3682 281 3736 ad
331 3682 792 3751 multiplicandum
846 3682 1019 3737 aliena
1073 3696 1355 3749 qu:erere,
1404 3681 1603 3735 nullum
1652 3681 1783 3751 ραι-θ

215 3764 438 3825 propter
469 3753 632 3825 Deum
663 3754 898 3825 diligere,
948 3752 1248 3825 inimicitias
1277 3751 1505 3825 inimicis
1538 3751 1782 3821 reddere,

214 3821 281 3879 de
309 3821 599 3880 alﬂictione
644 3821 873 3893 proximi
904 3823 1156 3893 gaudere.
1188 3821 1388 3876 Cuncta
1429 3822 1543 3877 htec
1584 3826 1783 3881 vetusti

214 3904 337 3950 sunt
358 3895 611 3962 hominis,
642 3892 761 3963 quae
796 3893 1037 3947 videlicet
1067 3892 1132 3945 de
1169 3892 1349 3947 radice
1379 3894 1636 3963 trahimus
1662 3909 1784 3948 cor-

215 3966 498 4034 ruptionis.
514 3964 618 4020 Sed
640 3962 730 4032 qui
758 3964 869 4032 jam
900 3964 997 4034 ista
1026 3971 1331 4034 exsuperat,
1356 3970 1409 4017 et
1429 3962 1495 4016 ad
1517 3973 1782 4031 praecepta

214 4033 424 4092 Domini
457 4045 688 4089 mentem
732 4035 783 4087 in
828 4033 1209 4101 benignitatem
1239 4040 1553 4099 commutat,
1586 4035 1652 4088 de
1681 4034 1784 4089 hoc

214 4118 359 4161 recte
391 4106 587 4188 dicitur
615 4122 627 4157 :
664 4102 797 4169 Quia
846 4113 1013 4184 vetera
1064 4105 1395 4188 transierunt,
1428 4113 1477 4157 et
1503 4119 1616 4157 ecce
1632 4106 1782 4188 [acta

214 4184 333 4231 sunt
362 4192 510 4230 nova.
541 4174 691 4229 Tunc
720 4188 847 4244 ergo
864 4175 916 4228 in
947 4174 1144 4229 nostris
1168 4174 1433 4229 mentibus
1462 4189 1597 4229 nova
1628 4174 1780 4242 ﬁunt,

217 4262 339 4303 cum
367 4264 397 4302 a
420 4246 572 4302 nobis
592 4248 783 4302 vetusti
808 4244 1041 4303 hominis
1067 4245 1194 4299 vitia
1220 4252 1516 4299 transeunt.

213 4337 342 4396 CAP.
374 4338 487 4394 XV.
511 4366 583 4378 —
619 4337 959 4392 Obsecramus
989 4353 1082 4396 pro
1109 4336 1312 4392 Christo
1340 4353 1358 4391 :
1381 4336 1785 4391 reconciliamini

683 4407 793 4461 Deo
836 4406 924 4474 (ΙΙ
953 4406 1073 4460 Cor.
1105 4424 1158 4471 v,
1186 4406 1298 4475 90).

289 4478 513 4548 (Homil.
540 4477 629 4543 32,
664 4478 715 4548 in
746 4476 969 4548 Evang.,
1011 4492 1065 4530 n.
1097 4476 1256 4548 5.)δὶ
1287 4478 1565 4547 contingat
1593 4483 1653 4548 tit
1676 4475 1787 4530 for-

215 4546 359 4603 tasse
401 4563 523 4602 cum
564 4547 809 4617 proximo
836 4546 1074 4617 iurgium,
1118 4547 1426 4613 habeamus,
1475 4546 1785 4617 Satisfacere

2457 558 2547 633 (Π
2570 560 2688 615 Cor.
2716 576 2789 627 vr,
2821 558 2900 631 8).

1961 648 2039 722 (In
2062 650 2292 722 exposit.
2323 649 2384 704 Β.
2414 648 2539 722 Job,
2565 650 2661 722 lib.
2693 667 2823 722 nn,
2863 666 3011 706 num.
3037 650 3150 721 I7.)
3178 651 3466 718 Sciendum

1890 720 1978 776 est
1995 720 2120 794 quia
2138 720 2145 721 “
2161 735 2227 794 ne
2250 720 2618 794 immoderatis
2636 721 2895 794 laudibus
2928 720 3199 794 erigamur
3221 724 3464 794 plerum-

1889 806 1994 860 que
2023 791 2158 846 miro
2190 790 2437 848 Rectoris
2482 791 2649 847 nostri
2678 790 3067 856 moderamine,
3092 790 3254 848 etiam
3283 794 3466 851 detra-

1889 860 2158 916 ctionibus
2187 860 2411 917 lacerari
2436 862 2816 930 permittimur,
2858 871 2916 916 ut
2945 878 3066 917 cum
3096 879 3194 919 nos
3221 880 3326 921 vox
3349 864 3465 921 lau-

1890 930 2066 1004 dantis
2094 932 2288 995 elevat,
2341 931 2521 1000 lingua
2550 931 2883 1004 detrahentis
2914 932 3178 1004 humiliet,
3206 936 3465 1004 quoniam

1890 1009 1949 1056 et
1975 1001 2136 1056 arbor
2156 1016 2296 1076 saepe
2323 1017 2441 1072 qua:
2485 1002 2643 1076 unius
2674 1003 3075 1076 ventiimpulsu
3110 1003 3192 1076 ita
3220 1001 3468 1076 fimpelli-

1891 1080 1997 1134 tur,
2029 1082 2088 1125 ut
2113 1086 2251 1142 pene
2271 1070 2380 1142 jam
2407 1071 2523 1142 erui
2562 1087 2719 1141 posse
2758 1070 3025 1142 videatur,
3076 1070 3357 1130 alterius'e
3385 1076 3468 1132 ἀί·-

1890 1156 2046 1197 verso
2084 1141 2349 1197 venientis
2398 1140 2528 1195 ﬂatu
2566 1140 2824 1210 erigitur;
2864 1152 2919 1197 et
2959 1140 3077 1210 qua:
3125 1144 3469 1202 inﬂexionem

1892 1210 1992 1265 hac
2017 1226 2082 1265 ex
2105 1219 2256 1280 parte
2302 1213 2540 1281 partulit,
2572 1212 2637 1266 ab
2660 1212 2767 1265 alia
2797 1212 2864 1266 ad
2906 1221 3105 1266 statum
3126 1214 3283 1269 redit.
3318 1213 3469 1272 Unde

1891 1291 1946 1336 et
1970 1282 2139 1363 arbor.
2179 1281 2406 1363 illaalte
2436 1283 2674 1363 radicata
2706 1283 2861 1363 quasi
2886 1283 3031 1363 inter
3048 1285 3465 1363 vent_os_adver-§

1892 1350 2213 1425 santeshlixa
2251 1359 2477 1425 steterat
2517 1367 2641 1425 qua:
2691 1350 2901 1408 dicebat
2934 1370 2946 1405 :
2986 1352 3091 1407 Per
3130 1355 3374 1425 gloriam,
3418 1362 3468 1411 et

1891 1420 2267 1493 ignobilitatem
2292 1438 2311 1476 :
2339 1439 2432 1491 per
2459 1420 2754 1493 infantiam,
2784 1432 2833 1478 et
2862 1424 3047 1478 bonam
3076 1420 3291 1495 famam.

1963 1510 2093 1568 CAP.
2126 1510 2291 1567 XVII.
2319 1544 2391 1555 --
2420 1509 2493 1565 0s
2514 1522 2745 1583 nostrum
2771 1519 2911 1583 patet
2939 1512 3007 1583 ad
3029 1528 3138 1582 vos,
3156 1528 3186 1569 ο
3214 1512 3400 1570 Corin-

2319 1582 2433 1649 thii,
2465 1590 2568 1637 etc.
2604 1581 2653 1654 (ι
2682 1581 2803 1637 Cor.
2825 1598 2899 1650 v1,
2933 1582 3044 1652 ll).

1965 1673 2044 1799 Sin
2061 1674 2290 1755 esposit.
2388 1671 2510 1755 Job,
2531 1673 2622 1756 lib.
2639 1690 2782 1737 xxvr,
2801 1689 2855 1729 ιι.
2871 1674 2984 1744 42.)
3001 1673 3143 1758 Cum
3160 1675 3227 1731 ab
3247 1674 3472 1733 inﬁrmis

2003 1746 2225 1799 itoribus
2252 1759 2313 1799 se
2340 1744 2562 1799 Intellnu
2590 1760 2698 1799 non
2720 1760 2879 1799 posse
2908 1754 3266 1799 consmcrunt.
3295 1747 3472 1799 solent

1895 1744 2225 1816 auditoribus
2252 1759 2313 1799 se
2340 1744 2698 1816 intelligiuon
2720 1760 2879 1816 posse
2908 1746 3266 1816 conspiciunt,
3295 1747 3472 1803 solent

1895 1815 2211 1887 plerumque
2252 1816 2426 1887 etiam
2453 1814 2585 1887 justi
2612 1815 2866 1887 laudare
2897 1814 3055 1887 bona
3089 1832 3207 1887 quae
3256 1816 3469 1884 dicunt;

1896 1884 2002 1939 non
2032 1901 2140 1955 quo
2194 1884 2293 1956 ipsi
2346 1884 2457 1956 suis
2505 1884 3021 1956 laudibustinhient,
3072 1884 3167 1941 sed
3196 1901 3305 1956 quo
3342 1902 3471 1943 suos

1893 1953 2170 2009 auditores
2199 1953 2266 2009 ad
2307 1953 2556 2009 audiendi
2603 1954 3020 2010 sollicitudinem
3064 1953 3367 2011 accendant
3417 1964 3472 2011 ut

1893 2025 2018 2080 dum
2056 2039 2242 2096 eorum
2257 2039 2417 2096 Avoce
2462 2025 2825 2096 proferuntur,
2876 2026 3189 2096 abillorum
3220 2027 3472 2082 cordibus

1893 2095 2188 2166 ardentiori
2213 2092 2415 2166 aﬂectu
2436 2092 2734 2166 rapiantur.
2772 2093 2925 2166 Unde
2954 2095 3156 2166 Paulus
3183 2112 3305 2152 cum
3337 2097 3472 2151 mira

1890 2165 2181 2221 Corinthiis
2226 2176 2281 2221 et
2311 2165 2478 2219 multa
2501 2164 2769 2229 'dixisset,
2808 2165 3089 2235 adjunxit:
3123 2164 3195 2222 0s
3241 2176 3472 2222 nostrum

1891 2244 2031 2307 patet
2067 2236 2136 2289 ad
2162 2252 2267 2298 vos,
2309 2252 2339 2290 ο
2370 2234 2643 2307 Corinthii,
2676 2253 2766 2291 cor
2810 2234 3043 2291 nostrum
3071 2238 3342 2292 dilatatam
3375 2246 3470 2290 est.

1890 2306 2025 2361 Cum
2078 2307 2237 2374 igitur
2292 2306 2465 2377 sancti
2512 2306 2764 2362 doctores
2810 2307 3022 2377 laudem
3074 2308 3471 2377 praedicationis

1891 2377 2150 2440 exaltant,
2180 2376 2349 2447 quasi
2388 2391 2553 2447 manu
2592 2376 2742 2434 vocis
2786 2376 2854 2431 ab
2891 2378 3011 2431 imis
3048 2376 3469 2447 cogitationibus

1890 2448 2053 2502 corda
2091 2445 2421 2500 audientium
2450 2446 2651 2514 levant,
2683 2457 2743 2501 ut
2771 2461 2996 2503 excussa
3026 2445 3290 2502 velociter
3318 2446 3473 2501 dictis

1888 2516 2234 2581 sequentibus
2257 2515 2402 2570 velut
2421 2516 2475 2571 in
2499 2516 2692 2573 itinere
2713 2525 3022 2581 occurrant,
3045 2525 3101 2572 et
3122 2526 3270 2572 tanto
3295 2531 3361 2572 ea
3391 2515 3473 2570 in-

1890 2585 2195 2654 telligentia:
2240 2585 2490 2655 amplexu
2562 2587 2949 2657 constringant,
3007 2596 3209 2657 quanto
3274 2587 3363 2642 illa
3410 2593 3467 2641 et

1888 2658 2040 2728 quasi
2061 2657 2369 2725 priusquam
2393 2666 2697 2723 cernerent,
2726 2658 2779 2712 in
2799 2673 2934 2714 voce
2963 2657 3228 2713 laudantis
3257 2670 3472 2711 amave-

1889 2737 2031 2783 rant.

1888 2819 2016 2876 Car.
2049 2816 2231 2872 XVIII.
2272 2814 2492 2871 -—Non
2547 2818 2918 2956 anguiséifmini
2955 2818 3011 2871 in
3050 2815 3194 2871 nobis
3225 2814 3313 2889 (ΙΙ
3347 2814 3470 2875 Cor.

2572 2903 2643 2953 vr,
2774 2926 2787 2939 .

2572 2903 2643 2953 vr,
2678 2903 2787 2953 η).

1959 2981 2165 3037 Debent
2209 2979 2488 3035 audientes
2537 2978 2701 3032 verba
2749 2976 3139 3047 przedicationis
3187 2977 3239 3031 in
3289 2976 3470 3047 amplo

1887 3054 2159 3128 suscipere
2186 3052 2389 3128 gremio
2415 3049 2694 3128 c‘haritatis
2728 3047 2986 3128 :ADoctori
3010 3062 3243 3128 namque
3271 3048 3472 3128 spatio-

1887 3139 1979 3181 sus
2002 3117 2069 3178 ad
2093 3117 2413 3176 manendum
2435 3120 2586 3175 locus
2608 3119 2767 3174 debet
2789 3132 2906 3173 esse
2928 3118 2979 3170 in
3002 3118 3166 3174 corde
3191 3117 3469 3186 auditoris,

1887 3194 2112 3272 latitudo
2142 3192 2415 3272 bonitatis:
2446 3189 2599 3272 Unde
2639 3188 2952 3272 quibusdam
2973 3205 3010 3272 .a
3043 3188 3207 3245 Paulo
3231 3189 3425 3271 dicitur
3452 3206 3468 3246 :

1888 3263 2068 3334 Capite
2111 3280 2223 3317 nos.
2256 3262 2528 3334 Neminem
2564 3260 2811 3334 tissimus,
2852 3261 3101 3334 neminem
3130 3260 3467 3334 corrupimus.

1884 3330 2012 3389 Non
2054 3331 2703 3405 angustiamini__in_nobis
2732 3347 2749 3385 :
2782 3330 3148 3405 gngustiamini
3200 3342 3367 3383 autem
3397 3331 3470 3405 _in

1882 3398 2157 3461 uisceribus
2178 3405 2357 3459 vestris
2384 3400 2474 3472 (II
2502 3400 2621 3456 Cor.
2659 3416 2752 3467 vn,
2779 3398 2865 3472 2).
2889 3400 2966 3472 Ae
2993 3400 3035 3453 si
3072 3400 3149 3453 eis
3177 3409 3362 3472 aperte
3382 3398 3467 3454 di-

1884 3486 2097 3536 ceretur
2138 3493 2150 3528 :
2195 3475 2277 3529 Ad
2348 3470 2740 3542 suscipiendam
2794 3471 3124 3542 doctrinam,
3178 3470 3469 3542 spatiosum

1884 3547 2080 3601 mentis
2108 3545 2287 3600 locum
2328 3539 2510 3612 facile,
2539 3542 2634 3597 sed
2665 3540 2736 3595 ad
2769 3539 3053 3610 cogitanda
3078 3539 3336 3607 carnalia,
3368 3554 3468 3596 an-

1883 3618 2024 3686 gusti
2047 3624 2343 3671 remanete.

1884 3708 2012 3763 αλιι.
2054 3706 2191 3761 XIX.
2222 3735 2293 3747 —
2320 3706 2446 3761 Cum
2485 3706 2793 3761 venissemus
2837 3701 3219 3769 Macedoniam,
3272 3702 3469 3759 nullam

2049 3781 2272 3850 requiem
2296 3776 2470 3832 habuit
2495 3793 2615 3831 caro
2646 3783 2825 3831 nostra
2858 3772 2911 3845 (Ι
2938 3772 3060 3827 Cor.
3091 3789 3183 3837 vn,
3216 3771 3293 3843 5).

1959 3869 2040 3941 (In
2080 3870 2310 3941 exposit.
2358 3869 2418 3922 Β.
2471 3868 2593 3941 Job,
2644 3868 2738 3941 lib.
2780 3883 2832 3933 v,
2886 3880 3048 3941 num._
3070 3862 3183 3935 55.)
3229 3863 3325 3941 Vir
3360 3864 3472 3922 Deo

1885 3936 2023 3999 bene
2052 3936 2293 4013 subditus
2333 3940 2412 3995 sic
2451 3938 2689 4013 adversis
2729 3954 2857 4013 non
2882 3936 3165 4004 frangitur,
3202 3936 3468 4013 sicutpee

1884 4012 2156 4083 prosperis
2192 4010 2752 4083 elevatur,__quoniam
2796 4008 3165 4083 adversanon
3219 4004 3472 4071 dejiciunt

1885 4073 2045 4155 quem
2082 4096 2351 4155 prospera
2385 4073 2544 4155 nulla
2575 4084 2942 4155 corrumpunt.
2967 4073 3300 4155 Plerumque
3341 4087 3472 4155 vero

1885 4143 2011 4224 quia
2062 4143 2303 4224 exerceri
2354 4165 2414 4224 se
2452 4150 2636 4224 utilius
2671 4143 3155 4224 contritionissua:
3200 4143 3472 4224 laboribus

1886 4212 2055 4287 novit,
2100 4224 2150 4276 in
2184 4220 2421 4275 adversis
2475 4217 2806 4292 hilarescit:__
2834 4229 2966 4292 _qu_:e
3008 4212 3130 4292 dum
3160 4219 3472 4292 constanter

1885 4308 1986 4364 pro
2011 4281 2239 4364 veritate
2270 4292 2487 4364 patitur,
2538 4286 2718 4356 augeri
2747 4281 3083 4364 sibi’virtutis
3109 4281 3465 4364 merita__la:ta-

1886 4352 1994 4418 iur.
2020 4362 2155 4417 Hinc
2179 4352 2431 4425 est'quod
2456 4352 2583 4412 tunc
2605 4352 2879 4425 apostoios
2906 4353 3130 4425 legimus
3153 4352 3470 4425 exsultasse,

1887 4448 2009 4489 cum
2040 4434 2155 4486 illos
2180 4447 2276 4501 pro
2298 4422 2512 4501 Christo
2541 4422 2764 4501 contigit
2791 4422 2999 4495 ﬂagella
3022 4424 3300 4488 tolerasse,
3331 4424 3472 4501 sicut

1885 4504 2146 4571 scriptum
2175 4493 2257 4555 est
2282 4517 2295 4551 :
2330 4498 2486 4552 Ibant
2506 4495 2804 4571 gaudentes
2846 4493 2886 4548 α’
2914 4502 3184 4571 conspectu
3221 4493 3423 4547 concilii
3450 4509 3471 4549 :

1922 4562 2131 4625 naniam
2176 4571 2319 4639 digni
2350 4576 2471 4639 sunt
2496 4562 2657 4639 h'abiti
2683 4583 2777 4639 pro
2815 4566 3019 4639 nomine
3040 4562 3175 4639 ’Jesu
3196 4573 3471 4639 _contu_n_te-

215 4614 832 4710 Ρξίὲτθὲἐδξιὲῗίξδῖίξξὶυὲῖ
861 4614 1784 4710 δεῖΗ¹ε¹.ί;ξ³ἑ’ἔὶξ⁵ἑ¹τ¹1ἓέεἰν.-ξέυηὶ.¹¹ἓέῗε
1815 4634 1858 4691 D
1887 4614 2148 4710 ὶῗὶἷὶἷᾶῐί
2176 4614 2319 4710 bis?
2348 4614 3067 4710 ΐὒῖῊίῆἒιτὲξέιιίὶιὶὲἕίὶηί
3091 4614 3470 4710 Heri—siem:

216 4685 337 4745 vitae
380 4690 601 4759 gloriam
650 4686 860 4758 quierit,
902 4685 1257 4759 humilitatem
1310 4686 1533 4759 respuit,
1574 4686 1779 4759 etple-

216 4754 440 4831 rumque
462 4760 574 4828 ipse
611 4754 772 4831 homo
801 4754 892 4831 qui
919 4754 1166 4831 irascitur
1184 4754 1526 4831 discordanti
1563 4754 1662 4811 sibi
1691 4770 1779 4831 re-

217 4824 494 4887 conciliari
528 4830 752 4899 appetit,
799 4824 892 4899 sed
931 4825 1466 4899 ad__sat_isfa_ctionem
1512 4826 1591 4881 ire
1636 4824 1783 4893 prior

216 4901 501 4958 erubescit.
534 4896 824 4954 Pe'nsemus
850 4896 987 4953 facta
1015 4896 1266 4951 Veritatis
1289 4905 1348 4949 ut
1371 4896 1645 4950 videamus
1673 4908 1781 4960 quo

216 4970 426 5040 iaceant
455 4971 695 5025 actiones
723 4976 920 5022 nostra:
954 4967 1264 5040 pravita_tis._
1282 4965 1339 5020 Si
1366 4967 1513 5040 enim
1544 4964 1782 5040 membra

216 5035 410 5098 summi
453 5040 642 5109 capitis
685 5052 887 5101 sumus,
921 5050 1041 5091 eum
1073 5036 1268 5109 imitari
1295 5035 1784 5109 cuiconnectimur

217 5111 486 5166 debemus.
520 5106 659 5177 Quid
686 5122 915 5176 namque
935 5106 1237 5177 exemplum
1257 5106 1570 5177 eruditionis
1591 5113 1785 5158 nostrae

218 5180 413 5252 Paulus
453 5175 696 5252 egregius
742 5175 1057 5248 praedicator
1078 5175 1221 5252 dicit
1250 5176 1402 5252 :_Pro
1431 5175 1633 5230 Christo
1662 5190 1784 5245 ergo

217 5250 469 5322 legatione
488 5246 772 5322 fungimur,
801 5258 1042 5322 tanquam
1066 5246 1507 5322 December-tante
1545 5263 1635 5322 per
1666 5260 1780 5322 nos.

222 5314 559 5377 Obsecremus
585 5314 681 5391 pro
703 5314 949 5373 Christo:
972 5319 1386 5391 reconcitiamini
1409 5316 1517 5370 Deo
1547 5314 1633 5382 (11
1660 5314 1780 5391 Cor.

220 5406 275 5457 v,
295 5392 409 5461 20).
438 5391 577 5447 Ecce
589 5385 737 5445 inter
759 5405 863 5461 nos
883 5397 934 5442 et
970 5387 1136 5461 Deum
1162 5388 1480 5461 discordiam
1511 5385 1783 5461 peccando

220 5455 463 5527 iecimus,
493 5472 549 5516 et
575 5469 760 5516 tamen
802 5458 869 5512 ad
912 5472 1009 5513 nos
1057 5458 1198 5513 Deus
1233 5473 1358 5527 suos
1388 5458 1592 5527 legatos
1637 5455 1785 5524 prior

222 5533 383 5597 misit,
415 5526 473 5585 ut
500 5547 598 5586 nos
626 5529 842 5599 ipsiiqui
876 5526 1310 5599 peccavimustad
1349 5542 1535 5596 pacem
1564 5526 1785 5599 Deiro-

221 5602 327 5669 gati
371 5595 671 5655 veniamus.
720 5595 1013 5654 Erubescat
1059 5612 1194 5669 ergo
1227 5595 1459 5669 humana
1511 5595 1783 5669 superbia,

219 5667 572 5726 confundatur
591 5670 813 5739 quisque
833 5671 877 5725 si
906 5682 1011 5721 non
1041 5667 1330 5739 satisfaciat
1352 5667 1495 5735 prior
1514 5667 1781 5739 proximo,

221 5742 436 5812 quando
464 5748 585 5812 post
608 5735 821 5810 culpam
849 5746 1110 5812 nostram,
1152 5746 1211 5812 u_t
1251 5737 1300 5789 ei
1321 5735 1662 5812 reconciliari
1695 5735 1813 5812 deﬁ

222 5804 440 5885 beamus
459 5804 652 5885 etipse
688 5804 779 5881 qui
804 5808 1039 5885 oﬂ'ensus
1072 5815 1153 5883 est
1174 5804 1364 5874 legatis
1390 5805 1789 5861 intervenienti-

220 5876 325 5939 bus
345 5876 591 5939 obseci'a't
620 5876 779 5962 Deus.
892 5876 896 5885 ’
978 5879 999 5887 “’

1883 4699 2109 4767 cedonia
2153 4699 2341 4764 fuisset
2367 4699 2830 4777 persecutionibus
2858 4719 3097 4777 pressus,
3133 4703 3197 4777 _in
3228 4717 3294 4757 eo
3323 4699 3471 4770 quod

1883 4797 1943 4854 se
1971 4778 2224 4854 albictuin
2264 4772 2501 4834 insinuat
2538 4777 2699 4854 etiam
2722 4772 3069 4854 jucuddatum
3115 4772 3471 4854 demonstrat,

1882 4852 2065 4924 dicens
2098 4868 2113 4903 :
2143 4848 2318 4924 Nata
2340 4865 2452 4905 cum
2497 4840 2809 4924 venissemus
2852 4840 3470 4924 Macedoniamunullam

1885 4922 2111 4991 requiem
2146 4919 2341 4991 habuit
2369 4936 2495 4991 caro
2537 4926 2736 4991 nostra.
2774 4916 2859 4991 _Ac
2896 4915 2943 4991 si
2991 4920 3178 4981 aperte
3219 4913 3419 4991 diceret
3450 4927 3468 4965 :

1884 4980 2021 5057 Quia
2074 4990 2293 5061 spiritus
2332 4990 2573 5062 requiem
2627 4987 2831 5062 habuit,
2879 4980 3143 5062 dumiper
3170 4980 3469 5062 protectum
3526 5048 3537 5061 ό

1886 5052 2078 5115 anima:
2104 5052 2538 5130 persecutionum
2565 5056 2823 5128 supplicia
2850 5068 2978 5110 caro
3006 5052 3275 5109 toleravit.
3519 5056 3527 5078 ί

1888 5150 2015 5208 Car.
2055 5129 2171 5205 XX.
2212 5181 2287 5196 --
2328 5148 2485 5205 Foris
2521 5162 2742 5284 ριξςῖἷιαὲ)
2773 5145 2914 5199 intus
2954 5144 3158 5198 timores
3204 5137 3310 5211 (ΙΙ
3347 5137 3464 5201 Cor.

1959 5311 2039 5384 (In
2066 5312 2298 5382 exposit.
2327 5309 2389 5364 B.
2433 5307 2555 5384 iob,
2585 5307 2677 5384 lib.
2717 5320 2795 5384 ni,
2835 5321 2918 5384 n._
2939 5303 3009 5359 39
3046 5310 3102 5360 et
3135 5299 3247 5371 ιο.)
3277 5296 3463 5384 sancti

1885 5370 1986 5439 viri
2015 5370 2413 5437 tribulationum
2436 5370 2574 5433 bello
2602 5376 2942 5446 deprehensi,
2965 5389 3087 5446 cum
3114 5370 3466 5446 uno'eudetn-

1885 5467 1993 5523 que
2039 5463 2279 5519 tempore
2318 5449 2451 5504 alios
2480 5441 2753 5511 ferientes,
2801 5454 2961 5523 atque
3003 5444 3150 5523 alios.
3177 5441 3473 5523 suadentes

1885 5511 2092 5593 lcrunt,
2115 5511 2216 5593 illis
2247 5527 2527 5593 opponunt
2562 5526 2772 5572 scutum
2814 5511 3104 5593 patientiae,
3138 5511 3470 5593 istis‘intor-

1887 5586 2247 5664 quentjacula
2276 5586 2533 5664 dcctrime
2561 5600 2852 5664 :_perversa
2883 5586 3187 5664 sua_dentes_
3206 5586 3350 5664 intus
3379 5594 3469 5664 sa-

1888 5652 2098 5733 pienter
2134 5661 2384 5733 edoce_nt,
2412 5666 2467 5733 et
2509 5652 2636 5713 foris
2678 5656 2887 5733 fortiter
2921 5656 3148 5733 adversa
3174 5652 3467 5733 inferentes

1890 5722 2269 5793 contemnunt;
2296 5722 2396 5783 hos
2423 5728 2679 5783 docentes
2704 5726 3009 5793 corrigunt,
3028 5722 3149 5778 illos
3175 5722 3466 5793 tolerantes

1873 5794 2157 5872 premunt,
2184 5787 2518 5872 insurgentes
2545 5800 2725 5853 hostes
2738 5787 3011 5872 patiendo'
3028 5792 3346 5872 despiciunt,
3376 5787 3463 5872 in-

1894 5856 2165 5927 iiruiantes
2192 5856 2893 5940 verovcives'compati'endo
2935 5864 3001 5919 ad
3037 5856 3261 5918 salutem
3296 5856 3460 5913 redu—
