3974 6350
225 413 354 472 1541

788 416 1038 476 ALULFI
1081 417 1439 477 EXPUSITIO
1477 416 1637 474 NOV!
1665 417 1866 478 TEST.
1902 446 1976 464 -ι
2009 419 2161 479 SUP.
2199 417 2312 479 EP.
2349 421 2555 479 PAULI
2597 423 2686 476 AD
2725 423 2881 478 COR.

3337 419 3478 481 1542

217 535 638 619 [munierant-tio
659 533 969 619 Corinthios
1013 539 1273 619 retraxit,
1313 538 1436 619 quis
1479 544 1622 619 esset
1647 535 1792 619 Dens
1818 538 1864 598 Α
1897 534 2191 619 insidians,
2237 537 2337 592 sub
2362 538 2566 619 _spec_ie
2593 535 2898 594 sanctitatis
2935 535 3114 619 illudit
3147 554 3161 592 :
3193 535 3474 619 illisvelut

219 621 377 679 verus
404 604 639 660 innotuit
662 648 676 673 ,
725 614 942 679 aeternae
987 609 1064 663 eis
1091 609 1214 663 vitae
1242 604 1431 679 gaudia
1463 606 1790 679 praedicavit.

217 675 288 731 Et
321 691 444 732 cum
469 690 717 744 magnam
746 678 1140 733 multitudinem
1169 675 1351 748 populi
1382 678 1436 733 in
1464 675 1582 732 'iide
1623 677 1792 733 colle-

219 748 382 820 gisset
403 787 419 812 ,
467 753 671 820 tantam
704 747 815 820 illic
853 750 1089 820 inopiam
1118 747 1369 818 pertulit,
1426 758 1484 804 ut
1509 749 1682 820 victus
1711 747 1792 820 sui

215 817 363 890 gravi
393 819 723 872 necessitate
751 817 1049 885 laboraret,
1081 817 1137 876 et
1163 829 1317 874 terrae
1347 835 1540 890 panem
1567 833 1600 890 at
1625 819 1790 890 disci-

219 889 360 960 pulis
380 903 486 943 non
508 890 717 960 accepit
737 890 930 957 quibus
955 906 1146 960 panem
1174 890 1297 946 cteli
1325 889 1671 960 p’rzedicavitd
1703 889 1791 943 lno

209 957 439 1031 sistebat
463 957 759 1031 verbo'pro
778 961 894 1031 _vita
923 957 1276 1025 audientium,
1310 957 1409 1031 pro
1435 961 1543 1014 vita
1567 961 1652 1014 sui
1677 975 1795 1015 cor-

215 1029 358 1100 poris
402 1029 682 1100 insistebat
719 1029 894 1084 labori
939 1047 1214 1086 manuum.
1269 1029 1345 1087 De
1389 1033 1546 1086 terris
1573 1046 1793 1100 quoque

213 1099 328 1173 aliis
357 1099 626 1173 stipendia
649 1101 1004 1173 mittebantur
1029 1119 1060 1156 a
1091 1102 1387 1173 discipulis,
1420 1112 1479 1157 ut
1504 1099 1792 1173 praidicare

209 1169 482 1243 surﬂiceret
503 1169 796 1243 Corinthiis
813 1189 831 1238 ;
875 1173 989 1243 ipse
1015 1169 1320 1242 quippe'ad
1350 1169 1570 1243 eosdem
1597 1171 1793 1225 Corin-

212 1242 350 1295 thios
377 1248 500 1310 post
529 1256 627 1310 per
646 1241 909 1312 epistolas
931 1241 1184 1312 loquitur,
1215 1244 1402 1299 dicens
1433 1262 1443 1294 :
1475 1241 1602 1297 Cum
1627 1259 1790 1296 essem

207 1312 347 1380 apud
374 1327 490 1376 uos,
523 1320 573 1364 et
601 1329 831 1382 egerem,
873 1314 1002 1368 nulli
1033 1331 1277 1369 onerosus
1322 1315 1397 1384 [ui
1438 1331 1455 1368 :
1506 1330 1629 1366 nam
1657 1313 1793 1437 (god

208 1383 331 1436 mihi
358 1381 553 1437 deerat.
584 1385 945 1437 suppleverunt
970 1387 1185 1437 fratres.
1217 1387 1302 1437 aui
1333 1395 1575 1437 uenerunt
1604 1401 1636 1437 α
1726 1401 1788 1437 a-

208 1383 331 1457 ηιὶᾼὶ
358 1381 553 1457 deerat,
584 1381 945 1457 suppleverunt
969 1387 1185 1454 fratres,
1217 1387 1302 1457 qui
1323 1381 1575 1439 uenerunt
1604 1401 1636 1437 α
1665 1381 1788 1457 Ma-

205 1452 440 1526 cedonia.
496 1451 701 1526 Quibus
743 1455 812 1526 ad
856 1451 1107 1522 maguum
1149 1451 1365 1526 quoque
1405 1456 1789 1526 improperium

201 1523 482 1597 prmisit,
512 1523 732 1597 dicens:
754 1525 900 1597 Alias
919 1523 1181 1582 Ecclesias
1198 1523 1498 1597 eaipoliavi,
1530 1526 1791 1595 accipiens

205 1594 518 1664 stipendium
547 1594 619 1648 ad
645 1596 987 1664 ministerium
1017 1606 1256 1651 vestrum.
1292 1594 1594 1652 Pensenius
1636 1594 1787 1663 ergo,

203 1662 247 1718 si
271 1662 581 1735 possumus,
611 1663 762 1734 cujus
793 1667 895 1722 hoc
923 1669 1347 1724 mansuetudinis
1375 1667 1569 1733 fuerat,
1597 1662 1790 1735 panem

201 1734 534 1808 spiritualem
559 1736 870 1808 praedicare,
887 1747 941 1792 et
963 1754 1154 1807 panem
1175 1741 1353 1794 carnis
1371 1754 1479 1794 non
1506 1734 1788 1808 accipere:

205 1805 366 1859 corda
411 1805 748 1860 audientium
778 1807 845 1862 de
875 1805 1076 1864 divitiis
1117 1811 1333 1866 aiternis
1378 1805 1678 1871 instruere,
1729 1815 1792 1862 et

200 1875 341 1947 inter
370 1874 592 1947 eosdem
634 1876 927 1947 discipulos
965 1880 1151 1935 ﬁdeles
1179 1889 1234 1935 et
1274 1879 1607 1936 abundantes
1648 1878 1788 1934 fante

1898 605 2250 664 familiaribus
2297 605 2429 664 suis'
2456 608 2694 678 iniquum
2745 623 2803 663 se
2856 609 3167 664 manifestus
3216 607 3473 674 insinuat,

1898 679 2014 734 istis
2036 693 2184 743 vero,
2215 679 2359 733 velut
2381 680 2672 743 extraneis,
2699 678 2974 747 cujusdam
2996 679 3149 749 quasi
3180 679 3478 735 honestatis

1896 755 2157 821 praetextu
2186 766 2249 821 se
2275 750 2476 818 palliat,
2511 759 2567 804 ut
2597 749 2734 820 mala
2765 765 2885 820 qua:
2908 750 2984 803 eis
3013 750 3225 821 publice
3255 765 3362 803 non
3383 764 3479 804 va-

1895 819 2007 882 let,
2055 828 2193 875 tecta
2237 819 2394 875 bona:
2441 821 2668 876 actionis
2713 819 2984 875 velamine
3017 819 3475 876 subintromittat.

1899 889 2053 944 Unde
2081 898 2135 943 et
2164 892 2405 946 membra
2437 891 2554 959 ejus
2583 906 2724 959 saipe
2751 906 2872 945 cum
2903 901 3089 960 aperta
3119 891 3358 959 nequitia
3387 906 3480 945 no-

1895 975 2021 1016 cere
2051 976 2157 1015 non
2187 971 2429 1030 possunt,
2464 964 2619 1016 bona}
2637 962 2867 1016 actionis
2895 962 3134 1016 habitum
3162 967 3399 1026 sumunt,
3425 968 3480 1016 et

1894 1045 2059 1102 prava
2081 1032 2293 1102 quidem
2319 1033 2577 1087 exhibent
2597 1048 2781 1102 opere,
2813 1033 2907 1087 sed
2935 1042 3120 1088 sancta
3149 1031 3481 1086 mentiuntur

1895 1101 2096 1169 specie.
2127 1101 2296 1171 Iniqui
2325 1103 2465 1157 enim
2489 1104 2534 1158 si
2556 1101 2743 1172 aperte
2774 1103 2901 1156 mali
2925 1113 3126 1167 essent,
3155 1120 3187 1156 a
3212 1103 3368 1157 bonis
3395 1117 3482 1156 re-

1895 1173 2000 1244 cipi
2031 1172 2254 1226 minime
2285 1181 2540 1240 possent;
2572 1175 2664 1229 sed
2693 1182 2913 1227 sumunt
2940 1173 3141 1244 aliquid
3172 1172 3242 1244 de
3271 1172 3481 1229 visione

1894 1242 2186 1309 bonorum,
2217 1251 2276 1296 ut
2301 1244 2425 1299 dum
2456 1245 2584 1299 boni
2612 1244 2711 1297 viri
2739 1244 3006 1312 recipiunt
3032 1242 3097 1298 in
3135 1243 3212 1299 eis
3241 1244 3480 1311 speciem

1894 1327 2055 1382 quam
2106 1323 2316 1384 amant,
2366 1317 2689 1384 permixtum
2717 1324 2930 1369 sumant
2975 1317 3138 1370 etiam
3163 1315 3308 1368 virus
3337 1312 3482 1383 quod

1893 1384 2085 1438 vitant.
2121 1382 2274 1438 Unde
2300 1382 2563 1453 quosdam
2594 1385 2793 1440 Paulus
2817 1387 3093 1455 apostolus
3119 1382 3482 1449 intuens,’suh

1895 1455 2289 1524 praldiCationis
2305 1457 2572 1511 velamine
2596 1456 2799 1510 ventris
2823 1455 3000 1511 studio
3018 1456 3330 1519 servientes,
3358 1455 3433 1508 ait
3464 1471 3477 1508 :

1895 1525 2125 1598 satanas
2150 1529 2487 1598 transﬁgurat
2518 1545 2584 1598 se
2625 1529 2678 1581 in
2712 1528 2948 1598 attgelum
2990 1525 3318 1598 lucisaQuid
3353 1538 3482 1598 ergo

1894 1597 2090 1666 mirum
2137 1597 2178 1651 si
2219 1595 2448 1653 ministri
2475 1597 2592 1666 ejus
2626 1595 3045 1666 tratiﬁgurentur
3082 1597 3225 1651 velut
3250 1595 3481 1666 ministri

1885 1665 2146 1734 justitize?
2168 1667 2316 1724 Hanc
2337 1665 2834 1736 trauligurationem
2861 1667 3024 1722 Josue
3047 1668 3239 1733 timuit,
3263 1665 3481 1736 quando

1892 1736 2082 1808 videns
2108 1739 2376 1807 angelum,
2407 1740 2558 1807 cujus
2579 1748 2723 1794 esset
2751 1742 2918 1808 partis
2941 1739 3234 1808 inquisivit,
3261 1736 3477 1808 dicens:

1895 1805 2090 1880 Noster
2122 1805 2202 1876 es,
2231 1826 2300 1862 an
2329 1805 2962 1880 adversariorum—(Iosue
2990 1805 3045 1874 γ’,
3078 1809 3218 1876 1'5)?
3247 1815 3303 1862 ut
3329 1807 3481 1862 vide-

1895 1877 2019 1933 licet
2046 1880 2090 1933 si
2119 1881 2356 1934 adversm
2388 1881 2598 1935 virtutis
2627 1877 2794 1945 esset,
2831 1896 2896 1934 eo
2925 1878 3044 1950 ipso
3071 1895 3180 1950 quo
3207 1893 3266 1933 se
3293 1893 3479 1949 suspe-

199 1944 486 2020 laborare;
523 1946 676 2020 inter
717 1927 944 2020 saiiatos
993 1951 1103 2019 pati
1125 1927 1407 2020 vitiopia'tn,
1459 1966 1559 2005 nec
1605 1959 1785 2004 tamen
1820 1927 1863 1988 Β
1889 1958 2034 2003 ctum
2062 1960 2435 2018 cognosceret,
2468 1953 2535 2006 ab
2563 1927 2810 2008 illusione
2837 1927 3089 2006 resiiiretl

199 2017 343 2141 Πυοᾶ
371 2017 679 2087 patiebatur
715 2019 917 2084 dicere,
964 2017 1067 2076 nec
1119 2017 1297 2076 tamen
1339 2022 1524 2078 dolere
1557 2038 1570 2073 :
1603 2021 1786 2075 videre

241 2104 332 2141 ura
359 2103 488 2141 erata
517 2104 578 2141 se
606 2089 772 2141 corda
801 2090 1104 2141 auditorum
1135 2094 1429 2141 tenacittm.
1459 2107 1561 2141 nec
1587 2107 1616 2141 a
1645 2107 1784 2141 nn!!-

241 2104 332 2160 ura
351 2103 488 2160 erga
517 2104 578 2160 se
606 2089 772 2160 corda
801 2090 1104 2160 auditorum
1135 2094 1429 2158 tenaciunt,
1459 2107 1561 2146 nec
1587 2107 1616 2144 a
1645 2107 1784 2160 pne-

198 2157 474 2213 dicatione
515 2159 798 2214 desistere.
853 2159 988 2215 Nam
1039 2163 1181 2218 sicut
1223 2157 1594 2233 apostolorum
1647 2157 1783 2216 Acta

199 2236 492 2295 testantur,
525 2244 666 2283 anno
696 2242 752 2284 et
780 2245 875 2284 sex
916 2233 1191 2288 mensibus
1239 2235 1292 2287 in
1331 2235 1522 2289 eadem
1563 2233 1786 2287 civitate

196 2300 463 2374 eontinue
483 2300 790 2374 praedicavit
821 2299 970 2374 (Act.
999 2305 1170 2373 xvttt).
1201 2303 1442 2374 Cumque
1484 2305 1552 2358 ab
1581 2303 1784 2374 eisdem

196 2367 848 2444 Corinthiisrecessisset,
879 2373 946 2427 ad
983 2367 1203 2430 eosdem
1226 2367 1570 2444 postmodum
1597 2373 1786 2428 scribit

196 2439 515 2522 quodapud
545 2456 640 2496 eos
668 2443 875 2522 positus
905 2445 1142 2512 pertulit.
1171 2439 1347 2522 Quare
1373 2454 1552 2522 autent
1582 2444 1685 2522 hoc
1707 2444 1784 2498 eis

196 2524 322 2567 cum
351 2511 492 2584 inter
519 2527 616 2567 eos
636 2511 843 2568 viveret
867 2511 1140 2584 nunquam
1171 2511 1344 2570 dixit?
1375 2516 1451 2571 Ne
1481 2515 1623 2584 quod
1654 2527 1785 2582 erga

198 2595 322 2636 eum
353 2581 551 2637 iactum
581 2599 650 2638 ex
677 2584 821 2638 bona
852 2581 1128 2641 voluntate
1175 2602 1281 2642 non
1329 2581 1510 2642 fuerat
1533 2585 1688 2641 ﬁeret
1715 2581 1786 2639 ex

193 2649 456 2721 jussione,
489 2661 688 2709 etcum
717 2655 1080 2710 innotesceret
1111 2672 1299 2712 eorum
1328 2658 1542 2712 miseria
1562 2695 1578 2717 ,
1607 2670 1786 2710 rema-

198 2730 351 2775 neret
379 2721 632 2776 voluntas
655 2726 854 2790 ignota.
879 2725 1056 2790 Quare
1081 2739 1260 2780 autem
1291 2728 1396 2781 hoc
1421 2730 1488 2780 ad
1510 2727 1609 2780 hos
1638 2733 1784 2792 post-

197 2792 415 2864 modum
448 2793 603 2864 longe
625 2795 832 2862 positus
853 2796 1074 2850 scribit?
1100 2796 1177 2850 Ne
1201 2799 1514 2851 omnimodo
1535 2795 1784 2864 discipuli

189 2861 485 2933 incorrecti
515 2861 879 2930 remanerent,
911 2875 964 2918 et
993 2867 1181 2933 quales
1207 2867 1260 2920 iu
1289 2867 1498 2922 tenacia
1523 2861 1783 2932 magistro

195 2929 430 3003 fuerant,
464 2933 583 2988 aliis
624 2948 839 3003 quoque
869 2929 1123 2991 fratribus
1153 2937 1288 2992 tales
1329 2948 1525 2992 essent.
1558 2929 1698 2991 Vére
1728 2943 1786 2989 et

195 2972 410 2986 ...ν......
464 2972 583 2988 .......
664 2972 746 2988 μυ.
775 2972 839 2988 ..υ
869 2972 1094 2990 ...μηνυ
1153 2972 1256 2990 ...ιι
1361 2972 1525 2991 οδω...
1574 2972 1698 2991 ιν...
1728 2972 1786 2989 υ.

191 3002 374 3086 in‘ltoc
403 2972 779 3085 i’aulus,‘vere
799 3007 1056 3086 magister
1075 2972 1463 3086 gentiuinisua
1483 3005 1780 3086 negligens,
1813 3051 1816 3054 .

193 3073 372 3148 aliena
413 3088 644 3143 curans,
693 3073 934 3144 implevit
963 3073 1106 3148 quod
1151 3079 1537 3148 prmdicaverat
1566 3073 1781 3148 {Nemo

229 3143 331 3220 uad
357 3160 504 3197 suum
541 3154 646 3211 est,
681 3143 913 3216 quierat;
949 3143 1200 3220 sedquod
1225 3149 1438 3203 alterius
1470 3147 1538 3220 (1
1571 3145 1690 3220 Cor.
1725 3164 1778 3214 χ,

271 3218 284 3278 )
316 3232 327 3266 :
360 3222 417 3288 et
445 3229 553 3269 non
582 3232 700 3288 quae
734 3233 827 3269 sua
859 3226 984 3272 sunt
1011 3218 1203 3286 singuli
1231 3218 1560 3288 cogitantes,
1589 3219 1685 3273 sed
1715 3234 1781 3274 ea

192 3273 311 3377 qua!
340 3273 832 3377 ali0t'utn:'Quanta
856 3288 1054 3377 itaque
1096 3273 1198 3371 ista
1228 3273 1656 3377 mansuetudinis
1693 3273 1778 3345 est
1805 3313 1851 3377 ο

195 3355 390 3412 virtus!
425 3366 626 3431 quanta
658 3355 1287 3431 tranquillitasSpiritus!
1323 3359 1452 3428 Quis
1475 3369 1653 3415 autem
1679 3377 1778 3414 nn-

192 3433 383 3500 gtrutn,
417 3425 464 3500 si
487 3443 648 3500 unum
675 3425 834 3496 hujus
851 3429 1032 3482 mundi
1061 3425 1283 3486 divitem
1304 3425 1371 3486 ad
1393 3433 1780 3500 omnipotentis

193 3496 595 3571 Deiservitium
615 3501 1001 3571 convertisset,
1031 3517 1199 3571 seque
1229 3516 1390 3571 egere
1418 3496 1773 3571 conspiceret,

190 3576 247 3642 et
275 3567 426 3642 illum
457 3568 555 3642 sibi
579 3569 699 3642 vita:
726 3569 963 3625 subsidia
985 3587 1094 3642 non
1109 3567 1375 3642 praebere,
1401 3589 1510 3628 non
1532 3567 1778 3642 protinus

191 3639 257 3694 de
302 3639 422 3708 ejus
451 3639 560 3692 vita
588 3639 970 3708 desperasset?
1018 3639 1148 3708 Quis
1197 3658 1303 3698 non
1332 3639 1601 3698 incassum
1629 3642 1779 3697 labo-

191 3724 339 3765 rasse
369 3725 430 3765 se
459 3709 698 3764 diceret?
728 3712 846 3782 quis
875 3728 983 3768 non
1004 3713 1090 3784 ab
1120 3712 1236 3784 ejus
1267 3714 1646 3769 exhortatione
1673 3713 1776 3784 ob-

191 3789 521 3856 mutesceret
549 3796 710 3856 quem
742 3781 795 3836 in
824 3781 1171 3856 sen'ietipsntn
1217 3784 1448 3856 primum
1495 3786 1635 3838 ferre
1663 3781 1775 3838 fru-

190 3860 331 3904 ctum
363 3852 489 3925 boni
521 3853 700 3925 cperis
726 3868 835 3925 non
865 3853 1108 3908 videret?
1138 3852 1245 3910 Sed
1276 3852 1472 3910 Paulus
1499 3870 1595 3925 per
1622 3869 1778 3908 man-

185 3921 533 3998 SUetu_ditieiti
574 3922 635 3998 in
687 3924 940 3998 virtutum
987 3925 1186 3981 vertice
1231 3921 1774 3998 solidatus'perstitit,

182 3992 522 4067 prmdicavit,
554 3993 744 4048 dilexit
765 4003 864 4067 ,et
893 3994 1094 4050 bonum
1124 3999 1267 4065 quod
1299 3992 1556 4067 cmperai,
1586 3997 1774 4065 exple-

183 4061 255 4115 vit
279 4102 308 4139 ,_
363 4066 842 4139 atque_por_tando
884 4073 939 4120 et
994 4061 1334 4139 persistendn
1383 4061 1776 4137 discipuloi‘um

182 4133 355 4208 corda
387 4137 452 4188 ad
492 4133 914 4208 misericordiam
948 4133 1226 4208 perduxit;
1258 4155 1382 4193 nam
1413 4133 1598 4194 eorum
1643 4154 1774 4208 pro-

184 4201 392 4280 fectum
422 4205 766 4280 postmodum
798 4201 1021 4280 scire'se
1051 4201 1314 4276 indicans,
1347 4210 1400 4264 iu
1431 4211 1620 4266 eadem
1643 4201 1773 4280 Epi-

183 4275 326 4351 stola
355 4275 548 4351 scribit
578 4293 591 4328 :
626 4275 706 4331 De
732 4278 1036 4351 intinisterio
1066 4280 1200 4351 quod
1239 4275 1306 4351 ﬁt
1340 4283 1393 4335 in
1435 4291 1662 4346 sanctos,
1691 4275 1776 4335 ἐκ

184 4345 510 4422 abundantia
551 4358 626 4401 est
671 4348 796 4402 mihi
841 4349 1060 4404 scribere
1077 4345 1251 4406 nobis:
1286 4352 1407 4407 Scio
1436 4355 1570 4407 enim
1601 4345 1775 4422 prom-

184 4426 330 4494 ptum
357 4417 586 4494 animum
618 4428 868 4494 vestrum,
911 4438 1128 4494 proauo
1155 4422 1217 4476 de
1246 4423 1382 4477 vobis
1410 4417 1610 4494 glorior:
1635 4424 1775 4492 apud

186 4484 508 4560 Macedonas
558 4502 574 4538 :
631 4490 873 4560 quoniam
911 4484 1126 4544 'Acltaia
1179 4503 1362 4560 parata
1404 4484 1480 4546 Est
1527 4493 1589 4547 ab
1634 4484 1771 4548 anno

186 4558 379 4632 priore,
414 4564 650 4632 etvestrtt
670 4559 929 4612 aemulatio
953 4558 1243 4632 prouocauit
1264 4563 1513 4632 plurimos
1543 4562 1592 4632 (1
1602 4562 1627 4616 I
1651 4565 1770 4616 Cor.

186 4623 277 4703 ix,
309 4624 408 4703 8)..
441 4623 516 4680 De
544 4627 737 4703 quibus
763 4623 1089 4703 rursus'ait:
1120 4630 1225 4703 Qui
1249 4623 1353 4686 non
1383 4623 1560 4686 solum
1578 4635 1767 4703 facere,

185 4688 277 4750 sed
312 4688 438 4752 velle
476 4688 698 4779 coepistis
728 4697 790 4752 ab
819 4716 956 4754 anno
975 4688 1178 4779 priore.
1199 4701 1267 4779 _ln
1298 4703 1490 4779 quibus
1523 4688 1633 4779 utin
1660 4688 1769 4779 lani
1799 4688 1854 4752 Ι)

187 4782 353 4845 opera
377 4783 534 4845 quam
566 4772 652 4845 pia
679 4779 804 4826 vota
834 4772 1162 4845 requirebat,
1196 4773 1370 4845 iuncis
1400 4773 1585 4841 procul
1605 4775 1769 4829 dubio

189 4837 308 4908 plus
339 4837 519 4914 laudat
558 4837 643 4914 pia
674 4848 797 4914 vota
827 4837 990 4914 quam
1028 4837 1212 4914 opera.
1252 4837 1556 4898 Notandum
1589 4853 1769 4902 tamen

187 4917 274 4963 est
316 4911 440 4986 quia
493 4909 656 4986 habet
704 4909 1088 4986 itttptoperiutit
1136 4915 1249 4970 haec
1287 4916 1401 4986 ipsa
1445 4917 1770 4986 ccttsolatio,

185 4994 310 5055 eum
327 4979 542 5049 dicitur,
563 4979 625 5033 ab
649 4979 998 5055 annopriore.
1027 4983 1235 5039 Bonum
1258 4979 1474 5055 quidem
1499 4987 1594 5041 sed
1619 4979 1772 5042 tarde

185 5050 446 5126 iecerant,
481 5058 642 5126 atque
664 5050 915 5126 ideo'hoc
940 5056 1193 5123 magister
1215 5050 1320 5110 non
1342 5057 1458 5111 sine
1478 5060 1772 5126 reprelien-

186 5121 341 5176 sione
370 5121 644 5176 laudabat.
668 5122 908 5199 hicdicus
936 5121 1136 5197 quippe
1161 5127 1350 5199 estqui
1368 5121 1573 5182 vulneri
1603 5128 1774 5182 medi-

187 5201 495 5246 camentum
520 5195 740 5262 apponit
761 5193 908 5264 quod
929 5193 984 5250 et
1011 5193 1214 5266 eaquae
1232 5193 1454 5268 purgata
1483 5206 1609 5254 sunt
1628 5199 1775 5255 refo-

186 5270 301 5335 vet,
333 5273 387 5316 et
412 5279 473 5318 ea
504 5279 623 5334 quae
649 5269 860 5335 putrida
892 5267 1243 5323 inveniuntur
1264 5267 1507 5334 mordet;
1536 5270 1630 5324 sed
1658 5271 1774 5327 hinc

183 5332 467 5414 tolerando
492 5332 666 5414 atque
686 5336 1023 5414 praedicando
1053 5341 1291 5414 explevit
1316 5340 1461 5414 quod
1489 5332 1671 5414 cmpit,
1690 5413 1698 5414 ί
1715 5350 1776 5414 et

187 5404 339 5459 mine
369 5404 790 5473 longanimitatis
820 5410 988 5466 virtus
1031 5409 1102 5464 ad
1124 5404 1350 5468 'viscera'
1385 5404 1773 5469 misericordiae

186 5473 574 5543 discipulorum
597 5477 851 5534 duritiam
883 5479 1162 5536 emollivit.

186 5560 318 5620 CAP.
350 5563 540 5622 XXIV.
583 5566 810 5647 —_Ipse_
844 5571 1249 5647 enim_§a_tanas
1275 5574 1616 5647 transﬁgurat
1641 5591 1696 5630 se
1723 5577 1780 5631 in

527 5639 773 5711 angelum
792 5642 922 5697 lucis
949 5641 1039 5714 (II
1069 5642 1189 5699 Cor.
1218 5661 1292 5713 x1,
1323 5639 1436 5716 14).

264 5727 355 5810 μη
385 5730 617 5810 exposit.
644 5729 706 5784 Β.
735 5731 861 5810 Joh,
909 5733 1238 5810 lib._xxxm,
1286 5751 1435 5790 num.
1463 5734 1577 5808 44.)
1607 5735 1779 5810 Aliter

190 5802 453 5876 antiquus
471 5802 644 5858 hostis
690 5805 970 5876 religiosas
1017 5807 1296 5861 hominum
1334 5802 1573 5876 mentes,
1621 5809 1778 5862 aliter

188 5883 321 5926 vero
357 5873 490 5947 :huie
529 5877 726 5929 mundo
767 5873 973 5931 deditas
1017 5887 1204 5932 tentat.
1251 5876 1385 5931 Nam
1427 5873 1603 5947 pravis
1635 5879 1774 5933 mala

185 5949 312 6021 quae
338 5941 648 6002 desiderant
675 5957 862 6017 aperte
892 5949 1107 6018 objicit,
1140 5948 1296 6007 bouis
1325 5941 1506 6006 autem
1544 5949 1774 6006 latenter

1884 2040 2021 2097 CAP.
2069 2039 2234 2097 XXV.
2277 2075 2352 2085 —
2377 2042 2612 2098 Ninistri
2635 2043 2829 2168 ﬂagri
2851 2053 2995 2112 sunt,
3025 2053 3076 2100 et
3103 2059 3197 2114 ego
3217 2042 3242 2114 (
3264 2041 3328 2096 ΙΙ
3357 2039 3480 2096 Cor.

2574 2131 2658 2168 xi.
2783 2154 2797 2168 .

2574 2131 2658 2170 ιι..
2683 2131 2797 2170 ιο).

1965 2181 2106 2256 (Lib.
2135 2199 2154 2238 ι
2180 2183 2232 2238 in
2272 2182 2491 2249 Ezech.,
2535 2115 2816 2250 exitii-iii
2847 2202 2902 2240 n.
2935 2184 3037 2251 i9;
3067 2185 3120 2240 in
3151 2184 3384 2256 exposit.
3415 2184 3479 2239 Β.

1885 2252 2029 2329 310b,
2049 2254 2142 2329 lib.
2170 2269 2296 2329 ξιι,
2327 2272 2384 2310 n.
2417 2257 2531 2329 37.)
2579 2255 2719 2329 iusti
2767 2265 2930 2325 atque
2977 2252 3479 2329 perfecti'gloriatn

1888 2325 2065 2398 laudis
2092 2324 2384 2398 lugientes,
2415 2338 2476 2382 et
2511 2324 2816 2381 animarum
2845 2324 2993 2382 lucra
3022 2335 3348 2398 quierentes,
3377 2326 3479 2398 ali-

1886 2395 2106 2464 quando
2132 2397 2357 2453 virtutes
2385 2414 2515 2453 suas
2543 2398 2868 2466 praedicant;
2899 2395 3189 2467 bona'quae
3225 2397 3480 2451 divinitus

1887 2475 2253 2538 acceperunt,
2282 2478 2506 2524 narrat
2531 2486 2544 2521 :
2575 2484 2685 2523 non
2715 2477 2775 2522 ut
2812 2468 2916 2538 ipsi
2943 2470 3087 2538 apud
3113 2469 3362 2538 homines
3391 2483 3480 2521 os—

1889 2537 2141 2608 tensione
2165 2552 2264 2592 sua
2293 2539 2600 2608 proﬁciant,
2630 2539 2727 2593 sed
2757 2547 2815 2594 ut
2837 2537 2945 2595 eos
2965 2537 3159 2608 quibus
3188 2537 3481 2608 praedicant

1886 2607 2138 2676 exemplo
2167 2623 2266 2662 suo
2293 2607 2360 2662 ad
2388 2611 2555 2664 vitam
2580 2610 2821 2664 trahant.
2857 2607 3008 2665 Unde
3034 2607 3233 2664 Paulus
3261 2617 3479 2677 aposto-

1886 2677 1971 2732 lus
1991 2678 2202 2749 quoties
2235 2679 2460 2734 fustibus
2488 2695 2680 2747 cassus,
2709 2681 2922 2748 quoties
2948 2680 3232 2748 lapidatus,
3263 2679 3478 2749 quoties

1889 2748 2227 2820 naufragium
2254 2751 2510 2818 pertulit,
2559 2759 2761 2819 quanta
2802 2766 2898 2820 pro
2922 2751 3148 2804 veritate
3193 2748 3481 2818 sustinuit,

1882 2818 2030 2890 quod
2061 2817 2366 2890 adtertinm
2395 2817 2594 2874 malum
2622 2817 2841 2889 raptus,
2872 2821 3034 2890 quod
3078 2821 3134 2890 in
3170 2817 3478 2888 paradisum

1885 2887 2079 2943 ductus
2106 2888 2193 2952 sit,
2219 2889 2514 2960 Corinthiis
2534 2887 2718 2944 narrat
2741 2890 2829 2960 (II
2849 2887 2972 2944 Cor.
3000 2906 3077 2956 ιι,
3103 2887 3186 2959 2),
3208 2899 3270 2944 ut
3289 2903 3479 2945 eorum

1883 2974 2102 3030 scissum
2147 2975 2181 3012 a
2229 2958 2379 3016 falsis
2420 2958 2858 3030 praedicatoribus
2884 2969 3126 3025 avertat;
3181 2970 3237 3015 et
3264 2960 3390 3016 dum
3417 2973 3480 3015 se

1885 3029 2254 3102 innotesceret
2276 3029 2452 3099 qualis
2479 3040 2653 3102 esset,
2685 3032 2761 3086 illi
2787 3034 2866 3088 eis
2893 3033 3218 3086 vilescerent
3243 3045 3382 3102 quos
3409 3030 3478 3086 ab

1887 3099 2320 3172 eiscognoverat
2347 3102 2532 3172 inique
2554 3099 2820 3158 venerari.
2857 3104 3070 3158 Eisdem
3101 3099 3481 3171 igitnr’Corin-

1887 3170 2034 3236 thiis,
2065 3173 2327 3226 honorem
2359 3170 2582 3240 fugiens,
2615 3174 2746 3228 dicit
2778 3191 2790 3227 :
2823 3173 2944 3228 Non
2975 3175 3112 3227 enim
3134 3170 3480 3242 nosmetipsos

1885 3242 2250 3312 prtedicamus,
2281 3244 2372 3298 sed
2395 3244 2576 3298 Iesum
2601 3242 2864 3299 Christum
2893 3244 3174 3299 Dominum
3203 3253 3435 3299 nostrum
3459 3258 3479 3296 :

1882 3329 1976 3366 nos
1998 3322 2174 3386 autem
2204 3330 2375 3369 servos
2399 3325 2593 3369 vestros
2622 3333 2713 3384 per
2741 3317 2920 3370 Jcsum
2946 3313 3207 3370 Christum
3235 3313 3324 3386 (Il
3355 3315 3477 3367 Cor.

1885 3400 1959 3448 tv,
1995 3381 2069 3451 5).
2099 3386 2243 3449 Quos
2271 3394 2453 3440 tamen
2479 3381 2666 3440 videns
2684 3387 2940 3442 falsorum
2964 3381 3332 3454 apostolorum
3355 3399 3480 3454 per-

1883 3455 2229 3509 Sllariﬂllibus
2258 3474 2287 3508 a
2318 3471 2459 3510 vera:
2489 3456 2607 3510 fidei
2633 3459 2848 3511 tramite
2873 3458 3111 3516 deviare,
3141 3457 3223 3510 eis
3247 3471 3307 3509 se
3332 3469 3478 3509 sum-

1882 3540 2104 3593 mopere
2131 3536 2389 3592 quantum
2421 3536 2565 3580 esset
2589 3527 2929 3582 venerandus
2958 3525 3209 3590 ostendit,
3242 3525 3430 3581 dicens
3461 3541 3476 3577 :

1883 3593 1950 3669 in
1979 3613 2078 3669 quo
2119 3600 2232 3666 quis
2259 3598 2416 3650 audet
2448 3600 2535 3666 (in
2563 3599 2882 3669 insipientia
2911 3598 3059 3667 dico)
3092 3597 3256 3652 audeo
3285 3607 3334 3669 et
3362 3613 3475 3666 ego.

1882 3666 2096 3738 Πριννωὶ
2135 3678 2287 3732 sunt,
2325 3677 2374 3719 et
2403 3684 2514 3738 ego.
2552 3666 2810 3724 Israelita:
2845 3679 2993 3731 sunt,
3035 3678 3086 3721 et
3126 3684 3240 3738 ego.
3291 3667 3479 3722 Semen

1880 3736 2104 3790 Abrulm:
2149 3748 2286 3798 sunt,
2336 3748 2385 3791 et
2426 3736 2538 3808 ego.
2592 3738 2822 3794 Ministri
2865 3740 3053 3794 Christi
3085 3736 3222 3806 sunt,
3262 3748 3311 3792 et
3340 3755 3433 3808 ego
3459 3753 3478 3792 :

1923 3817 1997 3882 ut
2027 3809 2201 3882 minus
2222 3809 2617 3882 sapiensdico)
2667 3812 2782 3880 plus
2821 3828 2914 3882 ego
2965 3810 3062 3881 (11
3104 3810 3224 3864 ϐοτη.
3253 3825 3328 3874 x1,
3358 3809 3477 3882 21).

1933 3879 2084 3933 nibus
2130 3878 2292 3932 etiam
2333 3878 2608 3950 subjungit
2652 3878 2795 3951 quod
2843 3878 2894 3938 ei
2932 3878 3150 3953 quoque
3189 3882 3331 3936 tertii
3357 3880 3478 3953 οωιξ

1877 3960 2083 4005 secreta
2114 3960 2426 4022 patuerunt,
2454 3954 2597 4020 quod
2622 3950 2805 4022 raptus
2823 3950 2984 4009 etiam
3015 3950 3213 4008 arcana
3243 3950 3479 4022 paradisi

1879 4021 2200 4092 penetravit.
2235 4020 2374 4076 Ecce
2415 4019 2940 4092 honorem—lugens,
2973 4039 3187 4079 servum
3230 4019 3289 4076 se
3317 4019 3478 4074 disci-

1879 4091 2126 4161 pulormn
2175 4092 2472 4161 praedicat:
2499 4110 2632 4163 ecce
2672 4091 2934 4149 honorem
2968 4110 3078 4163 pro
3118 4091 3346 4147 utilitate
3376 4103 3477 4163 au-

1877 4160 2137 4217 dientium
2176 4160 2451 4231 quaet-ens,
2487 4162 2631 4218 falsis
2680 4165 2937 4231 apostolis
2966 4160 3088 4217 vitae
3133 4177 3244 4220 suae
3283 4160 3476 4216 merita

1874 4233 2211 4303 superponit.
2237 4232 2358 4301 Egit
2385 4235 2587 4302 quippe
2609 4233 2802 4289 doctor
2821 4236 3087 4303 egregius,
3121 4243 3178 4288 ut
3206 4233 3331 4287 dum
3361 4234 3476 4302 ipse

1875 4306 2049 4373 qualis
2078 4311 2220 4358 esset
2247 4305 2575 4372 agnoscitur,
2600 4312 2657 4358 et
2686 4306 2792 4358 vita
2823 4317 2877 4358 et
2906 4306 3084 4374 lingua
3113 4305 3252 4359 male
3281 4303 3476 4372 praedi-

1875 4376 2110 4429 cantium
2139 4375 2256 4442 ejus
2283 4375 2690 4443 comparatione
2718 4375 3034 4442 vilesceret;
3077 4377 3195 4431 illos
3226 4375 3474 4429 videlicet

1876 4445 2285 4518 commendaret
2337 4446 2488 4518 sise
2536 4446 2922 4518 absconderet,
2981 4461 3210 4518 cntnque
3261 4461 3473 4518 senon

1876 4515 2208 4588 OStenderet,
2242 4515 2411 4588 errori
2445 4515 2621 4588 locum
2645 4516 2899 4572 dedisset.
2933 4518 3067 4574 Miro
3097 4515 3258 4588 igitur
3289 4517 3469 4580 tnodo,

1877 4597 1931 4660 et
1969 4583 2284 4660 humilitatis
2327 4587 2520 4660 quaerit
2570 4588 2919 4660 incrementa,
2949 4598 3008 4645 ut
3058 4583 3141 4645 et'
3165 4603 3378 4660 servum
3414 4599 3474 4640 se

1876 4655 2152 4730 discipulis
2201 4656 2485 4730 prtedicet,
2515 4667 2570 4712 et
2599 4655 2920 4716 adversariis
2949 4663 3216 4730 potiorem
3245 4658 3471 4711 demon-

1876 4734 2032 4780 stret.
2055 4724 2308 4798 Ostendit
2336 4724 2612 4798 discipulis
2648 4731 2776 4798 quid
2821 4724 3138 4786 humilitatis
3167 4734 3472 4795 acceperat,

1877 4797 2113 4850 ostendit
2132 4797 2452 4853 adversariis
2473 4797 2599 4867 quid
2629 4797 2991 4857 sublimitatis.
3025 4798 3313 4855 lnnotescit
3342 4813 3472 4852 con—

1879 4874 1959 4920 tra
1987 4868 2324 4923 adversarios
2351 4871 2476 4937 quid
2517 4872 2742 4927 haberet
2784 4888 2853 4927 ex
2897 4886 3150 4936 munere,
3184 4868 3472 4923 innotescit

1879 4937 2153 5010 discipulis
2173 4940 2348 5007 qualis
2363 4943 2504 5008 apud
2524 4958 2585 4997 se
2605 4951 2822 4998 maneat
2844 4944 2894 4997 in
2917 4943 3263 5010 cogitatione.
3286 4938 3472 4994 Sancti

1879 5021 2008 5075 ergo
2039 5009 2136 5082 viri
2176 5025 2297 5064 cum
2339 5023 2606 5080 coguntur
2647 5015 2784 5068 bona
2827 5009 3048 5067 narrare
3086 5025 3204 5082 quae
3235 5011 3468 5076 faciunt,

1878 5093 1988 5132 non
2015 5079 2234 5135 elationi
2263 5082 2358 5137 sed
2388 5079 2602 5137 utilitati
2635 5085 2898 5138 serviunt.

1878 5169 2008 5226 CAP.
2037 5169 2221 5229 XXVI.
2244 5205 2318 5216 —
2349 5173 2591 5231 Damasci
2614 5177 2922 5246 praepositus
2945 5175 3108 5248 gentis
3139 5175 3306 5230 Arene
3334 5174 3470 5246 regis

2413 5246 2507 5300 (II
2542 5247 2661 5300 Cor.
2694 5263 2744 5300 XI
2771 5286 2785 5300 .
2819 5245 2932 5300 52).

2542 5247 2661 5302 Cor.
2694 5263 2744 5300 XI
2771 5286 2785 5310 ,
2819 5247 2932 5310 52).

2413 5248 2507 5316 (II
2542 5248 2661 5302 Cor.
2694 5263 2744 5300 XI
2771 5286 2785 5310 ,
2819 5248 2932 5317 δί).

1952 5313 2032 5388 (In
2053 5317 2261 5387 exposit
2313 5315 2371 5370 Β.
2389 5315 2508 5382 Job,
2529 5317 2619 5371 lib.
2652 5334 2799 5383 xxxi,
2830 5335 2884 5371 n.
2917 5315 3003 5382 56,
3023 5316 3110 5383 57,
3133 5314 3325 5384 58,59,
3345 5315 3469 5388 60.)

1878 5385 1936 5440 Si
1959 5387 2025 5439 ad
2046 5385 2260 5442 :etertne
2285 5389 2401 5441 vita:
2431 5387 2754 5442 desiderium
2785 5395 2971 5444 n'oster
2996 5390 3205 5443 animus
3233 5385 3467 5456 exarsit,

1886 5457 1930 5529 si
1974 5455 2086 5527 jam
2115 5474 2299 5512 verum
2349 5457 2528 5511 lumen
2571 5460 2896 5514 intrinsecus
2943 5460 3200 5529 respicit,
3249 5458 3374 5513 siin
3407 5455 3468 5514 se

1885 5525 2157 5583 ﬂammant
2184 5529 2352 5583 sancti
2381 5529 2606 5586 fervoris
2628 5530 2875 5585 accendit
2901 5570 2916 5595 ,
2950 5525 3265 5598 inqualitqu
3313 5530 3469 5587 locus

1885 5599 2157 5664 admittit,
2216 5600 2528 5668 inquantutn
2574 5617 2735 5656 causa
2783 5601 2989 5669 exigit,
3047 5599 3304 5656 debemus
3367 5616 3466 5669 pro

1885 5670 2195 5743 defensione
2213 5669 2429 5736 jnstitia:
2453 5673 2812 5743 nosmetipsos
2837 5671 3092 5740 objicere,
3117 5681 3172 5727 et
3201 5672 3466 5743 perversis

1885 5741 1952 5812 ad
1973 5740 2166 5812 injusta
2198 5742 2622 5812 erumpentibus,
2646 5740 2807 5796 etiam
2827 5760 2947 5798 cum
2979 5745 3046 5798 ab
3075 5745 3154 5800 eis
3185 5740 3289 5798 non
3319 5757 3466 5812 quaa-

1879 5810 2069 5885 rimur,
2096 5810 2345 5885 obviare._
2363 5811 2497 5864 Nam
2536 5829 2654 5866 cum
2680 5812 2948 5882 justitiam
2985 5831 3143 5885 quam
3174 5831 3272 5870 nos
3316 5810 3464 5885 aina-

1879 5897 2010 5956 mus.
2030 5882 2090 5956 in
2110 5881 2227 5937 aliis
2253 5881 2478 5956 feriunt,
2501 5899 2600 5940 nos
2626 5881 2972 5941 nihilominus
2993 5881 3087 5942 sua
3120 5884 3465 5956 percussione

1813 6022 1850 6028 __
1878 5950 2227 6020 confodiunt,
2257 5955 2472 6013 etiamsi
2502 5957 2745 6014 venerari
2774 5957 3072 6016 videantur.
3103 5950 3307 6015 intueri
3329 5953 3464 6015 libet
