3974 6350
541 356 678 414 Ιὸιδ

1426 353 1769 414 APPENDIX
1806 354 1898 412 AD
1937 354 1997 411 S.
2035 353 2362 411 GIlEGOIllI
2400 353 2627 412 OPERA
2661 354 2893 411 OMNIA.

3669 361 3809 419 13M

574 480 765 531 uantus
816 470 1037 527 Paulum
1084 471 1265 529 fervor
1312 474 1631 530 accenderat
1660 513 1677 539 ,
1718 478 1935 543 quando
1983 486 2104 526 eum
2135 475 2186 536 Α
2211 473 2546 529 circumfusis
2570 473 2824 529 cornibus
2851 486 3149 529 coarctare.
3179 471 3335 539 Quod
3364 472 3625 529 nimirum
3656 476 3809 532 solli-

580 544 729 615 phesi
759 543 823 597 ad
851 544 1228 615 tirrumpendas
1270 545 1464 598 theatri
1520 545 1703 615 turbas
1738 542 1857 598 ’zeli
1896 542 2106 597 ﬂamma

531 612 794 685 rapiebat.
844 612 1111 682 Scriptum
1141 614 1337 685 quippe
1366 625 1448 669 est
1473 633 1485 668 :
1524 614 1720 685 Repteti
1756 623 1887 685 sunt
1916 614 1995 685 ira
2020 653 2035 677 ,
2061 621 2110 667 et

532 686 975 750 exclamaverunt,
1006 684 1260 739 dicentes:
1293 685 1487 755 Magna
1528 684 1700 738 Diana
1746 684 2107 753 Ephesiorum.

530 755 601 812 Et
630 756 840 825 impleta
868 763 943 809 est
965 758 1142 810 civitas
1171 758 1472 823 confusione
1495 798 1507 819 ,
1536 765 1582 809 et
1612 757 1852 821 impetum
1883 757 2113 823 fecerunt

530 843 633 896 uno
661 827 833 880 animo
861 827 912 880 in
942 828 1159 886 theatro.
1194 835 1342 896 rapto
1380 824 1505 881 Caio
1530 836 1577 896 et
1605 825 1921 889 Aristarcho,
1953 825 2112 878 comi-

532 890 665 951 tibiis
696 896 1045 963 Pauli.Atque
1076 911 1198 950 mox
1228 890 1501 950 subditur:
1534 894 1697 950 Paulo
1722 908 1890 949 autem
1914 897 2112 949 volente

531 968 727 1022 intrare
754 968 805 1020 in
829 967 1069 1035 populum
1086 1009 1101 1033 ,
1118 984 1220 1021 non
1242 969 1579 1037 permiserunt
1605 965 1845 1034 discipuli
1863 982 1889 1037 :7
1904 965 2112 1037 quidam

531 1048 700 1091 autem
723 1046 769 1091 et
796 1037 859 1089 de
880 1040 1016 1091 Asite
1046 1036 1359 1107 principibus
1384 1038 1469 1107 qui
1490 1046 1637 1090 erant
1662 1037 1813 1089 amici
1844 1036 1985 1105 ejus,
2011 1038 2109 1088 mi-

530 1108 805 1187 seruntmad
825 1124 940 1187 eum
968 1106 1208 1187 rogantes
1256 1124 1319 1161 ne
1361 1106 1584 1187 se_daret
1616 1107 1949 1187 in_t_hcatrum
1974 1106 2110 1187 (Act.

529 1194 617 1233 xtx
642 1177 749 1249 ,7‘28
768 1220 782 1243 ,
814 1182 969 1249 seq.).
1000 1176 1058 1233 In
1084 1178 1277 1247 quibus
1306 1176 1548 1247 profecto
1576 1177 1754 1249 verbis
1776 1176 2114 1249 agnoscimus

527 1263 635 1317 quo
668 1248 867 1318 impetu
882 1245 1085 1303 'contra
1105 1245 1321 1303 cuneos
1343 1248 1689 1303 adversantes
1712 1248 1939 1318 irrueret
1961 1286 1975 1311 ,
2013 1245 2113 1318 nisi

528 1334 650 1401 eum
681 1320 1014 1401 p‘eramicos.
1040 1328 1097 1375 et
1121 1318 1408 1401 discipulos
1428 1318 1703 1401 charitatis
1734 1317 1880 1371 frena
1910 1317 2115 1401 tenuis-

530 1397 669 1445 sent.
692 1388 800 1443 Sed
826 1390 870 1443 si
894 1390 1115 1445 obviare
1137 1388 1403 1455 hostibus,
1420 1389 1465 1443 si
1488 1390 1629 1442 ultro
1650 1402 1885 1457 pugnam
1909 1396 2113 1457 petere,

526 1458 574 1532 si
606 1461 961 1532 nosmetipsos
1001 1460 1555 1532 seinpertrelinquere‘
1594 1459 1901 1532 incursum
1924 1457 2115 1532 _nostri

530 1528 756 1585 fervoris
784 1527 1041 1586 debemus
1065 1570 1081 1595 ,
1112 1527 1238 1600 quid
1290 1540 1373 1585 est
1414 1528 1560 1600 quod
1616 1528 1752 1600 idem
1795 1527 2116 1600 praedicator

527 1600 773 1668 egregius
798 1600 864 1655 de
896 1598 1187 1671 semetipso
1218 1598 1641 1671 fatetur,'dicens
1665 1616 1677 1652 :
1704 1598 1951 1671 Damasci
1979 1613 2117 1671 pta:-

526 1667 722 1740 positus
751 1672 917 1742 gentis
946 1667 1116 1727 Arene
1146 1673 1284 1742 regis
1331 1668 1650 1742 custodiebat
1698 1670 1953 1723 civitatem
2003 1667 2116 1722 Da-

526 1740 908 1808 mascenorum,
940 1752 996 1795 ut
1025 1760 1105 1797 me
1131 1740 1576 1812 comprehenderet
1602 1757 1619 1804 ;
1641 1752 1690 1812 et
1714 1757 1814 1812 per,
1834 1742 2115 1812 fenestram

525 1812 580 1865 in
604 1820 779 1882 sporta
801 1813 1041 1867 dimissus
1064 1830 1176 1868 sum
1205 1810 1295 1883 per
1314 1828 1513 1865 murum
1530 1849 1545 1876 ,
1570 1820 1618 1864 et
1644 1810 1719 1864 sic
1741 1810 1898 1881 effugi
1927 1825 2113 1863 manus

524 1881 635 1953 ejus
659 1885 682 1934 ?
709 1882 844 1951 Quid
868 1892 952 1939 est
976 1883 1121 1953 quod
1148 1881 1312 1938 modo
1340 1889 1532 1950 sponte
1547 1896 1755 1953 cuneos
1783 1888 2112 1953 armatorum

525 1949 747 2020 impetit
768 1993 781 2014 .
811 1963 865 2008 et
896 1949 1056 2009 modo
1083 1970 1143 2009 se
1171 1954 1238 2007 ab
1278 1949 1498 2007 armatis
1546 1952 1787 2006 hostibus
1811 1949 1964 2019 quasi
2004 1956 2114 2005 tre-

522 2022 681 2093 pidus
702 2025 1017 2091 abscondit,
1044 2025 1143 2080 nisi
1170 2025 1272 2078 hoc
1300 2022 1443 2091 quod
1473 2036 1693 2093 necesse
1718 2029 1800 2076 est
1830 2029 1887 2074 ut
1915 2020 1967 2074 in
1997 2020 2112 2089 ejus

525 2092 814 2150 artiﬁciosa
855 2097 1054 2149 virtute
1094 2096 1363 2150 discamus
1415 2092 1841 2147 adversariorum
1880 2104 2111 2161 pugnam

524 2172 581 2221 et
609 2174 921 2221 constanter
947 2165 1233 2235 aliquando
1278 2173 1532 2234 appetere
1556 2202 1569 2227 ,
1614 2172 1664 2217 et
1696 2159 1987 2232 prudenter
2015 2159 2112 2214 ali-

523 2236 741 2304 quando
786 2236 1100 2293 decliuare?
1129 2236 1357 2291 Necesse
1383 2235 1582 2304 quippe
1624 2242 1707 2288 est
1740 2240 1923 2304 utpcr
1952 2245 2112 2285 omne

542 2301 669 2362 'uod
699 2308 940 2373 agimus,
972 2309 1025 2361 in
1074 2306 1271 2374 mentis
1316 2301 1775 2373 trutinapositum
1807 2301 1934 2355 hinc
1972 2316 2107 2370 pon-

523 2320 625 2430 atis
656 2415 672 2430 .
727 2378 873 2430 illinc
920 2378 1149 2430 fructum
1203 2374 1371 2430 nostri
1418 2374 1618 2428 laboris
1666 2372 2010 2427 aestimemus.
2042 2369 2107 2425 Et

565 2391 625 2430 us
656 2415 672 2441 ,
727 2369 873 2433 illinc
920 2369 1371 2432 fructum'nostri
1418 2369 1618 2428 laboris
1666 2369 2010 2427 aestimemus.
2042 2369 2112 2425 Et

526 2459 650 2500 cum
691 2446 899 2515 pondus
946 2448 1177 2501 fructum
1208 2442 1736 2515 superat,_tlaborem
1767 2441 2111 2515 qui_sque__in-

524 2511 1234 2571 noxiedeclinatdummodo
1262 2511 1319 2569 se
1349 2514 1400 2567 iu
1423 2513 1540 2566 aliis
1561 2519 1832 2577 exerceat,
1854 2511 2111 2581 inquibus

525 2583 680 2640 lucro
700 2586 965 2642 fructuum
993 2587 1203 2654 pondus
1225 2584 1422 2639 laboris
1443 2584 1639 2637 vincat.
1664 2583 1796 2654 Cum
1828 2596 1954 2654 vero
1984 2581 2111 2635 sub-

522 2657 769 2725 sequenti
814 2652 1111 2725 quantitate
1167 2656 1435 2711 fructuum
1485 2668 1753 2725 mensura
1782 2652 2110 2725 labqris__aut

521 2721 769 2795 aequatur
787 2721 881 2781 aut
909 2728 1156 2791 vincitur,
1187 2726 1338 2781 labor
1358 2726 1475 2779 sine
1495 2722 1641 2794 gravi
1660 2722 1826 2795 culpa
1866 2721 2108 2795 declina-

521 2792 628 2869 tur.
652 2796 814 2869 Unde
862 2798 1179 2869 pr.edicator
1224 2807 1455 2869 sanctus
1486 2792 1607 2850 cum
1659 2792 1899 2847 Damasci
1952 2792 2108 2848 valde

520 2866 819 2938 obstinatas
862 2866 1075 2923 mentes
1116 2866 1567 2938 persequentium
1600 2872 2107 2938 cerneret,_eorum

521 2937 692 2992 voluit
738 2939 1053 2995 adversitati
1105 2934 1434 3007 conﬂigere,
1480 2936 1616 3007 quis
1636 2943 1689 2989 et
1717 2934 2103 3007 semetipsum,

516 3019 678 3077 quem
701 3010 1033 3079 profuturum
1055 3009 1234 3064 multis
1257 3002 1646 3079 noverat,'vidit
1675 3002 2102 3079 possedelicere,

517 3073 884 3149 dttaut'nullis
925 3096 983 3135 se
1032 3080 1137 3135 illic
1166 3086 1257 3134 aut
1287 3078 1469 3149 paucis
1510 3073 2102 3149 prodesse._S_ecessunt

518 3145 682 3270 igitur
706 3164 737 3203 a
774 3151 1070 3206 certamine
1108 3150 1262 3219 petiit
1288 3145 1303 3217 ;
1332 3156 1388 3203 et
1412 3145 1768 3219 pugnaturum
1799 3145 2007 3199 lelicius
2032 3145 2100 3199 ad

518 3230 549 3270 a
574 3217 621 3270 ia
642 3235 701 3270 se
717 3220 853 3270 bella
881 3221 1130 3270 servavit.
1159 3220 1272 3270 Non
1295 3219 1438 3270 enim
1467 3219 1587 3270 loco
1610 3216 1780 3269 virtus
1797 3255 1812 3270 .
1834 3216 1928 3270 sed
1951 3215 2100 3270 locus

2212 544 2317 599 cite
2348 544 2566 618 perfecti
2591 544 2981 618 pradicatores
3009 544 3303 609 exhibent,
3332 560 3456 600 cum
3486 546 3657 618 modo
3683 562 3807 618 per-

2212 615 2505 670 secutionis
2526 616 2728 670 rabiem
2751 614 3103 681 declinantes,
3125 625 3391 672 noverunt
3411 614 3702 686 sapienter
3714 618 3810 675 sed

2213 700 2321 739 non
2363 686 2632 741 enerviter
2659 687 2889 740 cedere:
2922 686 3082 740 modo
3111 701 3241 741 vero
3285 688 3685 753 persecutionis
3711 689 3810 743 iui-

2215 763 2394 825 petum
2442 765 2850 811 contemnentes
2872 798 2889 824 ,
2919 765 3185 812 noverunt
3231 757 3282 812 ei
3309 755 3525 813 fortiter
3552 757 3652 814 sed
3700 774 3808 815 non

2215 827 2611 895 praecipitanter
2642 826 2887 881 obviare.

2212 914 2339 971 Car.
2374 915 2860 972 XXVII.—Parco
2908 926 3076 972 autem
3102 956 3118 983 ,
3148 933 3215 971 ne
3252 919 3365 987 quis
3410 935 3495 973 me
3550 922 3810 977 existh

2375 1004 2534 1057 supra
2560 988 2615 1041 id
2638 988 2776 1060 quod
2798 988 2933 1041 videt
2962 990 3014 1041 in
3044 1005 3125 1043 me
3152 987 3245 1058 (11
3266 986 3396 1044 Cor.
3423 1006 3498 1044 ιη
3516 1032 3533 1054 ,
3564 991 3647 1060 6).

2285 1076 2363 1147 (In
2388 1078 2617 1152 exposit.
2643 1078 2703 1132 Β.
2727 1077 2828 1134 Job
2852 1122 2865 1143 ,
2890 1079 2982 1152 lib:
3007 1095 3133 1134 xvnt
3150 1095 3337 1152 ,tnum.
3367 1080 3484 1152 I3.)
3528 1082 3637 1149 Qui
3661 1099 3814 1138 vera-

2214 1146 2352 1202 citer
2392 1150 2561 1222 sancti
2592 1159 2717 1203 sunt
2747 1165 2854 1203 non
2903 1149 3077 1205 solum
3127 1150 3351 1221 gloriam
3392 1146 3573 1222 super
3592 1155 3811 1209 modum

2214 1232 2381 1293 suum
2400 1219 2619 1293 omnino
2668 1235 2773 1273 non
2806 1228 3065 1290 appetunt
3093 1263 3109 1287 ,
3135 1219 3233 1276 sed
3263 1222 3430 1293 etiam
3460 1219 3589 1277 'hoc
3637 1225 3811 1293 ipsum

2216 1288 2383 1364 videri
2408 1287 2677 1364 refugiunt
2699 1287 2852 1364 quod
2870 1287 2990 1364 esse
3010 1301 3341 1345 meruerunt.
3363 1291 3536 1364 Unde
3567 1287 3815 1364 ille-prm-

2214 1358 2422 1413 dicator
2440 1360 2688 1431 egregius
2717 1358 2965 1415 veritatis
2992 1369 3179 1431 contra
3210 1358 3709 1431 pseudoapostolos
3737 1365 3815 1418 lo-

2253 1430 2575 1506 uens,_dum
2625 1431 2851 1506 virtutes
2897 1430 3122 1486 eximias
3174 1430 3509 1506 operationis
3550 1449 3669 1488 sine
3718 1452 3814 1506 pro

2254 1499 2593 1576 iscipulorum
2616 1502 2919 1556 eruditione
2941 1499 3345 1576 narra‘ret,_dtim
3373 1511 3453 1576 tot
3480 1518 3548 1561 se
3575 1499 3814 1576 pericula

2218 1568 2476 1645 tolerasse
2497 1580 2815 1645 coacervata
2840 1568 3213 1645 persecutione
3240 1568 3605 1645 describeret,
3616 1585 3676 1629 et
3697 1585 3817 1645 post

2217 1641 2330 1716 haec
2360 1655 2529 1709 usque
2572 1643 2640 1695 ad
2685 1641 2899 1697 tertium
2932 1644 3125 1697 cmlum
3153 1684 3169 1709 ,
3197 1658 3524 1716 rursumque
3572 1644 3628 1698 in
3652 1641 3815 1716 para-

2217 1709 2393 1765 disum
2436 1726 2496 1766 se
2525 1720 2734 1786 raptum
2764 1727 2884 1767 esse
2903 1721 3270 1786 memoraret,
3302 1713 3394 1767 ubi
3424 1709 3580 1768 tanta
3611 1709 3815 1786 cogno-

2218 1794 2370 1853 scere
2392 1782 2655 1853 potuisset
2674 1791 2874 1851 quanta
2901 1782 3048 1851 loqui
3068 1784 3298 1853 omnino
3321 1799 3430 1837 non
3460 1794 3670 1853 posset,
3689 1782 3815 1843 crat

2146 1845 2191 1906 B
2216 1850 2283 1905 de
2326 1845 2407 1905 se'
2431 1851 2659 1907 fortasse
2690 1845 2864 1908 adhuc
2890 1845 3215 1908 mirabiliora
3264 1845 3552 1910 locuturus
3573 1896 3589 1917 ,
3617 1845 3717 1911 sed
3747 1859 3816 1914 ab

2216 1920 2448 1994 humana
2479 1921 2634 1976 laude
2662 1924 2767 1977 alia
2791 1922 3223 1979 consideratione
3250 1938 3310 1978 se
3338 1932 3660 1994 temperans
3689 1930 3815 1982 sub-

2211 1990 2347 2070 didit
2362 1991 2569 2070 :_Parco
2595 2002 2763 2047 autem
2781 2011 2878 2070 ,une
2898 1995 3117 2070 quisuis
3136 1990 3577 2070 existimettsupra
3604 1997 3663 2049 id
3682 1999 3815 2070 quod

2213 2062 2349 2135 videt
2377 2064 2429 2116 in
2457 2080 2562 2135 me,
2588 2074 2676 2135 aut
2700 2066 2842 2118 audit
2872 2062 3067 2135 aliquid
3095 2081 3160 2118 ex
3188 2080 3285 2119 me.
3313 2062 3566 2119 Habebat
3589 2062 3723 2135 ergo
3750 2070 3814 2125 de

2213 2146 2273 2187 se
2296 2133 2583 2208 dicendum
2615 2134 2814 2204 aliquid
2838 2133 3011 2189 adhuc
3031 2136 3122 2200 qui
3153 2136 3323 2208 parcit
3344 2135 3537 2208 dicere
3554 2176 3573 2202 ,
3590 2133 3689 2191 sed
3710 2140 3812 2208 egit

2214 2210 2500 2275 utrumque
2521 2205 2711 2259 doctor
2734 2208 3000 2274 egregius,
3021 2215 3078 2258 ut
3100 2215 3153 2259 et
3174 2206 3444 2275 loquendo
3463 2222 3593 2275 qua:
3624 2205 3810 2275 egerat

2213 2273 2504 2343 discipulos
2534 2276 2825 2329 instrueret
2850 2318 2864 2342 ,
2895 2284 2949 2330 et
2978 2275 3207 2330 tacendo
3234 2273 3293 2330 se
3319 2276 3461 2330 intra
3486 2273 3809 2334 humilitatis

2212 2341 2433 2415 limitem
2477 2344 2792 2400 custodiret.
2824 2341 2991 2399 Nimis
3040 2360 3273 2415 namque
3312 2356 3456 2401 esset
3488 2347 3739 2415 ingratus
3763 2353 3807 2405 si

2210 2412 2277 2468 de
2306 2431 2365 2470 se
2394 2415 2666 2484 discipulis
2707 2425 2817 2470 tota
2848 2416 3130 2483 reticeret,
3161 2412 3216 2470 et
3253 2415 3487 2472 fortasse
3530 2412 3695 2475 nimis
3724 2423 3806 2475 in-

2212 2495 2400 2540 cautus
2427 2485 2471 2539 si
2500 2485 2566 2539 de
2592 2501 2650 2539 se
2679 2495 2789 2540 tota
2829 2487 2913 2540 vel
2945 2487 3217 2556 discipulis
3246 2488 3529 2556 proderet.
3561 2488 3673 2543 Sed
3701 2493 3802 2546 mi-

2209 2556 2469 2630 rabiliter,
2489 2564 2548 2630 ut
2568 2557 2767 2630 dictum
2798 2566 2917 2630 est,
2947 2558 3055 2627 egit
3084 2566 3369 2630 utrumque
3397 2576 3408 2609 :
3441 2568 3503 2612 ut
3535 2558 3805 2630 loquendo

2209 2626 2372 2750 :itgin
2396 2628 2733 2750 taudientium
2764 2626 3029 2694 erudiret,
3063 2626 3296 2684 tacendo
3319 2643 3450 2684 vero
3493 2626 3653 2685 suam
3683 2647 3804 2689 cus-

2240 2712 2273 2750 ο
2314 2713 2392 2750 ire
2419 2734 2437 2750 .

2217 2698 2437 2753 todiret.

2208 2787 2337 2847 Car.
2367 2788 2597 2844 XXVIII.
2621 2822 2694 2862 -τ
2719 2789 2884 2845 Datus
2913 2800 2989 2845 est
3017 2793 3140 2862 mihi
3153 2793 3404 2862 stimulus
3433 2795 3617 2849 carnis
3636 2812 3798 2862 mea,

2432 2861 3038 2934 angelusLSatananetc.
3072 2861 3167 2934 (11
3198 2863 3315 2918 Cor.
3348 2880 3456 2927 xu,
3491 2864 3570 2930 7).

2279 2931 2359 3002 (In
2389 2930 2620 3002 exposit.
2652 2931 2710 2985 Β.
2742 2930 2843 2987 Job
2868 2974 2882 2998 ,
2916 2932 3008 2986 lib.
3042 2930 3163 2998 xix,
3188 2950 3334 2987 num.
3369 2935 3430 2989 lI
3462 2953 3475 2997 ;
3513 2936 3608 2989 lib.
3647 2951 3795 3000 xm,

2206 3000 2353 3073 num.
2390 3000 2473 3073 ης
2502 3000 2520 3073 )
2564 3002 2731 3057 Electi
2776 3002 2869 3056 Dei
2907 3004 3140 3072 quandiu
3170 3003 3222 3057 in
3259 3005 3359 3059 bac
3388 3006 3499 3059 vita
3531 3015 3660 3059 sunt
3682 3046 3698 3070 ,
3730 3022 3799 3062 ne

2204 3072 2379 3140 aliqua
2424 3072 2657 3128 elatione
2695 3073 3007 3142 superbiant
3042 3074 3359 3143 quibusdam
3401 3078 3796 3133 tentationibus

2203 3143 2583 3211 reprimuntur,
2601 3152 2660 3197 ut
2681 3158 2749 3198 ne
2774 3150 2979 3215 tantum
3008 3147 3269 3214 prolicere
3297 3146 3510 3200 valeant
3529 3158 3795 3215 quantum

574 3217 621 3271 ia
642 3220 853 3275 sebella
881 3212 1130 3277 servavit.
1159 3220 1272 3276 Non
1289 3212 1438 3274 enim
1467 3212 1587 3273 loco
1610 3216 1812 3280 virtus,
1834 3216 1928 3270 sed
1951 3215 2101 3270 locus
2126 3212 2171 3273 C
2202 3218 2427 3282 volunt;
2450 3215 2543 3269 sed
2590 3229 2659 3284 ne
2696 3212 3027 3269 extollantur
3067 3215 3317 3284 superbia
3342 3255 3357 3279 ,
3382 3232 3485 3269 non
3537 3212 3595 3268 fit
3628 3218 3681 3270 in
3710 3220 3795 3273 eis

517 3286 731 3360 virtutis
770 3289 967 3360 defuit,
1001 3300 1057 3348 et
1094 3291 1291 3346 idcirco
1323 3289 1640 3345 fortissimus
1670 3285 1832 3360 miles
1853 3285 1920 3360 ab
1950 3286 2095 3360 obsit

514 3356 689 3416 dionis
740 3354 985 3430 angustia
1033 3362 1342 3419 certaminis
1380 3373 1625 3430 campum
1672 3356 1936 3430 quaesivit:
1996 3354 2095 3412 Ubi

513 3441 643 3503 vero
671 3427 1001 3503 subiuganda
1038 3433 1151 3502 regi
1198 3432 1422 3502 proprio
1469 3427 1632 3503 multa
1666 3427 2095 3482 adversariorum

512 3500 660 3574 colla
682 3500 963 3574 conspexit
985 3546 1001 3573 ,
1031 3500 1212 3574 subire
1251 3500 1445 3557 bellum
1472 3543 1486 3567 ,
1516 3500 1602 3553 vel
1630 3514 1749 3553 cum
1789 3506 1961 3552 morte
1990 3513 2095 3553 non

513 3570 691 3645 timuit
707 3591 721 3640 ;
740 3570 879 3630 sicut
896 3570 1010 3645 ipse
1029 3590 1151 3629 cum
1171 3572 1559 3645 Jerosolymain
1582 3579 1848 3645 pergeret,
1864 3584 2096 3645 eumque

511 3638 756 3714 discipuli
772 3638 1018 3714 passione
1040 3646 1181 3699 illius
1194 3660 1290 3714 per
1301 3638 1633 3714 prophetiam
1653 3640 1891 3714 pnescita
1911 3641 2094 3708 prohi-

511 3708 738 3783 berent,
773 3708 1097 3783 "sibimetipsi
1138 3708 1504 3783 attestaretur,
1557 3708 1739 3783 dicens
1780 3728 1793 3763 :
1829 3708 1941 3779 Ego
1992 3727 2094 3765 non

512 3780 678 3835 solum
710 3784 916 3854 alligari
940 3824 955 3847 ,
986 3780 1077 3838 sed
1102 3793 1151 3838 et
1180 3785 1310 3838 mori
1338 3784 1391 3837 in
1419 3781 1721 3854 Jerusalem
1738 3790 1951 3854 paratus
1979 3798 2094 3835 sum

511 3866 605 3919 pro
633 3852 839 3906 nomine
882 3852 1089 3907 Domini
1136 3854 1291 3907 Jesu:
1333 3870 1490 3921 neque
1517 3852 1649 3904 enim
1698 3852 1834 3921 facio
1864 3852 2094 3921 animam

513 3935 683 3995 meam
725 3924 1080 3995 pretiosiorem
1108 3940 1261 3995 quam
1289 3940 1370 3978 me
1399 3920 1419 3993 (
1440 3924 1551 3975 Act.
1584 3920 1706 3995 xm,
1734 3921 1843 3995 15)Ϊ
1875 3920 1974 3987 Qui
1998 3923 2095 3990 igi-

512 3995 601 4062 tur
629 3992 731 4045 hic
760 3993 981 4049 hostiles
1010 3992 1210 4049 cuneos
1239 3992 1672 4062 etiam'prtescita
1704 3992 1953 4062 passione
1996 4008 2092 4047 sua

512 4058 904 4126 imperterritus
936 4064 1107 4131 petiit,
1133 4065 1241 4121 illic
1263 4064 1328 4119 de
1350 4058 1748 4125 dispensatione
1775 4060 1937 4115 fuisse
1962 4063 2093 4119 edo-

510 4131 652 4204 cuit,
690 4149 795 4188 non
823 4134 889 4189 de
919 4136 1141 4201 timore,
1173 4135 1317 4204 quod
1344 4133 1493 4202 fugit.
1526 4132 1641 4200 Qua
1672 4133 1726 4204 in
1770 4147 1829 4185 re
1858 4147 2091 4200 pensan-

508 4199 634 4279 dum
658 4212 742 4279 est
770 4205 892 4279 quia
916 4199 1243 4279 ilie‘labOres
1268 4199 1525 4279 quosdam
1546 4199 1653 4279 per
1679 4199 2095 4279 dispensationis

508 4270 763 4343 judicium
790 4270 1142 4331 laudabiliter
1169 4270 1435 4340 declinat,
1469 4270 1572 4343 qui
1590 4288 1687 4343 pro
1717 4270 1828 4326 Deo
1864 4273 2093 4341 majores

510 4339 881 4415 alit»s__lortiter
910 4346 1119 4399 tolerat.
1154 4346 1284 4401 Nam
1314 4339 1456 4415 smpe
1484 4339 1551 4398 ab
1593 4339 1904 4415 hominibus
1935 4339 2095 4399 timor

511 4406 705 4485 debilis
728 4453 741 4473 ,
772 4421 926 4468 cauta
968 4416 1294 4485 dispensatio
1316 4406 1558 4480 vocatur,
1588 4422 1642 4467 et
1670 4413 1821 4481 quasi
1838 4418 2091 4485 pruden-

511 4484 597 4533 ter
624 4480 877 4550 impetum
907 4480 1200 4541 declinasse
1236 4503 1297 4542 se
1338 4494 1621 4552 asserunt,
1664 4480 1785 4538 cum
1828 4480 2093 4549 fugientes

512 4552 739 4620 turpiter
769 4552 821 4607 in
860 4562 1006 4621 terga
1054 4554 1331 4612 feriuntur.
1377 4554 1528 4611 Unde
1556 4569 1776 4609 necesse
1820 4561 1906 4608 est
1932 4562 1988 4607 ut
2035 4555 2087 4609 in

509 4621 787 4695 causaDci
814 4638 943 4695 cum
956 4638 1042 4678 res
1061 4625 1473 4695 dispensationis
1502 4628 1695 4694 agitur,
1718 4631 1893 4695 metus
1913 4625 2089 4680 cordis

509 4691 850 4767 subtilissima
895 4691 1178 4752 libratione
1207 4706 1480 4767 pensetur,
1505 4691 1570 4750 ne
1598 4710 1693 4767 per
1722 4694 2087 4767 infirmitatem

508 4760 669 4838 timor
687 4763 978 4838 subrepat,
1007 4773 1062 4820 et
1089 4760 1222 4823 sese.
1238 4782 1331 4838 per
1359 4760 1773 4838 dispensationis
1802 4765 2087 4838 imaginem

507 4832 769 4913 rationem
794 4834 1066 4919 contipgat
1094 4853 1160 4919 ne
1185 4832 1340 4919 culpa
1363 4852 1422 4892 se
1447 4832 1790 4919 prudentiam
1822 4837 2080 4919 nominet,

504 4899 722 4975 jamque
763 4919 862 4975 nec
888 4904 954 4959 ad
978 4899 1349 4974 ptenitentiam
1379 4899 1586 4961 animus
1617 4910 1835 4968 redeat,
1868 4899 2087 4975 quando

654 4974 799 5052 quod
845 4971 1352 5052 iniqueperpetrat
1391 4977 1641 5052 virtutem
1683 4971 2087 5052 vocat_._'_Restat

508 5042 667 5116 igitur
691 5043 745 5116 in
770 5042 1197 5116 dttbiisquisqite
1225 5046 1589 5116 deprehensus
1614 5088 1629 5113 ,
1660 5062 1780 5101 cum
1808 5047 1907 5100 sibi
1937 5062 2084 5115 quae-

507 5110 638 5166 libet
683 5110 1310 5187 adversitas'imi'ninet,
1356 5119 1503 5187 prius
1551 5110 1689 5170 intra
1737 5110 2081 5184 semetipsum

505 5191 695 5238 contra
738 5183 1073 5258 formidinem
1102 5196 1157 5241 et
1183 5183 1659 5258 praecipitationem
1688 5183 2080 5258 pugnet,’qua-

504 5259 663 5309 tenus
693 5270 792 5311 nec
815 5254 1159 5313 formidolose
1179 5254 1239 5313 se
1266 5254 1544 5314 subtrahat
1566 5299 1579 5318 .
1613 5254 1713 5312 nec
1743 5254 2079 5325 praecipitan-

507 5330 590 5400 te_r
617 5334 870 5400 opponat,
914 5325 1086 5400 Yalde
1115 5329 1257 5400 enim
1289 5344 1526 5400 pneceps
1546 5336 1627 5381 est
1650 5327 1740 5397 qui
1786 5341 1997 5400 semper
2020 5341 2080 5382 se

508 5392 746 5473 adversis
764 5395 953 5473 objicit
968 5406 1060 5473 ,_et
1087 5399 1241 5473 valde
1270 5392 1491 5473 pavidus
1511 5400 1599 5473 qui
1622 5392 1836 5473 semper
1859 5392 2083 5473 abscon-

507 5460 619 5542 d.it._
632 5463 736 5519 Sed
763 5460 875 5522 huic
903 5460 1096 5542 melius
1124 5468 1177 5523 in
1204 5460 1358 5525 bellis
1396 5460 1758 5542 spiritualibus
1788 5468 2039 5542 discimus
2061 5508 2078 5535 ,

506 5532 554 5610 gi
594 5532 817 5610 formant
857 5539 1096 5610 exercitii
1137 5555 1168 5593 a
1208 5532 1575 5610 corporalibus
1604 5539 1757 5593 bellis
1784 5532 2077 5593 trahamus.

510 5599 694 5680 _Nequ_e
731 5605 871 5658 enim
902 5607 990 5680 ille
1017 5610 1124 5665 dux
1161 5599 1376 5680 sapie'ns
1403 5618 1522 5672 est,
1552 5610 1645 5679 qui
1669 5618 1855 5664 contra
1880 5624 2080 5664 cuneos

508 5670 731 5754 hostiles
770 5670 1320 5754 exercitumprzeceps
1338 5670 1593 5754 admovet
1612 5719 1630 5754 _,
1656 5695 1828 5750 neque
1859 5680 1946 5754 ille
1971 5680 2079 5754 dux

507 5739 661 5823 [ortis
701 5744 1030 5823 qtii_semper
1066 5739 1304 5823 huncta'b
1335 5751 1501 5823 hostis
1528 5739 1658 5804 facie
1687 5739 1926 5823 cii-vendo
1955 5751 2080 5823 sub;

510 5808 675 5895 ducit:
718 5808 878 5868 Scire
906 5808 1151 5895 etiamque
1196 5820 1307 5876 dux
1350 5820 1548 5895 debet,
1582 5819 1741 5874 modo
1778 5821 2078 5895 ab_hostili

514 5890 713 5949 lu'Petu
753 5890 1050 5940 exercitum
1087 5898 1243 5946 caute
1288 5890 1602 5947 subtrahere
1624 5929 1639 5957 ,
1670 5890 1830 5945 modo
1870 5892 2076 5947 boswm

2119 4592 2169 4653 ι)

2201 3284 2436 3353 ipsarum
2466 3283 2713 3353 quadam
2739 3299 2990 3339 mensura
3020 3283 3298 3339 virtutum.
3336 3285 3419 3339 Sic
3446 3285 3673 3340 Paulum
3705 3288 3790 3341 vi-

2200 3356 2303 3411 deo
2349 3356 2623 3428 numinum
2656 3364 2712 3409 et
2749 3354 3052 3428 latronum,
3088 3356 3319 3428 civitatis
3340 3365 3391 3411 et
3432 3356 3787 3428 solitudinis,

2197 3429 2362 3482 maris
2411 3442 2473 3481 ac
2522 3426 2777 3481 falsorum
2827 3426 3051 3480 fratrum
3098 3426 3333 3495 pericula
3373 3426 3788 3495 sustinentem,

2195 3496 2491 3553 frenantem
2516 3496 2734 3565 jejuniis
2764 3512 2827 3551 ac
2854 3496 3045 3565 vigiliis
3066 3513 3281 3567 corpus,
3305 3498 3667 3552 sustinentem
3696 3498 3794 3553 fri—

2196 3570 2341 3637 goris
2370 3576 2424 3623 et
2454 3568 2707 3621 nuditatis
2733 3582 3028 3621 aerumnam
3050 3607 3068 3635 ,
3110 3570 3175 3621 ad
3225 3568 3585 3622 Ecelesiarum
3608 3579 3793 3624 custo-

2196 3640 2337 3694 diam
2382 3639 2665 3707 vigilanter
2703 3653 2763 3693 se
2807 3646 2863 3692 et
2909 3638 3249 3708 pastoraliter
3296 3647 3689 3703 exercentem,
3722 3639 3791 3695 ad

2197 3711 2411 3765 tertium
2442 3710 2643 3764 malum
2686 3717 2898 3777 raptum
2922 3750 2938 3775 ,
2970 3724 3287 3779 rursumque
3314 3724 3437 3763 eum
3469 3709 3525 3761 in
3568 3710 3787 3779 paradio

2194 3796 2312 3835 sum
2344 3787 2550 3848 raptum
2581 3818 2595 3842 ,
2630 3788 2682 3834 et
2718 3779 2927 3834 audisse
2956 3794 3153 3833 arcana
3182 3780 3343 3833 verba
3370 3794 3492 3848 quae
3525 3796 3634 3834 non
3666 3780 3792 3835 licet

2196 3851 2398 3906 homini
2428 3851 2572 3919 loqui
2598 3868 2611 3913 ς
2642 3858 2697 3905 et
2723 3865 2845 3903 cum
2893 3849 3103 3903 Satanae
3132 3854 3323 3917 angelo
3356 3852 3423 3903 ad
3465 3851 3789 3907 tentandum

2194 3922 2510 3977 conceditur
2536 3929 2657 3974 orat
2682 3931 2737 3974 ut
2766 3920 2927 3975 eximi
2957 3919 3189 3984 debeat,
3222 3927 3278 3973 ct
3307 3936 3415 3974 non
3466 3919 3787 3988 exauditur,

2193 3995 2330 4047 sicut
2376 3992 2489 4061 ipse
2509 3991 2671 4045 dicit:
2702 3989 2772 4044 Et
2801 4007 2865 4045 ne
2893 3992 3191 4061 magnitudo
3219 3990 3595 4044 revelationum
3626 3992 3792 4046 attol-

2193 4064 2269 4117 lat
2312 4060 2432 4127 me’,
2464 4062 2615 4115 datus
2652 4070 2727 4115 est
2752 4062 2875 4133 mihi
2905 4060 3139 4115 stimulus
3168 4062 3341 4115 carnis
3362 4132 3365 4133 ν
3384 4078 3549 4133 meas,
3572 4063 3789 4133 angelus

2196 4133 2442 4200 Satanaz,
2473 4141 2529 4185 ut
2550 4149 2629 4186 me
2655 4132 2936 4201 colaphizet
2961 4142 3206 4202 :_propter
3231 4132 3368 4202 quod
3398 4143 3477 4185 ter
3504 4131 3787 4186 Dominum

2193 4205 2370 4273 rogavi
2385 4244 2401 4270 ,
2424 4211 2479 4255 ut
2500 4204 2780 4257 discederet
2802 4220 2833 4256 a
2856 4220 2952 4255 me.
2977 4202 3148 4273 Hujus
3166 4217 3283 4256 cunt
3307 4202 3457 4256 initia
3490 4218 3785 4257 conversa-

2194 4272 2361 4355 tionis
2383 4274 2605 4342 aspicio,
2635 4273 2909 4355 perpendo
2930 4272 3071 4355 quod
3094 4272 3143 4355 ei
3159 4286 3401 4355 superna
3423 4272 3787 4355 pietas‘

2194 4345 2389 4413 aperit,
2420 4341 2646 4424 seseque
2675 4341 2757 4424 i_lli
2781 4342 2934 4398 Jesus
2959 4343 3027 4397 de
3054 4341 3554 4424 sub_l.itmi_ostendlt.
3582 4344 3689 4424 Qui
3713 4345 3787 4424 It}-

2194 4412 2317 4468 men
2354 4412 2597 4481 corporis
2646 4415 2720 4484 ad
2745 4422 2955 4484 tempus
2978 4412 3244 4484 perdidit,
3278 4412 3459 4467 lumen
3501 4415 3697 4484 _c_0r.lis
3734 4414 3786 4469 in

2196 4492 2512 4553 perpetuum
2542 4483 2788 4550 accepit:
2823 4482 2889 4538 ad
2922 4483 3187 4538 Ananiam
3215 4483 3464 4547 mittitur,
3500 4482 3613 4537 Vas
3644 4484 3785 4538 elec—

2193 4555 2354 4635 tionis
2380 4561 2699 4635 vocaturtet
2720 4563 2897 4610 tamen
2918 4554 2984 4635 de
3013 4553 3237 4635 civitate.
3252 4553 3439 4607 eadem
3468 4568 3640 4635 quam
3667 4563 3785 4635 post

2192 4625 2452 4680 visionem
2474 4624 2600 4680 Jesu
2635 4626 2902 4692 ingressus
2928 4622 3103 4677 fuerat
3131 4622 3338 4691 fugiens
3365 4624 3608 4687 recedit,
3643 4622 3784 4679 sicut

2190 4696 2305 4765 ipse
2329 4704 2573 4754 testatur.
2590 4695 2770 4749 dicens
2790 4713 2803 4747 :
2823 4694 3398 4765 Damasci‘prwpositus
3421 4696 3593 4763 gentis
3613 4694 3782 4749 Areto:

2190 4762 2324 4831 regis
2373 4765 2691 4820 custodiebat
2744 4765 2999 4819 ciuitatem
3054 4762 3537 4829 Damascenorum,
3594 4774 3655 4817 ut
3706 4782 3784 4819 me

2187 4838 2634 4906 comprehenderet
2659 4852 2676 4900 ;
2707 4844 2755 4888 et
2799 4852 2892 4906 per
2918 4838 3199 4906 fenestram
3225 4836 3279 4887 in
3320 4844 3501 4903 sporta
3533 4834 3781 4906 dimissus

2188 4903 2437 4977 sum'wper
2475 4923 2711 4972 murum,
2738 4903 3098 4975 et'sic'eﬁ‘ugi
3113 4921 3304 4977 manus
3348 4908 3461 4977 ejus
3494 4903 3605 4977 (Ii
3657 4905 3777 4977 C_or.

2189 4992 2243 5047 xi
2266 5017 2281 5043 ,
2312 4972 2380 5030 3'2
2403 4978 2443 5047 ).
2477 4977 2574 5032 Cui
2604 4977 2830 5032 licenter
2859 4972 3075 5031 dicam}
3104 4972 3148 5047 Ο
3178 4974 3341 5030 Paule
3364 4972 3645 5047 ,'_inccelo
3668 4974 3778 5043 jam

2184 5045 2368 5103 Jesum
2398 5044 2662 5117 conspicis
2686 5087 2702 5115 ,
2735 5056 2791 5102 et
2816 5047 3091 5117 hominem,
3121 5044 3176 5099 in
3206 5052 3350 5117 terra
3382 5045 3555 5113 fugis;
3596 5047 3655 5117 in
3684 5060 3780 5114 pa-

2188 5117 2422 5172 radisum
2471 5115 2714 5187 duceris,
2746 5125 2953 5174 secreta
3003 5116 3099 5171 Dei
3153 5115 3323 5187 verba
3365 5116 3660 5187 cognoscis
3684 5155 3700 5181 ,
3729 5124 3780 5171 et

2187 5188 2363 5258 adhuc
2383 5204 2412 5242 a
2438 5188 2651 5242 Satanae
2694 5183 2888 5258 angelo
2918 5187 3143 5258 tentaris
3160 5183 3364 5258 {Unde
3396 5187 3476 5241 sic
3505 5186 3698 5258 fortis,
3727 5194 3780 5243 ut

2186 5257 2253 5327 ad
2280 5259 2516 5313 emlestia
2544 5254 2813 5327 rapiaris'?
2836 5256 2989 5313 Unde
3016 5256 3095 5327 sic
3122 5254 3361 5311 inﬁmus
3384 5295 3399 5320 ,
3421 5264 3485 5310 ut
3506 5256 3780 5310 hominem

2186 5326 2240 5381 in
2272 5335 2413 5382 terra
2461 5326 2663 5395 fugias,
2692 5339 2746 5382 et
2773 5330 2949 5384 adhuc
2974 5342 3004 5381 a
3055 5326 3268 5381 Satanae
3314 5332 3510 5394 angelo
3550 5327 3777 5379 adversa

2186 5398 2420 5469 toleres?
2443 5399 2568 5468 quia
2598 5413 2729 5454 ecce
2774 5400 2867 5469 qui
2904 5408 2956 5453 te
2991 5396 3240 5453 sublevat
3263 5436 3278 5463 ,
3309 5411 3499 5469 rursus
3525 5396 3771 5469 tensubti-

2185 5466 2384 5523 lissima
2432 5466 2683 5525 mensura
2728 5466 3058 5532 moderatur,
3092 5475 3151 5523 ut
3191 5476 3246 5522 et
3273 5469 3326 5522 in
3365 5466 3648 5523 miraculis
3677 5466 3775 5519 tuis

2185 5538 2442 5607 praidices
2472 5541 2625 5595 nobis
2668 5540 2920 5595 virtutem
2971 5538 3105 5605 Dei,
3137 5546 3193 5593 et
3219 5553 3432 5593 rursum
3482 5538 3537 5592 in
3587 5539 3772 5592 timore

2185 5615 2279 5663 tuo
2309 5610 2578 5665 reminisci
2624 5626 2721 5666 nos
2746 5611 2909 5665 facias
2937 5608 3261 5666 inlirmitatis
3295 5616 3516 5665 nostrae.
3539 5607 3674 5674 Quae
3697 5616 3773 5658 ta-

2184 5694 2308 5734 men
2330 5679 2609 5736 inllrmitas
2625 5696 2691 5735 ne
2708 5682 2759 5736 in
2781 5681 3213 5751 desperationem
3234 5694 3337 5751 nos
3353 5681 3638 5749 pertrabat
3658 5691 3772 5733 cum

2184 5751 2391 5820 pulsat,
2422 5751 2547 5805 dum
2590 5753 2643 5805 in
2694 5750 3003 5809 inﬁrmitate
3053 5759 3143 5805 tua
3194 5750 3480 5805 Dominum
3508 5764 3773 5819 rogares,

2182 5822 2307 5889 quia
2338 5823 2549 5876 auditus
2579 5838 2686 5877 non
2731 5838 2790 5877 es
2814 5863 2830 5887 ,
2857 5822 3010 5877 nobis
3038 5836 3254 5889 quoque
3297 5820 3512 5877 locutus
3538 5836 3601 5876 es
3634 5822 3767 5885 quod

2182 5892 2379 5949 audisti
2409 5910 2423 5946 :
2455 5893 2667 5967 Sufficit
2704 5893 2795 5948 tibi
2823 5894 2993 5964 gratia
3026 5908 3179 5947 mea:
3209 5907 3332 5947 nam
3355 5892 3519 5947 virtus
3538 5892 3597 5946 in
3622 5890 3763 5958 inﬁr-
