3974 6350
138 220 143 225 δ
194 255 355 326 ists

815 262 1069 325 ALULFI
1107 260 1467 328 EXPOSITIO
1502 264 1664 328 NOV!
1702 263 1902 329 TES’I‘.
1940 292 2013 313 --
2049 264 2201 328 SUP.
2240 268 2349 328 ΕΡ.
2387 264 2592 330 PAULI
2630 271 2722 330 AD
2759 266 2917 330 GAL.

3354 264 3492 330 1540

204 383 399 439 unitate
443 376 718 457 perficitur
746 378 855 457 (Π
899 381 1020 438 Cor.
1064 399 1161 451 ιιι,
1188 382 1267 457 9).
1289 384 1511 457 (Aperta
1552 398 1681 457 ergo
1710 384 1806 441 Dei
1831 391 1886 453 Α
1911 379 2277 457 proximorum
2306 383 2512 457 utilitas
2538 427 2554 453 ,
2585 393 2679 441 aut
2698 393 2847 442 certe
2874 378 3047 457 nimia
3074 383 3364 457 necessitas
3395 400 3494 443 eo-

204 464 350 522 !oce
376 453 707 520 ostenditur,
738 453 862 522 Quia
902 461 1085 509 custos
1122 453 1463 511 est'virt'utis
1500 453 1805 515 infirmitas.

204 520 364 579 Tunc
387 523 600 606 quippe
624 520 1393 606 liene—linteriuscustodimur,
1424 542 1545 582 cum
1577 542 1675 606 per
1700 527 1811 606 dis-

203 594 595 665 pensationem
627 594 721 650 Dei
761 595 1114 651 tolerabiliter
1142 605 1410 652 tentamur
1439 594 1677 653 exterius
1705 598 1808 653 ali-

204 664 433 739 quando
457 665 634 739 vitiis,
660 666 946 739 aliquando
975 668 1270 737 pressuris,
1293 676 1347 722 et
1375 669 1809 739 persecutionum

203 735 655 793 a’dversitatibus.
679 735 781 804 Qui
810 752 938 792 vero
966 735 1202 793 mentem
1232 735 1518 793 certamini
1540 740 1654 794 vult
1682 749 1810 796 ante

203 806 533 880 tentationis
583 816 855 880 certamen
892 823 1083 880 parare
1107 849 1122 873 ,
1171 809 1393 864 adversa
1434 825 1608 878 neque
1650 811 1809 880 longe

202 875 384 948 adhuc
410 878 593 947 posita
621 878 783 933 debet
807 875 1089 948 cogitando
1111 894 1471 948 praenoscere,
1487 875 1555 936 ne
1583 875 1809 937 fortasse

201 947 431 1021 valeant
452 948 751 1021 improvisa
803 947 1078 1021 superare.
1108 947 1264 1021 [Inde
1294 949 1490 1007 Paulus
1517 951 1809 1021 discipulos

200 1016 582 1091 admonebat,
630 1035 752 1075 cum
801 1016 1047 1091 diceret:
1107 1019 1455 1091 Vosmetipsos
1512 1016 1809 1077 tentate:si

199 1088 326 1142 estis
354 1090 413 1143 in
444 1090 556 1160 ﬁde
579 1132 595 1158 ,
616 1091 719 1161 ipsi
743 1107 830 1145 vos
859 1090 1069 1161 probate
1095 1093 1112 1160 (
1142 1090 1203 1145 ΙΙ
1230 1088 1350 1146 Cor.
1382 1108 1512 1161 xm,
1538 1090 1623 1157 5).
1649 1094 1725 1147 Ac
1753 1094 1801 1148 si

198 1167 394 1228 aperte
424 1160 766 1232 praeciperet,
782 1160 964 1217 dicens
990 1181 1003 1216 :
1035 1160 1343 1217 Certamina
1374 1160 1807 1232 persecutionum

198 1232 265 1282 ad
300 1240 551 1305 mentem
586 1231 829 1287 reducite
852 1272 869 1298 ,
898 1240 955 1305 et
980 1234 1144 1305 vestri
1197 1231 1611 1305 cordisiintima
1642 1243 1807 1305 atque

198 1300 421 1385 occulta
475 1304 1023 1385 pensanteSAquales
1069 1304 1212 1359 inter
1257 1304 1519 1385 supplicia
1573 1300 1809 1385 existere

197 1370 437 1445 valeatis
474 1370 735 1445 invenite.
762 1370 977 1445 (Paulus
1004 1387 1139 1445 ergo,
1164 1370 1488 1445 przedicator
1516 1376 1762 1444 egregius
1786 1416 1800 1441 ,

196 1442 290 1513 qui
321 1450 521 1515 raptus
558 1443 625 1499 ad
650 1444 866 1500 tertium
894 1445 1088 1501 malum
1119 1442 1327 1509 fuerat,
1354 1442 1807 1515 arcana‘paradisi

195 1521 593 1595 penetraverat
618 1554 637 1595 _,
669 1530 787 1595 esse
809 1524 936 1595 post
990 1516 1375 1595 revelationem
1406 1517 1724 1595 tranquillus
1753 1525 1809 1595 et

198 1585 520 1641 intentatus
547 1585 780 1657 volebat.
808 1585 914 1641 Sed
943 1586 1066 1655 quia
1097 1588 1439 1657 omnipotens
1466 1585 1607 1642 Deus
1634 1589 1808 1644 termi-

195 1667 300 1728 nos
328 1656 617 1728 constituit
643 1654 845 1728 homini
885 1654 977 1726 qui
1006 1672 1113 1713 non
1143 1654 1399 1728 poterunt
1426 1659 1685 1728 prmteriri
1705 1697 1723 1723 ,
1752 1668 1808 1714 et

195 1724 442 1798 elevavit
471 1727 619 1798 hunc
656 1726 724 1782 ad
770 1724 1463 1798 cognoscenda'sublimia‘,
1496 1736 1552 1784 et
1594 1730 1809 1784 reduxit

1908 451 2021 524 'gat.
2052 451 2202 527 [inde
2225 451 2422 527 Paulus
2443 451 2659 526 quoque
2680 454 2956 527 apostolus
2977 455 3144 513 multa
3164 456 3232 512 de
3254 471 3313 512 se
3335 457 3497 515 fortia

1909 522 2009 649 Bro
2037 522 2416 594 discipulorum
2444 522 2665 582 suorum
2704 522 3059 582 aediﬁcatione
3089 527 3324 581 narravit
3351 569 3368 596 ,
3397 528 3496 584 sed

1947 610 2028 649 :ec
2058 594 2323 649 narrando
2366 597 2585 649 minime
2615 599 2837 649 deliauit
2864 637 2881 649 .
2910 598 3163 649 ouoniam
3194 613 3222 649 a
3256 598 3496 649 veritatis

1947 610 2028 650 εει)
2055 594 2323 667 narrando
2366 597 2585 652 minime
2615 599 2837 667 deliquit
2864 637 2881 665 ,
2910 598 3163 667 quoniam
3194 613 3222 651 a
3256 594 3497 655 veritatis

1913 665 2125 721 tramite
2152 674 2206 720 et
2232 669 2581 723 attestatione
2605 665 2755 724 certa
2782 676 2837 723 et
2865 665 3028 725 corde
3054 668 3240 723 humili
3270 684 3379 724 non
3406 683 3498 725 re-

1909 736 2091 792 cessit.
2123 734 2224 803 Qui
2255 753 2384 794 vero
2413 740 2734 795 necessitate
2758 749 2988 806 cogente
3015 754 3142 795 vera
3173 740 3243 795 de
3269 755 3328 794 se
3355 741 3497 796 bona

1909 806 2163 881 loquitur,
2192 816 2344 881 tanto
2378 811 2548 881 magis
2588 811 2873 881 humilitati
2909 810 3169 881 jungitur,
3200 818 3404 880 quanto
3445 818 3502 866 et

1908 879 2123 951 veritati
2151 880 2409 951 sociatur.
2444 880 2525 934 An
2568 882 2707 935 idem
2741 879 2936 936 Paulus
2965 879 3072 935 nun
3110 879 3257 947 fuit,
3283 881 3499 951 quando

1909 948 2153 1022 veritatis
2170 950 2514 1022 aemulatione
2538 960 2726 1007 contra
2754 951 2917 1022 falsos
2945 953 3222 1022 apostolos
3246 948 3328 1006 tot
3352 952 3418 1006 de
3443 965 3503 1022 se

1908 1019 2186 1087 discipulis
2208 1020 2366 1075 fortia
2395 1031 2543 1089 gesta
2569 1022 2848 1077 narravit?
2874 1019 3251 1077 Cui'nimirum
3282 1021 3501 1077 veritati

1909 1090 2157 1144 inimicus
2186 1090 2472 1156 existeret,
2504 1093 2548 1149 si
2597 1093 2974 1148 abscondendo
3003 1092 3228 1148 virtutes
3256 1094 3502 1162 proprias

1909 1162 2291 1234 prmdicatores
2338 1177 2580 1218 errorum
2629 1164 2922 1233 praevalere
2960 1161 3310 1234 permisisset.
3348 1161 3519 1219 Under

1910 1232 2074 1285 etiam
2129 1247 2251 1287 cum
2290 1234 2517 1290 virtutes
2564 1232 2688 1290 suas
2740 1232 3037 1290 Corinthiis
3083 1232 3499 1300 enumerasset,

1909 1300 2198 1377 adjunxit_:_
2226 1302 2424 1377 Factus
2453 1321 2568 1359 sum
2596 1306 2876 1377 insipiens:
2909 1322 2997 1361 vos
3024 1322 3105 1359 me
3132 1305 3393 1377 coegistis.
3418 1304 3505 1377 Fit

1910 1381 2089 1448 autem
2131 1373 2420 1448 aliquando
2448 1384 2545 1441 ut,
2575 1373 2897 1448 necessitate
2927 1377 3191 1448 compulsi
3213 1373 3240 1442 ,⁷
3262 1379 3315 1431 in
3343 1374 3503 1433 bonis

1908 1455 2029 1511 qua:
2057 1444 2123 1497 de
2147 1459 2205 1498 se
2224 1443 2487 1500 'referunt
2507 1462 2613 1501 non
2636 1446 2863 1502 aliorum
2903 1443 3189 1502 utilitatem
3232 1448 3328 1502 sed
3349 1460 3504 1502 suam

1908 1513 2225 1582 requirant,
2256 1515 2395 1570 sicut
2423 1517 2612 1572 beatus
2635 1516 2737 1573 Job
2764 1517 2903 1573 facta
2932 1534 3029 1572 sua
3076 1526 3396 1583 enumerat,
3416 1516 3504 1572 di-

1911 1597 2082 1639 cens:
2117 1584 2308 1640 Oculus
2357 1588 2434 1657 [ui
2479 1604 2614 1642 caeco
2640 1629 2656 1656 ,
2681 1597 2730 1642 et
2772 1605 2861 1659 pes
2904 1589 3109 1644 claudo.
3161 1587 3323 1642 Pater
3357 1604 3504 1642 eram

1910 1671 2227 1731 pauperum,
2270 1667 2575 1731 etﬂcausam
2603 1676 2758 1731 quam
2795 1659 3086 1714 nesciebam
3115 1659 3506 1731 diligentissime

1910 1726 2283 1800 inuestigabam
2315 1727 2455 1799 (Job,
2482 1726 2629 1795 xxix,
2656 1727 2778 1800 l5);
2809 1739 2864 1785 et
2892 1732 3057 1785 multa
3087 1729 3190 1785 alia
3211 1726 3340 1800 'quae
3362 1743 3506 1798 saepe

195 1793 403 1871 iterum
434 1798 505 1853 ad
536 1795 744 1871 inﬁrma
773 1793 1050 1871 toleranda
1077 1840 1092 1866 ,
1123 1808 1182 1853 ut
1211 1797 1359 1854 modi
1402 1793 1485 1855 sui
1526 1815 1806 1858 mensuras
1839 1793 1884 1853 B
1911 1793 2174 1871 egisse'se
2214 1793 2625 1871 commemorat.
2658 1793 2773 1855 Sed
2813 1803 2938 1871 quia
2970 1801 3024 1856 in
3050 1793 3273 1856 vulnere
3299 1793 3504 1856 doloris

195 1868 483 1938 aspiciens
510 1909 525 1934 ,
551 1869 675 1923 dum
706 1870 1054 1924 securitatem
1085 1871 1547 1940 comprehendere
1572 1886 1801 1926 conare-

197 1944 289 1992 tur
319 1947 377 2010 et
409 1954 521 2010 non
552 1946 736 2010 posset
761 1979 776 2004 ,
805 1955 873 1995 ne
918 1954 1016 2010 per
1055 1940 1343 1995 elationem
1392 1951 1544 1996 extra
1573 1956 1631 1996 se
1660 1942 1803 2010 iret,

196 2022 302 2079 per
344 2008 711 2080 humilitatem
740 2008 1027 2080 cogeretur
1053 2010 1192 2065 intra
1221 2026 1349 2066 suos
1378 2026 1594 2080 semper
1615 2008 1803 2068 tenui;

195 2094 301 2150 nos
332 2081 537 2136 redire.
569 2079 962 2150 Nonnunquam
993 2083 1173 2150 itaque
1202 2080 1359 2137 electi
1414 2079 1511 2137 Dei
1548 2084 1599 2138 in
1631 2085 1805 2139 virtu-

196 2149 344 2223 tibus
397 2150 664 2223 prolicere
695 2149 998 2223 conantur,
1046 2149 1388 2223 ethua‘dam
1426 2154 1582 2223 dona
1630 2156 1805 2223 perci-

194 2221 383 2291 piunt.
400 2221 459 2295 ξΑ
481 2222 796 2295 quibusdam
820 2238 949 2295 vero
975 2222 1176 2295 repulsi
1202 2224 1253 2283 in
1277 2222 1398 2281 imis
1415 2222 1617 2295 jacent.
1633 2221 1804 2281 Nemo

196 2299 282 2366 εει
305 2294 472 2366 enim
517 2293 609 2364 qui
650 2303 855 2349 tantum
892 2293 1106 2366 virtutis
1143 2293 1513 2366 apprehendat
1540 2305 1803 2366 quantum

196 2360 639 2438 ilesidera_t,quia
657 2365 1164 2438 omnipotensDeus
1179 2360 1443 2422 interiora
1466 2360 1800 2437 discernens,

196 2435 347 2507 ipsis?
382 2436 753 2507 spiritualibus
796 2435 1121 2507 profectibus
1169 2438 1390 2493 modum
1419 2439 1610 2507 ponit;
1637 2449 1695 2492 ut
1732 2435 1801 2494 ex

195 2504 314 2578 hoc
337 2504 509 2562 homo
536 2508 679 2577 quod
707 2504 1116 2578 apprehendere
1142 2516 1369 2565 conatur
1390 2504 1445 2564 et
1474 2524 1584 2565 non
1618 2509 1799 2575 valet,

195 2575 255 2633 in
282 2576 394 2633 illis
426 2592 485 2632 se
515 2575 622 2633 non
652 2575 827 2633 elevet
850 2594 968 2648 quae
996 2579 1160 2634 valet.

195 2665 335 2724 CAP.
364 2665 558 2724 XXIX.
590 2701 660 2712 -—
688 2667 881 2723 Factus
910 2687 1023 2723 sum
1050 2671 1302 2740 insipiens
1328 2668 1382 2741 (1
1413 2669 1533 2725 Cor.
1564 2687 1661 2740 xu,
1689 2670 1802 2743 11).

274 2759 427 2830 (Lib.
455 2773 510 2824 ι,
540 2758 594 2813 in
618 2758 813 2814 Ezech.
833 2802 848 2825 ,
876 2760 1063 2815 homil.
1095 2760 1162 2825 9,
1191 2778 1246 2815 n.
1277 2759 1345 2814 l9
1367 2798 1382 2823 ,
1413 2758 1502 2814 ‘20.
1529 2758 1547 2828 )
1584 2759 1720 2816 Justi
1751 2768 1808 2816 et

196 2829 439 2902 perfecti
469 2845 742 2900 nunquam
789 2830 931 2885 bona
979 2845 1076 2886 sua
1119 2831 1415 2901 detegunt,
1449 2831 1549 2888 nisi
1592 2846 1687 2887 eos
1713 2839 1808 2887 aut

1912 1869 2117 1942 positus
2141 1908 2158 1935 ,
2186 1869 2254 1924 ab
2303 1870 2491 1942 amicis
2543 1869 2948 1941 increpantibus
2999 1871 3162 1942 impie
3211 1871 3422 1942 egisse,
3451 1878 3505 1926 et

1914 1938 2183 2012 violentus
2211 1940 2470 2012 proximis
2500 1951 2663 2012 atque
2694 1938 2985 2012 oppressor
3013 1938 3309 2012 pauperum
3339 1940 3505 1997 fuisse

1911 2007 2222 2081 dicebatur,
2245 2011 2326 2064 vir
2370 2007 2589 2067 sanctus
2615 2007 3139 2081 inter—ﬂagella'Dei
3177 2020 3232 2066 et
3260 2013 3506 2067 humanae

1913 2078 2301 2152 increpationis
2328 2081 2492 2137 verba
2522 2078 2917 2152 deprehensus,
2944 2091 3180 2138 mentem
3210 2098 3361 2137 suam
3384 2097 3507 2152 gra-

1913 2150 2469 2224 _viter_c_oncuti_atque
2495 2154 2561 2208 ad
2583 2150 2976 2224 desperationis
2997 2153 3207 2209 foveam
3223 2150 3506 2223 conspexit

1912 2220 2115 2293 impelli
2137 2238 2150 2274 :
2174 2222 2264 2292 qui
2286 2220 2617 2293 jamjamque
2632 2220 2826 2279 cadere
2842 2232 3078 2293 poterat,
3096 2225 3196 2279 nisi
3213 2224 3279 2278 ad
3301 2220 3506 2279 memo-

1908 2291 2044 2365 riam
2096 2291 2205 2346 sua
2240 2293 2378 2347 bene
2429 2291 2547 2349 acta
2575 2291 2914 2361 revocasset,
2957 2302 3017 2349 ut
3063 2295 3134 2349 ad
3162 2309 3311 2365 spem
3337 2294 3505 2349 animi

1907 2361 2273 2434 reduceretur,
2295 2378 2362 2417 ne
2390 2378 2676 2434 oppressus
2700 2365 2881 2421 verbis
2906 2373 2961 2421 et
2985 2361 3296 2420 vulneribus
3320 2366 3371 2418 in
3402 2365 3500 2419 de-

1907 2433 2216 2502 speratione
2265 2432 2483 2504 periret.
2530 2432 2683 2501 Quod
2712 2449 2841 2503 ergo
2870 2451 2965 2491 sua
3013 2437 3155 2491 bona
3182 2444 3498 2504 enumerat,

1909 2519 2018 2558 non
2042 2505 2379 2559 innotescere
2400 2506 2518 2560 aliis
2540 2506 2691 2574 quasi
2718 2521 2784 2561 ex
2811 2505 2971 2561 laude
2995 2506 3285 2569 desiderat,
3309 2506 3402 2560 sed
3432 2506 3504 2560 ad

1909 2590 2060 2643 spem
2082 2576 2319 2629 animum
2343 2574 2769 2646 reformatJusti
2798 2578 2978 2646 itaque
2998 2592 3119 2632 cum
3138 2577 3360 2631 virtutes
3382 2590 3506 2631 suas

1910 2658 2047 2713 quas
2087 2646 2287 2717 habent
2318 2644 2542 2717 iniit-imis
2579 2644 3374 2717 loquuntur;reprehensibiles
3396 2661 3505 2704 non

1912 2722 2068 2787 sunt,
2098 2716 2221 2787 quia
2273 2730 2369 2784 per
2397 2716 2563 2769 vitam
2606 2731 2758 2770 suam
2784 2732 2946 2787 quam
2988 2716 3231 2773 referunt
3276 2716 3505 2774 aliorum

1914 2784 2121 2839 animas
2141 2785 2211 2840 ad
2237 2790 2402 2841 vitam
2432 2793 2700 2857 quaerunt.

707 3040 1074 3101 EXPOSITIO
1110 3041 1338 3099 SUPER
1378 3040 1768 3099 EPISTOLAM
1809 3040 1872 3097 Β.
1916 3041 2121 3099 PAULI
2164 3040 2493 3098 APOS'IOLI
2535 3042 2625 3098 AD
2665 3040 3006 3101 GALATAS.

199 3156 334 3215 (In.
368 3154 743 3212 Paruum—Si
764 3155 933 3210 adhuc
961 3153 1249 3230 hominibus
1286 3156 1566 3230 placerem,
1616 3156 1811 3214 Utrisli
1837 3155 1888 3223 C
1916 3166 2312 3214 sacramentum
2336 3166 2448 3230 est;
2478 3159 2605 3230 quia
2635 3156 2953 3228 Unigenitus
2992 3159 3165 3216 Patris
3191 3160 3503 3223 incarnatus

496 3243 668 3281 servus
708 3243 812 3282 non
854 3243 1016 3281 essem
1056 3226 1257 3299 (Galat.
1289 3226 1361 3295 ι,
1410 3227 1523 3299 10).

275 3320 500 3392 (Regni.
531 3319 743 3376 Pastor.
774 3330 913 3391 part.
937 3336 994 3386 ιι,
1027 3335 1080 3393 c.
1111 3318 1199 3393 8.).
1242 3320 1530 3393 Sciendum
1559 3330 1643 3393 est
1662 3324 1806 3393 quod

202 3410 313 3454 non
347 3391 568 3465 oportet
596 3400 657 3446 ut
684 3400 927 3465 rectores
954 3392 1085 3465 boni
1110 3391 1326 3465 placere
1367 3391 1805 3465 hominibus'ap-

277 3461 429 3531 tant,
461 3464 553 3517 sed
584 3471 644 3516 ut
667 3461 1036 3517 aestimationis
1068 3477 1177 3515 sum
1204 3462 1488 3518 dulcedine
1529 3461 1806 3532 proximos

201 3531 258 3593 in
289 3535 547 3591 aﬁ'ectum
577 3532 820 3588 veritatis
848 3531 1097 3600 trahant;
1130 3547 1238 3587 non
1266 3539 1328 3587 ut
1366 3547 1424 3589 se
1450 3531 1621 3587 amari
1661 3533 1805 3590 desi-

202 3607 439 3671 derent,
487 3605 581 3660 sed
611 3615 671 3658 ut
723 3603 1070 3659 dilectionem
1118 3618 1272 3657 suam
1319 3603 1475 3672 quasi
1518 3606 1806 3673 quamdam

202 3679 348 3733 viam
381 3676 583 3731 faciant
611 3689 706 3744 per
728 3689 888 3743 quam
917 3673 1078 3744 corda
1109 3673 1440 3729 audientium
1468 3674 1533 3728 ad
1564 3689 1805 3731 amorem

202 3746 519 3805 Conditoris
545 3746 908 3800 introducant.
935 3743 1160 3815 Difﬁcile
1204 3746 1402 3815 quippe
1430 3753 1593 3800 estut
1631 3760 1804 3815 quan-

202 3762 519 3805 uonoitoris
545 3762 908 3800 mtronucant.
935 3762 1160 3800 unucne
1204 3762 1402 3815 quippe
1430 3762 1513 3800 εει
1535 3762 1593 3799 ιιι
1626 3762 1804 3868 guan-

202 3820 464 3875 tumlibet
487 3823 633 3871 recta
659 3816 981 3886 denuntians
1008 3814 1330 3884 praedicator
1367 3816 1457 3886 qui
1486 3831 1594 3871 non
1665 3816 1804 3885 iligi-

202 3899 296 3946 tur
327 3890 563 3944 libenter
589 3886 856 3941 audiatur.
893 3884 1061 3940 Debet
1085 3900 1216 3954 ergo
1244 3886 1334 3955 qui
1368 3884 1560 3954 praeest
1587 3884 1806 3943 studere

203 3975 267 4017 se
297 3958 481 4028 diligi,
527 3963 796 4028 quatenus
840 3956 1009 4027 possit
1054 3956 1259 4020 audiri;
1312 3964 1366 4013 et
1405 3964 1584 4012 tamen
1615 3972 1805 4013 eorum

204 4027 453 4086 amorem
480 4042 582 4098 pro
610 4027 903 4098 semetipso
929 4042 1038 4083 non
1064 4042 1333 4097 quaerere,
1385 4043 1452 4082 ne
1502 4028 1807 4084 inveniatur

206 4102 254 4157 ei
288 4100 379 4156 cui
407 4097 612 4154 servire
639 4113 737 4169 per
766 4097 1001 4154 ollicium
1045 4098 1286 4169 cernitur
1332 4097 1547 4169 occulta
1593 4100 1801 4168 cogita-

205 4173 373 4227 tionis
420 4167 703 4240 tyrannide
747 4169 1031 4224 resultare.
1076 4167 1230 4235 Quod
1260 4171 1399 4224 bene
1447 4168 1645 4224 Paulus
1675 4171 1805 4226 insi-

205 4250 365 4307 nuat,
389 4256 510 4295 cum
533 4240 614 4294 sui
637 4240 791 4295 nobis
810 4240 970 4295 studii
993 4240 1201 4296 occulta
1225 4240 1552 4307 monilestat,
1575 4242 1761 4295 dicens
1785 4258 1801 4298 :

136 4362 143 4365 .
206 4314 362 4383 Sicut
391 4320 437 4363 et
458 4327 551 4380 ego
580 4328 671 4379 per
693 4312 1335 4383 omniaromnjbusplaceo
1368 4310 1422 4383 (1
1453 4310 1572 4368 Cor.
1600 4328 1655 4377 x,
1678 4311 1797 4383 733).

207 4382 313 4447 Qui
348 4389 526 4451 tamen
554 4395 738 4451 rursus
786 4381 915 4435 dicit
945 4399 958 4434 :
988 4381 1048 4435 Si
1076 4381 1244 4435 adhuc
1291 4381 1598 4451 hominibus
1630 4381 1803 4451 place-

205 4467 354 4514 rem,
385 4449 575 4520 Christi
612 4466 781 4503 servus
830 4467 932 4504 non
965 4467 1146 4520 essem.
1193 4450 1376 4505 Placet
1425 4466 1553 4520 ergo
1582 4449 1801 4519 Paulus,

204 4530 264 4577 et
296 4537 406 4576 non
432 4519 644 4590 placet;
678 4520 930 4587 quoniam
961 4519 1015 4590 in
1064 4534 1130 4573 eo
1156 4520 1299 4588 quod
1328 4519 1543 4590 placere
1572 4523 1800 4590 appetit,

207 4608 320 4647 non
342 4606 402 4648 se
429 4588 522 4645 Sed
543 4605 640 4661 per
667 4604 726 4646 se
750 4588 1058 4646 hominibus
1093 4590 1311 4661 placere
1332 4588 1625 4645 'veritateni
1647 4588 1801 4661 qua:-

206 4663 301 4718 rit.

282 4756 414 4812 CAP.
446 4751 803 4810 IL—Notum
846 4751 987 4809 vobis
1035 4751 1173 4824 facio
1216 4749 1583 4823 Evangelium,
1624 4759 1730 4808 etc.

787 4823 988 4877 (Galat.
1037 4822 1233 4877 ι.11ξ.

842 4823 988 4878 Palat.
1036 4823 1090 4889 ι,
1123 4823 1233 4889 ii).

787 4824 988 4895 (Galat.
1037 4839 1090 4889 ι,
1123 4824 1233 4895 ll).

284 4894 428 4968 (Lib.
454 4910 494 4964 ι,
523 4894 580 4968 in
604 4892 821 4959 Ezech.,
843 4893 1110 4968 homil._l,
1142 4910 1196 4949 η.
1231 4891 1308 4968 9.)_
1340 4892 1642 4968 Aliquando
1672 4908 1805 4965 pro-

209 4964 408 5038 phetiae
456 4964 675 5038 spiritus
731 4979 815 5038 ex_
846 4964 1118 5033 praeterito
1167 4965 1336 5032 tangit
1366 4964 1803 5038 _animum._’nec

211 5034 387 5106 tangit
432 5034 498 5091 ex
530 5034 747 5106 futuro,
771 5034 911 5106 sicut
956 5043 1143 5106 aperte
1190 5035 1492 5106 ostenditur
1536 5036 1588 5090 in
1633 5034 1802 5091 Paulo

211 5102 496 5177 apostolo,
546 5106 638 5175 qui
681 5105 955 5175 discipulis
989 5102 1132 5160 dicit
1173 5123 1185 5159 :
1238 5102 1434 5159 Notum
1474 5108 1615 5160 vobis
1664 5107 1802 5177 facio

262 5176 549 5249 vangelium
591 5176 725 5249 quod
751 5177 1152 5249 epangelizatian
1180 5184 1259 5249 est
1302 5193 1335 5229 a
1383 5193 1463 5229 me
1489 5192 1507 5229 :
1530 5176 1669 5249 quia
1698 5193 1803 5249 non

210 5256 287 5303 est
325 5245 612 5302 secundum
649 5245 901 5301 hominem
936 5264 1138 5318 :neque
1177 5246 1313 5300 enim
1354 5264 1449 5317 ego
1487 5245 1557 5299 αὔ
1600 5248 1803 5318 homine

210 5319 388 5388 accepi
432 5318 589 5388 illud,
624 5332 784 5388 neque
804 5317 1129 5388 _tlidici,lsed
1154 5334 1246 5386 per
1273 5317 1801 5388 revelationemrJesu

213 5387 402 5459 Christi
435 5387 666 5459 (Ephes.
684 5386 768 5453 ιιι,
801 5386 878 5455 5).
915 5386 1064 5442 Unde
1104 5390 1222 5442 aliis
1267 5402 1486 5457 quoque
1527 5387 1802 5459 discipulis

214 5456 345 5513 dicit
395 5474 408 5510 :
446 5456 759 5529 secundum?
798 5460 1150 5529 reuelationem
1203 5456 1376 5513 notum
1401 5456 1621 5529 factum
1678 5458 1804 5529 mihi

214 5538 613 5584 sacramentum.
648 5526 764 5599 Qui
816 5536 996 5582 tamen
1052 5528 1156 5584 hoc
1208 5528 1380 5597 ipsum
1425 5526 1799 5599 'Evangelium

215 5599 361 5668 quod
388 5614 486 5670 per
513 5598 898 5670 revelationem
944 5608 1303 5670 cognoverat,
1337 5615 1477 5670 Acum
1524 5598 1800 5669 Jerosoly-

215 5683 359 5723 mam
385 5668 767 5740 praedicaturus
795 5668 1144 5740 ascenderet,
1171 5669 1244 5722 ait
1278 5688 1289 5720 :
1322 5668 1457 5722 Ecce
1491 5686 1585 5740 ego
1614 5668 1804 5738 alliga-

219 5746 298 5811 ωε
327 5739 534 5811 spiritu,
564 5740 694 5796 vado
722 5741 778 5793 in
804 5739 1092 5811 Jerusalem
1116 5755 1265 5811 {Aquae
1290 5740 1435 5811 inea
1462 5739 1675 5811 ventura
1694 5740 1800 5811 sint

218 5808 341 5862 mihi
355 5807 615 5882 ignorans
652 5810 790 5883 (Act.
822 5826 924 5879 xx,
952 5810 1064 5874 22).
1117 5807 1233 5868 Hoc
1277 5810 1473 5883 quippe
1517 5807 1797 5880 Evangelii

1915 3234 2031 3293 est,
2056 3236 2221 3300 atque
2248 3229 2516 3304 perfectus
2547 3230 2709 3304 homo
2741 3230 2911 3304 factus
2942 3240 3052 3293 est;
3080 3232 3171 3304 qui
3191 3233 3498 3304 crucifixus,

1910 3308 2155 3355 mortuus
2187 3310 2242 3355 et
2270 3300 2545 3368 sepultus,
2569 3301 2655 3355 die
2686 3302 2840 3355 tertia
2868 3300 3189 3369 resurrexit,
3224 3302 3312 3359 die
3360 3300 3501 3369 quo;

1910 3384 2015 3440 que
2040 3370 2445 3443 quadragesima
2473 3371 2715 3443 ascendit
2737 3372 2789 3427 in
2817 3375 3043 3440 cmlum,
3083 3381 3246 3443 atque
3273 3374 3328 3429 in
3370 3370 3504 3433 dex-

1912 3449 2025 3512 tera
2059 3441 2231 3495 Patris
2262 3441 2431 3496 sedet.
2466 3442 2567 3509 Qui
2597 3456 2726 3511 ergo
2753 3457 2850 3512 per
2886 3441 3274 3499 revelationem
3319 3443 3500 3502 Evan-

1909 3511 2105 3580 gelium
2131 3513 2386 3584 agnovit,
2416 3513 2712 3584 prophetia:
2732 3511 3011 3584 spiritu_de
3034 3514 3303 3584 praeterito
3326 3524 3502 3576 tactus

1909 3589 2020 3646 est;
2053 3582 2146 3656 sed
2175 3582 2298 3656 quia
2346 3583 2474 3656 quid
2519 3598 2618 3653 pro
2666 3582 2856 3656 eodem
2882 3582 3195 3656 Evangelia
3246 3601 3502 3656 passurus

1908 3660 2024 3706 erat
2053 3651 2338 3720 ignoravit,
2360 3651 2426 3707 de
2449 3651 2625 3709 futuro
2655 3654 2840 3720 procul
2862 3654 3027 3710 dubio
3055 3651 3230 3711 tactus
3248 3651 3358 3711 non
3387 3666 3493 3714 est.

1908 3721 2041 3797 Nam
2071 3722 2150 3777 sic
2178 3722 2309 3778 dicit
2339 3742 2351 3777 :
2384 3723 2501 3778 Nisi
2530 3721 2667 3795 quod
2690 3723 2917 3797 Spiritus
2946 3734 3155 3780 sanctus
3199 3744 3289 3797 per
3322 3744 3498 3783 omnes

1908 3793 2137 3864 civitates
2165 3803 2509 3864 protestatur,
2533 3793 2710 3849 dicens
2736 3793 2765 3849 7:
2799 3793 3056 3859 Quoniam
3082 3793 3282 3852 vincula
3325 3809 3373 3853 et
3403 3801 3501 3855 tri~

1909 3861 2198 3941 inflationes
2269 3865 2607 3941 Jerosolgmis
2662 3882 2744 3919 me
2786 3876 3006 3941 manent
3063 3868 3081 3939 (
3128 3866 3281 3941 (Vers.
3339 3868 3408 3922 25
3453 3870 3498 3941 ).

1907 3930 2045 3989 Hinc
2093 3944 2281 4007 aperte
2324 3930 2657 4001 ostenditur,
2707 3938 2831 4006 quia
2870 3952 2934 3993 ea
2963 3930 3081 4007 (ιιιιὲ
3123 3938 3223 4007 ipsi
3274 3930 3501 3997 ventura

1907 4012 2088 4079 essent
2133 4005 2251 4079 aliis
2298 4008 2381 4079 del
2407 4008 2523 4079 ipso
2552 4008 2843 4062 revelatum
2863 4005 2994 4079 est,
3022 4005 3350 4079 non'autem
3397 4009 3499 4079 ipsi

1907 4074 2109 4146 dese,
2169 4076 2307 4130 sicut
2354 4074 2439 4130 de'
2460 4078 2552 4132 illo
2602 4093 2699 4146 per
2749 4077 2984 4144 Agabum
3034 4076 3270 4131 dicitur:
3312 4074 3498 4133 Virum

1906 4145 2053 4286 εἴτε
2083 4147 2192 4200 Itwc
2220 4162 2357 4286 ῗῗῗα
2381 4156 2485 4214 est,
2538 4145 2614 4200 ita
2641 4146 2849 4216 alligari
2878 4155 3078 4215 oportet
3126 4154 3180 4200 in
3208 4146 3499 4206 Jerusalem

1977 4234 2004 4269 c
2031 4257 2043 4269 .
2076 4230 2187 4284 xxi,
2318 4256 2332 4270 .

1908 4218 2043 4289 (Act.
2076 4230 2187 4284 ut,
2220 4218 2332 4286 11).

2011 4308 2139 4364 CAP.
2166 4306 2252 4363 Ill.
2272 4336 2341 4348 -
2363 4298 2407 4360 0
2449 4306 2702 4362 insensati
2733 4304 2936 4361 Galatia
2966 4304 3162 4379 (Galat.
3193 4322 3280 4376 ιιι,
3313 4308 3391 4379 1).

1981 4398 2174 4481 (LibJ,
2212 4401 2263 4481 in
2292 4398 2513 4481 Ezech_.,
2537 4397 2803 4481 homull,
2821 4415 2894 4481 .ni
2919 4396 3035 4480 20.)
3062 4397 3267 4456 Mentes
3289 4417 3496 4481 aspere

1906 4479 1960 4541 et
1992 4468 2359 4539 impudentes,
2389 4471 2434 4524 si
2454 4468 2659 4541 leniter
2696 4468 2897 4524 fuerint
2943 4468 3263 4541 inerepatae,
3289 4468 3498 4529 adma-

1831 4545 1881 4606 ι)
1902 4540 2050 4611 jores
2070 4538 2266 4610 culpas
2293 4542 2407 4611 ipsa
2450 4539 2671 4611 lenitate
2700 4549 3080 4609 provocantur.
3096 4538 3103 4539 7
3118 4538 3285 4611 Unde
3302 4541 3499 4600 Paulus

1910 4610 2517 4683 pnedieatoregregius
2545 4610 2768 4683 multum
2814 4619 3232 4683 aspere__contra
3260 4610 3499 4683 Galatas,

1906 4680 1998 4750 qui
2026 4695 2056 4734 a
2089 4681 2191 4736 lide
2211 4680 2597 4745 discesserant,
2640 4680 2893 4750 erigitur;
2928 4680 3084 4750 Nulla
3136 4682 3279 4734 enim
3309 4680 3499 4739 mode;

1906 4749 2023 4806 stite
2053 4751 2309 4821 patientia
2357 4753 2657 4824 praemissa,
2691 4749 2834 4824 nulla
2885 4749 3171 4824 locutionis
3218 4750 3499 4824 dulcedine

1908 4830 2205 4904 ραι-(λεῖξαι
2225 4865 2257 4904 ,_
2272 4822 2375 4879 eos
2390 4837 2528 4892 quos
2553 4838 2583 4877 a
2610 4823 2729 4904 lide_
2760 4822 3068 4904 discessisse
3113 4822 3397 4904 cognovit,
3429 4825 3499 4881 ab

1907 4888 2024 4963 ipso
2052 4888 2306 4963 Epistulae
2333 4888 2443 4949 suae
2464 4894 2687 4948 exordio
2716 4891 3017 4963 invehendo
3041 4888 3343 4963 redarguit;
3373 4908 3498 4952 nam

1906 4959 2179 5033 [immissa
2210 4965 2534 5020 salutatione
2563 4965 2641 5019 sic
2666 4963 2830 5031 etrapit
2862 4978 2875 5015 :
2909 4959 3079 5014 Miror
3107 4959 3242 5032 quod
3269 4963 3343 5015 sic
3391 4973 3498 5020 tant

1905 5034 2499 5119 ciiofrarisferimini‘ob
2539 5051 2598 5119 ero
2623 5034 2755 5119 ,“qui
2799 5048 2882 5119 rios
2926 5033 3124 5113 vocavit
3170 5033 3243 5119 in‘
3268 5034 3496 5113 gratiam

1904 5102 2096 5159 Christi
2126 5102 2323 5175 (Galat.
2352 5122 2390 5172 ι,
2417 5106 2496 5174 6).
2551 5102 2763 5175 Quibus
2781 5102 2943 5175 etiam
2978 5102 3047 5175 in
3096 5102 3294 5175 aperta
3323 5104 3497 5175 incre-

1904 5170 2270 5245 patione'post
2298 5170 2794 5247 cmteraisubjungit
2826 5188 2839 5225 :
2867 5171 2918 5247 _0
2970 5170 3221 5247 insensati
3253 5170 3491 5247 Galatae,

1902 5242 2015 5317 guis
2039 5263 2124 5301 vos
2152 5242 2462 5317 fascinauit?
2504 5244 2710 5299 Mentes
2738 5242 2952 5317 etenim
2975 5242 3119 5317 dura;
3166 5242 3267 5296 nisi
3309 5242 3496 5315 aperta

1903 5313 2083 5371 essent
2118 5313 2485 5387 increpatione
2513 5329 2813 5387 percussag,
2843 5313 3157 5387 nullomodo
3202 5313 3496 5387 cognosce-

1903 5396 2025 5457 rent
2053 5388 2252 5442 malum
2268 5383 2427 5454 'quod
2459 5383 2716 5455 egissent.
2765 5383 2899 5438 Nam
2932 5398 3077 5453 stupe
3105 5383 3158 5457 hi
3183 5385 3275 5452 qui
3322 5384 3495 5457 impu-

1901 5456 2091 5512 dentes
2117 5466 2241 5512 sunt
2271 5453 2476 5510 tantum
2500 5453 2564 5511 se
2597 5470 2855 5526 peccasse
2880 5470 2989 5509 non
3019 5453 3287 5526 sentiunt,
3318 5453 3494 5526 quan-

1904 5471 2091 5512 nentes
2117 5471 2241 5512 sunt
2271 5471 2476 5510 tantum
2506 5471 2564 5511 se
2586 5471 2855 5580 ‘peccasse
2880 5471 2989 5509 non
3019 5471 3287 5518 sentiunt,
3318 5471 3494 5526 quan-

1904 5534 2013 5580 tum
2044 5527 2111 5583 de
2158 5530 2394 5597 peccatis
2431 5542 2549 5596 quae
2606 5526 2842 5593 ecerint,
2873 5540 2981 5580 non
3032 5524 3406 5597 increpantur;
3436 5537 3494 5587 ut

1903 5597 2139 5671 minores
2160 5594 2351 5666 culpas
2378 5594 2515 5671 suas
2548 5597 2815 5653 :estiment
2848 5610 2998 5671 Aquas
3046 5594 3219 5671 minor
3255 5594 3492 5671 invectio

1903 5668 2158 5737 castigat,
2192 5675 2246 5723 et
2272 5682 2406 5737 quas
2433 5669 2784 5737 vehementer
2812 5666 3081 5735 obiurgari
3125 5666 3356 5721 viderint
3377 5683 3492 5725 ma~

1897 5735 2047 5804 jores
2073 5752 2192 5793 esse
2220 5735 2644 5809 deprehendant.
2688 5735 2844 5793 Unde
2875 5751 3093 5809 necesse
3119 5742 3283 5791 estut
3311 5751 3489 5809 sermo

1901 5820 2118 5878 semper
2143 5806 2485 5881 praedicantis
2512 5825 2634 5868 cum
2662 5809 2964 5865 auditorum
2993 5807 3187 5863 debeat
3230 5806 3492 5875 qualitate
