3974 6350
217 331 349 395 1349

738 323 988 385 ALULFI
1034 325 1388 385 EXPOSITIO
1427 326 1585 384 N0“
1619 326 1783 385 TES1

1886 358 1928 369 —
1967 325 2116 386 sur.
2159 328 2265 384 ne.
2306 324 2510 386 PAULI
2552 329 2642 384 AD
2684 330 2919 389 crees.

3347 337 3484 397 1550

210 448 338 506 Car.
356 443 450 502 IX.
475 475 552 490 —-
574 440 711 499 Mihi
735 445 956 518 mundus
979 446 1257 518 cruciﬁsus
1287 453 1383 514 est,
1407 451 1454 500 et
1482 462 1575 518 ego
1601 445 1792 500 mundo
1823 449 1868 509 Δ
1898 458 2020 518 esse
2051 451 2369 518 testaretur,
2388 515 2399 518 _
2421 453 2686 516 quatenus
2731 461 2832 502 nec
2851 517 2860 518 ί
2879 445 2993 518 ipse
3039 451 3291 506 mumlum
3310 494 3325 518 ,
3377 471 3480 514 nec

764 516 975 582 (Galat.
1005 533 1083 580 Vl,
1122 516 1242 582 14).

764 518 975 582 (Galat.
1005 533 1083 580 Vl,
1122 518 1242 588 M).

279 589 370 659 (In
401 589 634 659 exposit.
667 589 727 644 Β.
759 586 860 642 Joh
883 629 900 656 ,
949 589 1041 642 lib.
1071 605 1124 656 v,
1158 603 1303 642 num.
1337 585 1428 653 4.)
1476 586 1649 644 Electi
1696 586 1792 643 Dei

211 663 340 719 mori
371 661 569 715 mutulo
620 660 854 715 funditus
894 663 1307 726 concupiscunt,
1357 668 1416 714 ut
1444 660 1584 714 sicut
1612 661 1661 713 io
1690 673 1791 713 sac-

209 737 330 788 culo
354 733 449 801 ipsi
480 733 608 796 nihil
639 739 920 803 appetunt,
951 732 1025 803 ita
1062 729 1170 798 jam
1200 747 1230 784 a
1257 731 1453 803 smculo
1481 731 1622 784 nulla
1655 729 1793 803 obli-

207 800 419 874 gatione
471 800 777 856 teneantur.
834 801 902 855 Et
951 801 1267 870 plerumque
1304 802 1571 874 contingit
1600 808 1658 855 ut
1680 800 1791 874 jam

207 871 366 929 homo
386 875 644 928 mundum
669 881 848 928 mente
872 888 977 926 non
1007 881 1207 938 teneat,
1227 871 1322 927 sed
1353 880 1530 926 tamen
1561 873 1793 930 mundus

204 946 473 1015 hominem
507 944 949 1015 occupationibus
995 944 1292 1012 astringat;
1336 951 1390 997 et
1431 944 1545 1015 ipse
1577 945 1790 1015 quidem

203 1015 400 1069 mundo
433 1013 545 1084 jam
600 1013 845 1069 mortuus
892 1023 1014 1080 est,
1063 1015 1158 1070 sed
1208 1015 1309 1084 ipsi
1359 1013 1588 1084 mundus
1617 1014 1792 1070 adhuc

202 1083 445 1139 mortuus
494 1101 599 1139 non
647 1094 748 1140 est.
800 1085 961 1152 Quasi
1005 1086 1147 1140 enim
1179 1083 1330 1139 vivus
1358 1083 1533 1138 adhuc
1563 1085 1792 1140 mundos

199 1172 318 1210 (eum
351 1158 718 1226 concupiscit,
756 1157 893 1226 dum
931 1156 1038 1210 alio
1069 1157 1331 1226 intentum
1361 1155 1414 1209 in
1439 1155 1550 1209 suis
1581 1155 1792 1210 actibus

200 1242 389 1296 rapere
420 1225 715 1282 contendit.
746 1225 896 1281 Unde
924 1226 1060 1282 bene
1089 1225 1284 1296 Paulus
1313 1241 1435 1296 cum
1466 1234 1521 1279 et
1550 1226 1664 1295 ipse
1693 1240 1792 1279 sa:-

198 1292 376 1352 cu'lum
395 1299 645 1368 perfecte
666 1298 989 1366 deSpiceret,
1013 1307 1067 1351 et
1089 1292 1251 1351 talem
1274 1312 1333 1351 se
1357 1295 1552 1368 factum
1572 1292 1792 1351 ’viderct

197 1370 338 1438 quod
381 1367 495 1437 jam
547 1368 651 1424 hoc
691 1368 945 1423 saeculum
981 1369 1202 1422 omnino
1248 1367 1628 1438 concupiscere
1666 1381 1788 1438 _non_

197 1435 404 1508 posset,
459 1441 631 1507 ruptis
666 1439 825 1508 hujus
870 1440 992 1493 vita:
1028 1438 1257 1493 vinculis
1297 1435 1432 1508 liber
1455 1437 1622 1490 dicit:
1655 1435 1790 1508 Mihi

198 1507 416 1564 mundus
445 1507 834 1580 cruciﬁxus'est
852 1554 863 1574 ,
895 1519 944 1564 et
969 1526 1062 1580 ego
1091 1510 1299 1564 mundo.
1323 1507 1564 1580 Mundus
1591 1507 1790 1577 quippe

199 1581 246 1634 ei
276 1580 572 1636 crucilims
593 1577 808 1640 fuerat,
840 1583 964 1650 quia
1000 1577 1155 1634 hunc
1185 1579 1332 1634 cordi
1365 1595 1464 1650 suo
1500 1577 1612 1646 jam
1645 1594 1789 1650 mor-

199 1657 347 1705 tuum
375 1667 486 1707 non
518 1652 753 1706 amabat.
784 1648 889 1705 Sed
915 1661 972 1705 et
997 1653 1234 1722 seipeum
1258 1648 1632 1722 crucilixerat,
1663 1649 1788 1716 quia

196 1722 358 1776 talem
387 1739 445 1778 se
472 1722 524 1777 ei
553 1722 809 1777 exhibere
838 1722 1062 1788 studuit,
1084 1720 1148 1775 nt
1177 1723 1242 1775 ab
1273 1736 1338 1775 eo
1360 1720 1514 1789 quasi
1539 1728 1784 1774 mortuus

191 1793 507 1865 concupisci
559 1810 667 1847 non
714 1803 914 1862 posset.
966 1791 1338 1865 Paulusergo
1386 1791 1478 1859 qui
1523 1805 1582 1844 se
1615 1799 1784 1865 totum

191 1863 319 1918 huic
349 1834 555 1919 aliunde
583 1834 855 1918 mort'uum
877 1879 996 1920 esse
1041 1834 1535 1934 perlnibeﬁatfpon
1586 1860 1784 1915 sufficit
1815 1834 1860 1902 ⁸

190 1942 248 1987 ut
275 1935 486 1989 diceret
513 1953 524 1988 2
560 1934 759 1989 Mundo
785 1932 1063 2004 cruciﬁxus
1089 1950 1223 1998 sum,
1252 1933 1350 1987 nisi
1373 1932 1534 1985 etiam
1565 1942 1784 2000 prceter-

188 2004 430 2076 mitteret
454 2022 468 2060 :
496 2004 631 2060 Mihi
654 2006 873 2060 mundus
896 2006 1177 2076 cruciﬁxus
1206 2014 1301 2076 est,
1326 2011 1519 2076 utnon
1547 2010 1788 2056 tammu-

189 2074 354 2132 modo
383 2085 696 2142 mortuum,
742 2075 836 2132 sed
865 2073 1316 2131 etiam'mundum
1365 2073 1468 2130 sibi
1512 2081 1784 2128 mortuum

1898 517 2073 585 ipsum
2097 514 2206 583 jam
2239 514 2468 570 mundus
2511 525 2808 585 appeteret.
2839 514 3066 572 Si’enim
3113 521 3218 576 duo
3248 514 3478 582 fortasse

1897 587 1950 642 in
1983 603 2091 640 uno
2119 588 2245 652 sint,
2289 603 2517 657 quorum
2545 603 2682 642 unus
2703 589 2874 653 vivus,
2903 589 3040 642 alter
3069 606 3198 643 vero
3229 594 3300 646 sit
3329 612 3476 650 mor-

1899 667 2020 714 tuus
2047 700 2063 723 ,
2111 659 2211 711 etsi
2260 665 2503 711 mortuus
2533 659 2708 711 vivum
2759 676 2864 714 non
2896 659 3068 726 videt,
3119 663 3272 716 vivus
3299 671 3476 726 tamen

1896 738 2168 783 mortuum
2199 728 2381 781 videt:
2416 729 2458 782 si
2485 744 2612 782 vero
2655 729 2866 797 utrique
2913 730 3019 784 sint
3068 735 3299 796 mortui,
3346 737 3482 792 alter

1896 801 2122 853 alterum
2154 814 2491 869 nequaquam
2525 800 2684 852 videt.
2717 799 2793 853 Ita
2824 802 2910 869 qui
2947 801 3058 870 jam
3090 805 3346 858 mundum
3373 824 3478 864 non

1895 879 2072 938 atnat,
2097 870 2190 922 scd
2223 879 2400 922 tamen
2429 872 2495 922 ab
2527 871 2616 922 illo
2645 871 2726 924 vel
2763 888 2865 924 non
2895 872 3082 926 volens
3124 883 3356 940 amatur,
3381 879 3482 934 etsi

1894 941 2010 1011 ipse
2037 945 2182 995 ve'ut
2215 949 2456 994 mortuus
2505 939 2757 994 mundUm
2792 957 2897 995 non
2930 942 3101 1005 videt,
3136 945 3278 1000 hunc
3301 953 3482 1004 tamen

1895 1011 2123 1087 mundus
2155 1011 2328 1087 adhuc
2368 1028 2473 1065 non
2507 1021 2750 1087 mortuus
2789 1011 2953 1066 videt.
2985 1011 3041 1067 Si
3074 1030 3202 1068 vero
3235 1033 3334 1070 nec
3365 1018 3480 1087 ipse

1894 1083 2150 1135 mundum
2200 1082 2250 1134 in
2309 1097 2492 1135 amore
2548 1083 2776 1148 retinet,
2819 1097 2919 1136 nec
2967 1099 3174 1139 rursum
3225 1103 3256 1140 a
3295 1082 3484 1144 mundi

1892 1168 2078 1228 amore
2109 1152 2391 1228 retinetur,
2421 1153 2520 1206 sibi
2554 1153 2784 1228 vicissim
2817 1153 3028 1228 utrique
3055 1167 3181 1209 sunt
3205 1159 3480 1228 exstincti,

1891 1227 2014 1292 quia
2043 1223 2168 1277 dum
2199 1223 2337 1276 alter
2362 1240 2468 1276 non
2500 1224 2704 1291 appetit
2728 1225 2882 1291 quasi
2911 1234 3174 1292 mortuus,
3207 1223 3478 1284 mortuum

1891 1309 1998 1347 non
2030 1294 2278 1347 attendit.
2305 1292 2571 1359 Quoniam
2615 1294 2776 1364 igitur
2808 1292 3005 1349 Paulus
3032 1311 3131 1352 nec
3156 1298 3339 1352 mundi
3365 1300 3482 1365 glo-

1891 1365 2025 1418 riam
2055 1365 2348 1438 (manebat,
2374 1379 2472 1418 nec
2496 1381 2526 1417 a
2549 1365 2940 1438 _tnundimgloria
2971 1366 3085 1438 ipse
3113 1369 3477 1438 quaerebatur,

1892 1443 1947 1508 et
1979 1450 2036 1488 se
2069 1435 2363 1508 m_u_nd0_et
2401 1434 2658 1508 mundum
2708 1435 2808 1508 sibi
2858 1434 3171 1508 cruciﬁxum
3203 1454 3320 1496 esse
3367 1434 3484 1508 glo;

1892 1505 2079 1581 riatur.
2213 1505 2842 1581 enim_o_stendcret_quia
2870 1522 2967 1581 per
2997 1503 3482 1581 abjectionemqua

1890 1591 1950 1647 se
1981 1575 2312 1647 humiliando
2341 1575 2616 1644 dejccerat
2643 1575 2761 1631 talis
2787 1575 2902 1647 jam
2931 1575 3107 1634 factus
3136 1592 3278 1634 ssret
3307 1591 3364 1636 ut
3387 1575 3486 1638 nec

1890 1646 2006 1716 ipse
2040 1645 2335 1722 mundum,
2389 1661 2488 1701 nec
2537 1645 2984 1722 mundus__:ipsnm
3033 1651 3482 1722 concupisceret,

1891 1731 2000 1774 non
2022 1717 2194 1770 solum
2215 1717 2292 1770 ait
2313 1733 2372 1772 se
2398 1717 2596 1790 mundo
2621 1717 2952 1783 crucifixum,
2975 1727 3036 1773 ut
3054 1717 3233 1775 mundi
3255 1717 3484 1790 gloriam

1891 1802 2054 1861 qoam
2077 1794 2367 1861 appeteret
2395 1788 2508 1861 ipse
2539 1796 2793 1858 tanquam
2840 1798 3084 1844 mortuus
3112 1808 3223 1846 non
3248 1788 3485 1861 videret,

1889 1858 1988 1914 sed
2017 1859 2178 1934 etiam
2201 1857 2587 1934 sibimundum
2627 1857 2858 1914 asseruit
2885 1861 3199 1934 erucinxum
3234 1865 3334 1934 :iin
3378 1857 3486 1934 quo

1889 1944 1948 1984 se
1975 1938 2118 1983 tanta
2150 1929 2450 1984 lnnnilitatc
2481 1929 2779 1998 dejecerat,
2807 1939 2866 1985 ut
2893 1939 2947 1984 et
2969 1932 3082 1998 ipse
3110 1933 3344 1991 mundus
3365 1929 3484 1990 tan-

1887 2007 2324 2078 quanrmortuus
2347 2041 2364 2066 ,
2417 2001 2640 2055 Paulum
2673 2001 2930 2056 humilem
2974 2011 3138 2075 atque
3166 2005 3480 2078 despectum

1883 2068 1994 2141 jam
2025 2071 2207 2126 videre
2243 2085 2580 2142 nequaquam
2609 2080 2816 2142 posset.

201 2199 3486 2233 Ἥ

689 2305 1053 2364 EXPOSITIO
1093 2305 1318 2364 SUPER
1359 2305 1750 2362 EPISTOLAM
1790 2303 1851 2361 Β.
1895 2303 2102 2360 PAULI
2137 2301 2480 2360 APOSTOLI
2516 2307 2610 2361 AD
2648 2307 2999 2368 EPHESIOS.

255 2440 448 2499 Cum
479 2437 806 2512 Pmu!._——
833 2439 1110 2512 Proposuit
1137 2442 1432 2497 instaurare
1458 2443 1636 2496 omnia
1657 2442 1716 2494 in

662 2510 868 2567 Christo
900 2510 1117 2583 (Ephes.
1149 2530 1196 2582 ι,
1227 2511 1321 2584 9).

257 2607 342 2681 (In
370 2605 607 2681 exposit.
630 2603 694 2681 Β.
711 2601 833 2681 iob,
861 2604 953 2659 lib.
981 2619 1128 2681 nixu,
1157 2620 1306 2681 num.
1338 2603 1456 2681 99.)
1480 2602 1786 2681 Fortissimi

181 2675 505 2749 angelorum
527 2675 810 2749 chori,‘_qui
835 2677 1079 2749 quamvis
1110 2691 1217 2728 non
1240 2675 1452 2749 integri,
1479 2677 1783 2749 sed__tamen

180 2752 237 2806 in
263 2745 496 2819 preprio
523 2753 668 2799 statu
700 2745 788 2797 fixi
808 2785 822 2809 ,
874 2745 1102 2819 cadente
1129 2761 1256 2819 cum
1293 2747 1403 2819 suis
1431 2745 1636 2819 angelis
1663 2745 1783 2798 dia-

181 2815 345 2884 bolo,
378 2815 787 2880 remanserunt,
834 2815 1090 2885 praerupti
1141 2821 1198 2869 et
1246 2815 1513 2869 imminuti
1555 2821 1785 2885 possunt

183 2891 318 2956 dici,
332 2888 461 2958 quia
493 2901 618 2957 pars
646 2899 836 2939 eorum
867 2884 1081 2958 cecidit,
1110 2899 1231 2954 pars
1256 2886 1533 2958 remansit.
1561 2884 1670 2958 Qui
1700 2885 1784 2938 in-

182 2962 324 3031 tegri
354 2955 574 3030 quidem
596 2963 760 3031 stant
807 2971 901 3025 per
939 2955 1255 3031 qualitatem
1287 2957 1514 3031 meriti,
1551 2957 1644 3010 sed
1687 2970 1785 3026 per

179 3025 401 3088 nu'meri
424 3027 778 3100 quantitatem
799 3026 1051 3100 prter-apti
1074 3033 1128 3081 et
1155 3026 1441 3100 imminuti.
1472 3025 1622 3081 Hanc
1646 3025 1784 3096 prte-

180 3096 500 3174 ruptione'm
542 3096 830 3174 restituere
876 3096 1144 3174 Mediator
1169 3098 1321 3174 venit
1342 3139 1357 3164 ,
1408 3107 1470 3152 ut
1497 3101 1786 3174 redempta

178 3167 428 3229 humano
478 3183 708 3240 genere,
754 3168 843 3223 illa
891 3169 1130 3240 angelica
1157 3167 1362 3240 damna
1405 3167 1693 3235 sarciret,’
1727 3177 1782 3224 et

178 3237 501 3300 mensuram
528 3240 766 3298 caelestis
787 3240 972 3310 patria:
994 3239 1314 3310 locupletius
1333 3237 1564 3296 fortasse
1586 3256 1778 3294 cumu-

177 3316 342 3371 laret.
391 3313 620 3384 Propter
651 3312 1236 3384 hancpraeruptionem
1270 3310 1338 3384 de
1366 3310 1527 3384 Patre
1553 3310 1778 3367 dicitur:

177 3385 476 3457 Proposuit.
498 3381 554 3438 in
583 3399 642 3436 eo
685 3383 740 3436 in
780 3381 1167 3457 dispensatione
1203 3382 1542 3457 plenitudinis
1578 3391 1781 3457 tempoa

176 3453 336 3523 runt,
376 3457 675 3510 instaurare
701 3455 876 3507 omnia
904 3453 1191 3524 in7Christo
1211 3493 1227 3518 ,
1261 3469 1389 3524 qua:
1416 3453 1472 3506 in
1500 3453 1643 3507 oretis
1665 3492 1681 3516 ,
1731 3462 1784 3508 et

175 3545 294 3601 qua:
319 3531 372 3582 in
398 3537 538 3601 terra
563 3533 702 3590 sunt,
725 3525 781 3577 in
807 3526 938 3601 ipso:
964 3523 1021 3577 In
1042 3524 1160 3592 ipso
1180 3523 1381 3592 quippe
1409 3532 1781 3601 restauratitus

176 3592 240 3655 éa
273 3614 402 3669 qua:
434 3599 485 3650 in
519 3605 662 3669 terra
698 3603 856 3669 sunt,
903 3592 1030 3648 dum
1068 3603 1384 3662 peccatores
1424 3599 1491 3648 ad
1515 3594 1781 3669 justitiam

174 3663 597 3725 convertuntur.
628 3663 688 3719 In
719 3666 834 3735 ipso
859 3673 1343 3736 restauranturﬂea
1371 3680 1493 3736 qua:
1533 3667 1586 3720 in
1629 3666 1782 3736 omlis

175 3750 340 3803 sunt,
383 3738 544 3824 ‘dum
597 3738 724 3824 illuc
788 3736 1033 3824 homines
1078 3735 1635 3824 Altumliliati‘redeunt
1689 3735 1852 3824 ubic

175 3818 452 3882 apostata:
477 3808 654 3879 angeli
682 3805 1041 3877 superbiendo
1069 3806 1407 3860 ceciderunt.

173 3904 310 3961 Cn.
345 3901 416 3957 ll.
437 3901 672 3955 -—Pater
699 3901 964 3956 suscitavit
987 3899 1246 3954 Christum
1266 3917 1299 3952 a
1319 3901 1555 3966 mortuis,
1589 3902 1782 3955 consti-

250 3986 408 4030 tuens
433 3973 504 4026 ad
529 3973 796 4026 dexteram
825 3987 974 4024 suam
999 3972 1054 4024 in
1085 3969 1368 4024 caelestibus
1397 3987 1556 4042 supra
1577 3988 1786 4026 omnem

250 4045 628 4118 principatum,
661 4051 713 4096 et
737 4051 1072 4118 potestatem.
1102 4051 1154 4095 et
1175 4043 1437 4109 virtutem,
1468 4051 1518 4097 et
1541 4043 1780 4097 domina-

272 4111 453 4172 ionem
483 4114 707 4186 (Ephes.
740 4111 762 4167 ίι
783 4151 799 4177 ,
833 4111 896 4166 Si
913 4112 958 4185 ).

252 4208 444 4280 (Hom.
473 4205 563 4274 34,
593 4208 646 4262 in
670 4205 894 4277 Evang.,
928 4223 980 4262 n.
1016 4207 1069 4271 7,
1121 4207 1176 4276 8,
1205 4206 1336 4280 etc.)
1369 4208 1696 4280 Angelormn
1725 4216 1785 4264 et

174 4279 469 4338 ltoininum
531 4291 778 4333 naturam
826 4280 892 4349 ad
940 4279 1376 4349 cognoscendum
1423 4296 1480 4335 se
1519 4279 1782 4336 Dominus

173 4350 446 4412 condidit,
466 4365 626 4418 quam
648 4349 773 4404 dum
804 4348 869 4402 ad
889 4348 1243 4406 asternitatem
1274 4351 1568 4405 consistere
1592 4352 1780 4418 voluit,

173 4440 307 4479 eam
362 4420 548 4488 procul
580 4420 741 4473 dubio
771 4421 837 4472 ad
894 4436 1045 4474 suam
1099 4420 1500 4476 similitudinem
1555 4421 1778 4476 ereavit.

173 4494 396 4550 Novem
423 4503 552 4542 vero
580 4497 706 4542 sunt
726 4490 943 4544 ordines
973 4492 1307 4560 angelorum,
1336 4492 1429 4545 sed
1460 4499 1520 4544 ut
1541 4492 1783 4560 comple-

171 4572 338 4620 retur
358 4560 654 4614 electorum
683 4572 956 4623 numerus,
989 4560 1150 4614 homo
1179 4560 1416 4614 decimus
1443 4569 1525 4615 est
1543 4571 1777 4614 creatus.

171 4634 305 4706 Ipse
333 4629 548 4706 quidem
578 4629 742 4706 homo
767 4629 1120 4706 conditusuad
1140 4631 1452 4706 imaginem
1493 4629 1587 4685 Dei
1638 4630 1777 4706 fuit,

173 4698 278 4760 sed
312 4698 724 4756 asimilitudine
753 4699 835 4754 sui
875 4698 1182 4753 Conditoris
1222 4701 1496 4768 peccando
1523 4701 1777 4768 recessit;

218 4775 275 4830 ui
311 4782 490 4826 tamen
523 4787 622 4825 nec
667 4778 790 4842 post
817 4770 1026 4840 culpam
1058 4769 1249 4840 periit,
1278 4771 1535 4838 quoniam
1577 4781 1778 4828 mterna

218 4793 275 4830 ul
311 4793 490 4826 lalllﬁll
523 4793 622 4825 nec
668 4793 790 4842 11051.
817 4793 1026 4840 συψῖιηι
1058 4793 1249 4840 penu,
1278 4793 1535 4838 ιμιυιιιξηιι
1577 4793 1778 4828 aeterna

172 4793 279 4900 gei
311 4844 381 4897 Sa
425 4842 588 4895 ientia
618 4843 668 4894 in
694 4843 1026 4894 humanitate
1052 4842 1319 4910 apparuit,
1349 4852 1404 4895 et
1433 4857 1531 4912 per
1557 4856 1782 4897 carnem

173 4858 464 4965 miraculis
513 4927 805 4965 coruscans
853 4911 1000 4964 illum
1049 4919 1341 4965 reparavit.
1398 4911 1601 4965 Novem
1651 4928 1780 4965 vero

173 4911 464 4971 miraculis
513 4927 805 4966 coruscans
853 4911 1000 4964 illum
1049 4919 1341 4981 reparavit.
1398 4911 1601 4967 Novem
1651 4928 1780 4970 vero

173 4987 408 5043 ordines
453 4982 762 5050 angelorum
808 4995 926 5035 esse
953 4981 1338 5053 inveniuntur.
1395 4981 1546 5039 Unde
1581 4991 1639 5038 et
1677 4983 1779 5053 ipsi

175 5056 386 5127 angelo
402 5054 490 5122 qui
514 5057 716 5127 primus
732 5060 813 5127 est
825 5051 1072 5127 conditus
1095 5069 1190 5127 per
1206 5055 1522 5127 prophetam
1545 5051 1742 5109 dicitur
1759 5071 1774 5109 :
1809 5064 1826 5071 “

1080 5125 1780 5203 plenus._sap_ientia,e1tper-
1808 5142 1858 5203 D
1885 5141 1962 5203 eis
1991 5137 2181 5180 caetera
2225 5125 2292 5180 ad
2331 5124 2687 5203 obediendmn
2727 5124 2965 5203 subjecta
3014 5133 3170 5189 sunt,
3220 5125 3471 5203 domina-

178 5122 286 5182 Tu'
297 5124 620 5195 signaculum
645 5122 1000 5195 similitudinis
1015 5163 1030 5188 ,

176 5193 361 5271 fectus
402 5194 697 5271 decore,_i_rt
743 5195 940 5271 deliciis
979 5195 1211 5271 paradisi
1240 5193 1510 5271 Dei‘fu‘isti
1541 5193 1772 5271 (ljzech.

175 5264 385 5328 kxvm,
421 5265 539 5335 η).
575 5264 675 5320 Ubi
703 5269 998 5320 notandum
1041 5265 1184 5336 quod
1217 5281 1322 5320 non
1360 5264 1425 5319 ad
1470 5264 1776 5336 similitudi-

175 5353 318 5394 nem
343 5336 436 5392 Dei
460 5336 650 5398 factus,
683 5338 776 5389 sed
796 5335 1128 5405 signaculum
1159 5337 1523 5392 similitudinis
1548 5335 1774 5403 dicitur,

176 5419 242 5465 ut
263 5424 377 5478 quo
400 5409 453 5462 in
482 5422 548 5463 eo
579 5406 825 5462 subtilior
843 5415 923 5462 est
947 5416 1160 5469 natura,
1187 5423 1254 5462 eo
1282 5410 1332 5463 in
1363 5407 1456 5462 illo
1484 5407 1660 5476 imago
1683 5408 1780 5465 Dei

173 5479 436 5538 subtilius
476 5479 774 5532 insinuetur
801 5492 1071 5546 expressa.
1115 5478 1232 5543 Quo
1262 5480 1312 5533 in
1347 5481 1466 5534 loco
1497 5494 1622 5532 mox
1651 5479 1780 5534 sub-

174 5551 372 5606 ditur:
404 5547 584 5602 Omnis
611 5550 744 5616 lapis
772 5558 1026 5617 pretiosus
1056 5551 1423 5617 aperimentum
1445 5559 1584 5602 tuum
1615 5565 1632 5602 :
1662 5566 1778 5603 sar-

175 5621 327 5678 dius.
355 5620 610 5691 topazius,
634 5629 682 5672 et
696 5619 890 5689 jaspis,
913 5620 1243 5689 chrysolitus,
1274 5638 1438 5691 onyx,
1457 5629 1505 5674 et
1529 5621 1776 5691 beryllus,

172 5690 464 5761 sapphirus
489 5732 503 5755 ,
549 5691 920 5762 carbunculus,
953 5700 1002 5762 et
1050 5690 1356 5761 smaragdus
1390 5690 1778 5762 (Ibid.).Ecce

175 5759 384 5817 aufem
413 5762 546 5817 dixit
589 5759 806 5832 nomina
838 5761 1094 5832 lapidum,
1124 5759 1247 5830 quia
1300 5759 1778 5832 profecto'novem

141 5865 146 5870 ι
173 5835 323 5894 sunt
345 5832 562 5890 ordines
601 5830 938 5904 angelormn.
989 5830 1192 5898 Quibus
1219 5830 1471 5890 nimirum
1501 5833 1781 5892 ordinibus

1897 2440 1994 2520 ille
2018 2439 2232 2520 primus
2256 2441 2480 2520 angelus
2509 2443 2882 2520 idsqomatus
2898 2457 2972 2520 _et
2999 2457 3222 2519 opertus
3247 2453 3482 2520 exstitit,

1890 2511 2016 2581 quia
2046 2510 2176 2566 dum
2194 2513 2405 2568 curetis
2434 2510 3070 2592 agminibusangelorum
3103 2522 3354 2588 praelatus
3380 2510 3484 2592 est,

1887 2597 1958 2638 ex
1984 2598 2172 2659 eorum
2203 2589 2606 2659 comparatione
2631 2587 2830 2659 clarior
2859 2589 2975 2643 fuit.
3002 2587 3169 2646 Sacro
3199 2593 3361 2659 igitur
3396 2587 3476 2648 te;

1887 2661 2068 2708 Stante
2091 2654 2328 2731 eloquio,
2347 2657 2548 2731 scimus
2566 2657 2806 2731 angelos,
2831 2660 3206 2731 archangelrvs,
3224 2654 3480 2731 vvirtntes,

1886 2731 2214 2799 potestates,
2248 2726 2599 2799 principatus,
2631 2726 3059 2796 dominationes,
3090 2730 3333 2799 thronos,
3365 2726 3485 2790 che-

1885 2794 2059 2867 rubitn
2087 2805 2143 2847 et
2165 2795 2458 2863 seraphim.
2485 2795 2616 2850 Esse
2644 2813 2876 2867 namque
2920 2794 3146 2866 angelos
3173 2810 3230 2856 et
3254 2794 3482 2860 archan-

1885 2862 2036 2940 getes
2069 2876 2226 2940 pene
2274 2862 2466 2920 omnes
2509 2867 2719 2940 eloquii,
2756 2862 2892 2923 sacri
2938 2862 3143 2940 paginae
3193 2882 3478 2930 testantur.

1885 2933 2328 3015 gberubinrvero
2355 2943 2520 3015 atque
2545 2933 3034 3015 seraphim_saepe,'
3059 2950 3121 2994 ut
3147 2951 3334 2996 notum
3361 2955 3445 3000 est
3465 2986 3485 3015 ,

1884 3003 2006 3060 libri
2033 3003 2758 3080 prophetarymiloquuutur.
2803 3003 3052 3077 Quatuor
3079 3027 3298 3080 quoque
3324 3003 3478 3070 erili-5

1883 3091 2012 3152 gum
2057 3076 2276 3152 nomina
2317 3075 2918 3152 Paulus'apostolus'in
2973 3075 3360 3152 hac-Epistola
3410 3086 3478 3141 ad

1881 3143 2146 3216 Ephesios
2197 3159 2520 3216 enatmerat,
2574 3143 2760 3225 dicens
2791 3169 2805 3204 :
2833 3152 3008 3220 Supra
3037 3143 3241 3208 omnem
3291 3157 3479 3225 princi-

1881 3227 2080 3289 patum,
2136 3226 2185 3272 et
2229 3227 2556 3289 potestatem,
2587 3229 2637 3274 et
2685 3223 2948 3284 rirtutem,
2993 3233 3044 3277 et
3073 3223 3478 3283 dominationem

1885 3286 2113 3358 (Ep/tes.
2147 3306 2196 3352 ι,
2230 3286 2348 3360 ⁷21).
2382 3291 2465 3345 υθι
2500 3286 2711 3346 thronis
2755 3303 2932 3348 autem
2980 3295 3165 3349 scribit
3195 3299 3266 3348 ad
3285 3297 3476 3353 Colos-

1881 3373 2070 3438 senscs
2100 3377 2113 3411 :
2140 3360 2265 3438 _Sive
2295 3361 2486 3438 throni,
2517 3365 2622 3438 sive
2651 3373 2957 3438 potestates,
2986 3368 3091 3419 sive
3117 3367 3472 3438 principatus,

1881 3429 1986 3484 sive
2013 3431 2391 3484 dominationes
2413 3432 2634 3501 (Coloss.
2661 3434 2844 3498 “1-6).
2871 3429 3160 3490 Sciendum
3188 3429 3476 3494 ouantem

1882 3502 2025 3570 quod
2057 3504 2368 3574 angelorum
2398 3505 2718 3558 vocabulum
2761 3520 2957 3560 nomen
3009 3516 3092 3560 est
3136 3506 3332 3574 oﬂlcii,
3372 3525 3477 3564 non

1882 3572 2282 3646 natur:e_._Nam.
2301 3574 2470 3626 sancti
2498 3575 2574 3646 illi
2606 3576 2837 3630 caelestis
2867 3577 3053 3644 patriae
3083 3578 3303 3646 spiritus
3323 3572 3478 3634 sem-

1883 3657 1980 3711 per
2007 3643 2226 3710 quidem
2257 3653 2385 3696 sunt
2426 3645 2678 3720 spiritus,
2727 3647 2820 3700 sed
2849 3643 3064 3720 semper
3091 3643 3268 3702 vocari
3300 3651 3476 3720 angeli

1885 3727 2228 3782 nequaquam
2280 3727 2535 3791 possunt,
2582 3717 2706 3791 quia
2758 3717 3103 3791 tunc_solmn
3149 3729 3272 3772 sunt
3302 3717 3478 3791 angeli

1884 3798 2007 3837 cum
2027 3799 2134 3859 per
2175 3797 2276 3859 eos
2297 3786 2473 3859 aliqua
2505 3788 2838 3842 nuntiantur.
2881 3788 3062 3844 Gnaeo
3115 3791 3256 3842 enim
3299 3786 3476 3859 lingua

1886 3855 2084 3928 angeli,
2105 3857 2309 3928 nuntii,
2343 3857 2644 3928 archangeli
2675 3873 2804 3912 vero
2847 3861 3041 3914 snnnni
3071 3860 3242 3914 nuntii
3272 3855 3474 3917 vocan-

1886 3932 1992 3979 tur.
2026 3925 2089 3980 Hi
2112 3927 2254 3980 enim
2295 3928 2383 4000 qui
2412 3925 2626 4000 minima
2668 3929 2918 3984 nuntiant
2953 3931 3159 4000 angeli,
3206 3933 3297 4000 qui
3351 3948 3476 3987 vero

1884 4010 2091 4050 summa
2125 3999 2447 4051 annuntiant
2476 3999 2779 4067 archangeli
2802 3999 3084 4054 vocantur.
3123 3999 3348 4054 Virtutes
3396 4011 3476 4056 et—

1883 4067 2026 4120 enim
2067 4076 2332 4122 vocantur
2363 4069 2444 4122 illi
2464 4070 2716 4122 nimirum
2759 4071 2996 4138 spiritus,
3047 4085 3142 4138 per
3164 4085 3298 4138 quos
3324 4073 3474 4139 signa

1882 4147 1938 4191 et
1966 4139 2222 4194 miracula
2256 4141 2588 4207 frequentius
2637 4139 2789 4192 fiunt.
2845 4139 3134 4192 Potestates
3182 4140 3345 4193 etiam
3378 4157 3468 4194 vo-

1883 4217 2078 4262 cantur
2104 4211 2140 4263 ii
2181 4211 2274 4278 qni
2321 4209 2426 4262 hoc
2476 4209 2749 4276 potentius
2775 4211 2990 4263 cwteris
3045 4209 3098 4262 in
3147 4224 3246 4263 suo
3283 4211 3474 4266 ordine

1882 4289 2264 4358 perceperunt,
2297 4290 2352 4332 ut
2382 4294 2572 4358 eorum
2601 4278 2787 4358 ditioni
2819 4281 3045 4358 virtutes
3069 4278 3311 4334 adversm
3341 4283 3471 4358 sub-

1877 4348 2184 4418 jectus—sint
2212 4365 2438 4420 quorum
2487 4357 2756 4418 potestate
2803 4348 3162 4420 refl-tuantur,
3211 4366 3279 4404 ne
3307 4355 3471 4407 corda

1883 4423 2158 4491 hominum
2181 4418 2389 4474 tantum
2411 4427 2620 4474 tentare
2642 4418 2965 4486 pmvaleant
2985 4430 3244 4491 quantum
3262 4423 3468 4478 volunt.

1886 4489 2218 4560 Principatus
2260 4492 2422 4545 etiam
2449 4497 2714 4543 vocantur
2759 4492 2850 4558 qui
2903 4489 3030 4560 ipsis
3060 4507 3276 4561 quoque
3317 4493 3472 4549 bonis

1882 4563 2196 4629 angelorum
2227 4561 2500 4629 Spiritibus
2515 4568 2775 4631 praesunt,
2800 4562 2889 4630 qui
2911 4563 3170 4631 subjectis
3189 4563 3326 4626 aliis,
3344 4567 3468 4618 dunt

1882 4645 1945 4683 ea
1976 4646 2093 4697 qua:
2114 4641 2240 4684 sunt
2264 4631 2470 4696 agenda
2496 4629 2828 4702 disponunt,
2876 4635 2954 4686 eis
2984 4629 3050 4685 ad
3083 4634 3344 4702 explenda
3391 4635 3472 4686 di-

1886 4704 2005 4754 vina
2063 4702 2356 4755 ministeria
2404 4701 2791 4770 principantur.
2842 4701 3235 4757 Dominationes
3287 4711 3469 4758 autem

1883 4779 2152 4842 vocantur
2174 4771 2266 4840 qui
2293 4772 2452 4825 etiam
2484 4781 2779 4841 poti-states
2811 4776 3199 4842 principatmnn
3233 4776 3338 4825 alta
3361 4773 3472 4829 dis-

1881 4841 2230 4914 similitudine
2278 4845 2681 4898 transcendunt.
2713 4841 2844 4914 Nam
2878 4841 3166 4914 principari
3210 4851 3292 4898 est
3331 4845 3471 4900 inter

1882 4913 2117 4982 reliquos
2147 4914 2379 4982 priorem
2412 4916 2680 4977 existere,
2714 4913 2979 4969 dominari
3010 4929 3140 4967 vero
3182 4922 3265 4967 est
3303 4915 3467 4970 etiam

1883 4983 2155 5051 subjectos
2185 5000 2428 5054 quosque
2471 4985 2766 5055 possidere.
2818 4983 2893 5037 Ea
2948 4984 3108 5052 igitur
3155 4985 3470 5055 angelorum

1883 5055 2118 5123 agmina,
2148 5058 2426 5128 quarmira
2454 5054 2691 5128 potentia
2716 5055 3085 5128 praecininent,
3112 5070 3210 5122 pro
3233 5070 3298 5128 eo
3323 5054 3468 5128 quod

1885 5197 2058 5251 tiones
2086 5205 2365 5252 voc..ntur.
2417 5196 2506 5251 Sic
2543 5204 2720 5249 autern
2769 5197 2822 5248 in
2861 5195 2950 5250 illa
2999 5211 3206 5251 summa
3252 5197 3471 5253 civitate

1883 5268 2134 5337 specialia
2165 5269 2408 5339 quaedam
2457 5266 2786 5339 singulorum
2833 5275 2996 5333 sunt,
3024 5275 3104 5339 ut
3135 5274 3312 5322 tamen
3361 5267 3470 5322 sint

1883 5335 2482 5403 connnunia'omniom;
2512 5335 2732 5405 etquod
2763 5337 2814 5390 in
2859 5351 2919 5396 se
2943 5337 3171 5406 quisque
3219 5353 3287 5391 ex
3316 5345 3470 5407 parte

1885 5407 2067 5474 habet,
2101 5410 2204 5464 hoc
2233 5409 2284 5461 in
2316 5409 2420 5461 alio
2441 5407 2630 5462 ordine
2653 5415 2820 5462 totum
2847 5409 3103 5477 possidet.
3135 5409 3240 5462 Sed
3267 5407 3466 5464 idcirco

1887 5494 1992 5532 uno
2023 5481 2320 5545 collemque
2349 5478 2612 5531 vocabulo
2640 5479 2997 5533 communiter
3023 5495 3128 5534 ηοω
3152 5487 3464 5544 censentur,

1886 5557 1944 5604 ut
1969 5550 2058 5604 ille
2083 5550 2212 5605 ordo
2243 5551 2419 5602 vocari
2449 5548 2655 5616 privato
2688 5550 3106 5618 unius-ejusque
3136 5549 3212 5602 rei
3247 5549 3468 5605 nomine

1879 5620 2101 5682 debeat,
2139 5619 2223 5688 qui
2271 5621 2409 5673 hanc
2459 5619 2509 5673 in
2535 5634 2774 5690 munere
2814 5621 3023 5690 plenius
3051 5620 3280 5690 accepit.
3309 5619 3470 5675 Sera.

1879 5692 2025 5761 phitn
2059 5705 2289 5760 namque
2338 5689 2638 5745 incendium
2674 5689 2935 5751 diximus;
2986 5701 3040 5746 et
3071 5689 3246 5746 tanien
3279 5703 3468 5761 amore

1881 5759 2188 5816 Conditoris
2213 5761 2370 5814 simul
2400 5775 2590 5816 omnes
2634 5762 2844 5816 ardent.
2879 5763 3166 5818 Cherubitu
3196 5776 3327 5815 vero
3349 5759 3464 5828 ple-

1879 5833 2068 5888 nitudo
2117 5832 2385 5902 scientia),
2427 5843 2486 5889 et
2528 5839 2708 5890 tamen
2732 5833 2853 5904 quis
2881 5833 2955 5891 ibi
2978 5831 3181 5904 aliquid
3219 5831 3429 5887 nesciat
