  <div class='ocr_page' id='page_1' title='image "/cluster/home/n/w/nwhite01/storage/ocr_20150623/79/hvd.32044015469414/686.png"; bbox 0 0 3974 6350; ppageno 0'>
   <div class='ocr_carea' id='block_1_1' title="bbox 286 407 418 471">
    <p class='ocr_par' dir='ltr' id='par_1_1' title="bbox 286 407 418 471">
     <span class='ocr_line' id='line_1_1' title="bbox 286 407 418 471; baseline 0.008 -1"><span class='ocrx_word' id='word_1_1' title='bbox 286 407 418 471; x_wconf 67' lang='grc'><strong>1561</strong></span> 
     </span>
    </p>
   </div>
   <div class='ocr_carea' id='block_1_2' title="bbox 861 409 2953 496">
    <p class='ocr_par' dir='ltr' id='par_1_2' title="bbox 861 409 2953 496">
     <span class='ocr_line' id='line_1_2' title="bbox 861 409 2953 496; baseline 0 -26"><span class='ocrx_word' id='word_1_2' title='bbox 861 409 1114 473; x_wconf 75' lang='lat' dir='ltr'><strong>ALULFI</strong></span> <span class='ocrx_word' id='word_1_3' title='bbox 1145 410 1512 496; x_wconf 23' lang='lat' dir='ltr'><strong>.EXPOSI‘NO</strong></span> <span class='ocrx_word' id='word_1_4' title='bbox 1549 409 1708 469; x_wconf 65' lang='lat' dir='ltr'><strong>NOV]</strong></span> <span class='ocrx_word' id='word_1_5' title='bbox 1762 409 1956 469; x_wconf 86' lang='lat' dir='ltr'><strong>TEST.</strong></span> <span class='ocrx_word' id='word_1_6' title='bbox 1995 441 2064 454; x_wconf 93' lang='lat'><strong><em>—</em></strong></span> <span class='ocrx_word' id='word_1_7' title='bbox 2102 409 2250 471; x_wconf 82' lang='lat' dir='ltr'><strong>SUP.</strong></span> <span class='ocrx_word' id='word_1_8' title='bbox 2291 413 2396 470; x_wconf 84' lang='grc' dir='ltr'><strong>ΕΡ.</strong></span> <span class='ocrx_word' id='word_1_9' title='bbox 2432 411 2635 474; x_wconf 83' lang='lat' dir='ltr'><strong>PAULI</strong></span> <span class='ocrx_word' id='word_1_10' title='bbox 2671 412 2764 473; x_wconf 83' lang='lat' dir='ltr'><strong>AD</strong></span> <span class='ocrx_word' id='word_1_11' title='bbox 2799 411 2953 472; x_wconf 70' lang='grc' dir='ltr'><strong>σοι..</strong></span> 
     </span>
    </p>
   </div>
   <div class='ocr_carea' id='block_1_3' title="bbox 3408 408 3547 472">
    <p class='ocr_par' dir='ltr' id='par_1_3' title="bbox 3408 408 3547 472">
     <span class='ocr_line' id='line_1_3' title="bbox 3408 408 3547 472; baseline -0.022 0"><span class='ocrx_word' id='word_1_12' title='bbox 3408 408 3547 472; x_wconf 70' lang='grc'><strong>1562</strong></span> 
     </span>
    </p>
   </div>
   <div class='ocr_carea' id='block_1_4' title="bbox 285 516 3550 598">
    <p class='ocr_par' dir='ltr' id='par_1_4' title="bbox 285 516 3550 598">
     <span class='ocr_line' id='line_1_4' title="bbox 285 516 3550 598; baseline 0.001 -17"><span class='ocrx_word' id='word_1_13' title='bbox 285 523 711 598; x_wconf 68' lang='grc' dir='ltr'><strong>ῑῖῑυάἰηεηιιιῑηο</strong></span> <span class='ocrx_word' id='word_1_14' title='bbox 732 531 786 580; x_wconf 89' lang='lat' dir='ltr'><strong>et</strong></span> <span class='ocrx_word' id='word_1_15' title='bbox 805 524 932 582; x_wconf 90' lang='lat' dir='ltr'><strong>inde</strong></span> <span class='ocrx_word' id='word_1_16' title='bbox 953 516 1248 584; x_wconf 81' lang='lat' dir='ltr'><strong>teneamus.</strong></span> <span class='ocrx_word' id='word_1_17' title='bbox 1269 528 1423 583; x_wconf 92' lang='lat' dir='ltr'><strong>Libet</strong></span> <span class='ocrx_word' id='word_1_18' title='bbox 1446 527 1620 582; x_wconf 89' lang='lat' dir='ltr'><strong>adhuc</strong></span> <span class='ocrx_word' id='word_1_19' title='bbox 1635 528 1863 582; x_wconf 89' lang='lat' dir='ltr'><strong>alterum</strong></span> <span class='ocrx_word' id='word_1_20' title='bbox 1893 527 1936 586; x_wconf 82' lang='lat' dir='ltr'><strong>A</strong></span> <span class='ocrx_word' id='word_1_21' title='bbox 1967 526 2207 583; x_wconf 90' lang='lat' dir='ltr'><strong>solidari.</strong></span> <span class='ocrx_word' id='word_1_22' title='bbox 2245 526 2336 584; x_wconf 93' lang='lat' dir='ltr'><strong>Sic</strong></span> <span class='ocrx_word' id='word_1_23' title='bbox 2363 528 2615 598; x_wconf 91' lang='lat' dir='ltr'><strong>impletur</strong></span> <span class='ocrx_word' id='word_1_24' title='bbox 2640 529 2783 598; x_wconf 88' lang='lat' dir='ltr'><strong>quod</strong></span> <span class='ocrx_word' id='word_1_25' title='bbox 2821 530 3078 598; x_wconf 89' lang='lat' dir='ltr'><strong>scriptum</strong></span> <span class='ocrx_word' id='word_1_26' title='bbox 3102 534 3217 586; x_wconf 87' lang='lat' dir='ltr'><strong>est:</strong></span> <span class='ocrx_word' id='word_1_27' title='bbox 3253 524 3316 584; x_wconf 78' lang='lat' dir='ltr'><strong>In</strong></span> <span class='ocrx_word' id='word_1_28' title='bbox 3351 530 3433 584; x_wconf 76' lang='lat' dir='ltr'><strong>(lie</strong></span> <span class='ocrx_word' id='word_1_29' title='bbox 3457 531 3550 585; x_wconf 84' lang='lat' dir='ltr'><strong>bo-</strong></span> 
     </span>
    </p>
   </div>
   <div class='ocr_carea' id='block_1_5' title="bbox 283 597 1866 669">
    <p class='ocr_par' dir='ltr' id='par_1_5' title="bbox 283 597 1866 669">
     <span class='ocr_line' id='line_1_5' title="bbox 283 597 1866 669; baseline 0 -17"><span class='ocrx_word' id='word_1_30' title='bbox 283 598 454 669; x_wconf 83' lang='lat' dir='ltr'><strong>civem</strong></span> <span class='ocrx_word' id='word_1_31' title='bbox 477 597 711 652; x_wconf 79' lang='lat' dir='ltr'><strong>cmlestis</strong></span> <span class='ocrx_word' id='word_1_32' title='bbox 731 599 914 669; x_wconf 76' lang='lat' dir='ltr'><strong>patria:</strong></span> <span class='ocrx_word' id='word_1_33' title='bbox 929 598 995 652; x_wconf 92' lang='lat' dir='ltr'><strong>ad</strong></span> <span class='ocrx_word' id='word_1_34' title='bbox 1019 608 1251 654; x_wconf 86' lang='lat' dir='ltr'><strong>mentem</strong></span> <span class='ocrx_word' id='word_1_35' title='bbox 1271 599 1546 664; x_wconf 87' lang='lat' dir='ltr'><strong>reducere,</strong></span> <span class='ocrx_word' id='word_1_36' title='bbox 1565 608 1622 653; x_wconf 89' lang='lat' dir='ltr'><strong>et</strong></span> <span class='ocrx_word' id='word_1_37' title='bbox 1636 601 1866 669; x_wconf 75' lang='lat' dir='ltr'><strong>qualiter</strong></span> 
     </span>
    </p>
   </div>
   <div class='ocr_carea' id='block_1_6' title="bbox 285 667 1864 737">
    <p class='ocr_par' dir='ltr' id='par_1_6' title="bbox 285 667 1864 737">
     <span class='ocr_line' id='line_1_6' title="bbox 285 667 1864 737; baseline 0.003 -17"><span class='ocrx_word' id='word_1_38' title='bbox 285 667 571 737; x_wconf 75' lang='lat' dir='ltr'><strong>ptrohique</strong></span> <span class='ocrx_word' id='word_1_39' title='bbox 616 668 770 722; x_wconf 84' lang='lat' dir='ltr'><strong>fortis</strong></span> <span class='ocrx_word' id='word_1_40' title='bbox 822 668 980 722; x_wconf 86' lang='lat' dir='ltr'><strong>fuerit</strong></span> <span class='ocrx_word' id='word_1_41' title='bbox 1018 670 1409 725; x_wconf 90' lang='lat' dir='ltr'><strong>demonstrare.</strong></span> <span class='ocrx_word' id='word_1_42' title='bbox 1441 669 1639 724; x_wconf 89' lang='lat' dir='ltr'><strong>Beatus</strong></span> <span class='ocrx_word' id='word_1_43' title='bbox 1655 667 1864 724; x_wconf 77' lang='lat' dir='ltr'><strong>etenim</strong></span> 
     </span>
    </p>
   </div>
   <div class='ocr_carea' id='block_1_7' title="bbox 282 735 1866 810">
    <p class='ocr_par' dir='ltr' id='par_1_7' title="bbox 282 735 1866 810">
     <span class='ocr_line' id='line_1_7' title="bbox 282 735 1866 810; baseline 0.003 -19"><span class='ocrx_word' id='word_1_44' title='bbox 282 735 404 799; x_wconf 87' lang='lat' dir='ltr'><strong>Job,</strong></span> <span class='ocrx_word' id='word_1_45' title='bbox 436 735 558 793; x_wconf 76' lang='lat' dir='ltr'><strong>cum</strong></span> <span class='ocrx_word' id='word_1_46' title='bbox 583 747 726 794; x_wconf 89' lang='lat' dir='ltr'><strong>esset</strong></span> <span class='ocrx_word' id='word_1_47' title='bbox 753 739 882 792; x_wconf 91' lang='lat' dir='ltr'><strong>viris</strong></span> <span class='ocrx_word' id='word_1_48' title='bbox 932 739 1292 795; x_wconf 84' lang='lat' dir='ltr'><strong>Orientalibus</strong></span> <span class='ocrx_word' id='word_1_49' title='bbox 1319 741 1484 795; x_wconf 90' lang='lat' dir='ltr'><strong>ditior</strong></span> <span class='ocrx_word' id='word_1_50' title='bbox 1504 781 1520 806; x_wconf 91' lang='lat'><strong>,</strong></span> <span class='ocrx_word' id='word_1_51' title='bbox 1552 748 1607 796; x_wconf 91' lang='lat' dir='ltr'><strong>et</strong></span> <span class='ocrx_word' id='word_1_52' title='bbox 1648 741 1699 796; x_wconf 90' lang='lat' dir='ltr'><strong>ei</strong></span> <span class='ocrx_word' id='word_1_53' title='bbox 1742 755 1866 810; x_wconf 87' lang='lat' dir='ltr'><strong>pro-</strong></span> 
     </span>
    </p>
   </div>
   <div class='ocr_carea' id='block_1_8' title="bbox 284 811 1867 880">
    <p class='ocr_par' dir='ltr' id='par_1_8' title="bbox 284 811 1867 880">
     <span class='ocr_line' id='line_1_8' title="bbox 284 811 1867 880; baseline 0.003 -18"><span class='ocrx_word' id='word_1_54' title='bbox 284 822 441 876; x_wconf 86' lang='lat' dir='ltr'><strong>spera</strong></span> <span class='ocrx_word' id='word_1_55' title='bbox 471 817 660 863; x_wconf 85' lang='lat' dir='ltr'><strong>cuncta</strong></span> <span class='ocrx_word' id='word_1_56' title='bbox 680 816 1046 879; x_wconf 88' lang='lat' dir='ltr'><strong>suppeterent,</strong></span> <span class='ocrx_word' id='word_1_57' title='bbox 1077 811 1197 864; x_wconf 81' lang='lat' dir='ltr'><strong>filiis</strong></span> <span class='ocrx_word' id='word_1_58' title='bbox 1219 811 1464 880; x_wconf 88' lang='lat' dir='ltr'><strong>polleret,</strong></span> <span class='ocrx_word' id='word_1_59' title='bbox 1516 811 1712 866; x_wconf 86' lang='lat' dir='ltr'><strong>familia</strong></span> <span class='ocrx_word' id='word_1_60' title='bbox 1743 826 1867 866; x_wconf 86' lang='lat' dir='ltr'><strong>cre-</strong></span> 
     </span>
    </p>
   </div>
   <div class='ocr_carea' id='block_1_9' title="bbox 284 881 1867 952">
    <p class='ocr_par' dir='ltr' id='par_1_9' title="bbox 284 881 1867 952">
     <span class='ocr_line' id='line_1_9' title="bbox 284 881 1867 952; baseline 0.003 -21"><span class='ocrx_word' id='word_1_61' title='bbox 284 887 483 952; x_wconf 81' lang='lat' dir='ltr'><strong>sceret,</strong></span> <span class='ocrx_word' id='word_1_62' title='bbox 506 891 695 952; x_wconf 79' lang='lat' dir='ltr'><strong>greges</strong></span> <span class='ocrx_word' id='word_1_63' title='bbox 715 881 1098 952; x_wconf 81' lang='lat' dir='ltr'><strong>exuberarent,</strong></span> <span class='ocrx_word' id='word_1_64' title='bbox 1125 881 1176 934; x_wconf 91' lang='lat' dir='ltr'><strong>in</strong></span> <span class='ocrx_word' id='word_1_65' title='bbox 1192 891 1340 937; x_wconf 92' lang='lat' dir='ltr'><strong>tanto</strong></span> <span class='ocrx_word' id='word_1_66' title='bbox 1363 883 1457 937; x_wconf 89' lang='lat' dir='ltr'><strong>Dei</strong></span> <span class='ocrx_word' id='word_1_67' title='bbox 1478 881 1867 952; x_wconf 89' lang='lat' dir='ltr'><strong>omnipotentis</strong></span> 
     </span>
    </p>
   </div>
   <div class='ocr_carea' id='block_1_10' title="bbox 287 948 1869 1024">
    <p class='ocr_par' dir='ltr' id='par_1_10' title="bbox 287 948 1869 1024">
     <span class='ocr_line' id='line_1_10' title="bbox 287 948 1869 1024; baseline 0.003 -23"><span class='ocrx_word' id='word_1_68' title='bbox 287 948 478 1024; x_wconf 75' lang='lat' dir='ltr'><strong>timore</strong></span> <span class='ocrx_word' id='word_1_69' title='bbox 518 950 771 1024; x_wconf 75' lang='lat' dir='ltr'><strong>perstitit,</strong></span> <span class='ocrx_word' id='word_1_70' title='bbox 803 959 862 1005; x_wconf 91' lang='lat' dir='ltr'><strong>ut</strong></span> <span class='ocrx_word' id='word_1_71' title='bbox 891 952 1032 1024; x_wconf 87' lang='lat' dir='ltr'><strong>inter</strong></span> <span class='ocrx_word' id='word_1_72' title='bbox 1050 952 1350 1024; x_wconf 81' lang='lat' dir='ltr'><strong>custodiam</strong></span> <span class='ocrx_word' id='word_1_73' title='bbox 1381 948 1691 1024; x_wconf 67' lang='lat' dir='ltr'><strong>disciplinain,</strong></span> <span class='ocrx_word' id='word_1_74' title='bbox 1728 953 1869 1024; x_wconf 88' lang='lat' dir='ltr'><strong>inter</strong></span> 
     </span>
    </p>
   </div>
   <div class='ocr_carea' id='block_1_11' title="bbox 284 1019 1869 1094">
    <p class='ocr_par' dir='ltr' id='par_1_11' title="bbox 284 1019 1869 1094">
     <span class='ocr_line' id='line_1_11' title="bbox 284 1019 1869 1094; baseline 0.004 -22"><span class='ocrx_word' id='word_1_75' title='bbox 284 1019 668 1094; x_wconf 74' lang='lat' dir='ltr'><strong>actajustiiim,</strong></span> <span class='ocrx_word' id='word_1_76' title='bbox 695 1021 842 1094; x_wconf 77' lang='lat' dir='ltr'><strong>inter</strong></span> <span class='ocrx_word' id='word_1_77' title='bbox 868 1023 1036 1076; x_wconf 85' lang='lat' dir='ltr'><strong>multa</strong></span> <span class='ocrx_word' id='word_1_78' title='bbox 1065 1023 1383 1079; x_wconf 81' lang='lat' dir='ltr'><strong>humilitatis</strong></span> <span class='ocrx_word' id='word_1_79' title='bbox 1407 1019 1684 1094; x_wconf 78' lang='lat' dir='ltr'><strong>obsequia,</strong></span> <span class='ocrx_word' id='word_1_80' title='bbox 1709 1023 1869 1094; x_wconf 86' lang='lat' dir='ltr'><strong>mise-</strong></span> 
     </span>
    </p>
   </div>
   <div class='ocr_carea' id='block_1_12' title="bbox 284 1090 1870 1170">
    <p class='ocr_par' dir='ltr' id='par_1_12' title="bbox 284 1090 1870 1170">
     <span class='ocr_line' id='line_1_12' title="bbox 284 1090 1870 1170; baseline 0.004 -28"><span class='ocrx_word' id='word_1_81' title='bbox 284 1090 531 1170; x_wconf 68' lang='lat' dir='ltr'><strong>ricordia:</strong></span> <span class='ocrx_word' id='word_1_82' title='bbox 556 1092 1092 1170; x_wconf 78' lang='lat' dir='ltr'><strong>operibnsintentus,</strong></span> <span class='ocrx_word' id='word_1_83' title='bbox 1143 1090 1733 1170; x_wconf 70' lang='lat' dir='ltr'><strong>sacrificiiselferendis</strong></span> <span class='ocrx_word' id='word_1_84' title='bbox 1774 1093 1870 1148; x_wconf 91' lang='lat' dir='ltr'><strong>de-</strong></span> 
     </span>
    </p>
   </div>
   <div class='ocr_carea' id='block_1_13' title="bbox 281 1159 1870 1234">
    <p class='ocr_par' dir='ltr' id='par_1_13' title="bbox 281 1159 1870 1234">
     <span class='ocr_line' id='line_1_13' title="bbox 281 1159 1870 1234; baseline 0.004 -21"><span class='ocrx_word' id='word_1_85' title='bbox 281 1159 445 1234; x_wconf 81' lang='lat' dir='ltr'><strong>ditus,</strong></span> <span class='ocrx_word' id='word_1_86' title='bbox 479 1159 852 1234; x_wconf 78' lang='lat' dir='ltr'><strong>holocaustum</strong></span> <span class='ocrx_word' id='word_1_87' title='bbox 885 1159 1114 1218; x_wconf 89' lang='lat' dir='ltr'><strong>Domino</strong></span> <span class='ocrx_word' id='word_1_88' title='bbox 1142 1179 1240 1233; x_wconf 89' lang='lat' dir='ltr'><strong>pro</strong></span> <span class='ocrx_word' id='word_1_89' title='bbox 1268 1165 1493 1234; x_wconf 83' lang='lat' dir='ltr'><strong>singulis</strong></span> <span class='ocrx_word' id='word_1_90' title='bbox 1522 1166 1643 1221; x_wconf 81' lang='lat' dir='ltr'><strong>filiis</strong></span> <span class='ocrx_word' id='word_1_91' title='bbox 1673 1165 1870 1219; x_wconf 88' lang='lat' dir='ltr'><strong>immo-</strong></span> 
     </span>
    </p>
   </div>
   <div class='ocr_carea' id='block_1_14' title="bbox 281 1229 1869 1304">
    <p class='ocr_par' dir='ltr' id='par_1_14' title="bbox 281 1229 1869 1304">
     <span class='ocr_line' id='line_1_14' title="bbox 281 1229 1869 1304; baseline 0.003 -19"><span class='ocrx_word' id='word_1_92' title='bbox 281 1229 437 1296; x_wconf 88' lang='lat' dir='ltr'><strong>laret,</strong></span> <span class='ocrx_word' id='word_1_93' title='bbox 473 1248 540 1286; x_wconf 91' lang='lat' dir='ltr'><strong>ne</strong></span> <span class='ocrx_word' id='word_1_94' title='bbox 569 1233 689 1302; x_wconf 86' lang='lat' dir='ltr'><strong>quis</strong></span> <span class='ocrx_word' id='word_1_95' title='bbox 710 1249 896 1288; x_wconf 89' lang='lat' dir='ltr'><strong>eorum</strong></span> <span class='ocrx_word' id='word_1_96' title='bbox 923 1235 1112 1289; x_wconf 84' lang='lat' dir='ltr'><strong>saltem</strong></span> <span class='ocrx_word' id='word_1_97' title='bbox 1136 1229 1190 1303; x_wconf 76' lang='lat' dir='ltr'><strong>in</strong></span> <span class='ocrx_word' id='word_1_98' title='bbox 1212 1229 1380 1290; x_wconf 74' lang='lat' dir='ltr'><strong>corde</strong></span> <span class='ocrx_word' id='word_1_99' title='bbox 1403 1244 1695 1304; x_wconf 88' lang='lat' dir='ltr'><strong>peccasset.</strong></span> <span class='ocrx_word' id='word_1_100' title='bbox 1731 1235 1869 1290; x_wconf 82' lang='lat' dir='ltr'><strong>Pen-</strong></span> 
     </span>
    </p>
   </div>
   <div class='ocr_carea' id='block_1_15' title="bbox 279 1307 1870 1376">
    <p class='ocr_par' dir='ltr' id='par_1_15' title="bbox 279 1307 1870 1376">
     <span class='ocr_line' id='line_1_15' title="bbox 279 1307 1870 1376; baseline 0.004 -21"><span class='ocrx_word' id='word_1_101' title='bbox 279 1315 463 1376; x_wconf 75' lang='lat' dir='ltr'><strong>semus</strong></span> <span class='ocrx_word' id='word_1_102' title='bbox 488 1317 620 1376; x_wconf 84' lang='lat' dir='ltr'><strong>ergo</strong></span> <span class='ocrx_word' id='word_1_103' title='bbox 650 1315 849 1376; x_wconf 87' lang='lat' dir='ltr'><strong>quanta</strong></span> <span class='ocrx_word' id='word_1_104' title='bbox 881 1313 997 1359; x_wconf 87' lang='lat' dir='ltr'><strong>erat</strong></span> <span class='ocrx_word' id='word_1_105' title='bbox 1017 1307 1258 1360; x_wconf 88' lang='lat' dir='ltr'><strong>custodia</strong></span> <span class='ocrx_word' id='word_1_106' title='bbox 1287 1308 1413 1361; x_wconf 89' lang='lat' dir='ltr'><strong>boni</strong></span> <span class='ocrx_word' id='word_1_107' title='bbox 1462 1309 1664 1376; x_wconf 89' lang='lat' dir='ltr'><strong>operis,</strong></span> <span class='ocrx_word' id='word_1_108' title='bbox 1695 1307 1784 1376; x_wconf 88' lang='lat' dir='ltr'><strong>qui</strong></span> <span class='ocrx_word' id='word_1_109' title='bbox 1817 1307 1870 1361; x_wconf 89' lang='lat' dir='ltr'><strong>iu</strong></span> 
     </span>
    </p>
   </div>
   <div class='ocr_carea' id='block_1_16' title="bbox 282 1371 1873 1452">
    <p class='ocr_par' dir='ltr' id='par_1_16' title="bbox 282 1371 1873 1452">
     <span class='ocr_line' id='line_1_16' title="bbox 282 1371 1873 1452; baseline 0.004 -28"><span class='ocrx_word' id='word_1_110' title='bbox 282 1371 404 1452; x_wconf 77' lang='lat' dir='ltr'><strong>tiliis</strong></span> <span class='ocrx_word' id='word_1_111' title='bbox 427 1373 538 1427; x_wconf 87' lang='lat' dir='ltr'><strong>suis</strong></span> <span class='ocrx_word' id='word_1_112' title='bbox 556 1371 810 1452; x_wconf 74' lang='lat' dir='ltr'><strong>expiabat</strong></span> <span class='ocrx_word' id='word_1_113' title='bbox 837 1375 1112 1452; x_wconf 76' lang='lat' dir='ltr'><strong>sacrificiis</strong></span> <span class='ocrx_word' id='word_1_114' title='bbox 1140 1376 1325 1452; x_wconf 83' lang='lat' dir='ltr'><strong>eulpas</strong></span> <span class='ocrx_word' id='word_1_115' title='bbox 1349 1371 1544 1433; x_wconf 80' lang='lat' dir='ltr'><strong>cordis.</strong></span> <span class='ocrx_word' id='word_1_116' title='bbox 1583 1371 1689 1452; x_wconf 81' lang='lat' dir='ltr'><strong>Sed</strong></span> <span class='ocrx_word' id='word_1_117' title='bbox 1711 1371 1873 1447; x_wconf 88' lang='lat' dir='ltr'><strong>quam</strong></span> 
     </span>
    </p>
   </div>
   <div class='ocr_carea' id='block_1_17' title="bbox 278 1445 1873 1514">
    <p class='ocr_par' dir='ltr' id='par_1_17' title="bbox 278 1445 1873 1514">
     <span class='ocr_line' id='line_1_17' title="bbox 278 1445 1873 1514; baseline 0.004 -18"><span class='ocrx_word' id='word_1_118' title='bbox 278 1445 458 1511; x_wconf 73' lang='lat' dir='ltr'><strong>justus</strong></span> <span class='ocrx_word' id='word_1_119' title='bbox 486 1455 650 1506; x_wconf 87' lang='lat' dir='ltr'><strong>esset,</strong></span> <span class='ocrx_word' id='word_1_120' title='bbox 683 1445 735 1498; x_wconf 89' lang='lat' dir='ltr'><strong>in</strong></span> <span class='ocrx_word' id='word_1_121' title='bbox 758 1447 1118 1514; x_wconf 81' lang='lat' dir='ltr'><strong>prosperitate</strong></span> <span class='ocrx_word' id='word_1_122' title='bbox 1144 1445 1488 1502; x_wconf 78' lang='lat' dir='ltr'><strong>imiotuerat:</strong></span> <span class='ocrx_word' id='word_1_123' title='bbox 1515 1448 1670 1502; x_wconf 82' lang='lat' dir='ltr'><strong>valde</strong></span> <span class='ocrx_word' id='word_1_124' title='bbox 1692 1445 1873 1502; x_wconf 85' lang='lat' dir='ltr'><strong>autem</strong></span> 
     </span>
    </p>
   </div>
   <div class='ocr_carea' id='block_1_18' title="bbox 284 1514 1874 1587">
    <p class='ocr_par' dir='ltr' id='par_1_18' title="bbox 284 1514 1874 1587">
     <span class='ocr_line' id='line_1_18' title="bbox 284 1514 1874 1587; baseline 0.005 -22"><span class='ocrx_word' id='word_1_125' title='bbox 284 1514 528 1587; x_wconf 67' lang='lat' dir='ltr'><strong>ignotum</strong></span> <span class='ocrx_word' id='word_1_126' title='bbox 570 1526 687 1587; x_wconf 81' lang='lat' dir='ltr'><strong>er_at</strong></span> <span class='ocrx_word' id='word_1_127' title='bbox 715 1515 760 1569; x_wconf 92' lang='lat' dir='ltr'><strong>si</strong></span> <span class='ocrx_word' id='word_1_128' title='bbox 813 1532 1161 1586; x_wconf 84' lang='lat' dir='ltr'><strong>perseverare</strong></span> <span class='ocrx_word' id='word_1_129' title='bbox 1185 1517 1363 1586; x_wconf 85' lang='lat' dir='ltr'><strong>justus</strong></span> <span class='ocrx_word' id='word_1_130' title='bbox 1400 1527 1454 1572; x_wconf 89' lang='lat' dir='ltr'><strong>et</strong></span> <span class='ocrx_word' id='word_1_131' title='bbox 1477 1518 1619 1574; x_wconf 89' lang='lat' dir='ltr'><strong>inter</strong></span> <span class='ocrx_word' id='word_1_132' title='bbox 1664 1517 1874 1587; x_wconf 83' lang='lat' dir='ltr'><strong>flagella</strong></span> 
     </span>
    </p>
   </div>
   <div class='ocr_carea' id='block_1_19' title="bbox 283 1585 1875 1656">
    <p class='ocr_par' dir='ltr' id='par_1_19' title="bbox 283 1585 1875 1656">
     <span class='ocr_line' id='line_1_19' title="bbox 283 1585 1875 1656; baseline 0.004 -21"><span class='ocrx_word' id='word_1_133' title='bbox 283 1585 572 1654; x_wconf 77' lang='lat' dir='ltr'><strong>potuisset.</strong></span> <span class='ocrx_word' id='word_1_134' title='bbox 608 1585 926 1656; x_wconf 86' lang='lat' dir='ltr'><strong>Tangendus</strong></span> <span class='ocrx_word' id='word_1_135' title='bbox 978 1601 1106 1655; x_wconf 85' lang='lat' dir='ltr'><strong>ergo</strong></span> <span class='ocrx_word' id='word_1_136' title='bbox 1147 1585 1266 1644; x_wconf 78' lang='lat' dir='ltr'><strong>erat</strong></span> <span class='ocrx_word' id='word_1_137' title='bbox 1291 1589 1515 1644; x_wconf 79' lang='lat' dir='ltr'><strong>verbere</strong></span> <span class='ocrx_word' id='word_1_138' title='bbox 1537 1589 1724 1644; x_wconf 86' lang='lat' dir='ltr'><strong>virille</strong></span> <span class='ocrx_word' id='word_1_139' title='bbox 1744 1585 1875 1642; x_wconf 78' lang='lat' dir='ltr'><strong>san-</strong></span> 
     </span>
    </p>
   </div>
   <div class='ocr_carea' id='block_1_20' title="bbox 281 1656 1876 1729">
    <p class='ocr_par' dir='ltr' id='par_1_20' title="bbox 281 1656 1876 1729">
     <span class='ocr_line' id='line_1_20' title="bbox 281 1656 1876 1729; baseline 0.003 -21"><span class='ocrx_word' id='word_1_140' title='bbox 281 1656 478 1710; x_wconf 90' lang='lat' dir='ltr'><strong>ctusiu</strong></span> <span class='ocrx_word' id='word_1_141' title='bbox 534 1660 823 1726; x_wconf 86' lang='lat' dir='ltr'><strong>prosperis,</strong></span> <span class='ocrx_word' id='word_1_142' title='bbox 853 1667 914 1713; x_wconf 94' lang='lat' dir='ltr'><strong>ut</strong></span> <span class='ocrx_word' id='word_1_143' title='bbox 937 1659 1357 1729; x_wconf 85' lang='lat' dir='ltr'><strong>interrogaretur</strong></span> <span class='ocrx_word' id='word_1_144' title='bbox 1403 1659 1660 1726; x_wconf 85' lang='lat' dir='ltr'><strong>adversis,</strong></span> <span class='ocrx_word' id='word_1_145' title='bbox 1708 1667 1763 1715; x_wconf 91' lang='lat' dir='ltr'><strong>et</strong></span> <span class='ocrx_word' id='word_1_146' title='bbox 1783 1659 1876 1728; x_wconf 90' lang='lat' dir='ltr'><strong>qui</strong></span> 
     </span>
    </p>
   </div>
   <div class='ocr_carea' id='block_1_21' title="bbox 284 1729 1876 1800">
    <p class='ocr_par' dir='ltr' id='par_1_21' title="bbox 284 1729 1876 1800">
     <span class='ocr_line' id='line_1_21' title="bbox 284 1729 1876 1800; baseline 0.006 -24"><span class='ocrx_word' id='word_1_147' title='bbox 284 1737 447 1800; x_wconf 70' lang='lat' dir='ltr'><strong>potus</strong></span> <span class='ocrx_word' id='word_1_148' title='bbox 487 1737 607 1800; x_wconf 81' lang='lat' dir='ltr'><strong>erat</strong></span> <span class='ocrx_word' id='word_1_149' title='bbox 651 1729 877 1783; x_wconf 75' lang='lat' dir='ltr'><strong>Domino</strong></span> <span class='ocrx_word' id='word_1_150' title='bbox 905 1730 1283 1800; x_wconf 80' lang='lat' dir='ltr'><strong>omnipotenti,</strong></span> <span class='ocrx_word' id='word_1_151' title='bbox 1330 1739 1492 1786; x_wconf 91' lang='lat' dir='ltr'><strong>notus</strong></span> <span class='ocrx_word' id='word_1_152' title='bbox 1532 1746 1628 1800; x_wconf 89' lang='lat' dir='ltr'><strong>per</strong></span> <span class='ocrx_word' id='word_1_153' title='bbox 1665 1729 1876 1800; x_wconf 82' lang='lat' dir='ltr'><strong>flagella</strong></span> 
     </span>
    </p>
   </div>
   <div class='ocr_carea' id='block_1_22' title="bbox 283 1794 1878 1872">
    <p class='ocr_par' dir='ltr' id='par_1_22' title="bbox 283 1794 1878 1872">
     <span class='ocr_line' id='line_1_22' title="bbox 283 1794 1878 1872; baseline 0.005 -25"><span class='ocrx_word' id='word_1_154' title='bbox 283 1794 438 1851; x_wconf 83' lang='lat' dir='ltr'><strong>ﬁeret</strong></span> <span class='ocrx_word' id='word_1_155' title='bbox 460 1797 616 1852; x_wconf 90' lang='lat' dir='ltr'><strong>nobis</strong></span> <span class='ocrx_word' id='word_1_156' title='bbox 643 1794 1069 1872; x_wconf 54' lang='lat' dir='ltr'><strong>etsibimetipsif</strong></span> <span class='ocrx_word' id='word_1_157' title='bbox 1103 1794 1435 1872; x_wconf 84' lang='lat' dir='ltr'><strong>Disponente</strong></span> <span class='ocrx_word' id='word_1_158' title='bbox 1464 1794 1647 1872; x_wconf 45' lang='lat' dir='ltr'><strong>ita-que</strong></span> <span class='ocrx_word' id='word_1_159' title='bbox 1693 1794 1878 1855; x_wconf 81' lang='lat' dir='ltr'><strong>Domi-</strong></span> 
     </span>
    </p>
   </div>
   <div class='ocr_carea' id='block_1_23' title="bbox 282 1871 1876 1940">
    <p class='ocr_par' dir='ltr' id='par_1_23' title="bbox 282 1871 1876 1940">
     <span class='ocr_line' id='line_1_23' title="bbox 282 1871 1876 1940; baseline 0.004 -20"><span class='ocrx_word' id='word_1_160' title='bbox 282 1882 378 1933; x_wconf 92' lang='lat' dir='ltr'><strong>no,</strong></span> <span class='ocrx_word' id='word_1_161' title='bbox 396 1871 718 1940; x_wconf 87' lang='lat' dir='ltr'><strong>consumpti</strong></span> <span class='ocrx_word' id='word_1_162' title='bbox 743 1879 866 1925; x_wconf 91' lang='lat' dir='ltr'><strong>sunt</strong></span> <span class='ocrx_word' id='word_1_163' title='bbox 894 1885 1101 1939; x_wconf 82' lang='lat' dir='ltr'><strong>greges,</strong></span> <span class='ocrx_word' id='word_1_164' title='bbox 1131 1871 1396 1927; x_wconf 76' lang='lat' dir='ltr'><strong>interfecti</strong></span> <span class='ocrx_word' id='word_1_165' title='bbox 1421 1871 1690 1939; x_wconf 72' lang='lat' dir='ltr'><strong>custddes,</strong></span> <span class='ocrx_word' id='word_1_166' title='bbox 1719 1886 1876 1927; x_wconf 84' lang='lat' dir='ltr'><strong>ever-</strong></span> 
     </span>
    </p>
   </div>
   <div class='ocr_carea' id='block_1_24' title="bbox 281 1939 1876 2012">
    <p class='ocr_par' dir='ltr' id='par_1_24' title="bbox 281 1939 1876 2012">
     <span class='ocr_line' id='line_1_24' title="bbox 281 1939 1876 2012; baseline 0.004 -22"><span class='ocrx_word' id='word_1_167' title='bbox 281 1952 343 1991; x_wconf 76' lang='lat' dir='ltr'><strong>sa</strong></span> <span class='ocrx_word' id='word_1_168' title='bbox 375 1939 588 2012; x_wconf 85' lang='lat' dir='ltr'><strong>domus,</strong></span> <span class='ocrx_word' id='word_1_169' title='bbox 615 1939 864 1995; x_wconf 83' lang='lat' dir='ltr'><strong>exstincti</strong></span> <span class='ocrx_word' id='word_1_170' title='bbox 889 1943 1004 2006; x_wconf 85' lang='lat' dir='ltr'><strong>lilii,</strong></span> <span class='ocrx_word' id='word_1_171' title='bbox 1032 1957 1284 2012; x_wconf 86' lang='lat' dir='ltr'><strong>percussa</strong></span> <span class='ocrx_word' id='word_1_172' title='bbox 1308 1958 1433 1998; x_wconf 89' lang='lat' dir='ltr'><strong>caro</strong></span> <span class='ocrx_word' id='word_1_173' title='bbox 1462 1960 1490 1996; x_wconf 91' lang='lat' dir='ltr'><strong>a</strong></span> <span class='ocrx_word' id='word_1_174' title='bbox 1522 1943 1698 2012; x_wconf 87' lang='lat' dir='ltr'><strong>planta</strong></span> <span class='ocrx_word' id='word_1_175' title='bbox 1725 1942 1876 2012; x_wconf 88' lang='lat' dir='ltr'><strong>pedis</strong></span> 
     </span>
    </p>
   </div>
   <div class='ocr_carea' id='block_1_25' title="bbox 283 2009 1877 2081">
    <p class='ocr_par' dir='ltr' id='par_1_25' title="bbox 283 2009 1877 2081">
     <span class='ocr_line' id='line_1_25' title="bbox 283 2009 1877 2081; baseline 0.004 -20"><span class='ocrx_word' id='word_1_176' title='bbox 283 2024 458 2077; x_wconf 86' lang='lat' dir='ltr'><strong>usque</strong></span> <span class='ocrx_word' id='word_1_177' title='bbox 487 2009 551 2065; x_wconf 90' lang='lat' dir='ltr'><strong>ad</strong></span> <span class='ocrx_word' id='word_1_178' title='bbox 584 2012 860 2065; x_wconf 88' lang='lat' dir='ltr'><strong>verticem.</strong></span> <span class='ocrx_word' id='word_1_179' title='bbox 915 2009 1190 2067; x_wconf 73' lang='lat' dir='ltr'><strong>lleniansit</strong></span> <span class='ocrx_word' id='word_1_180' title='bbox 1241 2029 1379 2068; x_wconf 81' lang='lat' dir='ltr'><strong>uxor</strong></span> <span class='ocrx_word' id='word_1_181' title='bbox 1409 2009 1877 2081; x_wconf 38' lang='lat' dir='ltr'><strong>incolumis—qum</strong></span> 
     </span>
    </p>
   </div>
   <div class='ocr_carea' id='block_1_26' title="bbox 285 2080 1872 2151">
    <p class='ocr_par' dir='ltr' id='par_1_26' title="bbox 285 2080 1872 2151">
     <span class='ocr_line' id='line_1_26' title="bbox 285 2080 1872 2151; baseline 0.001 -18"><span class='ocrx_word' id='word_1_182' title='bbox 285 2080 576 2134; x_wconf 86' lang='lat' dir='ltr'><strong>verborum</strong></span> <span class='ocrx_word' id='word_1_183' title='bbox 599 2082 791 2149; x_wconf 87' lang='lat' dir='ltr'><strong>jaculis</strong></span> <span class='ocrx_word' id='word_1_184' title='bbox 817 2084 1038 2137; x_wconf 87' lang='lat' dir='ltr'><strong>vulnera</strong></span> <span class='ocrx_word' id='word_1_185' title='bbox 1067 2093 1316 2151; x_wconf 87' lang='lat' dir='ltr'><strong>augeret:</strong></span> <span class='ocrx_word' id='word_1_186' title='bbox 1349 2084 1445 2140; x_wconf 89' lang='lat' dir='ltr'><strong>sed</strong></span> <span class='ocrx_word' id='word_1_187' title='bbox 1476 2085 1615 2138; x_wconf 87' lang='lat' dir='ltr'><strong>hanc</strong></span> <span class='ocrx_word' id='word_1_188' title='bbox 1638 2085 1717 2138; x_wconf 91' lang='lat' dir='ltr'><strong>vir</strong></span> <span class='ocrx_word' id='word_1_189' title='bbox 1743 2080 1872 2138; x_wconf 82' lang='lat' dir='ltr'><strong>san-</strong></span> 
     </span>
    </p>
   </div>
   <div class='ocr_carea' id='block_1_27' title="bbox 281 2151 1872 2224">
    <p class='ocr_par' dir='ltr' id='par_1_27' title="bbox 281 2151 1872 2224">
     <span class='ocr_line' id='line_1_27' title="bbox 281 2151 1872 2224; baseline 0.003 -20"><span class='ocrx_word' id='word_1_190' title='bbox 281 2157 406 2206; x_wconf 89' lang='lat' dir='ltr'><strong>ctus</strong></span> <span class='ocrx_word' id='word_1_191' title='bbox 437 2151 490 2224; x_wconf 83' lang='lat' dir='ltr'><strong>in</strong></span> <span class='ocrx_word' id='word_1_192' title='bbox 521 2153 838 2218; x_wconf 87' lang='lat' dir='ltr'><strong>tentatione,</strong></span> <span class='ocrx_word' id='word_1_193' title='bbox 880 2168 1040 2208; x_wconf 89' lang='lat' dir='ltr'><strong>sanus</strong></span> <span class='ocrx_word' id='word_1_194' title='bbox 1069 2155 1120 2207; x_wconf 90' lang='lat' dir='ltr'><strong>in</strong></span> <span class='ocrx_word' id='word_1_195' title='bbox 1152 2156 1392 2222; x_wconf 88' lang='lat' dir='ltr'><strong>vulnere,</strong></span> <span class='ocrx_word' id='word_1_196' title='bbox 1442 2154 1734 2224; x_wconf 90' lang='lat' dir='ltr'><strong>prudenter</strong></span> <span class='ocrx_word' id='word_1_197' title='bbox 1770 2153 1872 2208; x_wconf 92' lang='lat' dir='ltr'><strong>do-</strong></span> 
     </span>
    </p>
   </div>
   <div class='ocr_carea' id='block_1_28' title="bbox 281 2222 1875 2294">
    <p class='ocr_par' dir='ltr' id='par_1_28' title="bbox 281 2222 1875 2294">
     <span class='ocr_line' id='line_1_28' title="bbox 281 2222 1875 2294; baseline 0.003 -21"><span class='ocrx_word' id='word_1_198' title='bbox 281 2229 394 2285; x_wconf 88' lang='lat' dir='ltr'><strong>cet,</strong></span> <span class='ocrx_word' id='word_1_199' title='bbox 429 2222 588 2294; x_wconf 78' lang='lat' dir='ltr'><strong>eique</strong></span> <span class='ocrx_word' id='word_1_200' title='bbox 631 2225 946 2294; x_wconf 87' lang='lat' dir='ltr'><strong>respondet,</strong></span> <span class='ocrx_word' id='word_1_201' title='bbox 975 2226 1182 2279; x_wconf 89' lang='lat' dir='ltr'><strong>dicens:</strong></span> <span class='ocrx_word' id='word_1_202' title='bbox 1215 2225 1274 2280; x_wconf 97' lang='lat' dir='ltr'><strong>Si</strong></span> <span class='ocrx_word' id='word_1_203' title='bbox 1306 2222 1782 2290; x_wconf 41' lang='lat' dir='ltr'><strong>bona—suscepimus</strong></span> <span class='ocrx_word' id='word_1_204' title='bbox 1813 2224 1875 2278; x_wconf 86' lang='lat' dir='ltr'><strong>de</strong></span> 
     </span>
    </p>
   </div>
   <div class='ocr_carea' id='block_1_29' title="bbox 284 2291 1876 2367">
    <p class='ocr_par' dir='ltr' id='par_1_29' title="bbox 284 2291 1876 2367">
     <span class='ocr_line' id='line_1_29' title="bbox 284 2291 1876 2367; baseline 0.005 -25"><span class='ocrx_word' id='word_1_205' title='bbox 284 2291 701 2367; x_wconf 32' lang='lat' dir='ltr'><strong>manu‘Domini,</strong></span> <span class='ocrx_word' id='word_1_206' title='bbox 720 2291 861 2367; x_wconf 82' lang='lat' dir='ltr'><strong>mala</strong></span> <span class='ocrx_word' id='word_1_207' title='bbox 881 2312 1036 2366; x_wconf 88' lang='lat' dir='ltr'><strong>quare</strong></span> <span class='ocrx_word' id='word_1_208' title='bbox 1048 2312 1162 2367; x_wconf 80' lang='lat' dir='ltr'><strong>non</strong></span> <span class='ocrx_word' id='word_1_209' title='bbox 1187 2299 1524 2366; x_wconf 81' lang='lat' dir='ltr'><strong>suscipiamus</strong></span> <span class='ocrx_word' id='word_1_210' title='bbox 1544 2295 1664 2367; x_wconf 85' lang='lat' dir='ltr'><strong>(Job</strong></span> <span class='ocrx_word' id='word_1_211' title='bbox 1688 2297 1876 2365; x_wconf 70' lang='lat'><strong>11,10)?</strong></span> 
     </span>
    </p>
   </div>
   <div class='ocr_carea' id='block_1_30' title="bbox 284 2361 1878 2433">
    <p class='ocr_par' dir='ltr' id='par_1_30' title="bbox 284 2361 1878 2433">
     <span class='ocr_line' id='line_1_30' title="bbox 284 2361 1878 2433; baseline 0.004 -19"><span class='ocrx_word' id='word_1_212' title='bbox 284 2361 463 2433; x_wconf 83' lang='lat' dir='ltr'><strong>Amici</strong></span> <span class='ocrx_word' id='word_1_213' title='bbox 509 2378 724 2433; x_wconf 88' lang='lat' dir='ltr'><strong>quoque</strong></span> <span class='ocrx_word' id='word_1_214' title='bbox 778 2366 844 2419; x_wconf 90' lang='lat' dir='ltr'><strong>ad</strong></span> <span class='ocrx_word' id='word_1_215' title='bbox 875 2361 1259 2420; x_wconf 79' lang='lat' dir='ltr'><strong>consolandum</strong></span> <span class='ocrx_word' id='word_1_216' title='bbox 1290 2361 1527 2432; x_wconf 82' lang='lat' dir='ltr'><strong>veniunt,</strong></span> <span class='ocrx_word' id='word_1_217' title='bbox 1553 2361 1640 2420; x_wconf 55' lang='lat' dir='ltr'><strong>&#39;ad</strong></span> <span class='ocrx_word' id='word_1_218' title='bbox 1685 2361 1878 2422; x_wconf 82' lang='lat' dir='ltr'><strong>centu-</strong></span> 
     </span>
    </p>
   </div>
   <div class='ocr_carea' id='block_1_31' title="bbox 285 2431 1878 2507">
    <p class='ocr_par' dir='ltr' id='par_1_31' title="bbox 285 2431 1878 2507">
     <span class='ocr_line' id='line_1_31' title="bbox 285 2431 1878 2507; baseline 0.004 -23"><span class='ocrx_word' id='word_1_219' title='bbox 285 2431 479 2507; x_wconf 75' lang='lat' dir='ltr'><strong>melias</strong></span> <span class='ocrx_word' id='word_1_220' title='bbox 525 2431 898 2507; x_wconf 76' lang='lat' dir='ltr'><strong>prorumpunt,</strong></span> <span class='ocrx_word' id='word_1_221' title='bbox 926 2446 980 2491; x_wconf 87' lang='lat' dir='ltr'><strong>et</strong></span> <span class='ocrx_word' id='word_1_222' title='bbox 1031 2438 1082 2490; x_wconf 92' lang='lat' dir='ltr'><strong>in</strong></span> <span class='ocrx_word' id='word_1_223' title='bbox 1113 2437 1303 2492; x_wconf 89' lang='lat' dir='ltr'><strong>dolore</strong></span> <span class='ocrx_word' id='word_1_224' title='bbox 1347 2431 1630 2492; x_wconf 86' lang='lat' dir='ltr'><strong>vulnerum</strong></span> <span class='ocrx_word' id='word_1_225' title='bbox 1676 2437 1878 2492; x_wconf 89' lang='lat' dir='ltr'><strong>addunt</strong></span> 
     </span>
    </p>
   </div>
   <div class='ocr_carea' id='block_1_32' title="bbox 286 2502 1876 2575">
    <p class='ocr_par' dir='ltr' id='par_1_32' title="bbox 286 2502 1876 2575">
     <span class='ocr_line' id='line_1_32' title="bbox 286 2502 1876 2575; baseline 0.003 -19"><span class='ocrx_word' id='word_1_226' title='bbox 286 2502 466 2558; x_wconf 87' lang='lat' dir='ltr'><strong>adhuc</strong></span> <span class='ocrx_word' id='word_1_227' title='bbox 511 2502 1097 2562; x_wconf 56' lang='lat' dir='ltr'><strong>vulnera&#39;verborum:</strong></span> <span class='ocrx_word' id='word_1_228' title='bbox 1147 2508 1622 2564; x_wconf 71' lang='lat' dir='ltr'><strong>inmisericordem</strong></span> <span class='ocrx_word' id='word_1_229' title='bbox 1669 2507 1876 2575; x_wconf 90' lang='lat' dir='ltr'><strong>dicunt,</strong></span> 
     </span>
    </p>
   </div>
   <div class='ocr_carea' id='block_1_33' title="bbox 285 2577 1879 2648">
    <p class='ocr_par' dir='ltr' id='par_1_33' title="bbox 285 2577 1879 2648">
     <span class='ocr_line' id='line_1_33' title="bbox 285 2577 1879 2648; baseline 0.005 -23"><span class='ocrx_word' id='word_1_230' title='bbox 285 2584 562 2643; x_wconf 83' lang='lat' dir='ltr'><strong>raptorem</strong></span> <span class='ocrx_word' id='word_1_231' title='bbox 588 2578 887 2642; x_wconf 88' lang='lat' dir='ltr'><strong>nominant,</strong></span> <span class='ocrx_word' id='word_1_232' title='bbox 917 2578 1208 2632; x_wconf 85' lang='lat' dir='ltr'><strong>violentum</strong></span> <span class='ocrx_word' id='word_1_233' title='bbox 1238 2577 1574 2641; x_wconf 82' lang='lat' dir='ltr'><strong>denuntiant,</strong></span> <span class='ocrx_word' id='word_1_234' title='bbox 1594 2593 1879 2648; x_wconf 90' lang='lat' dir='ltr'><strong>oppresso-</strong></span> 
     </span>
    </p>
   </div>
   <div class='ocr_carea' id='block_1_34' title="bbox 287 2649 1880 2716">
    <p class='ocr_par' dir='ltr' id='par_1_34' title="bbox 287 2649 1880 2716">
     <span class='ocr_line' id='line_1_34' title="bbox 287 2649 1880 2716; baseline 0.003 -20"><span class='ocrx_word' id='word_1_235' title='bbox 287 2659 404 2716; x_wconf 79' lang='lat' dir='ltr'><strong>rem</strong></span> <span class='ocrx_word' id='word_1_236' title='bbox 429 2662 722 2716; x_wconf 82' lang='lat' dir='ltr'><strong>pauperum</strong></span> <span class='ocrx_word' id='word_1_237' title='bbox 756 2650 1006 2702; x_wconf 88' lang='lat' dir='ltr'><strong>fatentur.</strong></span> <span class='ocrx_word' id='word_1_238' title='bbox 1030 2650 1168 2715; x_wconf 84' lang='lat' dir='ltr'><strong>Quid</strong></span> <span class='ocrx_word' id='word_1_239' title='bbox 1190 2649 1349 2716; x_wconf 81' lang='lat' dir='ltr'><strong>igitur</strong></span> <span class='ocrx_word' id='word_1_240' title='bbox 1377 2650 1530 2702; x_wconf 90' lang='lat' dir='ltr'><strong>miles</strong></span> <span class='ocrx_word' id='word_1_241' title='bbox 1557 2649 1649 2702; x_wconf 88' lang='lat' dir='ltr'><strong>Dei</strong></span> <span class='ocrx_word' id='word_1_242' title='bbox 1679 2652 1880 2703; x_wconf 88' lang='lat' dir='ltr'><strong>faceret</strong></span> 
     </span>
    </p>
   </div>
   <div class='ocr_carea' id='block_1_35' title="bbox 288 2713 1879 2786">
    <p class='ocr_par' dir='ltr' id='par_1_35' title="bbox 288 2713 1879 2786">
     <span class='ocr_line' id='line_1_35' title="bbox 288 2713 1879 2786; baseline 0.003 -20"><span class='ocrx_word' id='word_1_243' title='bbox 288 2713 441 2786; x_wconf 83' lang='lat' dir='ltr'><strong>i_uter</strong></span> <span class='ocrx_word' id='word_1_244' title='bbox 465 2713 697 2786; x_wconf 74' lang='lat' dir='ltr'><strong>dolentia</strong></span> <span class='ocrx_word' id='word_1_245' title='bbox 740 2719 980 2783; x_wconf 88' lang='lat' dir='ltr'><strong>vulnera,</strong></span> <span class='ocrx_word' id='word_1_246' title='bbox 1023 2713 1078 2772; x_wconf 83' lang='lat' dir='ltr'><strong>et</strong></span> <span class='ocrx_word' id='word_1_247' title='bbox 1123 2713 1307 2772; x_wconf 76' lang='lat' dir='ltr'><strong>amara</strong></span> <span class='ocrx_word' id='word_1_248' title='bbox 1355 2719 1516 2772; x_wconf 86' lang='lat' dir='ltr'><strong>verba</strong></span> <span class='ocrx_word' id='word_1_249' title='bbox 1559 2719 1879 2786; x_wconf 84' lang='lat' dir='ltr'><strong>depressus?</strong></span> 
     </span>
    </p>
   </div>
   <div class='ocr_carea' id='block_1_36' title="bbox 288 2781 1880 2853">
    <p class='ocr_par' dir='ltr' id='par_1_36' title="bbox 288 2781 1880 2853">
     <span class='ocr_line' id='line_1_36' title="bbox 288 2781 1880 2853; baseline 0.006 -19"><span class='ocrx_word' id='word_1_250' title='bbox 288 2781 431 2838; x_wconf 78' lang='lat' dir='ltr'><strong>Ecce</strong></span> <span class='ocrx_word' id='word_1_251' title='bbox 477 2782 682 2853; x_wconf 83' lang='lat' dir='ltr'><strong>flagella</strong></span> <span class='ocrx_word' id='word_1_252' title='bbox 713 2787 806 2841; x_wconf 84' lang='lat' dir='ltr'><strong>Dei</strong></span> <span class='ocrx_word' id='word_1_253' title='bbox 849 2797 902 2842; x_wconf 90' lang='lat' dir='ltr'><strong>et</strong></span> <span class='ocrx_word' id='word_1_254' title='bbox 943 2781 1106 2842; x_wconf 85' lang='lat' dir='ltr'><strong>verba</strong></span> <span class='ocrx_word' id='word_1_255' title='bbox 1159 2789 1435 2843; x_wconf 87' lang='lat' dir='ltr'><strong>hominum</strong></span> <span class='ocrx_word' id='word_1_256' title='bbox 1482 2781 1642 2842; x_wconf 79' lang='lat' dir='ltr'><strong>simul</strong></span> <span class='ocrx_word' id='word_1_257' title='bbox 1697 2788 1880 2843; x_wconf 84' lang='lat' dir='ltr'><strong>aﬂlicti</strong></span> 
     </span>
    </p>
   </div>
   <div class='ocr_carea' id='block_1_37' title="bbox 289 2854 1881 2934">
    <p class='ocr_par' dir='ltr' id='par_1_37' title="bbox 289 2854 1881 2934">
     <span class='ocr_line' id='line_1_37' title="bbox 289 2854 1881 2934; baseline 0.004 -29"><span class='ocrx_word' id='word_1_258' title='bbox 289 2854 531 2934; x_wconf 81' lang='lat' dir='ltr'><strong>animum</strong></span> <span class='ocrx_word' id='word_1_259' title='bbox 580 2856 647 2934; x_wconf 82' lang='lat' dir='ltr'><strong>ad</strong></span> <span class='ocrx_word' id='word_1_260' title='bbox 677 2858 1158 2934; x_wconf 87' lang='lat' dir='ltr'><strong>_desperati_oncm_</strong></span> <span class='ocrx_word' id='word_1_261' title='bbox 1201 2867 1479 2934; x_wconf 77' lang='lat' dir='ltr'><strong>premunt;</strong></span> <span class='ocrx_word' id='word_1_262' title='bbox 1542 2857 1638 2912; x_wconf 86' lang='lat' dir='ltr'><strong>sed</strong></span> <span class='ocrx_word' id='word_1_263' title='bbox 1691 2859 1881 2934; x_wconf 84' lang='lat' dir='ltr'><strong>plenus</strong></span> 
     </span>
    </p>
   </div>
   <div class='ocr_carea' id='block_1_38' title="bbox 294 2926 1882 2998">
    <p class='ocr_par' dir='ltr' id='par_1_38' title="bbox 294 2926 1882 2998">
     <span class='ocr_line' id='line_1_38' title="bbox 294 2926 1882 2998; baseline 0.003 -20"><span class='ocrx_word' id='word_1_264' title='bbox 294 2926 496 2998; x_wconf 59' lang='lat' dir='ltr'><strong>viptute</strong></span> <span class='ocrx_word' id='word_1_265' title='bbox 559 2926 798 2996; x_wconf 90' lang='lat' dir='ltr'><strong>spiritus,</strong></span> <span class='ocrx_word' id='word_1_266' title='bbox 841 2931 1018 2984; x_wconf 89' lang='lat' dir='ltr'><strong>carnis</strong></span> <span class='ocrx_word' id='word_1_267' title='bbox 1071 2926 1381 2984; x_wconf 78' lang='lat' dir='ltr'><strong>vulneribus</strong></span> <span class='ocrx_word' id='word_1_268' title='bbox 1422 2929 1628 2998; x_wconf 88' lang='lat' dir='ltr'><strong>jacens,</strong></span> <span class='ocrx_word' id='word_1_269' title='bbox 1688 2926 1882 2982; x_wconf 84' lang='lat' dir='ltr'><strong>mentis</strong></span> 
     </span>
    </p>
   </div>
   <div class='ocr_carea' id='block_1_39' title="bbox 289 2993 1882 3070">
    <p class='ocr_par' dir='ltr' id='par_1_39' title="bbox 289 2993 1882 3070">
     <span class='ocr_line' id='line_1_39' title="bbox 289 2993 1882 3070; baseline 0.003 -21"><span class='ocrx_word' id='word_1_270' title='bbox 289 2993 492 3070; x_wconf 81' lang='lat' dir='ltr'><strong>robore</strong></span> <span class='ocrx_word' id='word_1_271' title='bbox 521 2993 688 3070; x_wconf 80' lang='lat' dir='ltr'><strong>stans,</strong></span> <span class='ocrx_word' id='word_1_272' title='bbox 714 3007 901 3054; x_wconf 92' lang='lat' dir='ltr'><strong>contra</strong></span> <span class='ocrx_word' id='word_1_273' title='bbox 928 2998 1319 3068; x_wconf 83' lang='lat' dir='ltr'><strong>desperationis</strong></span> <span class='ocrx_word' id='word_1_274' title='bbox 1347 2993 1635 3070; x_wconf 84' lang='lat' dir='ltr'><strong>impulsum</strong></span> <span class='ocrx_word' id='word_1_275' title='bbox 1669 3000 1882 3070; x_wconf 77' lang='lat' dir='ltr'><strong>reduxit</strong></span> 
     </span>
    </p>
   </div>
   <div class='ocr_carea' id='block_1_40' title="bbox 289 3065 1883 3138">
    <p class='ocr_par' dir='ltr' id='par_1_40' title="bbox 289 3065 1883 3138">
     <span class='ocr_line' id='line_1_40' title="bbox 289 3065 1883 3138; baseline 0.005 -23"><span class='ocrx_word' id='word_1_276' title='bbox 289 3065 358 3138; x_wconf 78' lang='lat' dir='ltr'><strong>ad</strong></span> <span class='ocrx_word' id='word_1_277' title='bbox 410 3068 722 3122; x_wconf 89' lang='lat' dir='ltr'><strong>memoriam</strong></span> <span class='ocrx_word' id='word_1_278' title='bbox 771 3070 910 3125; x_wconf 91' lang='lat' dir='ltr'><strong>bona</strong></span> <span class='ocrx_word' id='word_1_279' title='bbox 965 3065 1082 3137; x_wconf 62' lang='lat' dir='ltr'><strong>quin</strong></span> <span class='ocrx_word' id='word_1_280' title='bbox 1128 3079 1330 3138; x_wconf 84' lang='lat' dir='ltr'><strong>egerat.</strong></span> <span class='ocrx_word' id='word_1_281' title='bbox 1390 3065 1523 3138; x_wconf 74' lang='lat' dir='ltr'><strong>Quia</strong></span> <span class='ocrx_word' id='word_1_282' title='bbox 1573 3069 1883 3126; x_wconf 89' lang='lat' dir='ltr'><strong>misericors</strong></span> 
     </span>
    </p>
   </div>
   <div class='ocr_carea' id='block_1_41' title="bbox 288 3135 1882 3213">
    <p class='ocr_par' dir='ltr' id='par_1_41' title="bbox 288 3135 1882 3213">
     <span class='ocr_line' id='line_1_41' title="bbox 288 3135 1882 3213; baseline 0.004 -24"><span class='ocrx_word' id='word_1_283' title='bbox 288 3135 701 3213; x_wconf 69' lang='lat' dir='ltr'><strong>literat,__dicit:</strong></span> <span class='ocrx_word' id='word_1_284' title='bbox 736 3139 928 3194; x_wconf 80' lang='lat' dir='ltr'><strong>Oculus</strong></span> <span class='ocrx_word' id='word_1_285' title='bbox 973 3135 1061 3213; x_wconf 56' lang='grc' dir='ltr'><strong>[αξ</strong></span> <span class='ocrx_word' id='word_1_286' title='bbox 1094 3135 1246 3207; x_wconf 63' lang='lat' dir='ltr'><strong>casco,</strong></span> <span class='ocrx_word' id='word_1_287' title='bbox 1280 3149 1329 3195; x_wconf 86' lang='lat' dir='ltr'><strong>et</strong></span> <span class='ocrx_word' id='word_1_288' title='bbox 1358 3135 1446 3213; x_wconf 74' lang='lat' dir='ltr'><strong>pes</strong></span> <span class='ocrx_word' id='word_1_289' title='bbox 1499 3141 1685 3194; x_wconf 83' lang='lat' dir='ltr'><strong>claudo</strong></span> <span class='ocrx_word' id='word_1_290' title='bbox 1731 3138 1882 3213; x_wconf 80' lang='lat' dir='ltr'><strong>(Job</strong></span> 
     </span>
    </p>
   </div>
   <div class='ocr_carea' id='block_1_42' title="bbox 287 3207 1880 3283">
    <p class='ocr_par' dir='ltr' id='par_1_42' title="bbox 287 3207 1880 3283">
     <span class='ocr_line' id='line_1_42' title="bbox 287 3207 1880 3283; baseline 0.004 -23"><span class='ocrx_word' id='word_1_291' title='bbox 287 3223 443 3283; x_wconf 50' lang='lat' dir='ltr'><strong>strix,</strong></span> <span class='ocrx_word' id='word_1_292' title='bbox 471 3208 595 3283; x_wconf 65' lang='lat' dir='ltr'><strong>t5).</strong></span> <span class='ocrx_word' id='word_1_293' title='bbox 625 3207 689 3262; x_wconf 87' lang='lat' dir='ltr'><strong>Et</strong></span> <span class='ocrx_word' id='word_1_294' title='bbox 717 3226 929 3283; x_wconf 84' lang='lat' dir='ltr'><strong>rursum</strong></span> <span class='ocrx_word' id='word_1_295' title='bbox 944 3207 983 3283; x_wconf 73' lang='lat' dir='ltr'><strong>_i</strong></span> <span class='ocrx_word' id='word_1_296' title='bbox 1027 3211 1188 3265; x_wconf 84' lang='lat' dir='ltr'><strong>Pater</strong></span> <span class='ocrx_word' id='word_1_297' title='bbox 1215 3207 1662 3283; x_wconf 57' lang='lat' dir='ltr'><strong>erant&#39;pauperum</strong></span> <span class='ocrx_word' id='word_1_298' title='bbox 1690 3214 1708 3281; x_wconf 97' lang='lat'><strong>(</strong></span> <span class='ocrx_word' id='word_1_299' title='bbox 1731 3207 1880 3269; x_wconf 87' lang='lat' dir='ltr'><strong>Vers.</strong></span> 
     </span>
    </p>
   </div>
   <div class='ocr_carea' id='block_1_43' title="bbox 286 3277 1881 3358">
    <p class='ocr_par' dir='ltr' id='par_1_43' title="bbox 286 3277 1881 3358">
     <span class='ocr_line' id='line_1_43' title="bbox 286 3277 1881 3358; baseline 0.004 -26"><span class='ocrx_word' id='word_1_300' title='bbox 286 3277 412 3358; x_wconf 48' lang='lat' dir='ltr'><strong>infit.</strong></span> <span class='ocrx_word' id='word_1_301' title='bbox 460 3279 594 3358; x_wconf 79' lang='lat' dir='ltr'><strong>Quia</strong></span> <span class='ocrx_word' id='word_1_302' title='bbox 648 3290 703 3334; x_wconf 91' lang='lat' dir='ltr'><strong>et</strong></span> <span class='ocrx_word' id='word_1_303' title='bbox 748 3281 1043 3358; x_wconf 75' lang='lat' dir='ltr'><strong>disciplina:</strong></span> <span class='ocrx_word' id='word_1_304' title='bbox 1073 3277 1652 3358; x_wconf 60' lang='lat' dir='ltr'><strong>eustos,_et&#39;benignus</strong></span> <span class='ocrx_word' id='word_1_305' title='bbox 1699 3277 1881 3358; x_wconf 80' lang='lat' dir='ltr'><strong>fuerit,</strong></span> 
     </span>
    </p>
   </div>
   <div class='ocr_carea' id='block_1_44' title="bbox 282 3349 1885 3425">
    <p class='ocr_par' dir='ltr' id='par_1_44' title="bbox 282 3349 1885 3425">
     <span class='ocr_line' id='line_1_44' title="bbox 282 3349 1885 3425; baseline 0.001 -20"><span class='ocrx_word' id='word_1_306' title='bbox 282 3349 414 3405; x_wconf 87' lang='lat' dir='ltr'><strong>dicit</strong></span> <span class='ocrx_word' id='word_1_307' title='bbox 436 3368 448 3402; x_wconf 90' lang='lat'><strong><em>:</em></strong></span> <span class='ocrx_word' id='word_1_308' title='bbox 475 3350 698 3423; x_wconf 82' lang='lat' dir='ltr'><strong>Cumque</strong></span> <span class='ocrx_word' id='word_1_309' title='bbox 718 3349 941 3406; x_wconf 41' lang='lat' dir='ltr'><strong>sedere-nt</strong></span> <span class='ocrx_word' id='word_1_310' title='bbox 959 3355 1104 3425; x_wconf 83' lang='lat' dir='ltr'><strong>quasi</strong></span> <span class='ocrx_word' id='word_1_311' title='bbox 1131 3371 1242 3419; x_wconf 70' lang='lat' dir='ltr'><strong>rex,</strong></span> <span class='ocrx_word' id='word_1_312' title='bbox 1259 3349 1621 3425; x_wconf 76' lang='lat' dir='ltr'><strong>circumstante</strong></span> <span class='ocrx_word' id='word_1_313' title='bbox 1635 3349 1885 3425; x_wconf 66' lang='lat' dir='ltr'><strong>exercitu,</strong></span> 
     </span>
    </p>
   </div>
   <div class='ocr_carea' id='block_1_45' title="bbox 282 3423 1883 3494">
    <p class='ocr_par' dir='ltr' id='par_1_45' title="bbox 282 3423 1883 3494">
     <span class='ocr_line' id='line_1_45' title="bbox 282 3423 1883 3494; baseline 0.004 -20"><span class='ocrx_word' id='word_1_314' title='bbox 282 3429 642 3494; x_wconf 60' lang='lat' dir='ltr'><strong>eramtamen</strong></span> <span class='ocrx_word' id='word_1_315' title='bbox 689 3423 1008 3478; x_wconf 72' lang='lat' dir='ltr'><strong>num-entiam</strong></span> <span class='ocrx_word' id='word_1_316' title='bbox 1039 3426 1329 3478; x_wconf 74' lang='lat' dir='ltr'><strong>consolator</strong></span> <span class='ocrx_word' id='word_1_317' title='bbox 1357 3426 1372 3492; x_wconf 96' lang='lat'><strong>(</strong></span> <span class='ocrx_word' id='word_1_318' title='bbox 1404 3425 1548 3480; x_wconf 79' lang='lat' dir='ltr'><strong>Vers.</strong></span> <span class='ocrx_word' id='word_1_319' title='bbox 1593 3423 1720 3494; x_wconf 82' lang='grc'><strong>25).</strong></span> <span class='ocrx_word' id='word_1_320' title='bbox 1747 3424 1883 3491; x_wconf 84' lang='lat' dir='ltr'><strong>Quia</strong></span> 
     </span>
    </p>
   </div>
   <div class='ocr_carea' id='block_1_46' title="bbox 1903 2117 1952 2179">
    <p class='ocr_par' dir='ltr' id='par_1_46' title="bbox 1903 2117 1952 2179">
     <span class='ocr_line' id='line_1_46' title="bbox 1903 2117 1952 2179; baseline 0 0"><span class='ocrx_word' id='word_1_321' title='bbox 1903 2117 1952 2179; x_wconf 91' lang='lat' dir='ltr'><strong>B</strong></span> 
     </span>
    </p>
   </div>
   <div class='ocr_carea' id='block_1_47' title="bbox 1949 2216 3326 2284">
    <p class='ocr_par' dir='ltr' id='par_1_47' title="bbox 1949 2216 3326 2284">
     <span class='ocr_line' id='line_1_47' title="bbox 1949 2216 3326 2284; baseline -0.001 -13"><span class='ocrx_word' id='word_1_322' title='bbox 1949 2233 1956 2261; x_wconf 79' lang='lat'><strong>1</strong></span> <span class='ocrx_word' id='word_1_323' title='bbox 1980 2231 2134 2284; x_wconf 89' lang='lat' dir='ltr'><strong>neus,</strong></span> <span class='ocrx_word' id='word_1_324' title='bbox 2155 2217 2395 2272; x_wconf 86' lang='lat' dir='ltr'><strong>dicebat:</strong></span> <span class='ocrx_word' id='word_1_325' title='bbox 2426 2216 2626 2272; x_wconf 84' lang='lat' dir='ltr'><strong>Nostra</strong></span> <span class='ocrx_word' id='word_1_326' title='bbox 2647 2219 2966 2272; x_wconf 84' lang='lat' dir='ltr'><strong>conversatio</strong></span> <span class='ocrx_word' id='word_1_327' title='bbox 2991 2219 3044 2273; x_wconf 88' lang='lat' dir='ltr'><strong>in</strong></span> <span class='ocrx_word' id='word_1_328' title='bbox 3065 2219 3206 2272; x_wconf 68' lang='lat' dir='ltr'><strong>costis</strong></span> <span class='ocrx_word' id='word_1_329' title='bbox 3229 2227 3326 2271; x_wconf 85' lang='lat' dir='ltr'><strong>est.</strong></span> 
     </span>
    </p>
   </div>
   <div class='ocr_carea' id='block_1_48' title="bbox 1966 600 3546 667">
    <p class='ocr_par' dir='ltr' id='par_1_48' title="bbox 1966 600 3546 667">
     <span class='ocr_line' id='line_1_48' title="bbox 1966 600 3546 667; baseline 0.001 -14"><span class='ocrx_word' id='word_1_330' title='bbox 1966 615 2152 653; x_wconf 84' lang='lat' dir='ltr'><strong>norum</strong></span> <span class='ocrx_word' id='word_1_331' title='bbox 2201 615 2267 653; x_wconf 89' lang='lat' dir='ltr'><strong>ne</strong></span> <span class='ocrx_word' id='word_1_332' title='bbox 2307 600 2574 653; x_wconf 88' lang='lat' dir='ltr'><strong>immemor</strong></span> <span class='ocrx_word' id='word_1_333' title='bbox 2623 602 2695 654; x_wconf 81' lang='lat' dir='ltr'><strong>sis</strong></span> <span class='ocrx_word' id='word_1_334' title='bbox 2739 601 3030 660; x_wconf 84' lang='lat' dir='ltr'><strong>malorum:</strong></span> <span class='ocrx_word' id='word_1_335' title='bbox 3059 608 3112 654; x_wconf 88' lang='lat' dir='ltr'><strong>et</strong></span> <span class='ocrx_word' id='word_1_336' title='bbox 3162 601 3246 655; x_wconf 83' lang='lat' dir='ltr'><strong>die</strong></span> <span class='ocrx_word' id='word_1_337' title='bbox 3269 603 3546 667; x_wconf 80' lang='lat' dir='ltr'><strong>malorum,</strong></span> 
     </span>
    </p>
   </div>
   <div class='ocr_carea' id='block_1_49' title="bbox 1965 669 3550 740">
    <p class='ocr_par' dir='ltr' id='par_1_49' title="bbox 1965 669 3550 740">
     <span class='ocr_line' id='line_1_49' title="bbox 1965 669 3550 740; baseline 0.003 -18"><span class='ocrx_word' id='word_1_338' title='bbox 1965 685 2032 724; x_wconf 76' lang='lat' dir='ltr'><strong>ne</strong></span> <span class='ocrx_word' id='word_1_339' title='bbox 2053 670 2318 724; x_wconf 73' lang='lat' dir='ltr'><strong>immemor</strong></span> <span class='ocrx_word' id='word_1_340' title='bbox 2335 671 2408 723; x_wconf 82' lang='lat' dir='ltr'><strong>sis</strong></span> <span class='ocrx_word' id='word_1_341' title='bbox 2432 672 2678 725; x_wconf 77' lang='lat' dir='ltr'><strong>bonorum</strong></span> <span class='ocrx_word' id='word_1_342' title='bbox 2699 669 2892 739; x_wconf 86' lang='lat' dir='ltr'><strong>(Eccle.</strong></span> <span class='ocrx_word' id='word_1_343' title='bbox 2911 687 2985 735; x_wconf 74' lang='grc' dir='ltr'><strong>ιι,</strong></span> <span class='ocrx_word' id='word_1_344' title='bbox 3007 670 3122 740; x_wconf 80' lang='grc'><strong>27).</strong></span> <span class='ocrx_word' id='word_1_345' title='bbox 3151 670 3208 724; x_wconf 92' lang='lat' dir='ltr'><strong>Si</strong></span> <span class='ocrx_word' id='word_1_346' title='bbox 3229 673 3392 737; x_wconf 87' lang='lat' dir='ltr'><strong>enim,</strong></span> <span class='ocrx_word' id='word_1_347' title='bbox 3423 685 3550 726; x_wconf 83' lang='lat' dir='ltr'><strong>cum</strong></span> 
     </span>
    </p>
   </div>
   <div class='ocr_carea' id='block_1_50' title="bbox 1969 740 3552 810">
    <p class='ocr_par' dir='ltr' id='par_1_50' title="bbox 1969 740 3552 810">
     <span class='ocr_line' id='line_1_50' title="bbox 1969 740 3552 810; baseline 0.001 -16"><span class='ocrx_word' id='word_1_348' title='bbox 1969 740 2024 795; x_wconf 90' lang='lat' dir='ltr'><strong>in</strong></span> <span class='ocrx_word' id='word_1_349' title='bbox 2077 740 2233 795; x_wconf 90' lang='lat' dir='ltr'><strong>bonis</strong></span> <span class='ocrx_word' id='word_1_350' title='bbox 2272 755 2480 808; x_wconf 88' lang='lat' dir='ltr'><strong>sumus,</strong></span> <span class='ocrx_word' id='word_1_351' title='bbox 2522 740 2796 810; x_wconf 85' lang='lat' dir='ltr'><strong>malorum</strong></span> <span class='ocrx_word' id='word_1_352' title='bbox 2840 741 3236 796; x_wconf 87' lang='lat' dir='ltr'><strong>reminiscimur</strong></span> <span class='ocrx_word' id='word_1_353' title='bbox 3283 755 3402 810; x_wconf 74' lang='lat' dir='ltr'><strong>qua:</strong></span> <span class='ocrx_word' id='word_1_354' title='bbox 3454 748 3552 795; x_wconf 90' lang='lat' dir='ltr'><strong>aut</strong></span> 
     </span>
    </p>
   </div>
   <div class='ocr_carea' id='block_1_51' title="bbox 1969 809 3555 882">
    <p class='ocr_par' dir='ltr' id='par_1_51' title="bbox 1969 809 3555 882">
     <span class='ocr_line' id='line_1_51' title="bbox 1969 809 3555 882; baseline 0.001 -18"><span class='ocrx_word' id='word_1_355' title='bbox 1969 812 2108 880; x_wconf 87' lang='lat' dir='ltr'><strong>passi</strong></span> <span class='ocrx_word' id='word_1_356' title='bbox 2138 825 2321 865; x_wconf 91' lang='lat' dir='ltr'><strong>sumus</strong></span> <span class='ocrx_word' id='word_1_357' title='bbox 2349 818 2443 882; x_wconf 90' lang='lat' dir='ltr'><strong>aut</strong></span> <span class='ocrx_word' id='word_1_358' title='bbox 2469 809 2642 865; x_wconf 89' lang='lat' dir='ltr'><strong>adhuc</strong></span> <span class='ocrx_word' id='word_1_359' title='bbox 2669 811 2781 881; x_wconf 83' lang='lat' dir='ltr'><strong>pati</strong></span> <span class='ocrx_word' id='word_1_360' title='bbox 2827 827 3128 882; x_wconf 87' lang='lat' dir='ltr'><strong>possumus,</strong></span> <span class='ocrx_word' id='word_1_361' title='bbox 3157 809 3378 882; x_wconf 78' lang='lat' dir='ltr'><strong>accepta</strong></span> <span class='ocrx_word' id='word_1_362' title='bbox 3405 811 3555 882; x_wconf 85' lang='lat' dir='ltr'><strong>bona</strong></span> 
     </span>
    </p>
   </div>
   <div class='ocr_carea' id='block_1_52' title="bbox 1967 881 3554 950">
    <p class='ocr_par' dir='ltr' id='par_1_52' title="bbox 1967 881 3554 950">
     <span class='ocr_line' id='line_1_52' title="bbox 1967 881 3554 950; baseline -0.001 -14"><span class='ocrx_word' id='word_1_363' title='bbox 1967 887 2206 936; x_wconf 85' lang='lat' dir='ltr'><strong>mentem</strong></span> <span class='ocrx_word' id='word_1_364' title='bbox 2235 895 2342 935; x_wconf 90' lang='lat' dir='ltr'><strong>non</strong></span> <span class='ocrx_word' id='word_1_365' title='bbox 2371 881 2606 947; x_wconf 90' lang='lat' dir='ltr'><strong>elevant,</strong></span> <span class='ocrx_word' id='word_1_366' title='bbox 2636 882 2886 949; x_wconf 91' lang='lat' dir='ltr'><strong>quoniam</strong></span> <span class='ocrx_word' id='word_1_367' title='bbox 2926 896 3112 936; x_wconf 90' lang='lat' dir='ltr'><strong>eorum</strong></span> <span class='ocrx_word' id='word_1_368' title='bbox 3162 881 3353 950; x_wconf 87' lang='lat' dir='ltr'><strong>gaudia</strong></span> <span class='ocrx_word' id='word_1_369' title='bbox 3390 881 3554 935; x_wconf 88' lang='lat' dir='ltr'><strong>timor</strong></span> 
     </span>
    </p>
   </div>
   <div class='ocr_carea' id='block_1_53' title="bbox 1969 951 3550 1019">
    <p class='ocr_par' dir='ltr' id='par_1_53' title="bbox 1969 951 3550 1019">
     <span class='ocr_line' id='line_1_53' title="bbox 1969 951 3550 1019; baseline 0 -14"><span class='ocrx_word' id='word_1_370' title='bbox 1969 951 2242 1005; x_wconf 75' lang='lat' dir='ltr'><strong>memoria:</strong></span> <span class='ocrx_word' id='word_1_371' title='bbox 2287 952 2552 1006; x_wconf 90' lang='lat' dir='ltr'><strong>malorum</strong></span> <span class='ocrx_word' id='word_1_372' title='bbox 2572 951 2786 1019; x_wconf 87' lang='lat' dir='ltr'><strong>premit,</strong></span> <span class='ocrx_word' id='word_1_373' title='bbox 2817 959 2873 1007; x_wconf 92' lang='lat' dir='ltr'><strong>et</strong></span> <span class='ocrx_word' id='word_1_374' title='bbox 2891 952 2936 1007; x_wconf 88' lang='lat' dir='ltr'><strong>si</strong></span> <span class='ocrx_word' id='word_1_375' title='bbox 2964 966 3084 1005; x_wconf 89' lang='lat' dir='ltr'><strong>cum</strong></span> <span class='ocrx_word' id='word_1_376' title='bbox 3109 951 3248 1005; x_wconf 87' lang='lat' dir='ltr'><strong>mala</strong></span> <span class='ocrx_word' id='word_1_377' title='bbox 3270 951 3550 1017; x_wconf 87' lang='lat' dir='ltr'><strong>habemus,</strong></span> 
     </span>
    </p>
   </div>
   <div class='ocr_carea' id='block_1_54' title="bbox 1969 1021 3556 1092">
    <p class='ocr_par' dir='ltr' id='par_1_54' title="bbox 1969 1021 3556 1092">
     <span class='ocr_line' id='line_1_54' title="bbox 1969 1021 3556 1092; baseline -0.002 -16"><span class='ocrx_word' id='word_1_378' title='bbox 1969 1021 2234 1092; x_wconf 84' lang='lat' dir='ltr'><strong>bonorum</strong></span> <span class='ocrx_word' id='word_1_379' title='bbox 2264 1021 2656 1092; x_wconf 86' lang='lat' dir='ltr'><strong>reminiscimur</strong></span> <span class='ocrx_word' id='word_1_380' title='bbox 2681 1035 2802 1090; x_wconf 73' lang='lat' dir='ltr'><strong>qua:</strong></span> <span class='ocrx_word' id='word_1_381' title='bbox 2827 1033 2917 1076; x_wconf 91' lang='lat' dir='ltr'><strong>aut</strong></span> <span class='ocrx_word' id='word_1_382' title='bbox 2952 1021 3064 1090; x_wconf 89' lang='lat' dir='ltr'><strong>jam</strong></span> <span class='ocrx_word' id='word_1_383' title='bbox 3090 1021 3416 1092; x_wconf 89' lang='lat' dir='ltr'><strong>accepimus,</strong></span> <span class='ocrx_word' id='word_1_384' title='bbox 3462 1029 3556 1092; x_wconf 82' lang='lat' dir='ltr'><strong>aut</strong></span> 
     </span>
    </p>
   </div>
   <div class='ocr_carea' id='block_1_55' title="bbox 1971 1091 3554 1162">
    <p class='ocr_par' dir='ltr' id='par_1_55' title="bbox 1971 1091 3554 1162">
     <span class='ocr_line' id='line_1_55' title="bbox 1971 1091 3554 1162; baseline -0.001 -17"><span class='ocrx_word' id='word_1_385' title='bbox 1971 1091 2149 1146; x_wconf 86' lang='lat' dir='ltr'><strong>adhuc</strong></span> <span class='ocrx_word' id='word_1_386' title='bbox 2171 1106 2272 1146; x_wconf 88' lang='lat' dir='ltr'><strong>nos</strong></span> <span class='ocrx_word' id='word_1_387' title='bbox 2285 1091 2529 1162; x_wconf 84' lang='lat' dir='ltr'><strong>accipere</strong></span> <span class='ocrx_word' id='word_1_388' title='bbox 2548 1105 2710 1160; x_wconf 88' lang='lat' dir='ltr'><strong>posse</strong></span> <span class='ocrx_word' id='word_1_389' title='bbox 2729 1107 3032 1162; x_wconf 82' lang='lat' dir='ltr'><strong>speramus,</strong></span> <span class='ocrx_word' id='word_1_390' title='bbox 3059 1091 3322 1162; x_wconf 83' lang='lat' dir='ltr'><strong>.natorum</strong></span> <span class='ocrx_word' id='word_1_391' title='bbox 3341 1091 3554 1162; x_wconf 88' lang='lat' dir='ltr'><strong>pondus</strong></span> 
     </span>
    </p>
   </div>
   <div class='ocr_carea' id='block_1_56' title="bbox 1971 1161 3558 1231">
    <p class='ocr_par' dir='ltr' id='par_1_56' title="bbox 1971 1161 3558 1231">
     <span class='ocr_line' id='line_1_56' title="bbox 1971 1161 3558 1231; baseline -0.001 -15"><span class='ocrx_word' id='word_1_392' title='bbox 1971 1162 2209 1216; x_wconf 89' lang='lat' dir='ltr'><strong>animum</strong></span> <span class='ocrx_word' id='word_1_393' title='bbox 2237 1162 2291 1216; x_wconf 91' lang='lat' dir='ltr'><strong>in</strong></span> <span class='ocrx_word' id='word_1_394' title='bbox 2321 1161 2770 1231; x_wconf 86' lang='lat' dir='ltr'><strong>desperationem</strong></span> <span class='ocrx_word' id='word_1_395' title='bbox 2801 1178 2908 1218; x_wconf 91' lang='lat' dir='ltr'><strong>non</strong></span> <span class='ocrx_word' id='word_1_396' title='bbox 2937 1161 3205 1231; x_wconf 80' lang='lat' dir='ltr'><strong>deprimit,</strong></span> <span class='ocrx_word' id='word_1_397' title='bbox 3262 1161 3386 1231; x_wconf 83' lang='lat' dir='ltr'><strong>quia</strong></span> <span class='ocrx_word' id='word_1_398' title='bbox 3415 1161 3558 1214; x_wconf 89' lang='lat' dir='ltr'><strong>hunc</strong></span> 
     </span>
    </p>
   </div>
   <div class='ocr_carea' id='block_1_57' title="bbox 1972 1229 3556 1301">
    <p class='ocr_par' dir='ltr' id='par_1_57' title="bbox 1972 1229 3556 1301">
     <span class='ocr_line' id='line_1_57' title="bbox 1972 1229 3556 1301; baseline -0.001 -15"><span class='ocrx_word' id='word_1_399' title='bbox 1972 1232 2039 1286; x_wconf 89' lang='lat' dir='ltr'><strong>ad</strong></span> <span class='ocrx_word' id='word_1_400' title='bbox 2066 1246 2218 1301; x_wconf 88' lang='lat' dir='ltr'><strong>spem</strong></span> <span class='ocrx_word' id='word_1_401' title='bbox 2239 1229 2496 1287; x_wconf 79' lang='lat' dir='ltr'><strong>memoria</strong></span> <span class='ocrx_word' id='word_1_402' title='bbox 2524 1232 2789 1287; x_wconf 87' lang='lat' dir='ltr'><strong>bonorum</strong></span> <span class='ocrx_word' id='word_1_403' title='bbox 2815 1233 2978 1288; x_wconf 89' lang='lat' dir='ltr'><strong>levat.</strong></span> <span class='ocrx_word' id='word_1_404' title='bbox 3011 1230 3102 1286; x_wconf 91' lang='lat' dir='ltr'><strong>Sic</strong></span> <span class='ocrx_word' id='word_1_405' title='bbox 3129 1232 3331 1300; x_wconf 86' lang='lat' dir='ltr'><strong>itaque,</strong></span> <span class='ocrx_word' id='word_1_406' title='bbox 3365 1229 3556 1284; x_wconf 79' lang='lat' dir='ltr'><strong>fratres</strong></span> 
     </span>
    </p>
   </div>
   <div class='ocr_carea' id='block_1_58' title="bbox 1973 1301 3559 1372">
    <p class='ocr_par' dir='ltr' id='par_1_58' title="bbox 1973 1301 3559 1372">
     <span class='ocr_line' id='line_1_58' title="bbox 1973 1301 3559 1372; baseline -0.002 -15"><span class='ocrx_word' id='word_1_407' title='bbox 1973 1301 2295 1367; x_wconf 88' lang='lat' dir='ltr'><strong>charissimi,</strong></span> <span class='ocrx_word' id='word_1_408' title='bbox 2324 1310 2396 1372; x_wconf 81' lang='lat' dir='ltr'><strong>et</strong></span> <span class='ocrx_word' id='word_1_409' title='bbox 2419 1316 2521 1372; x_wconf 90' lang='lat' dir='ltr'><strong>per</strong></span> <span class='ocrx_word' id='word_1_410' title='bbox 2563 1311 2832 1372; x_wconf 68' lang='lat' dir='ltr'><strong>prascepta</strong></span> <span class='ocrx_word' id='word_1_411' title='bbox 2877 1301 3089 1357; x_wconf 88' lang='lat' dir='ltr'><strong>Domini</strong></span> <span class='ocrx_word' id='word_1_412' title='bbox 3117 1310 3174 1356; x_wconf 91' lang='lat' dir='ltr'><strong>et</strong></span> <span class='ocrx_word' id='word_1_413' title='bbox 3199 1315 3296 1371; x_wconf 91' lang='lat' dir='ltr'><strong>per</strong></span> <span class='ocrx_word' id='word_1_414' title='bbox 3321 1310 3559 1372; x_wconf 82' lang='lat' dir='ltr'><strong>sancto-</strong></span> 
     </span>
    </p>
   </div>
   <div class='ocr_carea' id='block_1_59' title="bbox 1973 1371 3560 1441">
    <p class='ocr_par' dir='ltr' id='par_1_59' title="bbox 1973 1371 3560 1441">
     <span class='ocr_line' id='line_1_59' title="bbox 1973 1371 3560 1441; baseline -0.003 -14"><span class='ocrx_word' id='word_1_415' title='bbox 1973 1387 2094 1428; x_wconf 90' lang='lat' dir='ltr'><strong>rum</strong></span> <span class='ocrx_word' id='word_1_416' title='bbox 2123 1371 2372 1441; x_wconf 80' lang='lat' dir='ltr'><strong>exempla</strong></span> <span class='ocrx_word' id='word_1_417' title='bbox 2399 1371 2725 1441; x_wconf 82' lang='lat' dir='ltr'><strong>gradiamur,</strong></span> <span class='ocrx_word' id='word_1_418' title='bbox 2744 1371 2816 1427; x_wconf 36' lang='lat' dir='ltr'><strong>’ut</strong></span> <span class='ocrx_word' id='word_1_419' title='bbox 2836 1389 2937 1429; x_wconf 90' lang='lat' dir='ltr'><strong>nec</strong></span> <span class='ocrx_word' id='word_1_420' title='bbox 2962 1387 3061 1427; x_wconf 91' lang='lat' dir='ltr'><strong>nos</strong></span> <span class='ocrx_word' id='word_1_421' title='bbox 3090 1371 3420 1441; x_wconf 86' lang='lat' dir='ltr'><strong>prosperitas</strong></span> <span class='ocrx_word' id='word_1_422' title='bbox 3449 1371 3560 1423; x_wconf 88' lang='lat' dir='ltr'><strong>ele-</strong></span> 
     </span>
    </p>
   </div>
   <div class='ocr_carea' id='block_1_60' title="bbox 1973 1441 3559 1512">
    <p class='ocr_par' dir='ltr' id='par_1_60' title="bbox 1973 1441 3559 1512">
     <span class='ocr_line' id='line_1_60' title="bbox 1973 1441 3559 1512; baseline -0.003 -14"><span class='ocrx_word' id='word_1_423' title='bbox 1973 1449 2085 1505; x_wconf 91' lang='lat' dir='ltr'><strong>vet,</strong></span> <span class='ocrx_word' id='word_1_424' title='bbox 2110 1457 2211 1498; x_wconf 89' lang='lat' dir='ltr'><strong>nec</strong></span> <span class='ocrx_word' id='word_1_425' title='bbox 2240 1441 2562 1512; x_wconf 88' lang='lat' dir='ltr'><strong>adverstitas</strong></span> <span class='ocrx_word' id='word_1_426' title='bbox 2587 1442 2815 1511; x_wconf 81' lang='lat' dir='ltr'><strong>frangat,</strong></span> <span class='ocrx_word' id='word_1_427' title='bbox 2840 1451 2897 1499; x_wconf 91' lang='lat' dir='ltr'><strong>et</strong></span> <span class='ocrx_word' id='word_1_428' title='bbox 2922 1458 3022 1498; x_wconf 92' lang='lat' dir='ltr'><strong>nos</strong></span> <span class='ocrx_word' id='word_1_429' title='bbox 3051 1442 3104 1495; x_wconf 93' lang='lat' dir='ltr'><strong>in</strong></span> <span class='ocrx_word' id='word_1_430' title='bbox 3126 1442 3399 1512; x_wconf 89' lang='lat' dir='ltr'><strong>prosperis</strong></span> <span class='ocrx_word' id='word_1_431' title='bbox 3424 1448 3481 1496; x_wconf 85' lang='lat' dir='ltr'><strong>et</strong></span> <span class='ocrx_word' id='word_1_432' title='bbox 3504 1441 3559 1494; x_wconf 90' lang='lat' dir='ltr'><strong>iu</strong></span> 
     </span>
    </p>
   </div>
   <div class='ocr_carea' id='block_1_61' title="bbox 1975 1511 3250 1569">
    <p class='ocr_par' dir='ltr' id='par_1_61' title="bbox 1975 1511 3250 1569">
     <span class='ocr_line' id='line_1_61' title="bbox 1975 1511 3250 1569; baseline -0.002 -1"><span class='ocrx_word' id='word_1_433' title='bbox 1975 1513 2215 1568; x_wconf 88' lang='lat' dir='ltr'><strong>adversis</strong></span> <span class='ocrx_word' id='word_1_434' title='bbox 2241 1511 2612 1568; x_wconf 82' lang='lat' dir='ltr'><strong>fortitudinem</strong></span> <span class='ocrx_word' id='word_1_435' title='bbox 2640 1514 2842 1569; x_wconf 88' lang='lat' dir='ltr'><strong>habere</strong></span> <span class='ocrx_word' id='word_1_436' title='bbox 2867 1511 3250 1568; x_wconf 86' lang='lat' dir='ltr'><strong>monstremus.</strong></span> 
     </span>
    </p>
   </div>
   <div class='ocr_carea' id='block_1_62' title="bbox 2065 1581 3472 1639">
    <p class='ocr_par' dir='ltr' id='par_1_62' title="bbox 2065 1581 3472 1639">
     <span class='ocr_line' id='line_1_62' title="bbox 2065 1581 3472 1639; baseline -0.002 0"><span class='ocrx_word' id='word_1_437' title='bbox 2065 1582 2196 1639; x_wconf 70' lang='lat' dir='ltr'><strong>Car.</strong></span> <span class='ocrx_word' id='word_1_438' title='bbox 2248 1581 2342 1639; x_wconf 79' lang='lat' dir='ltr'><strong>IX.</strong></span> <span class='ocrx_word' id='word_1_439' title='bbox 2380 1615 2454 1627; x_wconf 89' lang='lat'><strong>-</strong></span> <span class='ocrx_word' id='word_1_440' title='bbox 2489 1583 2688 1639; x_wconf 86' lang='lat' dir='ltr'><strong>Nostra</strong></span> <span class='ocrx_word' id='word_1_441' title='bbox 2730 1585 3050 1639; x_wconf 84' lang='lat' dir='ltr'><strong>conversatio</strong></span> <span class='ocrx_word' id='word_1_442' title='bbox 3105 1583 3160 1637; x_wconf 86' lang='lat' dir='ltr'><strong>in</strong></span> <span class='ocrx_word' id='word_1_443' title='bbox 3207 1581 3347 1637; x_wconf 67' lang='lat' dir='ltr'><strong>caelis</strong></span> <span class='ocrx_word' id='word_1_444' title='bbox 3392 1590 3472 1637; x_wconf 80' lang='lat' dir='ltr'><strong>est</strong></span> 
     </span>
    </p>
   </div>
   <div class='ocr_carea' id='block_1_63' title="bbox 2531 1653 3022 1726">
    <p class='ocr_par' dir='ltr' id='par_1_63' title="bbox 2531 1653 3022 1726">
     <span class='ocr_line' id='line_1_63' title="bbox 2531 1653 3022 1726; baseline 0 -19"><span class='ocrx_word' id='word_1_445' title='bbox 2531 1653 2762 1726; x_wconf 74' lang='lat' dir='ltr'><strong>(Philip.</strong></span> <span class='ocrx_word' id='word_1_446' title='bbox 2791 1671 2870 1716; x_wconf 86' lang='lat' dir='ltr'><strong>Ill,</strong></span> <span class='ocrx_word' id='word_1_447' title='bbox 2900 1653 3022 1726; x_wconf 85' lang='grc'><strong>20).</strong></span> 
     </span>
    </p>
   </div>
   <div class='ocr_carea' id='block_1_64' title="bbox 2051 1722 3558 1796">
    <p class='ocr_par' dir='ltr' id='par_1_64' title="bbox 2051 1722 3558 1796">
     <span class='ocr_line' id='line_1_64' title="bbox 2051 1722 3558 1796; baseline 0 -18"><span class='ocrx_word' id='word_1_448' title='bbox 2051 1723 2149 1795; x_wconf 83' lang='lat' dir='ltr'><strong>(in</strong></span> <span class='ocrx_word' id='word_1_449' title='bbox 2176 1724 2408 1796; x_wconf 83' lang='lat' dir='ltr'><strong>exposit.</strong></span> <span class='ocrx_word' id='word_1_450' title='bbox 2439 1723 2502 1779; x_wconf 92' lang='lat' dir='ltr'><strong>B.</strong></span> <span class='ocrx_word' id='word_1_451' title='bbox 2529 1723 2651 1790; x_wconf 89' lang='lat' dir='ltr'><strong>Job,</strong></span> <span class='ocrx_word' id='word_1_452' title='bbox 2674 1722 2766 1781; x_wconf 90' lang='lat' dir='ltr'><strong>lib.</strong></span> <span class='ocrx_word' id='word_1_453' title='bbox 2800 1741 2913 1788; x_wconf 79' lang='lat' dir='ltr'><strong>Vin,</strong></span> <span class='ocrx_word' id='word_1_454' title='bbox 2945 1722 3093 1781; x_wconf 82' lang='lat' dir='ltr'><strong>num.</strong></span> <span class='ocrx_word' id='word_1_455' title='bbox 3125 1723 3248 1796; x_wconf 70' lang='grc'><strong>74.)</strong></span> <span class='ocrx_word' id='word_1_456' title='bbox 3277 1725 3434 1780; x_wconf 90' lang='lat' dir='ltr'><strong>Sicut</strong></span> <span class='ocrx_word' id='word_1_457' title='bbox 3457 1722 3558 1796; x_wconf 86' lang='lat' dir='ltr'><strong>do-_</strong></span> 
     </span>
    </p>
   </div>
   <div class='ocr_carea' id='block_1_65' title="bbox 1980 1793 3565 1864">
    <p class='ocr_par' dir='ltr' id='par_1_65' title="bbox 1980 1793 3565 1864">
     <span class='ocr_line' id='line_1_65' title="bbox 1980 1793 3565 1864; baseline -0.003 -14"><span class='ocrx_word' id='word_1_458' title='bbox 1980 1793 2101 1850; x_wconf 85' lang='lat' dir='ltr'><strong>mus</strong></span> <span class='ocrx_word' id='word_1_459' title='bbox 2139 1793 2426 1850; x_wconf 77' lang='lat' dir='ltr'><strong>exterioris</strong></span> <span class='ocrx_word' id='word_1_460' title='bbox 2480 1796 2905 1852; x_wconf 88' lang='lat' dir='ltr'><strong>conversationis</strong></span> <span class='ocrx_word' id='word_1_461' title='bbox 2953 1803 3034 1850; x_wconf 90' lang='lat' dir='ltr'><strong>est</strong></span> <span class='ocrx_word' id='word_1_462' title='bbox 3079 1793 3361 1850; x_wconf 76' lang='lat' dir='ltr'><strong>mdifieium</strong></span> <span class='ocrx_word' id='word_1_463' title='bbox 3415 1793 3565 1864; x_wconf 88' lang='lat' dir='ltr'><strong>quod</strong></span> 
     </span>
    </p>
   </div>
   <div class='ocr_carea' id='block_1_66' title="bbox 1981 1865 3563 1937">
    <p class='ocr_par' dir='ltr' id='par_1_66' title="bbox 1981 1865 3563 1937">
     <span class='ocr_line' id='line_1_66' title="bbox 1981 1865 3563 1937; baseline -0.001 -17"><span class='ocrx_word' id='word_1_464' title='bbox 1981 1865 2242 1937; x_wconf 83' lang='lat' dir='ltr'><strong>inhabitat</strong></span> <span class='ocrx_word' id='word_1_465' title='bbox 2268 1881 2484 1937; x_wconf 90' lang='lat' dir='ltr'><strong>corpus,</strong></span> <span class='ocrx_word' id='word_1_466' title='bbox 2509 1867 2585 1937; x_wconf 89' lang='lat' dir='ltr'><strong>ita</strong></span> <span class='ocrx_word' id='word_1_467' title='bbox 2608 1866 2799 1921; x_wconf 87' lang='lat' dir='ltr'><strong>domus</strong></span> <span class='ocrx_word' id='word_1_468' title='bbox 2818 1865 3160 1937; x_wconf 78' lang='lat' dir='ltr'><strong>cogitationis</strong></span> <span class='ocrx_word' id='word_1_469' title='bbox 3179 1875 3263 1921; x_wconf 89' lang='lat' dir='ltr'><strong>est</strong></span> <span class='ocrx_word' id='word_1_470' title='bbox 3297 1881 3384 1921; x_wconf 89' lang='lat' dir='ltr'><strong>res</strong></span> <span class='ocrx_word' id='word_1_471' title='bbox 3401 1880 3563 1937; x_wconf 79' lang='lat' dir='ltr'><strong>quae-</strong></span> 
     </span>
    </p>
   </div>
   <div class='ocr_carea' id='block_1_67' title="bbox 1975 1935 3563 2006">
    <p class='ocr_par' dir='ltr' id='par_1_67' title="bbox 1975 1935 3563 2006">
     <span class='ocr_line' id='line_1_67' title="bbox 1975 1935 3563 2006; baseline 0 -16"><span class='ocrx_word' id='word_1_472' title='bbox 1975 1935 2109 1991; x_wconf 91' lang='lat' dir='ltr'><strong>libet</strong></span> <span class='ocrx_word' id='word_1_473' title='bbox 2127 1951 2288 2005; x_wconf 89' lang='lat' dir='ltr'><strong>quam</strong></span> <span class='ocrx_word' id='word_1_474' title='bbox 2319 1935 2418 2006; x_wconf 83' lang='lat' dir='ltr'><strong>per</strong></span> <span class='ocrx_word' id='word_1_475' title='bbox 2445 1936 2786 1991; x_wconf 90' lang='lat' dir='ltr'><strong>dilectionem</strong></span> <span class='ocrx_word' id='word_1_476' title='bbox 2834 1936 3097 1991; x_wconf 88' lang='lat' dir='ltr'><strong>inhabitat</strong></span> <span class='ocrx_word' id='word_1_477' title='bbox 3125 1937 3355 1990; x_wconf 88' lang='lat' dir='ltr'><strong>animus.</strong></span> <span class='ocrx_word' id='word_1_478' title='bbox 3388 1936 3563 1990; x_wconf 78' lang='lat' dir='ltr'><strong>Omne</strong></span> 
     </span>
    </p>
   </div>
   <div class='ocr_carea' id='block_1_68' title="bbox 1974 2006 3564 2076">
    <p class='ocr_par' dir='ltr' id='par_1_68' title="bbox 1974 2006 3564 2076">
     <span class='ocr_line' id='line_1_68' title="bbox 1974 2006 3564 2076; baseline -0.001 -15"><span class='ocrx_word' id='word_1_479' title='bbox 1974 2006 2174 2076; x_wconf 90' lang='lat' dir='ltr'><strong>quippe</strong></span> <span class='ocrx_word' id='word_1_480' title='bbox 2199 2007 2662 2076; x_wconf 76' lang='lat' dir='ltr'><strong>quoitdiligimus,</strong></span> <span class='ocrx_word' id='word_1_481' title='bbox 2690 2006 2844 2075; x_wconf 91' lang='lat' dir='ltr'><strong>quasi</strong></span> <span class='ocrx_word' id='word_1_482' title='bbox 2888 2007 2941 2060; x_wconf 92' lang='lat' dir='ltr'><strong>in</strong></span> <span class='ocrx_word' id='word_1_483' title='bbox 2971 2007 3074 2061; x_wconf 90' lang='lat' dir='ltr'><strong>hoc</strong></span> <span class='ocrx_word' id='word_1_484' title='bbox 3099 2007 3441 2076; x_wconf 84' lang='lat' dir='ltr'><strong>quiescentes</strong></span> <span class='ocrx_word' id='word_1_485' title='bbox 3481 2006 3564 2059; x_wconf 89' lang='lat' dir='ltr'><strong>in-</strong></span> 
     </span>
    </p>
   </div>
   <div class='ocr_carea' id='block_1_69' title="bbox 1978 2075 3564 2147">
    <p class='ocr_par' dir='ltr' id='par_1_69' title="bbox 1978 2075 3564 2147">
     <span class='ocr_line' id='line_1_69' title="bbox 1978 2075 3564 2147; baseline -0.003 -16"><span class='ocrx_word' id='word_1_486' title='bbox 1978 2075 2298 2132; x_wconf 85' lang='lat' dir='ltr'><strong>habitamus.</strong></span> <span class='ocrx_word' id='word_1_487' title='bbox 2326 2075 2476 2130; x_wconf 90' lang='lat' dir='ltr'><strong>Unde</strong></span> <span class='ocrx_word' id='word_1_488' title='bbox 2496 2076 2712 2142; x_wconf 89' lang='lat' dir='ltr'><strong>Paulus,</strong></span> <span class='ocrx_word' id='word_1_489' title='bbox 2733 2077 2856 2147; x_wconf 90' lang='lat' dir='ltr'><strong>quia</strong></span> <span class='ocrx_word' id='word_1_490' title='bbox 2882 2077 2934 2132; x_wconf 93' lang='lat' dir='ltr'><strong>in</strong></span> <span class='ocrx_word' id='word_1_491' title='bbox 2965 2077 3214 2146; x_wconf 86' lang='lat' dir='ltr'><strong>supernis</strong></span> <span class='ocrx_word' id='word_1_492' title='bbox 3232 2091 3326 2131; x_wconf 89' lang='lat' dir='ltr'><strong>cor</strong></span> <span class='ocrx_word' id='word_1_493' title='bbox 3349 2075 3564 2139; x_wconf 81' lang='lat' dir='ltr'><strong>ﬁxerat,</strong></span> 
     </span>
    </p>
   </div>
   <div class='ocr_carea' id='block_1_70' title="bbox 1981 2147 3563 2216">
    <p class='ocr_par' dir='ltr' id='par_1_70' title="bbox 1981 2147 3563 2216">
     <span class='ocr_line' id='line_1_70' title="bbox 1981 2147 3563 2216; baseline -0.001 -14"><span class='ocrx_word' id='word_1_494' title='bbox 1981 2147 2034 2202; x_wconf 91' lang='lat' dir='ltr'><strong>in</strong></span> <span class='ocrx_word' id='word_1_495' title='bbox 2064 2156 2206 2201; x_wconf 89' lang='lat' dir='ltr'><strong>terra</strong></span> <span class='ocrx_word' id='word_1_496' title='bbox 2258 2147 2475 2216; x_wconf 89' lang='lat' dir='ltr'><strong>quidem</strong></span> <span class='ocrx_word' id='word_1_497' title='bbox 2530 2149 2757 2216; x_wconf 90' lang='lat' dir='ltr'><strong>positus,</strong></span> <span class='ocrx_word' id='word_1_498' title='bbox 2804 2149 2898 2202; x_wconf 87' lang='lat' dir='ltr'><strong>sed</strong></span> <span class='ocrx_word' id='word_1_499' title='bbox 2948 2156 3125 2202; x_wconf 88' lang='lat' dir='ltr'><strong>tamen</strong></span> <span class='ocrx_word' id='word_1_500' title='bbox 3151 2154 3347 2201; x_wconf 90' lang='lat' dir='ltr'><strong>aterra</strong></span> <span class='ocrx_word' id='word_1_501' title='bbox 3375 2155 3563 2202; x_wconf 79' lang='lat' dir='ltr'><strong>extra-</strong></span> 
     </span>
    </p>
   </div>
   <div class='ocr_carea' id='block_1_71' title="bbox 1979 2303 3562 2377">
    <p class='ocr_par' dir='ltr' id='par_1_71' title="bbox 1979 2303 3562 2377">
     <span class='ocr_line' id='line_1_71' title="bbox 1979 2303 3562 2377; baseline -0.001 -15"><span class='ocrx_word' id='word_1_502' title='bbox 1979 2305 2111 2362; x_wconf 70' lang='grc' dir='ltr'><strong>ΟΜ».</strong></span> <span class='ocrx_word' id='word_1_503' title='bbox 2152 2303 2452 2361; x_wconf 86' lang='lat' dir='ltr'><strong>X.-—-Unde</strong></span> <span class='ocrx_word' id='word_1_504' title='bbox 2475 2308 2631 2361; x_wconf 87' lang='lat' dir='ltr'><strong>etiam</strong></span> <span class='ocrx_word' id='word_1_505' title='bbox 2653 2317 3008 2377; x_wconf 71' lang='lat' dir='ltr'><strong>exspectamus</strong></span> <span class='ocrx_word' id='word_1_506' title='bbox 3031 2308 3352 2363; x_wconf 86' lang='lat' dir='ltr'><strong>Salvatorem</strong></span> <span class='ocrx_word' id='word_1_507' title='bbox 3374 2305 3562 2360; x_wconf 86' lang='lat' dir='ltr'><strong>Domi-</strong></span> 
     </span>
    </p>
   </div>
   <div class='ocr_carea' id='block_1_72' title="bbox 2049 2377 3560 2448">
    <p class='ocr_par' dir='ltr' id='par_1_72' title="bbox 2049 2377 3560 2448">
     <span class='ocr_line' id='line_1_72' title="bbox 2049 2377 3560 2448; baseline -0.001 -18"><span class='ocrx_word' id='word_1_508' title='bbox 2049 2393 2175 2430; x_wconf 85' lang='lat' dir='ltr'><strong>num</strong></span> <span class='ocrx_word' id='word_1_509' title='bbox 2205 2386 2432 2431; x_wconf 82' lang='lat' dir='ltr'><strong>nostrum</strong></span> <span class='ocrx_word' id='word_1_510' title='bbox 2462 2377 2638 2431; x_wconf 84' lang='lat' dir='ltr'><strong>Jesum</strong></span> <span class='ocrx_word' id='word_1_511' title='bbox 2675 2377 2960 2445; x_wconf 84' lang='lat' dir='ltr'><strong>Christum,</strong></span> <span class='ocrx_word' id='word_1_512' title='bbox 2982 2380 3068 2443; x_wconf 85' lang='lat' dir='ltr'><strong>qui</strong></span> <span class='ocrx_word' id='word_1_513' title='bbox 3114 2377 3416 2448; x_wconf 80' lang='lat' dir='ltr'><strong>reformabit</strong></span> <span class='ocrx_word' id='word_1_514' title='bbox 3443 2394 3560 2432; x_wconf 89' lang='lat' dir='ltr'><strong>cor-</strong></span> 
     </span>
    </p>
   </div>
   <div class='ocr_carea' id='block_1_73' title="bbox 2052 2447 3564 2519">
    <p class='ocr_par' dir='ltr' id='par_1_73' title="bbox 2052 2447 3564 2519">
     <span class='ocr_line' id='line_1_73' title="bbox 2052 2447 3564 2519; baseline 0.001 -18"><span class='ocrx_word' id='word_1_515' title='bbox 2052 2463 2148 2518; x_wconf 83' lang='lat' dir='ltr'><strong>pus</strong></span> <span class='ocrx_word' id='word_1_516' title='bbox 2171 2448 2714 2519; x_wconf 67' lang='lat' dir='ltr'><strong>humilitqtisnostraa,</strong></span> <span class='ocrx_word' id='word_1_517' title='bbox 2746 2449 3122 2519; x_wconf 81' lang='lat' dir='ltr'><strong>con/iguratum</strong></span> <span class='ocrx_word' id='word_1_518' title='bbox 3173 2447 3380 2518; x_wconf 84' lang='lat' dir='ltr'><strong>corpori</strong></span> <span class='ocrx_word' id='word_1_519' title='bbox 3408 2448 3564 2502; x_wconf 82' lang='lat' dir='ltr'><strong>clari-</strong></span> 
     </span>
    </p>
   </div>
   <div class='ocr_carea' id='block_1_74' title="bbox 2054 2517 2820 2589">
    <p class='ocr_par' dir='ltr' id='par_1_74' title="bbox 2054 2517 2820 2589">
     <span class='ocr_line' id='line_1_74' title="bbox 2054 2517 2820 2589; baseline 0.003 -18"><span class='ocrx_word' id='word_1_520' title='bbox 2054 2517 2174 2589; x_wconf 85' lang='lat' dir='ltr'><strong>ta_tis</strong></span> <span class='ocrx_word' id='word_1_521' title='bbox 2202 2534 2311 2573; x_wconf 77' lang='lat' dir='ltr'><strong>sua:</strong></span> <span class='ocrx_word' id='word_1_522' title='bbox 2339 2517 2569 2589; x_wconf 61' lang='lat' dir='ltr'><strong>(fhilip.</strong></span> <span class='ocrx_word' id='word_1_523' title='bbox 2593 2533 2672 2589; x_wconf 82' lang='lat' dir='ltr'><strong>ltl,</strong></span> <span class='ocrx_word' id='word_1_524' title='bbox 2701 2517 2820 2589; x_wconf 80' lang='lat'><strong>50).</strong></span> 
     </span>
    </p>
   </div>
   <div class='ocr_carea' id='block_1_75' title="bbox 2053 2586 3563 2661">
    <p class='ocr_par' dir='ltr' id='par_1_75' title="bbox 2053 2586 3563 2661">
     <span class='ocr_line' id='line_1_75' title="bbox 2053 2586 3563 2661; baseline 0.001 -19"><span class='ocrx_word' id='word_1_525' title='bbox 2053 2586 2207 2661; x_wconf 64' lang='lat' dir='ltr'><strong>(Lib.</strong></span> <span class='ocrx_word' id='word_1_526' title='bbox 2231 2605 2271 2655; x_wconf 82' lang='grc' dir='ltr'><strong>ι,</strong></span> <span class='ocrx_word' id='word_1_527' title='bbox 2292 2586 2358 2643; x_wconf 82' lang='lat' dir='ltr'><strong>in</strong></span> <span class='ocrx_word' id='word_1_528' title='bbox 2369 2586 2590 2661; x_wconf 47' lang='lat' dir='ltr'><strong>Ezecht,</strong></span> <span class='ocrx_word' id='word_1_529' title='bbox 2617 2586 2801 2661; x_wconf 62' lang='lat' dir='ltr'><strong>hami].</strong></span> <span class='ocrx_word' id='word_1_530' title='bbox 2825 2589 2878 2654; x_wconf 86' lang='grc'><strong>2,</strong></span> <span class='ocrx_word' id='word_1_531' title='bbox 2895 2604 3057 2661; x_wconf 10' lang='lat' dir='ltr'><strong>Vnum.</strong></span> <span class='ocrx_word' id='word_1_532' title='bbox 3080 2587 3205 2661; x_wconf 72' lang='lat' dir='ltr'><strong>2i.)</strong></span> <span class='ocrx_word' id='word_1_533' title='bbox 3224 2588 3357 2661; x_wconf 86' lang='lat' dir='ltr'><strong>_Post</strong></span> <span class='ocrx_word' id='word_1_534' title='bbox 3382 2603 3563 2661; x_wconf 55' lang='lat' dir='ltr'><strong>restire</strong></span> 
     </span>
    </p>
   </div>
   <div class='ocr_carea' id='block_1_76' title="bbox 1980 2658 3560 2714">
    <p class='ocr_par' dir='ltr' id='par_1_76' title="bbox 1980 2658 3560 2714">
     <span class='ocr_line' id='line_1_76' title="bbox 1980 2658 3560 2714; baseline -0.001 0"><span class='ocrx_word' id='word_1_535' title='bbox 1980 2658 2277 2714; x_wconf 86' lang='lat' dir='ltr'><strong>rectionem</strong></span> <span class='ocrx_word' id='word_1_536' title='bbox 2305 2659 2408 2712; x_wconf 89' lang='lat' dir='ltr'><strong>erit</strong></span> <span class='ocrx_word' id='word_1_537' title='bbox 2433 2658 2728 2713; x_wconf 92' lang='lat' dir='ltr'><strong>similitudo</strong></span> <span class='ocrx_word' id='word_1_538' title='bbox 2752 2659 2962 2714; x_wconf 92' lang='lat' dir='ltr'><strong>Domini</strong></span> <span class='ocrx_word' id='word_1_539' title='bbox 2993 2658 3192 2713; x_wconf 73' lang='lat' dir='ltr'><strong>nostri</strong></span> <span class='ocrx_word' id='word_1_540' title='bbox 3215 2659 3339 2714; x_wconf 74' lang='lat' dir='ltr'><strong>Jeszi</strong></span> <span class='ocrx_word' id='word_1_541' title='bbox 3361 2660 3560 2713; x_wconf 77' lang='lat' dir='ltr'><strong>Christi</strong></span> 
     </span>
    </p>
   </div>
   <div class='ocr_carea' id='block_1_77' title="bbox 1983 2729 3565 2790">
    <p class='ocr_par' dir='ltr' id='par_1_77' title="bbox 1983 2729 3565 2790">
     <span class='ocr_line' id='line_1_77' title="bbox 1983 2729 3565 2790; baseline -0.001 -7"><span class='ocrx_word' id='word_1_542' title='bbox 1983 2729 2035 2784; x_wconf 91' lang='lat' dir='ltr'><strong>in</strong></span> <span class='ocrx_word' id='word_1_543' title='bbox 2093 2729 2344 2782; x_wconf 83' lang='lat' dir='ltr'><strong>cordibus</strong></span> <span class='ocrx_word' id='word_1_544' title='bbox 2389 2729 2608 2790; x_wconf 88' lang='lat' dir='ltr'><strong>nostris,</strong></span> <span class='ocrx_word' id='word_1_545' title='bbox 2652 2739 2706 2782; x_wconf 91' lang='lat' dir='ltr'><strong>et</strong></span> <span class='ocrx_word' id='word_1_546' title='bbox 2756 2730 3160 2783; x_wconf 90' lang='lat' dir='ltr'><strong>similitudinem</strong></span> <span class='ocrx_word' id='word_1_547' title='bbox 3215 2729 3354 2784; x_wconf 92' lang='lat' dir='ltr'><strong>illius</strong></span> <span class='ocrx_word' id='word_1_548' title='bbox 3399 2730 3565 2782; x_wconf 81' lang='lat' dir='ltr'><strong>etiam</strong></span> 
     </span>
    </p>
   </div>
   <div class='ocr_carea' id='block_1_78' title="bbox 1983 2796 3569 2867">
    <p class='ocr_par' dir='ltr' id='par_1_78' title="bbox 1983 2796 3569 2867">
     <span class='ocr_line' id='line_1_78' title="bbox 1983 2796 3569 2867; baseline 0.001 -16"><span class='ocrx_word' id='word_1_549' title='bbox 1983 2812 2208 2866; x_wconf 88' lang='lat' dir='ltr'><strong>corpora</strong></span> <span class='ocrx_word' id='word_1_550' title='bbox 2264 2803 2447 2851; x_wconf 91' lang='lat' dir='ltr'><strong>nostra</strong></span> <span class='ocrx_word' id='word_1_551' title='bbox 2477 2797 2776 2867; x_wconf 89' lang='lat' dir='ltr'><strong>percipient</strong></span> <span class='ocrx_word' id='word_1_552' title='bbox 2817 2799 2869 2853; x_wconf 94' lang='lat' dir='ltr'><strong>in</strong></span> <span class='ocrx_word' id='word_1_553' title='bbox 2897 2799 3344 2866; x_wconf 86' lang='lat' dir='ltr'><strong>contiguratione.</strong></span> <span class='ocrx_word' id='word_1_554' title='bbox 3396 2796 3569 2853; x_wconf 85' lang='lat' dir='ltr'><strong>Erunt</strong></span> 
     </span>
    </p>
   </div>
   <div class='ocr_carea' id='block_1_79' title="bbox 1983 2867 3565 2937">
    <p class='ocr_par' dir='ltr' id='par_1_79' title="bbox 1983 2867 3565 2937">
     <span class='ocr_line' id='line_1_79' title="bbox 1983 2867 3565 2937; baseline 0 -15"><span class='ocrx_word' id='word_1_555' title='bbox 1983 2867 2126 2922; x_wconf 89' lang='lat' dir='ltr'><strong>enim</strong></span> <span class='ocrx_word' id='word_1_556' title='bbox 2149 2874 2278 2920; x_wconf 90' lang='lat' dir='ltr'><strong>tunc</strong></span> <span class='ocrx_word' id='word_1_557' title='bbox 2321 2867 2618 2921; x_wconf 87' lang='lat' dir='ltr'><strong>electorum</strong></span> <span class='ocrx_word' id='word_1_558' title='bbox 2645 2883 2874 2937; x_wconf 87' lang='lat' dir='ltr'><strong>corpora</strong></span> <span class='ocrx_word' id='word_1_559' title='bbox 2905 2868 3135 2923; x_wconf 88' lang='lat' dir='ltr'><strong>claritati</strong></span> <span class='ocrx_word' id='word_1_560' title='bbox 3165 2868 3417 2922; x_wconf 90' lang='lat' dir='ltr'><strong>dominici</strong></span> <span class='ocrx_word' id='word_1_561' title='bbox 3440 2884 3565 2923; x_wconf 90' lang='lat' dir='ltr'><strong>cor—</strong></span> 
     </span>
    </p>
   </div>
   <div class='ocr_carea' id='block_1_80' title="bbox 1983 2936 3567 3009">
    <p class='ocr_par' dir='ltr' id='par_1_80' title="bbox 1983 2936 3567 3009">
     <span class='ocr_line' id='line_1_80' title="bbox 1983 2936 3567 3009; baseline 0 -17"><span class='ocrx_word' id='word_1_562' title='bbox 1983 2937 2132 3009; x_wconf 88' lang='lat' dir='ltr'><strong>poris</strong></span> <span class='ocrx_word' id='word_1_563' title='bbox 2155 2936 2506 3009; x_wconf 84' lang='lat' dir='ltr'><strong>conligurata.</strong></span> <span class='ocrx_word' id='word_1_564' title='bbox 2555 2938 2684 3004; x_wconf 77' lang='lat' dir='ltr'><strong>Qua:</strong></span> <span class='ocrx_word' id='word_1_565' title='bbox 2712 2936 2812 2994; x_wconf 87' lang='lat' dir='ltr'><strong>etsi</strong></span> <span class='ocrx_word' id='word_1_566' title='bbox 2832 2939 3195 3007; x_wconf 59' lang='lat' dir='ltr'><strong>aequalitatem</strong></span> <span class='ocrx_word' id='word_1_567' title='bbox 3245 2939 3429 3007; x_wconf 75' lang='lat' dir='ltr'><strong>gloria:</strong></span> <span class='ocrx_word' id='word_1_568' title='bbox 3450 2937 3567 3009; x_wconf 82' lang='lat' dir='ltr'><strong>ejus</strong></span> 
     </span>
    </p>
   </div>
   <div class='ocr_carea' id='block_1_81' title="bbox 1984 3007 3568 3076">
    <p class='ocr_par' dir='ltr' id='par_1_81' title="bbox 1984 3007 3568 3076">
     <span class='ocr_line' id='line_1_81' title="bbox 1984 3007 3568 3076; baseline -0.001 -14"><span class='ocrx_word' id='word_1_569' title='bbox 1984 3007 2090 3062; x_wconf 80' lang='lat' dir='ltr'><strong>non</strong></span> <span class='ocrx_word' id='word_1_570' title='bbox 2118 3008 2317 3062; x_wconf 88' lang='lat' dir='ltr'><strong>habent</strong></span> <span class='ocrx_word' id='word_1_571' title='bbox 2346 3021 2441 3076; x_wconf 89' lang='lat' dir='ltr'><strong>per</strong></span> <span class='ocrx_word' id='word_1_572' title='bbox 2468 3016 2736 3075; x_wconf 90' lang='lat' dir='ltr'><strong>naturam,</strong></span> <span class='ocrx_word' id='word_1_573' title='bbox 2763 3009 3163 3066; x_wconf 88' lang='lat' dir='ltr'><strong>similitudinem</strong></span> <span class='ocrx_word' id='word_1_574' title='bbox 3203 3017 3379 3063; x_wconf 89' lang='lat' dir='ltr'><strong>tamen</strong></span> <span class='ocrx_word' id='word_1_575' title='bbox 3401 3007 3568 3064; x_wconf 83' lang='lat' dir='ltr'><strong>conﬂ-</strong></span> 
     </span>
    </p>
   </div>
   <div class='ocr_carea' id='block_1_82' title="bbox 2022 3077 2972 3149">
    <p class='ocr_par' dir='ltr' id='par_1_82' title="bbox 2022 3077 2972 3149">
     <span class='ocr_line' id='line_1_82' title="bbox 2022 3077 2972 3149; baseline 0.003 -17"><span class='ocrx_word' id='word_1_576' title='bbox 2022 3079 2281 3149; x_wconf 78' lang='lat' dir='ltr'><strong>urationis</strong></span> <span class='ocrx_word' id='word_1_577' title='bbox 2309 3077 2584 3149; x_wconf 74' lang='lat' dir='ltr'><strong>habebunt</strong></span> <span class='ocrx_word' id='word_1_578' title='bbox 2613 3095 2708 3149; x_wconf 87' lang='lat' dir='ltr'><strong>per</strong></span> <span class='ocrx_word' id='word_1_579' title='bbox 2727 3080 2972 3147; x_wconf 84' lang='lat' dir='ltr'><strong>gratiam.</strong></span> 
     </span>
    </p>
   </div>
   <div class='ocr_carea' id='block_1_83' title="bbox 1983 3091 3570 3277">
    <p class='ocr_par' dir='ltr' id='par_1_83' title="bbox 1983 3091 3570 3277">
     <span class='ocr_line' id='line_1_83' title="bbox 1983 3091 2972 3206; baseline 0.003 -74"><span class='ocrx_word' id='word_1_580' title='bbox 1983 3091 2281 3206; x_wconf 56' lang='lat' dir='ltr'><strong>Euratnoms</strong></span> <span class='ocrx_word' id='word_1_581' title='bbox 2309 3091 2584 3133; x_wconf 83' lang='lat' dir='ltr'><strong>habebunt</strong></span> <span class='ocrx_word' id='word_1_582' title='bbox 2613 3095 2708 3149; x_wconf 88' lang='lat' dir='ltr'><strong>per</strong></span> <span class='ocrx_word' id='word_1_583' title='bbox 2727 3091 2972 3147; x_wconf 82' lang='lat' dir='ltr'><strong>gratiam.</strong></span> 
     </span>
     <span class='ocr_line' id='line_1_84' title="bbox 2029 3146 3570 3277; baseline -0.001 -73"><span class='ocrx_word' id='word_1_584' title='bbox 2029 3166 2116 3206; x_wconf 75' lang='grc' dir='ltr'><strong>ΑΡ.</strong></span> <span class='ocrx_word' id='word_1_585' title='bbox 2158 3148 2247 3204; x_wconf 84' lang='lat' dir='ltr'><strong>XI.</strong></span> <span class='ocrx_word' id='word_1_586' title='bbox 2287 3181 2360 3193; x_wconf 88' lang='lat'><strong>—-</strong></span> <span class='ocrx_word' id='word_1_587' title='bbox 2397 3146 2522 3204; x_wconf 85' lang='lat' dir='ltr'><strong>Non</strong></span> <span class='ocrx_word' id='word_1_588' title='bbox 2999 3151 3092 3277; x_wconf 52' lang='lat' dir='ltr'><strong>sed</strong></span> <span class='ocrx_word' id='word_1_589' title='bbox 3131 3167 3304 3223; x_wconf 62' lang='lat' dir='ltr'><strong>quam</strong></span> <span class='ocrx_word' id='word_1_590' title='bbox 3346 3152 3570 3224; x_wconf 78' lang='lat' dir='ltr'><strong>fructum</strong></span> 
     </span>
    </p>
   </div>
   <div class='ocr_carea' id='block_1_84' title="bbox 2673 3238 3038 3277">
    <p class='ocr_par' dir='ltr' id='par_1_84' title="bbox 2673 3238 3038 3277">
     <span class='ocr_line' id='line_1_85' title="bbox 2673 3238 3038 3277; baseline 0.005 -3"><span class='ocrx_word' id='word_1_591' title='bbox 2673 3238 2784 3277; x_wconf 77' lang='grc' dir='ltr'><strong>ιιιυ.</strong></span> <span class='ocrx_word' id='word_1_592' title='bbox 2813 3238 2886 3277; x_wconf 73' lang='grc' dir='ltr'><strong>ιν.</strong></span> <span class='ocrx_word' id='word_1_593' title='bbox 2917 3238 2980 3277; x_wconf 68' lang='lat' dir='ltr'><strong>ll</strong></span> <span class='ocrx_word' id='word_1_594' title='bbox 3002 3238 3038 3277; x_wconf 85' lang='lat' dir='ltr'><strong>l.</strong></span> 
     </span>
    </p>
   </div>
   <div class='ocr_carea' id='block_1_85' title="bbox 2058 3221 3572 3364">
    <p class='ocr_par' dir='ltr' id='par_1_85' title="bbox 2058 3221 3572 3364">
     <span class='ocr_line' id='line_1_86' title="bbox 2058 3221 3572 3364; baseline 0.001 -20"><span class='ocrx_word' id='word_1_595' title='bbox 2058 3289 2150 3364; x_wconf 80' lang='lat' dir='ltr'><strong>(in</strong></span> <span class='ocrx_word' id='word_1_596' title='bbox 2196 3290 2429 3364; x_wconf 79' lang='lat' dir='ltr'><strong>exposit.</strong></span> <span class='ocrx_word' id='word_1_597' title='bbox 2473 3221 3178 3364; x_wconf 15' lang='lat' dir='ltr'><strong>D.A(t.iii’iiftiibiv,xiixz)niim.</strong></span> <span class='ocrx_word' id='word_1_598' title='bbox 3210 3292 3332 3364; x_wconf 82' lang='grc'><strong>22.)</strong></span> <span class='ocrx_word' id='word_1_599' title='bbox 3361 3292 3572 3348; x_wconf 90' lang='lat' dir='ltr'><strong>Sanctis</strong></span> 
     </span>
    </p>
   </div>
   <div class='ocr_carea' id='block_1_86' title="bbox 1985 3361 3572 3486">
    <p class='ocr_par' dir='ltr' id='par_1_86' title="bbox 1985 3361 3572 3486">
     <span class='ocr_line' id='line_1_87' title="bbox 1985 3361 3572 3486; baseline 0 -70"><span class='ocrx_word' id='word_1_600' title='bbox 1985 3361 2426 3486; x_wconf 45' lang='lat' dir='ltr'><strong>prﬁdicatoribps</strong></span> <span class='ocrx_word' id='word_1_601' title='bbox 2467 3361 2646 3417; x_wconf 86' lang='lat' dir='ltr'><strong>debita</strong></span> <span class='ocrx_word' id='word_1_602' title='bbox 2679 3363 2747 3418; x_wconf 89' lang='lat' dir='ltr'><strong>ab</strong></span> <span class='ocrx_word' id='word_1_603' title='bbox 2789 3363 3124 3446; x_wconf 77' lang='lat' dir='ltr'><strong>audientibus</strong></span> <span class='ocrx_word' id='word_1_604' title='bbox 3165 3361 3433 3434; x_wconf 79' lang='lat' dir='ltr'><strong>stipendia</strong></span> <span class='ocrx_word' id='word_1_605' title='bbox 3475 3364 3572 3417; x_wconf 91' lang='lat' dir='ltr'><strong>de-</strong></span> 
     </span>
     <span class='ocr_line' id='line_1_88' title="bbox 2024 3431 3570 3486; baseline 0 0"><span class='ocrx_word' id='word_1_606' title='bbox 2024 3439 2119 3486; x_wconf 88' lang='lat' dir='ltr'><strong>ent</strong></span> <span class='ocrx_word' id='word_1_607' title='bbox 2146 3431 2400 3486; x_wconf 86' lang='lat' dir='ltr'><strong>conferri.</strong></span> <span class='ocrx_word' id='word_1_608' title='bbox 2450 3440 2506 3486; x_wconf 89' lang='lat' dir='ltr'><strong>et</strong></span> <span class='ocrx_word' id='word_1_609' title='bbox 2529 3447 2666 3486; x_wconf 86' lang='lat' dir='ltr'><strong>auos</strong></span> <span class='ocrx_word' id='word_1_610' title='bbox 2717 3433 2908 3486; x_wconf 67' lang='lat' dir='ltr'><strong>fatigat</strong></span> <span class='ocrx_word' id='word_1_611' title='bbox 2953 3441 3225 3486; x_wconf 81' lang='lat' dir='ltr'><strong>iniunctus</strong></span> <span class='ocrx_word' id='word_1_612' title='bbox 3254 3434 3408 3486; x_wconf 88' lang='lat' dir='ltr'><strong>labor</strong></span> <span class='ocrx_word' id='word_1_613' title='bbox 3435 3447 3570 3486; x_wconf 79' lang='lat' dir='ltr'><strong>pra:-</strong></span> 
     </span>
    </p>
   </div>
   <div class='ocr_carea' id='block_1_87' title="bbox 2024 3431 3570 3502">
    <p class='ocr_par' dir='ltr' id='par_1_87' title="bbox 2024 3431 3570 3502">
     <span class='ocr_line' id='line_1_89' title="bbox 2024 3431 3570 3502; baseline 0 -16"><span class='ocrx_word' id='word_1_614' title='bbox 2024 3439 2119 3486; x_wconf 88' lang='lat' dir='ltr'><strong>ent</strong></span> <span class='ocrx_word' id='word_1_615' title='bbox 2146 3431 2400 3495; x_wconf 88' lang='lat' dir='ltr'><strong>conferri,</strong></span> <span class='ocrx_word' id='word_1_616' title='bbox 2450 3440 2506 3486; x_wconf 89' lang='lat' dir='ltr'><strong>et</strong></span> <span class='ocrx_word' id='word_1_617' title='bbox 2529 3447 2666 3501; x_wconf 89' lang='lat' dir='ltr'><strong>quos</strong></span> <span class='ocrx_word' id='word_1_618' title='bbox 2717 3433 2908 3502; x_wconf 79' lang='lat' dir='ltr'><strong>fatigat</strong></span> <span class='ocrx_word' id='word_1_619' title='bbox 2953 3433 3225 3502; x_wconf 89' lang='lat' dir='ltr'><strong>injunctus</strong></span> <span class='ocrx_word' id='word_1_620' title='bbox 3244 3431 3408 3487; x_wconf 78' lang='lat' dir='ltr'><strong>labor</strong></span> <span class='ocrx_word' id='word_1_621' title='bbox 3435 3447 3570 3502; x_wconf 79' lang='lat' dir='ltr'><strong>pra:-</strong></span> 
     </span>
    </p>
   </div>
   <div class='ocr_carea' id='block_1_88' title="bbox 283 3491 3573 3574">
    <p class='ocr_par' dir='ltr' id='par_1_88' title="bbox 283 3491 3573 3574">
     <span class='ocr_line' id='line_1_90' title="bbox 283 3491 3573 3574; baseline 0.004 -28"><span class='ocrx_word' id='word_1_622' title='bbox 283 3491 513 3546; x_wconf 88' lang='lat' dir='ltr'><strong>luunilis</strong></span> <span class='ocrx_word' id='word_1_623' title='bbox 568 3493 760 3558; x_wconf 83' lang='lat' dir='ltr'><strong>fuerat,</strong></span> <span class='ocrx_word' id='word_1_624' title='bbox 801 3494 956 3574; x_wconf 89' lang='lat' dir='ltr'><strong>dicit&#39;:</strong></span> <span class='ocrx_word' id='word_1_625' title='bbox 1106 3497 1386 3562; x_wconf 87' lang='lat' dir='ltr'><strong>contempsi</strong></span> <span class='ocrx_word' id='word_1_626' title='bbox 1411 3495 1580 3574; x_wconf 69' lang='lat' dir='ltr'><strong>subire</strong></span> <span class='ocrx_word' id='word_1_627' title='bbox 1602 3572 1608 3574; x_wconf 19' lang='grc' dir='ltr'><strong><em>Δ</em></strong></span> <span class='ocrx_word' id='word_1_628' title='bbox 1626 3491 1883 3574; x_wconf 79' lang='lat' dir='ltr'><strong>judicium</strong></span> <span class='ocrx_word' id='word_1_629' title='bbox 1912 3506 1958 3569; x_wconf 73' lang='grc' dir='ltr'>α</span> <span class='ocrx_word' id='word_1_630' title='bbox 1985 3502 2276 3574; x_wconf 78' lang='lat' dir='ltr'><strong>dicationis</strong></span> <span class='ocrx_word' id='word_1_631' title='bbox 2303 3491 2601 3574; x_wconf 43' lang='lat' dir='ltr'><strong>exhibita}</strong></span> <span class='ocrx_word' id='word_1_632' title='bbox 2625 3491 2903 3572; x_wconf 41' lang='lat' dir='ltr'><strong>discipulis</strong></span> <span class='ocrx_word' id='word_1_633' title='bbox 2921 3491 3192 3574; x_wconf 58' lang='lat' dir='ltr'><strong>pinguedo</strong></span> <span class='ocrx_word' id='word_1_634' title='bbox 3219 3504 3346 3559; x_wconf 88' lang='lat' dir='ltr'><strong>boni</strong></span> <span class='ocrx_word' id='word_1_635' title='bbox 3389 3491 3573 3574; x_wconf 59' lang='lat' dir='ltr'><strong>fo&#39;veat</strong></span> 
     </span>
    </p>
   </div>
   <div class='ocr_carea' id='block_1_89' title="bbox 284 3565 1884 3634">
    <p class='ocr_par' dir='ltr' id='par_1_89' title="bbox 284 3565 1884 3634">
     <span class='ocr_line' id='line_1_91' title="bbox 284 3565 1884 3634; baseline 0.003 -19"><span class='ocrx_word' id='word_1_636' title='bbox 284 3579 405 3616; x_wconf 88' lang='lat' dir='ltr'><strong>cum</strong></span> <span class='ocrx_word' id='word_1_637' title='bbox 433 3579 578 3617; x_wconf 90' lang='lat' dir='ltr'><strong>servo</strong></span> <span class='ocrx_word' id='word_1_638' title='bbox 606 3578 738 3634; x_wconf 72' lang='lat' dir='ltr'><strong>meo,</strong></span> <span class='ocrx_word' id='word_1_639' title='bbox 783 3573 836 3634; x_wconf 84' lang='lat' dir='ltr'><strong>et</strong></span> <span class='ocrx_word' id='word_1_640' title='bbox 874 3566 1068 3618; x_wconf 82' lang='lat' dir='ltr'><strong>ancilla</strong></span> <span class='ocrx_word' id='word_1_641' title='bbox 1095 3583 1230 3628; x_wconf 78' lang='lat' dir='ltr'><strong>mea,</strong></span> <span class='ocrx_word' id='word_1_642' title='bbox 1276 3582 1389 3618; x_wconf 88' lang='lat' dir='ltr'><strong>cum</strong></span> <span class='ocrx_word' id='word_1_643' title='bbox 1416 3565 1758 3634; x_wconf 77' lang='lat' dir='ltr'><strong>disceptarent</strong></span> <span class='ocrx_word' id='word_1_644' title='bbox 1788 3567 1884 3620; x_wconf 82' lang='lat' dir='ltr'><strong>ad-</strong></span> 
     </span>
    </p>
   </div>
   <div class='ocr_carea' id='block_1_90' title="bbox 284 3632 1884 3705">
    <p class='ocr_par' dir='ltr' id='par_1_90' title="bbox 284 3632 1884 3705">
     <span class='ocr_line' id='line_1_92' title="bbox 284 3632 1884 3705; baseline 0.003 -19"><span class='ocrx_word' id='word_1_645' title='bbox 284 3650 496 3705; x_wconf 84' lang='lat' dir='ltr'><strong>versum</strong></span> <span class='ocrx_word' id='word_1_646' title='bbox 545 3650 626 3705; x_wconf 86' lang='lat' dir='ltr'><strong>me</strong></span> <span class='ocrx_word' id='word_1_647' title='bbox 669 3632 802 3699; x_wconf 88' lang='lat' dir='ltr'><strong>(Job</strong></span> <span class='ocrx_word' id='word_1_648' title='bbox 832 3652 983 3704; x_wconf 74' lang='lat' dir='ltr'><strong>xxxn,</strong></span> <span class='ocrx_word' id='word_1_649' title='bbox 1031 3635 1154 3701; x_wconf 78' lang='lat' dir='ltr'><strong>l5).</strong></span> <span class='ocrx_word' id='word_1_650' title='bbox 1190 3635 1324 3702; x_wconf 82' lang='lat' dir='ltr'><strong>Quia</strong></span> <span class='ocrx_word' id='word_1_651' title='bbox 1371 3632 1651 3705; x_wconf 83' lang='lat' dir='ltr'><strong>hospitalis</strong></span> <span class='ocrx_word' id='word_1_652' title='bbox 1687 3635 1884 3704; x_wconf 84' lang='lat' dir='ltr'><strong>fuerat,</strong></span> 
     </span>
    </p>
   </div>
   <div class='ocr_carea' id='block_1_91' title="bbox 285 3704 1888 3776">
    <p class='ocr_par' dir='ltr' id='par_1_91' title="bbox 285 3704 1888 3776">
     <span class='ocr_line' id='line_1_93' title="bbox 285 3704 1888 3776; baseline 0.002 -19"><span class='ocrx_word' id='word_1_653' title='bbox 285 3704 530 3776; x_wconf 79' lang='lat' dir='ltr'><strong>fatetur:</strong></span> <span class='ocrx_word' id='word_1_654' title='bbox 565 3704 625 3758; x_wconf 89' lang='lat' dir='ltr'><strong>Si</strong></span> <span class='ocrx_word' id='word_1_655' title='bbox 652 3705 860 3773; x_wconf 76' lang='lat' dir='ltr'><strong>despexi</strong></span> <span class='ocrx_word' id='word_1_656' title='bbox 883 3714 1292 3776; x_wconf 77' lang='lat' dir='ltr'><strong>prwtereuntem,</strong></span> <span class='ocrx_word' id='word_1_657' title='bbox 1316 3723 1373 3760; x_wconf 81' lang='lat' dir='ltr'><strong>eo</strong></span> <span class='ocrx_word' id='word_1_658' title='bbox 1404 3704 1539 3776; x_wconf 84' lang='lat' dir='ltr'><strong>quod</strong></span> <span class='ocrx_word' id='word_1_659' title='bbox 1564 3723 1665 3760; x_wconf 89' lang='lat' dir='ltr'><strong>non</strong></span> <span class='ocrx_word' id='word_1_660' title='bbox 1696 3706 1888 3760; x_wconf 82' lang='lat' dir='ltr'><strong>habue-</strong></span> 
     </span>
    </p>
   </div>
   <div class='ocr_carea' id='block_1_92' title="bbox 285 3774 1888 3846">
    <p class='ocr_par' dir='ltr' id='par_1_92' title="bbox 285 3774 1888 3846">
     <span class='ocr_line' id='line_1_94' title="bbox 285 3774 1888 3846; baseline 0.003 -19"><span class='ocrx_word' id='word_1_661' title='bbox 285 3776 360 3846; x_wconf 75' lang='lat' dir='ltr'><strong>rit</strong></span> <span class='ocrx_word' id='word_1_662' title='bbox 400 3774 760 3846; x_wconf 66' lang='lat' dir='ltr'><strong>indumentum</strong></span> <span class='ocrx_word' id='word_1_663' title='bbox 808 3775 998 3843; x_wconf 85' lang='lat' dir='ltr'><strong>(Vers.</strong></span> <span class='ocrx_word' id='word_1_664' title='bbox 1032 3776 1163 3846; x_wconf 78' lang='lat' dir='ltr'><strong>l9).</strong></span> <span class='ocrx_word' id='word_1_665' title='bbox 1221 3777 1357 3843; x_wconf 92' lang='lat' dir='ltr'><strong>Quia</strong></span> <span class='ocrx_word' id='word_1_666' title='bbox 1407 3774 1586 3844; x_wconf 80' lang='lat' dir='ltr'><strong>largus</strong></span> <span class='ocrx_word' id='word_1_667' title='bbox 1633 3776 1684 3830; x_wconf 92' lang='lat' dir='ltr'><strong>in</strong></span> <span class='ocrx_word' id='word_1_668' title='bbox 1731 3778 1888 3832; x_wconf 89' lang='lat' dir='ltr'><strong>donis</strong></span> 
     </span>
    </p>
   </div>
   <div class='ocr_carea' id='block_1_93' title="bbox 289 3844 1890 3920">
    <p class='ocr_par' dir='ltr' id='par_1_93' title="bbox 289 3844 1890 3920">
     <span class='ocr_line' id='line_1_95' title="bbox 289 3844 1890 3920; baseline 0.002 -22"><span class='ocrx_word' id='word_1_669' title='bbox 289 3845 417 3920; x_wconf 81' lang='lat' dir='ltr'><strong>iuit,</strong></span> <span class='ocrx_word' id='word_1_670' title='bbox 460 3844 594 3920; x_wconf 66' lang='lat' dir='ltr'><strong>dicit</strong></span> <span class='ocrx_word' id='word_1_671' title='bbox 631 3863 645 3898; x_wconf 89' lang='lat'><strong>:</strong></span> <span class='ocrx_word' id='word_1_672' title='bbox 686 3847 877 3920; x_wconf 70' lang='lat' dir='ltr'><strong>Sinon</strong></span> <span class='ocrx_word' id='word_1_673' title='bbox 909 3844 1276 3901; x_wconf 68' lang='lat' dir='ltr'><strong>benedixerunt</strong></span> <span class='ocrx_word' id='word_1_674' title='bbox 1305 3847 1429 3900; x_wconf 87' lang='lat' dir='ltr'><strong>mihi</strong></span> <span class='ocrx_word' id='word_1_675' title='bbox 1467 3848 1632 3920; x_wconf 66' lang='lat' dir='ltr'><strong>latera</strong></span> <span class='ocrx_word' id='word_1_676' title='bbox 1661 3850 1890 3920; x_wconf 73' lang='lat' dir='ltr'><strong>ejus,_et</strong></span> 
     </span>
    </p>
   </div>
   <div class='ocr_carea' id='block_1_94' title="bbox 288 3914 1884 3990">
    <p class='ocr_par' dir='ltr' id='par_1_94' title="bbox 288 3914 1884 3990">
     <span class='ocr_line' id='line_1_96' title="bbox 288 3914 1884 3990; baseline 0.003 -23"><span class='ocrx_word' id='word_1_677' title='bbox 288 3916 357 3990; x_wconf 64' lang='lat' dir='ltr'><strong>(te</strong></span> <span class='ocrx_word' id='word_1_678' title='bbox 384 3914 662 3990; x_wconf 77' lang='lat' dir='ltr'><strong>velleribus</strong></span> <span class='ocrx_word' id='word_1_679' title='bbox 688 3917 854 3970; x_wconf 85' lang='lat' dir='ltr'><strong>ovium</strong></span> <span class='ocrx_word' id='word_1_680' title='bbox 879 3935 1108 3990; x_wconf 78' lang='lat' dir='ltr'><strong>mearum</strong></span> <span class='ocrx_word' id='word_1_681' title='bbox 1138 3919 1517 3990; x_wconf 75' lang='lat' dir='ltr'><strong>calefactusest</strong></span> <span class='ocrx_word' id='word_1_682' title='bbox 1546 3921 1564 3990; x_wconf 94' lang='lat'><strong>(</strong></span> <span class='ocrx_word' id='word_1_683' title='bbox 1593 3914 1745 3990; x_wconf 68' lang='lat' dir='ltr'><strong>Vefs.</strong></span> <span class='ocrx_word' id='word_1_684' title='bbox 1763 3918 1884 3988; x_wconf 83' lang='grc'><strong>20).</strong></span> 
     </span>
    </p>
   </div>
   <div class='ocr_carea' id='block_1_95' title="bbox 289 3986 1889 4055">
    <p class='ocr_par' dir='ltr' id='par_1_95' title="bbox 289 3986 1889 4055">
     <span class='ocr_line' id='line_1_97' title="bbox 289 3986 1889 4055; baseline 0.004 -17"><span class='ocrx_word' id='word_1_685' title='bbox 289 3986 433 4052; x_wconf 85' lang='lat' dir='ltr'><strong>Quia</strong></span> <span class='ocrx_word' id='word_1_686' title='bbox 465 3986 733 4042; x_wconf 86' lang='lat' dir='ltr'><strong>violentus</strong></span> <span class='ocrx_word' id='word_1_687' title='bbox 759 4002 865 4039; x_wconf 90' lang='lat' dir='ltr'><strong>non</strong></span> <span class='ocrx_word' id='word_1_688' title='bbox 899 3986 1090 4055; x_wconf 87' lang='lat' dir='ltr'><strong>fuerat,</strong></span> <span class='ocrx_word' id='word_1_689' title='bbox 1121 3986 1566 4052; x_wconf 79' lang='lat' dir='ltr'><strong>testatur,dicens</strong></span> <span class='ocrx_word' id='word_1_690' title='bbox 1599 4007 1612 4043; x_wconf 91' lang='lat'><strong>:</strong></span> <span class='ocrx_word' id='word_1_691' title='bbox 1643 3988 1704 4043; x_wconf 89' lang='lat' dir='ltr'><strong>Si</strong></span> <span class='ocrx_word' id='word_1_692' title='bbox 1728 3986 1889 4044; x_wconf 84' lang='lat' dir='ltr'><strong>levavi</strong></span> 
     </span>
    </p>
   </div>
   <div class='ocr_carea' id='block_1_96' title="bbox 287 4056 1891 4130">
    <p class='ocr_par' dir='ltr' id='par_1_96' title="bbox 287 4056 1891 4130">
     <span class='ocr_line' id='line_1_98' title="bbox 287 4056 1891 4130; baseline 0.002 -20"><span class='ocrx_word' id='word_1_693' title='bbox 287 4056 968 4130; x_wconf 69' lang='lat' dir='ltr'><strong>super_pupillumntanunt</strong></span> <span class='ocrx_word' id='word_1_694' title='bbox 994 4075 1182 4127; x_wconf 86' lang='lat' dir='ltr'><strong>meam,</strong></span> <span class='ocrx_word' id='word_1_695' title='bbox 1212 4075 1325 4113; x_wconf 86' lang='lat' dir='ltr'><strong>cum</strong></span> <span class='ocrx_word' id='word_1_696' title='bbox 1346 4075 1425 4112; x_wconf 88' lang='lat' dir='ltr'><strong>me</strong></span> <span class='ocrx_word' id='word_1_697' title='bbox 1448 4059 1637 4114; x_wconf 83' lang='lat' dir='ltr'><strong>videret</strong></span> <span class='ocrx_word' id='word_1_698' title='bbox 1659 4061 1712 4114; x_wconf 89' lang='lat' dir='ltr'><strong>in</strong></span> <span class='ocrx_word' id='word_1_699' title='bbox 1742 4072 1891 4130; x_wconf 83' lang='lat' dir='ltr'><strong>porta</strong></span> 
     </span>
    </p>
   </div>
   <div class='ocr_carea' id='block_1_97' title="bbox 291 4127 1889 4202">
    <p class='ocr_par' dir='ltr' id='par_1_97' title="bbox 291 4127 1889 4202">
     <span class='ocr_line' id='line_1_99' title="bbox 291 4127 1889 4202; baseline 0.003 -22"><span class='ocrx_word' id='word_1_700' title='bbox 291 4127 616 4194; x_wconf 78' lang='lat' dir='ltr'><strong>superiorem</strong></span> <span class='ocrx_word' id='word_1_701' title='bbox 675 4127 862 4202; x_wconf 56' lang='grc' dir='ltr'><strong>(γεγε.</strong></span> <span class='ocrx_word' id='word_1_702' title='bbox 912 4129 1036 4202; x_wconf 79' lang='grc'><strong>21).</strong></span> <span class='ocrx_word' id='word_1_703' title='bbox 1089 4130 1239 4202; x_wconf 77' lang='lat' dir='ltr'><strong>Quia</strong></span> <span class='ocrx_word' id='word_1_704' title='bbox 1277 4130 1344 4184; x_wconf 87' lang='lat' dir='ltr'><strong>de</strong></span> <span class='ocrx_word' id='word_1_705' title='bbox 1392 4130 1593 4202; x_wconf 56' lang='lat' dir='ltr'><strong>inimici</strong></span> <span class='ocrx_word' id='word_1_706' title='bbox 1649 4127 1889 4202; x_wconf 79' lang='lat' dir='ltr'><strong>periculo</strong></span> 
     </span>
    </p>
   </div>
   <div class='ocr_carea' id='block_1_98' title="bbox 292 4199 1887 4272">
    <p class='ocr_par' dir='ltr' id='par_1_98' title="bbox 292 4199 1887 4272">
     <span class='ocr_line' id='line_1_100' title="bbox 292 4199 1887 4272; baseline 0.001 -20"><span class='ocrx_word' id='word_1_707' title='bbox 292 4212 576 4272; x_wconf 82' lang='lat' dir='ltr'><strong>nunquam</strong></span> <span class='ocrx_word' id='word_1_708' title='bbox 606 4199 971 4272; x_wconf 75' lang='lat' dir='ltr'><strong>exSultaverit,</strong></span> <span class='ocrx_word' id='word_1_709' title='bbox 997 4199 1179 4272; x_wconf 75' lang='lat' dir='ltr'><strong>dicit;</strong></span> <span class='ocrx_word' id='word_1_710' title='bbox 1212 4200 1274 4256; x_wconf 90' lang='lat' dir='ltr'><strong>Si</strong></span> <span class='ocrx_word' id='word_1_711' title='bbox 1297 4201 1502 4272; x_wconf 70' lang='lat' dir='ltr'><strong>gqvisus</strong></span> <span class='ocrx_word' id='word_1_712' title='bbox 1529 4199 1737 4257; x_wconf 49' lang='lat' dir='ltr'><strong>sum—ad</strong></span> <span class='ocrx_word' id='word_1_713' title='bbox 1778 4202 1887 4255; x_wconf 89' lang='lat' dir='ltr'><strong>rui-</strong></span> 
     </span>
    </p>
   </div>
   <div class='ocr_carea' id='block_1_99' title="bbox 293 4267 1891 4343">
    <p class='ocr_par' dir='ltr' id='par_1_99' title="bbox 293 4267 1891 4343">
     <span class='ocr_line' id='line_1_101' title="bbox 293 4267 1891 4343; baseline 0.006 -25"><span class='ocrx_word' id='word_1_714' title='bbox 293 4284 436 4343; x_wconf 73' lang='lat' dir='ltr'><strong>nam</strong></span> <span class='ocrx_word' id='word_1_715' title='bbox 473 4267 586 4338; x_wconf 88' lang='lat' dir='ltr'><strong>ejus</strong></span> <span class='ocrx_word' id='word_1_716' title='bbox 632 4273 717 4343; x_wconf 85' lang='lat' dir='ltr'><strong>qui</strong></span> <span class='ocrx_word' id='word_1_717' title='bbox 746 4286 828 4324; x_wconf 89' lang='lat' dir='ltr'><strong>me</strong></span> <span class='ocrx_word' id='word_1_718' title='bbox 875 4271 1053 4325; x_wconf 82' lang='lat' dir='ltr'><strong>oderat</strong></span> <span class='ocrx_word' id='word_1_719' title='bbox 1085 4273 1101 4343; x_wconf 97' lang='lat'><strong>(</strong></span> <span class='ocrx_word' id='word_1_720' title='bbox 1135 4267 1467 4341; x_wconf 46' lang='lat' dir='ltr'><strong>Versf29).</strong></span> <span class='ocrx_word' id='word_1_721' title='bbox 1499 4271 1632 4337; x_wconf 88' lang='lat' dir='ltr'><strong>Quia</strong></span> <span class='ocrx_word' id='word_1_722' title='bbox 1681 4272 1891 4343; x_wconf 86' lang='lat' dir='ltr'><strong>patiens</strong></span> 
     </span>
    </p>
   </div>
   <div class='ocr_carea' id='block_1_100' title="bbox 295 4337 1890 4412">
    <p class='ocr_par' dir='ltr' id='par_1_100' title="bbox 295 4337 1890 4412">
     <span class='ocr_line' id='line_1_102' title="bbox 295 4337 1890 4412; baseline 0.004 -21"><span class='ocrx_word' id='word_1_723' title='bbox 295 4337 1006 4412; x_wconf 84' lang='lat' dir='ltr'><strong>fuerit,ct__et_iamsuorum</strong></span> <span class='ocrx_word' id='word_1_724' title='bbox 1038 4337 1295 4396; x_wconf 82' lang='lat' dir='ltr'><strong>malitiam</strong></span> <span class='ocrx_word' id='word_1_725' title='bbox 1353 4337 1724 4412; x_wconf 58' lang='lat' dir='ltr'><strong>aequanimiter</strong></span> <span class='ocrx_word' id='word_1_726' title='bbox 1761 4358 1890 4412; x_wconf 90' lang='lat' dir='ltr'><strong>per-</strong></span> 
     </span>
    </p>
   </div>
   <div class='ocr_carea' id='block_1_101' title="bbox 297 4408 1890 4470">
    <p class='ocr_par' dir='ltr' id='par_1_101' title="bbox 297 4408 1890 4470">
     <span class='ocr_line' id='line_1_103' title="bbox 297 4408 1890 4470; baseline 0.004 -9"><span class='ocrx_word' id='word_1_727' title='bbox 297 4408 507 4470; x_wconf 87' lang='lat' dir='ltr'><strong>tulerit,</strong></span> <span class='ocrx_word' id='word_1_728' title='bbox 562 4409 718 4463; x_wconf 88' lang='lat' dir='ltr'><strong>dicit:</strong></span> <span class='ocrx_word' id='word_1_729' title='bbox 755 4411 818 4464; x_wconf 88' lang='lat' dir='ltr'><strong>Si</strong></span> <span class='ocrx_word' id='word_1_730' title='bbox 848 4428 949 4464; x_wconf 88' lang='lat' dir='ltr'><strong>uon</strong></span> <span class='ocrx_word' id='word_1_731' title='bbox 988 4413 1231 4466; x_wconf 70' lang='lat' dir='ltr'><strong>dixerunt</strong></span> <span class='ocrx_word' id='word_1_732' title='bbox 1259 4414 1356 4467; x_wconf 87' lang='lat' dir='ltr'><strong>viri</strong></span> <span class='ocrx_word' id='word_1_733' title='bbox 1406 4408 1723 4466; x_wconf 69' lang='lat' dir='ltr'><strong>tabernaculi</strong></span> <span class='ocrx_word' id='word_1_734' title='bbox 1752 4408 1890 4469; x_wconf 80' lang='lat' dir='ltr'><strong>mei:</strong></span> 
     </span>
    </p>
   </div>
   <div class='ocr_carea' id='block_1_102' title="bbox 301 4477 1887 4555">
    <p class='ocr_par' dir='ltr' id='par_1_102' title="bbox 301 4477 1887 4555">
     <span class='ocr_line' id='line_1_104' title="bbox 301 4477 1887 4555; baseline 0.008 -29"><span class='ocrx_word' id='word_1_735' title='bbox 301 4477 441 4555; x_wconf 61' lang='lat' dir='ltr'><strong>Quis</strong></span> <span class='ocrx_word' id='word_1_736' title='bbox 461 4478 544 4555; x_wconf 81' lang='lat' dir='ltr'><strong>det</strong></span> <span class='ocrx_word' id='word_1_737' title='bbox 588 4477 652 4530; x_wconf 91' lang='lat' dir='ltr'><strong>de</strong></span> <span class='ocrx_word' id='word_1_738' title='bbox 679 4481 918 4555; x_wconf 73' lang='lat' dir='ltr'><strong>carnibus</strong></span> <span class='ocrx_word' id='word_1_739' title='bbox 943 4483 1076 4555; x_wconf 83' lang='lat' dir='ltr'><strong>ejus,</strong></span> <span class='ocrx_word' id='word_1_740' title='bbox 1106 4493 1161 4534; x_wconf 87' lang='lat' dir='ltr'><strong>ut</strong></span> <span class='ocrx_word' id='word_1_741' title='bbox 1205 4492 1497 4536; x_wconf 77' lang='lat' dir='ltr'><strong>saturentur</strong></span> <span class='ocrx_word' id='word_1_742' title='bbox 1525 4483 1543 4550; x_wconf 97' lang='lat'><strong>(</strong></span> <span class='ocrx_word' id='word_1_743' title='bbox 1577 4483 1722 4555; x_wconf 61' lang='grc' dir='ltr'><strong>γεγε.</strong></span> <span class='ocrx_word' id='word_1_744' title='bbox 1765 4482 1823 4555; x_wconf 76' lang='lat' dir='ltr'><strong>5i</strong></span> 
     </span>
    </p>
   </div>
   <div class='ocr_carea' id='block_1_103' title="bbox 301 4545 1890 4616">
    <p class='ocr_par' dir='ltr' id='par_1_103' title="bbox 301 4545 1890 4616">
     <span class='ocr_line' id='line_1_105' title="bbox 301 4545 1890 4616; baseline 0.006 -19"><span class='ocrx_word' id='word_1_745' title='bbox 301 4545 442 4616; x_wconf 74' lang='lat' dir='ltr'><strong>Quid</strong></span> <span class='ocrx_word' id='word_1_746' title='bbox 469 4554 551 4600; x_wconf 90' lang='lat' dir='ltr'><strong>est</strong></span> <span class='ocrx_word' id='word_1_747' title='bbox 595 4562 722 4615; x_wconf 89' lang='lat' dir='ltr'><strong>ergo</strong></span> <span class='ocrx_word' id='word_1_748' title='bbox 753 4550 894 4616; x_wconf 84' lang='lat' dir='ltr'><strong>quod</strong></span> <span class='ocrx_word' id='word_1_749' title='bbox 917 4545 1000 4602; x_wconf 69' lang='lat' dir='ltr'><strong>vi&#39;r</strong></span> <span class='ocrx_word' id='word_1_750' title='bbox 1027 4545 1243 4604; x_wconf 87' lang='lat' dir='ltr'><strong>sanctus</strong></span> <span class='ocrx_word' id='word_1_751' title='bbox 1270 4561 1348 4604; x_wconf 92' lang='lat' dir='ltr'><strong>tot</strong></span> <span class='ocrx_word' id='word_1_752' title='bbox 1387 4566 1512 4606; x_wconf 91' lang='lat' dir='ltr'><strong>suas</strong></span> <span class='ocrx_word' id='word_1_753' title='bbox 1534 4545 1782 4605; x_wconf 35' lang='lat' dir='ltr'><strong>“virtutes</strong></span> <span class='ocrx_word' id='word_1_754' title='bbox 1810 4545 1890 4607; x_wconf 77' lang='lat' dir='ltr'><strong>iti-</strong></span> 
     </span>
    </p>
   </div>
   <div class='ocr_carea' id='block_1_104' title="bbox 303 4614 1885 4690">
    <p class='ocr_par' dir='ltr' id='par_1_104' title="bbox 303 4614 1885 4690">
     <span class='ocr_line' id='line_1_106' title="bbox 303 4614 1885 4690; baseline 0.003 -18"><span class='ocrx_word' id='word_1_755' title='bbox 303 4625 392 4672; x_wconf 83' lang='lat' dir='ltr'><strong>tcr</strong></span> <span class='ocrx_word' id='word_1_756' title='bbox 413 4614 616 4690; x_wconf 81' lang='lat' dir='ltr'><strong>flagella</strong></span> <span class='ocrx_word' id='word_1_757' title='bbox 643 4614 958 4690; x_wconf 81' lang='lat' dir='ltr'><strong>enumerat?</strong></span> <span class='ocrx_word' id='word_1_758' title='bbox 987 4619 1124 4684; x_wconf 90' lang='lat' dir='ltr'><strong>Quid</strong></span> <span class='ocrx_word' id='word_1_759' title='bbox 1174 4630 1254 4674; x_wconf 84' lang='lat' dir='ltr'><strong>est</strong></span> <span class='ocrx_word' id='word_1_760' title='bbox 1298 4621 1440 4689; x_wconf 89' lang='lat' dir='ltr'><strong>quod</strong></span> <span class='ocrx_word' id='word_1_761' title='bbox 1469 4635 1566 4673; x_wconf 90' lang='lat' dir='ltr'><strong>ore</strong></span> <span class='ocrx_word' id='word_1_762' title='bbox 1594 4635 1694 4675; x_wconf 89' lang='lat' dir='ltr'><strong>suo</strong></span> <span class='ocrx_word' id='word_1_763' title='bbox 1724 4635 1885 4690; x_wconf 90' lang='lat' dir='ltr'><strong>opera</strong></span> 
     </span>
    </p>
   </div>
   <div class='ocr_carea' id='block_1_105' title="bbox 256 4688 1889 4760">
    <p class='ocr_par' dir='ltr' id='par_1_105' title="bbox 256 4688 1889 4760">
     <span class='ocr_line' id='line_1_107' title="bbox 256 4688 1889 4760; baseline 0.005 -22"><span class='ocrx_word' id='word_1_764' title='bbox 256 4708 260 4712; x_wconf 94' lang='grc'><strong>·</strong></span> <span class='ocrx_word' id='word_1_765' title='bbox 299 4701 427 4756; x_wconf 71' lang='lat' dir='ltr'><strong>qua:</strong></span> <span class='ocrx_word' id='word_1_766' title='bbox 475 4688 692 4760; x_wconf 79' lang='lat' dir='ltr'><strong>fecerat,</strong></span> <span class='ocrx_word' id='word_1_767' title='bbox 725 4689 922 4755; x_wconf 86' lang='lat' dir='ltr'><strong>laudat,</strong></span> <span class='ocrx_word' id='word_1_768' title='bbox 957 4691 1054 4744; x_wconf 88' lang='lat' dir='ltr'><strong>nisi</strong></span> <span class='ocrx_word' id='word_1_769' title='bbox 1092 4691 1216 4760; x_wconf 90' lang='lat' dir='ltr'><strong>quia</strong></span> <span class='ocrx_word' id='word_1_770' title='bbox 1240 4688 1379 4744; x_wconf 84' lang='lat' dir='ltr'><strong>inter</strong></span> <span class='ocrx_word' id='word_1_771' title='bbox 1400 4690 1620 4744; x_wconf 88' lang='lat' dir='ltr'><strong>vulnera</strong></span> <span class='ocrx_word' id='word_1_772' title='bbox 1649 4698 1703 4745; x_wconf 91' lang='lat' dir='ltr'><strong>et</strong></span> <span class='ocrx_word' id='word_1_773' title='bbox 1725 4688 1889 4746; x_wconf 80' lang='lat' dir='ltr'><strong>verba</strong></span> 
     </span>
    </p>
   </div>
   <div class='ocr_carea' id='block_1_106' title="bbox 298 4757 1892 4829">
    <p class='ocr_par' dir='ltr' id='par_1_106' title="bbox 298 4757 1892 4829">
     <span class='ocr_line' id='line_1_108' title="bbox 298 4757 1892 4829; baseline 0.004 -20"><span class='ocrx_word' id='word_1_774' title='bbox 298 4772 428 4826; x_wconf 79' lang='lat' dir='ltr'><strong>qua:</strong></span> <span class='ocrx_word' id='word_1_775' title='bbox 480 4757 622 4814; x_wconf 90' lang='lat' dir='ltr'><strong>hunc</strong></span> <span class='ocrx_word' id='word_1_776' title='bbox 653 4761 719 4814; x_wconf 89' lang='lat' dir='ltr'><strong>ad</strong></span> <span class='ocrx_word' id='word_1_777' title='bbox 761 4757 1190 4828; x_wconf 82' lang='lat' dir='ltr'><strong>desperationem</strong></span> <span class='ocrx_word' id='word_1_778' title='bbox 1247 4761 1459 4815; x_wconf 87' lang='lat' dir='ltr'><strong>trahere</strong></span> <span class='ocrx_word' id='word_1_779' title='bbox 1514 4769 1767 4829; x_wconf 87' lang='lat' dir='ltr'><strong>poterant</strong></span> <span class='ocrx_word' id='word_1_780' title='bbox 1824 4763 1892 4816; x_wconf 90' lang='lat' dir='ltr'><strong>ad</strong></span> 
     </span>
    </p>
   </div>
   <div class='ocr_carea' id='block_1_107' title="bbox 301 4830 1893 4900">
    <p class='ocr_par' dir='ltr' id='par_1_107' title="bbox 301 4830 1893 4900">
     <span class='ocr_line' id='line_1_109' title="bbox 301 4830 1893 4900; baseline 0.002 -16"><span class='ocrx_word' id='word_1_781' title='bbox 301 4842 458 4900; x_wconf 82' lang='lat' dir='ltr'><strong>spem</strong></span> <span class='ocrx_word' id='word_1_782' title='bbox 488 4830 726 4900; x_wconf 75' lang='lat' dir='ltr'><strong>animum</strong></span> <span class='ocrx_word' id='word_1_783' title='bbox 774 4832 1070 4886; x_wconf 88' lang='lat' dir='ltr'><strong>reformat?</strong></span> <span class='ocrx_word' id='word_1_784' title='bbox 1101 4831 1166 4884; x_wconf 84' lang='lat' dir='ltr'><strong>Et</strong></span> <span class='ocrx_word' id='word_1_785' title='bbox 1205 4831 1294 4900; x_wconf 88' lang='lat' dir='ltr'><strong>qui</strong></span> <span class='ocrx_word' id='word_1_786' title='bbox 1319 4832 1368 4884; x_wconf 92' lang='lat' dir='ltr'><strong>in</strong></span> <span class='ocrx_word' id='word_1_787' title='bbox 1407 4832 1766 4900; x_wconf 88' lang='lat' dir='ltr'><strong>prosperitate</strong></span> <span class='ocrx_word' id='word_1_788' title='bbox 1793 4832 1893 4887; x_wconf 89' lang='lat' dir='ltr'><strong>hu-</strong></span> 
     </span>
    </p>
   </div>
   <div class='ocr_carea' id='block_1_108' title="bbox 302 4898 1894 4968">
    <p class='ocr_par' dir='ltr' id='par_1_108' title="bbox 302 4898 1894 4968">
     <span class='ocr_line' id='line_1_110' title="bbox 302 4898 1894 4968; baseline 0.004 -16"><span class='ocrx_word' id='word_1_789' title='bbox 302 4899 450 4952; x_wconf 81' lang='lat' dir='ltr'><strong>milis</strong></span> <span class='ocrx_word' id='word_1_790' title='bbox 479 4898 598 4964; x_wconf 86' lang='lat' dir='ltr'><strong>fuit,</strong></span> <span class='ocrx_word' id='word_1_791' title='bbox 631 4902 895 4955; x_wconf 86' lang='lat' dir='ltr'><strong>revocatis</strong></span> <span class='ocrx_word' id='word_1_792' title='bbox 921 4902 1078 4956; x_wconf 83' lang='lat' dir='ltr'><strong>bonis</strong></span> <span class='ocrx_word' id='word_1_793' title='bbox 1106 4898 1312 4957; x_wconf 31' lang='lat' dir='ltr'><strong>suis—ad</strong></span> <span class='ocrx_word' id='word_1_794' title='bbox 1342 4898 1677 4968; x_wconf 78' lang='lat' dir='ltr'><strong>memoriam,</strong></span> <span class='ocrx_word' id='word_1_795' title='bbox 1726 4902 1894 4958; x_wconf 87' lang='lat' dir='ltr'><strong>infra-</strong></span> 
     </span>
    </p>
   </div>
   <div class='ocr_carea' id='block_1_109' title="bbox 304 4968 1891 5040">
    <p class='ocr_par' dir='ltr' id='par_1_109' title="bbox 304 4968 1891 5040">
     <span class='ocr_line' id='line_1_111' title="bbox 304 4968 1891 5040; baseline 0.006 -20"><span class='ocrx_word' id='word_1_796' title='bbox 304 4979 429 5040; x_wconf 81' lang='lat' dir='ltr'><strong>ctus</strong></span> <span class='ocrx_word' id='word_1_797' title='bbox 471 4968 523 5021; x_wconf 91' lang='lat' dir='ltr'><strong>in</strong></span> <span class='ocrx_word' id='word_1_798' title='bbox 555 4969 880 5025; x_wconf 69' lang='lat' dir='ltr'><strong>adversitate</strong></span> <span class='ocrx_word' id='word_1_799' title='bbox 911 4973 1224 5038; x_wconf 88' lang='lat' dir='ltr'><strong>permansit.</strong></span> <span class='ocrx_word' id='word_1_800' title='bbox 1271 4969 1436 5040; x_wconf 87' lang='lat' dir='ltr'><strong>Cujus</strong></span> <span class='ocrx_word' id='word_1_801' title='bbox 1479 4973 1622 5027; x_wconf 90' lang='lat' dir='ltr'><strong>enim</strong></span> <span class='ocrx_word' id='word_1_802' title='bbox 1655 4973 1891 5029; x_wconf 90' lang='lat' dir='ltr'><strong>animum</strong></span> 
     </span>
    </p>
   </div>
   <div class='ocr_carea' id='block_1_110' title="bbox 305 5039 1889 5110">
    <p class='ocr_par' dir='ltr' id='par_1_110' title="bbox 305 5039 1889 5110">
     <span class='ocr_line' id='line_1_112' title="bbox 305 5039 1889 5110; baseline 0.004 -18"><span class='ocrx_word' id='word_1_803' title='bbox 305 5039 582 5110; x_wconf 10' lang='lat' dir='ltr'><strong>intertrtot</strong></span> <span class='ocrx_word' id='word_1_804' title='bbox 636 5040 839 5109; x_wconf 81' lang='lat' dir='ltr'><strong>flagella</strong></span> <span class='ocrx_word' id='word_1_805' title='bbox 871 5041 957 5094; x_wconf 90' lang='lat' dir='ltr'><strong>illa</strong></span> <span class='ocrx_word' id='word_1_806' title='bbox 1011 5042 1170 5096; x_wconf 91' lang='lat' dir='ltr'><strong>verba</strong></span> <span class='ocrx_word' id='word_1_807' title='bbox 1219 5041 1287 5095; x_wconf 90' lang='lat' dir='ltr'><strong>ad</strong></span> <span class='ocrx_word' id='word_1_808' title='bbox 1316 5039 1746 5110; x_wconf 84' lang='lat' dir='ltr'><strong>desperationem</strong></span> <span class='ocrx_word' id='word_1_809' title='bbox 1783 5059 1889 5098; x_wconf 91' lang='lat' dir='ltr'><strong>non</strong></span> 
     </span>
    </p>
   </div>
   <div class='ocr_carea' id='block_1_111' title="bbox 306 5108 1892 5182">
    <p class='ocr_par' dir='ltr' id='par_1_111' title="bbox 306 5108 1892 5182">
     <span class='ocr_line' id='line_1_113' title="bbox 306 5108 1892 5182; baseline 0.003 -18"><span class='ocrx_word' id='word_1_810' title='bbox 306 5108 666 5175; x_wconf 84' lang='lat' dir='ltr'><strong>impellerent,</strong></span> <span class='ocrx_word' id='word_1_811' title='bbox 701 5108 814 5182; x_wconf 73' lang='lat' dir='ltr'><strong>nisi</strong></span> <span class='ocrx_word' id='word_1_812' title='bbox 843 5112 938 5165; x_wconf 83' lang='lat' dir='ltr'><strong>sibi</strong></span> <span class='ocrx_word' id='word_1_813' title='bbox 962 5113 1028 5166; x_wconf 90' lang='lat' dir='ltr'><strong>ad</strong></span> <span class='ocrx_word' id='word_1_814' title='bbox 1056 5113 1369 5166; x_wconf 84' lang='lat' dir='ltr'><strong>memoriam</strong></span> <span class='ocrx_word' id='word_1_815' title='bbox 1399 5108 1538 5167; x_wconf 80' lang='lat' dir='ltr'><strong>bona</strong></span> <span class='ocrx_word' id='word_1_816' title='bbox 1564 5128 1684 5182; x_wconf 70' lang='lat' dir='ltr'><strong>qua:</strong></span> <span class='ocrx_word' id='word_1_817' title='bbox 1707 5124 1892 5182; x_wconf 83' lang='lat' dir='ltr'><strong>egerat</strong></span> 
     </span>
    </p>
   </div>
   <div class='ocr_carea' id='block_1_112' title="bbox 304 5181 1886 5251">
    <p class='ocr_par' dir='ltr' id='par_1_112' title="bbox 304 5181 1886 5251">
     <span class='ocr_line' id='line_1_114' title="bbox 304 5181 1886 5251; baseline 0.005 -20"><span class='ocrx_word' id='word_1_818' title='bbox 304 5182 662 5251; x_wconf 71' lang='lat' dir='ltr'><strong>revocasset?</strong></span> <span class='ocrx_word' id='word_1_819' title='bbox 703 5181 846 5236; x_wconf 84' lang='lat' dir='ltr'><strong>Vidit</strong></span> <span class='ocrx_word' id='word_1_820' title='bbox 875 5182 1033 5251; x_wconf 88' lang='lat' dir='ltr'><strong>igitur</strong></span> <span class='ocrx_word' id='word_1_821' title='bbox 1078 5191 1292 5236; x_wconf 88' lang='lat' dir='ltr'><strong>sanctus</strong></span> <span class='ocrx_word' id='word_1_822' title='bbox 1320 5191 1553 5237; x_wconf 87' lang='lat' dir='ltr'><strong>mentem</strong></span> <span class='ocrx_word' id='word_1_823' title='bbox 1583 5181 1765 5250; x_wconf 78' lang='lat' dir='ltr'><strong>suam,</strong></span> <span class='ocrx_word' id='word_1_824' title='bbox 1787 5200 1886 5239; x_wconf 73' lang='lat' dir='ltr'><strong>au-</strong></span> 
     </span>
    </p>
   </div>
   <div class='ocr_carea' id='block_1_113' title="bbox 307 5247 1887 5328">
    <p class='ocr_par' dir='ltr' id='par_1_113' title="bbox 307 5247 1887 5328">
     <span class='ocr_line' id='line_1_115' title="bbox 307 5247 1887 5328; baseline 0.005 -27"><span class='ocrx_word' id='word_1_825' title='bbox 484 5259 562 5304; x_wconf 90' lang='lat' dir='ltr'><strong>tot</strong></span> <span class='ocrx_word' id='word_1_826' title='bbox 610 5247 1600 5328; x_wconf 56' lang='lat' dir='ltr'><strong>malis,_ad&#39;desperationentconcuti,</strong></span> <span class='ocrx_word' id='word_1_827' title='bbox 1625 5263 1679 5308; x_wconf 93' lang='lat' dir='ltr'><strong>et</strong></span> <span class='ocrx_word' id='word_1_828' title='bbox 1722 5247 1887 5328; x_wconf 85' lang='lat' dir='ltr'><strong>mira-</strong></span> 
     </span>
    </p>
   </div>
   <div class='ocr_carea' id='block_1_114' title="bbox 308 5317 1887 5393">
    <p class='ocr_par' dir='ltr' id='par_1_114' title="bbox 308 5317 1887 5393">
     <span class='ocr_line' id='line_1_116' title="bbox 308 5317 1887 5393; baseline 0.004 -19"><span class='ocrx_word' id='word_1_829' title='bbox 308 5317 492 5374; x_wconf 84' lang='lat' dir='ltr'><strong>biliter</strong></span> <span class='ocrx_word' id='word_1_830' title='bbox 542 5317 852 5377; x_wconf 51' lang='lat' dir='ltr'><strong>studuit&#39;in</strong></span> <span class='ocrx_word' id='word_1_831' title='bbox 882 5339 977 5393; x_wconf 89' lang='lat' dir='ltr'><strong>spe</strong></span> <span class='ocrx_word' id='word_1_832' title='bbox 1005 5317 1178 5380; x_wconf 68' lang='lat' dir='ltr'><strong>&#39;certa</strong></span> <span class='ocrx_word' id='word_1_833' title='bbox 1226 5338 1296 5379; x_wconf 84' lang='lat' dir='ltr'><strong>ex</strong></span> <span class='ocrx_word' id='word_1_834' title='bbox 1321 5323 1478 5378; x_wconf 90' lang='lat' dir='ltr'><strong>bonis</strong></span> <span class='ocrx_word' id='word_1_835' title='bbox 1521 5317 1631 5379; x_wconf 89' lang='lat' dir='ltr'><strong>suis</strong></span> <span class='ocrx_word' id='word_1_836' title='bbox 1676 5325 1887 5380; x_wconf 89' lang='lat' dir='ltr'><strong>actibus</strong></span> 
     </span>
    </p>
   </div>
   <div class='ocr_carea' id='block_1_115' title="bbox 1918 4881 1975 4944">
    <p class='ocr_par' dir='ltr' id='par_1_115' title="bbox 1918 4881 1975 4944">
     <span class='ocr_line' id='line_1_117' title="bbox 1918 4881 1975 4944; baseline 0 0"><span class='ocrx_word' id='word_1_837' title='bbox 1918 4881 1975 4944; x_wconf 90' lang='lat' dir='ltr'><strong>D</strong></span> 
     </span>
    </p>
   </div>
   <div class='ocr_carea' id='block_1_116' title="bbox 1988 3573 3574 3643">
    <p class='ocr_par' dir='ltr' id='par_1_116' title="bbox 1988 3573 3574 3643">
     <span class='ocr_line' id='line_1_118' title="bbox 1988 3573 3574 3643; baseline -0.002 -15"><span class='ocrx_word' id='word_1_838' title='bbox 1988 3573 2198 3643; x_wconf 88' lang='lat' dir='ltr'><strong>operis:</strong></span> <span class='ocrx_word' id='word_1_839' title='bbox 2255 3586 2362 3626; x_wconf 92' lang='lat' dir='ltr'><strong>non</strong></span> <span class='ocrx_word' id='word_1_840' title='bbox 2411 3573 2557 3642; x_wconf 91' lang='lat' dir='ltr'><strong>quod</strong></span> <span class='ocrx_word' id='word_1_841' title='bbox 2600 3575 2892 3643; x_wconf 70' lang='lat' dir='ltr'><strong>praedicent</strong></span> <span class='ocrx_word' id='word_1_842' title='bbox 2926 3573 3003 3628; x_wconf 38' lang='lat' dir='ltr'><strong>’ut</strong></span> <span class='ocrx_word' id='word_1_843' title='bbox 3032 3575 3266 3640; x_wconf 90' lang='lat' dir='ltr'><strong>alantur,</strong></span> <span class='ocrx_word' id='word_1_844' title='bbox 3329 3573 3423 3628; x_wconf 91' lang='lat' dir='ltr'><strong>sed</strong></span> <span class='ocrx_word' id='word_1_845' title='bbox 3453 3573 3574 3627; x_wconf 90' lang='lat' dir='ltr'><strong>ideo</strong></span> 
     </span>
    </p>
   </div>
   <div class='ocr_carea' id='block_1_117' title="bbox 1988 3643 3573 3714">
    <p class='ocr_par' dir='ltr' id='par_1_117' title="bbox 1988 3643 3573 3714">
     <span class='ocr_line' id='line_1_119' title="bbox 1988 3643 3573 3714; baseline 0 -18"><span class='ocrx_word' id='word_1_846' title='bbox 1988 3643 2200 3714; x_wconf 78' lang='lat' dir='ltr'><strong>alantur</strong></span> <span class='ocrx_word' id='word_1_847' title='bbox 2227 3652 2286 3696; x_wconf 92' lang='lat' dir='ltr'><strong>ut</strong></span> <span class='ocrx_word' id='word_1_848' title='bbox 2313 3643 2620 3712; x_wconf 63' lang='lat' dir='ltr'><strong>praedicent,</strong></span> <span class='ocrx_word' id='word_1_849' title='bbox 2649 3644 2702 3698; x_wconf 90' lang='lat' dir='ltr'><strong>id</strong></span> <span class='ocrx_word' id='word_1_850' title='bbox 2727 3651 2814 3714; x_wconf 87' lang='lat' dir='ltr'><strong>est</strong></span> <span class='ocrx_word' id='word_1_851' title='bbox 2842 3653 2900 3699; x_wconf 91' lang='lat' dir='ltr'><strong>ut</strong></span> <span class='ocrx_word' id='word_1_852' title='bbox 2928 3643 3222 3714; x_wconf 83' lang='lat' dir='ltr'><strong>praedicare</strong></span> <span class='ocrx_word' id='word_1_853' title='bbox 3260 3644 3573 3701; x_wconf 89' lang='lat' dir='ltr'><strong>subsistant.</strong></span> 
     </span>
    </p>
   </div>
   <div class='ocr_carea' id='block_1_118' title="bbox 1987 3712 3577 3785">
    <p class='ocr_par' dir='ltr' id='par_1_118' title="bbox 1987 3712 3577 3785">
     <span class='ocr_line' id='line_1_120' title="bbox 1987 3712 3577 3785; baseline -0.001 -17"><span class='ocrx_word' id='word_1_854' title='bbox 1987 3712 2107 3785; x_wconf 76' lang='lat' dir='ltr'><strong>Non</strong></span> <span class='ocrx_word' id='word_1_855' title='bbox 2131 3714 2485 3785; x_wconf 83' lang='lat' dir='ltr'><strong>intentionem</strong></span> <span class='ocrx_word' id='word_1_856' title='bbox 2514 3713 2771 3785; x_wconf 16' lang='lat' dir='ltr'><strong>sumendi,</strong></span> <span class='ocrx_word' id='word_1_857' title='bbox 2801 3712 2974 3770; x_wconf 83' lang='lat' dir='ltr'><strong>victus</strong></span> <span class='ocrx_word' id='word_1_858' title='bbox 3003 3723 3244 3771; x_wconf 89' lang='lat' dir='ltr'><strong>transeat</strong></span> <span class='ocrx_word' id='word_1_859' title='bbox 3271 3715 3414 3769; x_wconf 90' lang='lat' dir='ltr'><strong>actio</strong></span> <span class='ocrx_word' id='word_1_860' title='bbox 3438 3729 3577 3785; x_wconf 75' lang='lat' dir='ltr'><strong>pra:-</strong></span> 
     </span>
    </p>
   </div>
   <div class='ocr_carea' id='block_1_119' title="bbox 1988 3783 3575 3856">
    <p class='ocr_par' dir='ltr' id='par_1_119' title="bbox 1988 3783 3575 3856">
     <span class='ocr_line' id='line_1_121' title="bbox 1988 3783 3575 3856; baseline -0.001 -17"><span class='ocrx_word' id='word_1_861' title='bbox 1988 3783 2296 3856; x_wconf 88' lang='lat' dir='ltr'><strong>dicatiouis,</strong></span> <span class='ocrx_word' id='word_1_862' title='bbox 2323 3785 2417 3856; x_wconf 86' lang='lat' dir='ltr'><strong>sed</strong></span> <span class='ocrx_word' id='word_1_863' title='bbox 2470 3784 2626 3856; x_wconf 9' lang='lat' dir='ltr'><strong>utrad</strong></span> <span class='ocrx_word' id='word_1_864' title='bbox 2680 3784 2968 3840; x_wconf 90' lang='lat' dir='ltr'><strong>utilitatem</strong></span> <span class='ocrx_word' id='word_1_865' title='bbox 3029 3783 3575 3856; x_wconf 54' lang='lat' dir='ltr'><strong>praidicationis&#39;de-</strong></span> 
     </span>
    </p>
   </div>
   <div class='ocr_carea' id='block_1_120' title="bbox 1988 3854 3573 3924">
    <p class='ocr_par' dir='ltr' id='par_1_120' title="bbox 1988 3854 3573 3924">
     <span class='ocr_line' id='line_1_122' title="bbox 1988 3854 3573 3924; baseline -0.001 -14"><span class='ocrx_word' id='word_1_866' title='bbox 1988 3854 2228 3910; x_wconf 88' lang='lat' dir='ltr'><strong>serviant</strong></span> <span class='ocrx_word' id='word_1_867' title='bbox 2284 3854 2583 3924; x_wconf 82' lang='lat' dir='ltr'><strong>ministeria</strong></span> <span class='ocrx_word' id='word_1_868' title='bbox 2651 3854 3077 3911; x_wconf 82' lang='lat' dir='ltr'><strong>sustentationis.</strong></span> <span class='ocrx_word' id='word_1_869' title='bbox 3139 3854 3293 3911; x_wconf 89' lang='lat' dir='ltr'><strong>Unde</strong></span> <span class='ocrx_word' id='word_1_870' title='bbox 3346 3869 3474 3924; x_wconf 84' lang='lat' dir='ltr'><strong>ergo</strong></span> <span class='ocrx_word' id='word_1_871' title='bbox 3539 3869 3573 3909; x_wconf 88' lang='lat' dir='ltr'><strong>a</strong></span> 
     </span>
    </p>
   </div>
   <div class='ocr_carea' id='block_1_121' title="bbox 1989 3923 3575 3996">
    <p class='ocr_par' dir='ltr' id='par_1_121' title="bbox 1989 3923 3575 3996">
     <span class='ocr_line' id='line_1_123' title="bbox 1989 3923 3575 3996; baseline -0.001 -16"><span class='ocrx_word' id='word_1_872' title='bbox 1989 3925 2148 3996; x_wconf 87' lang='lat' dir='ltr'><strong>bonis</strong></span> <span class='ocrx_word' id='word_1_873' title='bbox 2193 3923 2640 3996; x_wconf 65' lang='lat' dir='ltr'><strong>praedicatoribus</strong></span> <span class='ocrx_word' id='word_1_874' title='bbox 2684 3941 2790 3982; x_wconf 92' lang='lat' dir='ltr'><strong>non</strong></span> <span class='ocrx_word' id='word_1_875' title='bbox 2842 3942 3004 3982; x_wconf 89' lang='lat' dir='ltr'><strong>causa</strong></span> <span class='ocrx_word' id='word_1_876' title='bbox 3052 3926 3225 3981; x_wconf 88' lang='lat' dir='ltr'><strong>victus</strong></span> <span class='ocrx_word' id='word_1_877' title='bbox 3263 3923 3575 3996; x_wconf 72' lang='lat' dir='ltr'><strong>prrcdicatio</strong></span> 
     </span>
    </p>
   </div>
   <div class='ocr_carea' id='block_1_122' title="bbox 1990 3995 3577 4066">
    <p class='ocr_par' dir='ltr' id='par_1_122' title="bbox 1990 3995 3577 4066">
     <span class='ocr_line' id='line_1_124' title="bbox 1990 3995 3577 4066; baseline -0.002 -16"><span class='ocrx_word' id='word_1_878' title='bbox 1990 3995 2340 4066; x_wconf 89' lang='lat' dir='ltr'><strong>impenditur,</strong></span> <span class='ocrx_word' id='word_1_879' title='bbox 2387 3995 2482 4051; x_wconf 89' lang='lat' dir='ltr'><strong>sed</strong></span> <span class='ocrx_word' id='word_1_880' title='bbox 2536 4011 2700 4051; x_wconf 88' lang='lat' dir='ltr'><strong>causa</strong></span> <span class='ocrx_word' id='word_1_881' title='bbox 2754 3996 3147 4066; x_wconf 66' lang='lat' dir='ltr'><strong>praedicationis</strong></span> <span class='ocrx_word' id='word_1_882' title='bbox 3198 3995 3277 4049; x_wconf 86' lang='lat' dir='ltr'><strong>ab</strong></span> <span class='ocrx_word' id='word_1_883' title='bbox 3295 3997 3374 4066; x_wconf 89' lang='lat' dir='ltr'><strong>eis</strong></span> <span class='ocrx_word' id='word_1_884' title='bbox 3402 3996 3577 4066; x_wconf 81' lang='lat' dir='ltr'><strong>victus</strong></span> 
     </span>
    </p>
   </div>
   <div class='ocr_carea' id='block_1_123' title="bbox 1991 4063 3577 4136">
    <p class='ocr_par' dir='ltr' id='par_1_123' title="bbox 1991 4063 3577 4136">
     <span class='ocr_line' id='line_1_125' title="bbox 1991 4063 3577 4136; baseline -0.003 -16"><span class='ocrx_word' id='word_1_885' title='bbox 1991 4063 2288 4136; x_wconf 82' lang='lat' dir='ltr'><strong>accipitur:</strong></span> <span class='ocrx_word' id='word_1_886' title='bbox 2321 4074 2376 4120; x_wconf 93' lang='lat' dir='ltr'><strong>et</strong></span> <span class='ocrx_word' id='word_1_887' title='bbox 2399 4066 2614 4136; x_wconf 85' lang='lat' dir='ltr'><strong>quoties</strong></span> <span class='ocrx_word' id='word_1_888' title='bbox 2635 4063 3377 4136; x_wconf 65' lang='lat' dir='ltr'><strong>praedicantibusnecessaria</strong></span> <span class='ocrx_word' id='word_1_889' title='bbox 3398 4063 3577 4118; x_wconf 90' lang='lat' dir='ltr'><strong>confc-</strong></span> 
     </span>
    </p>
   </div>
   <div class='ocr_carea' id='block_1_124' title="bbox 1991 4135 3575 4202">
    <p class='ocr_par' dir='ltr' id='par_1_124' title="bbox 1991 4135 3575 4202">
     <span class='ocr_line' id='line_1_126' title="bbox 1991 4135 3575 4202; baseline -0.003 -11"><span class='ocrx_word' id='word_1_890' title='bbox 1991 4135 2185 4191; x_wconf 89' lang='lat' dir='ltr'><strong>runtur</strong></span> <span class='ocrx_word' id='word_1_891' title='bbox 2215 4135 2282 4189; x_wconf 90' lang='lat' dir='ltr'><strong>ab</strong></span> <span class='ocrx_word' id='word_1_892' title='bbox 2311 4135 2671 4202; x_wconf 83' lang='lat' dir='ltr'><strong>audientibus,</strong></span> <span class='ocrx_word' id='word_1_893' title='bbox 2698 4151 2805 4191; x_wconf 91' lang='lat' dir='ltr'><strong>non</strong></span> <span class='ocrx_word' id='word_1_894' title='bbox 2827 4135 3010 4190; x_wconf 73' lang='lat' dir='ltr'><strong>&#39;solent</strong></span> <span class='ocrx_word' id='word_1_895' title='bbox 3035 4135 3104 4188; x_wconf 91' lang='lat' dir='ltr'><strong>de</strong></span> <span class='ocrx_word' id='word_1_896' title='bbox 3130 4149 3309 4188; x_wconf 90' lang='lat' dir='ltr'><strong>rerum</strong></span> <span class='ocrx_word' id='word_1_897' title='bbox 3330 4148 3575 4196; x_wconf 89' lang='lat' dir='ltr'><strong>munere,</strong></span> 
     </span>
    </p>
   </div>
   <div class='ocr_carea' id='block_1_125' title="bbox 1991 4201 3581 4275">
    <p class='ocr_par' dir='ltr' id='par_1_125' title="bbox 1991 4201 3581 4275">
     <span class='ocr_line' id='line_1_127' title="bbox 1991 4201 3581 4275; baseline -0.004 -12"><span class='ocrx_word' id='word_1_898' title='bbox 1991 4209 2083 4263; x_wconf 86' lang='lat' dir='ltr'><strong>sed</strong></span> <span class='ocrx_word' id='word_1_899' title='bbox 2097 4206 2166 4261; x_wconf 88' lang='lat' dir='ltr'><strong>de</strong></span> <span class='ocrx_word' id='word_1_900' title='bbox 2181 4204 2567 4260; x_wconf 80' lang='lat' dir='ltr'><strong>conferentium</strong></span> <span class='ocrx_word' id='word_1_901' title='bbox 2588 4201 2821 4274; x_wconf 89' lang='lat' dir='ltr'><strong>gaudere</strong></span> <span class='ocrx_word' id='word_1_902' title='bbox 2837 4204 3105 4260; x_wconf 88' lang='lat' dir='ltr'><strong>mercede.</strong></span> <span class='ocrx_word' id='word_1_903' title='bbox 3131 4202 3288 4259; x_wconf 91' lang='lat' dir='ltr'><strong>Unde</strong></span> <span class='ocrx_word' id='word_1_904' title='bbox 3316 4219 3412 4275; x_wconf 91' lang='lat' dir='ltr'><strong>per</strong></span> <span class='ocrx_word' id='word_1_905' title='bbox 3440 4201 3581 4257; x_wconf 88' lang='lat' dir='ltr'><strong>Pau-</strong></span> 
     </span>
    </p>
   </div>
   <div class='ocr_carea' id='block_1_126' title="bbox 1993 4275 3574 4346">
    <p class='ocr_par' dir='ltr' id='par_1_126' title="bbox 1993 4275 3574 4346">
     <span class='ocr_line' id='line_1_128' title="bbox 1993 4275 3574 4346; baseline -0.003 -15"><span class='ocrx_word' id='word_1_906' title='bbox 1993 4277 2103 4331; x_wconf 92' lang='lat' dir='ltr'><strong>lum</strong></span> <span class='ocrx_word' id='word_1_907' title='bbox 2133 4277 2356 4331; x_wconf 89' lang='lat' dir='ltr'><strong>dicitur:</strong></span> <span class='ocrx_word' id='word_1_908' title='bbox 2391 4275 2508 4328; x_wconf 84' lang='lat' dir='ltr'><strong>Non</strong></span> <span class='ocrx_word' id='word_1_909' title='bbox 2549 4291 2722 4345; x_wconf 79' lang='lat' dir='ltr'><strong>quwro</strong></span> <span class='ocrx_word' id='word_1_910' title='bbox 2773 4275 2968 4340; x_wconf 85' lang='lat' dir='ltr'><strong>datum,</strong></span> <span class='ocrx_word' id='word_1_911' title='bbox 2999 4275 3089 4328; x_wconf 86' lang='lat' dir='ltr'><strong>sed</strong></span> <span class='ocrx_word' id='word_1_912' title='bbox 3111 4291 3286 4346; x_wconf 75' lang='lat' dir='ltr'><strong>quwro</strong></span> <span class='ocrx_word' id='word_1_913' title='bbox 3331 4277 3574 4346; x_wconf 74' lang='lat' dir='ltr'><strong>(ructant.</strong></span> 
     </span>
    </p>
   </div>
   <div class='ocr_carea' id='block_1_127' title="bbox 1993 4344 3580 4416">
    <p class='ocr_par' dir='ltr' id='par_1_127' title="bbox 1993 4344 3580 4416">
     <span class='ocr_line' id='line_1_129' title="bbox 1993 4344 3580 4416; baseline -0.002 -15"><span class='ocrx_word' id='word_1_914' title='bbox 1993 4347 2186 4401; x_wconf 89' lang='lat' dir='ltr'><strong>Datum</strong></span> <span class='ocrx_word' id='word_1_915' title='bbox 2212 4347 2412 4416; x_wconf 89' lang='lat' dir='ltr'><strong>quippe</strong></span> <span class='ocrx_word' id='word_1_916' title='bbox 2433 4355 2516 4400; x_wconf 87' lang='lat' dir='ltr'><strong>est</strong></span> <span class='ocrx_word' id='word_1_917' title='bbox 2561 4344 2648 4416; x_wconf 80' lang='lat' dir='ltr'><strong>res</strong></span> <span class='ocrx_word' id='word_1_918' title='bbox 2675 4346 2790 4415; x_wconf 88' lang='lat' dir='ltr'><strong>ipsa</strong></span> <span class='ocrx_word' id='word_1_919' title='bbox 2839 4361 2958 4416; x_wconf 79' lang='lat' dir='ltr'><strong>qua:</strong></span> <span class='ocrx_word' id='word_1_920' title='bbox 2989 4344 3332 4415; x_wconf 83' lang='lat' dir='ltr'><strong>impenditur,</strong></span> <span class='ocrx_word' id='word_1_921' title='bbox 3374 4344 3580 4416; x_wconf 86' lang='lat' dir='ltr'><strong>fructus</strong></span> 
     </span>
    </p>
   </div>
   <div class='ocr_carea' id='block_1_128' title="bbox 1991 4415 3582 4482">
    <p class='ocr_par' dir='ltr' id='par_1_128' title="bbox 1991 4415 3582 4482">
     <span class='ocr_line' id='line_1_130' title="bbox 1991 4415 3582 4482; baseline -0.003 -10"><span class='ocrx_word' id='word_1_922' title='bbox 1991 4432 2124 4472; x_wconf 85' lang='lat' dir='ltr'><strong>vero</strong></span> <span class='ocrx_word' id='word_1_923' title='bbox 2153 4416 2265 4469; x_wconf 88' lang='lat' dir='ltr'><strong>dati</strong></span> <span class='ocrx_word' id='word_1_924' title='bbox 2286 4415 2431 4470; x_wconf 86' lang='lat' dir='ltr'><strong>estsi</strong></span> <span class='ocrx_word' id='word_1_925' title='bbox 2452 4415 2680 4482; x_wconf 85' lang='lat' dir='ltr'><strong>benigna</strong></span> <span class='ocrx_word' id='word_1_926' title='bbox 2705 4425 2887 4470; x_wconf 91' lang='lat' dir='ltr'><strong>mente</strong></span> <span class='ocrx_word' id='word_1_927' title='bbox 2907 4415 3096 4470; x_wconf 63' lang='lat' dir='ltr'><strong>futura:</strong></span> <span class='ocrx_word' id='word_1_928' title='bbox 3117 4416 3294 4472; x_wconf 90' lang='lat' dir='ltr'><strong>studio</strong></span> <span class='ocrx_word' id='word_1_929' title='bbox 3316 4415 3582 4470; x_wconf 88' lang='lat' dir='ltr'><strong>mercedis</strong></span> 
     </span>
    </p>
   </div>
   <div class='ocr_carea' id='block_1_129' title="bbox 1995 4484 3576 4556">
    <p class='ocr_par' dir='ltr' id='par_1_129' title="bbox 1995 4484 3576 4556">
     <span class='ocr_line' id='line_1_131' title="bbox 1995 4484 3576 4556; baseline 0 -16"><span class='ocrx_word' id='word_1_930' title='bbox 1995 4485 2200 4556; x_wconf 82' lang='lat' dir='ltr'><strong>aliquid</strong></span> <span class='ocrx_word' id='word_1_931' title='bbox 2250 4484 2803 4556; x_wconf 32' lang='lat' dir='ltr'><strong>impendaturLErgo</strong></span> <span class='ocrx_word' id='word_1_932' title='bbox 2841 4487 3025 4541; x_wconf 90' lang='lat' dir='ltr'><strong>datum</strong></span> <span class='ocrx_word' id='word_1_933' title='bbox 3081 4488 3371 4556; x_wconf 89' lang='lat' dir='ltr'><strong>accipimus</strong></span> <span class='ocrx_word' id='word_1_934' title='bbox 3413 4487 3465 4540; x_wconf 89' lang='lat' dir='ltr'><strong>in</strong></span> <span class='ocrx_word' id='word_1_935' title='bbox 3497 4500 3576 4547; x_wconf 87' lang='lat' dir='ltr'><strong>re,</strong></span> 
     </span>
    </p>
   </div>
   <div class='ocr_carea' id='block_1_130' title="bbox 1995 4554 3576 4627">
    <p class='ocr_par' dir='ltr' id='par_1_130' title="bbox 1995 4554 3576 4627">
     <span class='ocr_line' id='line_1_132' title="bbox 1995 4554 3576 4627; baseline -0.002 -17"><span class='ocrx_word' id='word_1_936' title='bbox 1995 4554 2226 4627; x_wconf 82' lang='lat' dir='ltr'><strong>fructum</strong></span> <span class='ocrx_word' id='word_1_937' title='bbox 2256 4554 2341 4612; x_wconf 32' lang='lat' dir='ltr'><strong>.iu’</strong></span> <span class='ocrx_word' id='word_1_938' title='bbox 2380 4556 2564 4627; x_wconf 85' lang='lat' dir='ltr'><strong>corde.</strong></span> <span class='ocrx_word' id='word_1_939' title='bbox 2620 4554 2688 4611; x_wconf 88' lang='lat' dir='ltr'><strong>Et</strong></span> <span class='ocrx_word' id='word_1_940' title='bbox 2732 4558 2858 4625; x_wconf 92' lang='lat' dir='ltr'><strong>quia</strong></span> <span class='ocrx_word' id='word_1_941' title='bbox 2912 4554 3299 4627; x_wconf 81' lang='lat' dir='ltr'><strong>discipulorum</strong></span> <span class='ocrx_word' id='word_1_942' title='bbox 3353 4570 3576 4609; x_wconf 86' lang='lat' dir='ltr'><strong>suorum</strong></span> 
     </span>
    </p>
   </div>
   <div class='ocr_carea' id='block_1_131' title="bbox 1996 4625 3574 4696">
    <p class='ocr_par' dir='ltr' id='par_1_131' title="bbox 1996 4625 3574 4696">
     <span class='ocr_line' id='line_1_133' title="bbox 1996 4625 3574 4696; baseline -0.002 -16"><span class='ocrx_word' id='word_1_943' title='bbox 1996 4625 2286 4696; x_wconf 84' lang='lat' dir='ltr'><strong>Apostolus</strong></span> <span class='ocrx_word' id='word_1_944' title='bbox 2317 4626 2563 4680; x_wconf 90' lang='lat' dir='ltr'><strong>mercede</strong></span> <span class='ocrx_word' id='word_1_945' title='bbox 2583 4627 2764 4696; x_wconf 88' lang='lat' dir='ltr'><strong>potius</strong></span> <span class='ocrx_word' id='word_1_946' title='bbox 2789 4642 2954 4696; x_wconf 91' lang='lat' dir='ltr'><strong>quam</strong></span> <span class='ocrx_word' id='word_1_947' title='bbox 2984 4625 3206 4682; x_wconf 85' lang='lat' dir='ltr'><strong>munere</strong></span> <span class='ocrx_word' id='word_1_948' title='bbox 3236 4627 3574 4695; x_wconf 85' lang='lat' dir='ltr'><strong>pascebatur,</strong></span> 
     </span>
    </p>
   </div>
   <div class='ocr_carea' id='block_1_132' title="bbox 1997 4696 3650 4769">
    <p class='ocr_par' dir='ltr' id='par_1_132' title="bbox 1997 4696 3650 4769">
     <span class='ocr_line' id='line_1_134' title="bbox 1997 4696 3650 4769; baseline 0 -21"><span class='ocrx_word' id='word_1_949' title='bbox 1997 4707 2334 4769; x_wconf 63' lang='lat' dir='ltr'><strong>nequaquam</strong></span> <span class='ocrx_word' id='word_1_950' title='bbox 2356 4696 2561 4769; x_wconf 79' lang='lat' dir='ltr'><strong>datum,</strong></span> <span class='ocrx_word' id='word_1_951' title='bbox 2587 4697 2682 4752; x_wconf 89' lang='lat' dir='ltr'><strong>sed</strong></span> <span class='ocrx_word' id='word_1_952' title='bbox 2705 4701 2935 4769; x_wconf 82' lang='lat' dir='ltr'><strong>fructum</strong></span> <span class='ocrx_word' id='word_1_953' title='bbox 2957 4713 3017 4752; x_wconf 88' lang='lat' dir='ltr'><strong>se</strong></span> <span class='ocrx_word' id='word_1_954' title='bbox 3036 4697 3580 4769; x_wconf 62' lang='lat' dir='ltr'><strong>quiererefalebatur.</strong></span> <span class='ocrx_word' id='word_1_955' title='bbox 3635 4729 3650 4769; x_wconf 38' lang='lat'><strong>,-</strong></span> 
     </span>
    </p>
   </div>
   <div class='ocr_carea' id='block_1_133' title="bbox 2000 4763 3640 4838">
    <p class='ocr_par' dir='ltr' id='par_1_133' title="bbox 2000 4763 3640 4838">
     <span class='ocr_line' id='line_1_135' title="bbox 2000 4763 3640 4838; baseline -0.002 -19"><span class='ocrx_word' id='word_1_956' title='bbox 2000 4763 2152 4838; x_wconf 80' lang='lat' dir='ltr'><strong>Unde</strong></span> <span class='ocrx_word' id='word_1_957' title='bbox 2192 4763 2255 4819; x_wconf 80' lang='lat' dir='ltr'><strong>et</strong></span> <span class='ocrx_word' id='word_1_958' title='bbox 2292 4765 2531 4838; x_wconf 83' lang='lat' dir='ltr'><strong>subdidit</strong></span> <span class='ocrx_word' id='word_1_959' title='bbox 2584 4768 2854 4838; x_wconf 86' lang='lat' dir='ltr'><strong>protinus,</strong></span> <span class='ocrx_word' id='word_1_960' title='bbox 2887 4763 3126 4838; x_wconf 63' lang='lat' dir='ltr'><strong>dicens:</strong></span> <span class='ocrx_word' id='word_1_961' title='bbox 3187 4765 3367 4838; x_wconf 56' lang='lat' dir='ltr'><strong>{Iubeo</strong></span> <span class='ocrx_word' id='word_1_962' title='bbox 3409 4773 3578 4817; x_wconf 87' lang='lat' dir='ltr'><strong>autem</strong></span> <span class='ocrx_word' id='word_1_963' title='bbox 3627 4763 3640 4813; x_wconf 64' lang='grc' dir='ltr'><em>ξ</em></span> 
     </span>
    </p>
   </div>
   <div class='ocr_carea' id='block_1_134' title="bbox 1997 4833 3630 4909">
    <p class='ocr_par' dir='ltr' id='par_1_134' title="bbox 1997 4833 3630 4909">
     <span class='ocr_line' id='line_1_136' title="bbox 1997 4833 3630 4909; baseline -0.001 -21"><span class='ocrx_word' id='word_1_964' title='bbox 1997 4836 2192 4909; x_wconf 87' lang='lat' dir='ltr'><strong>omnia,</strong></span> <span class='ocrx_word' id='word_1_965' title='bbox 2252 4843 2302 4891; x_wconf 89' lang='lat' dir='ltr'><strong>et</strong></span> <span class='ocrx_word' id='word_1_966' title='bbox 2347 4835 2552 4909; x_wconf 82' lang='lat' dir='ltr'><strong>abundo</strong></span> <span class='ocrx_word' id='word_1_967' title='bbox 2585 4833 2622 4908; x_wconf 78' lang='grc'><strong>’(</strong></span> <span class='ocrx_word' id='word_1_968' title='bbox 2648 4837 2864 4909; x_wconf 43' lang='lat' dir='ltr'><strong>Philip,</strong></span> <span class='ocrx_word' id='word_1_969' title='bbox 2902 4853 2974 4902; x_wconf 86' lang='lat' dir='ltr'><strong>tv,</strong></span> <span class='ocrx_word' id='word_1_970' title='bbox 3027 4836 3155 4909; x_wconf 54' lang='lat'><strong>58).</strong></span> <span class='ocrx_word' id='word_1_971' title='bbox 3197 4833 3585 4909; x_wconf 63' lang='lat' dir='ltr'><strong>Praedicatores</strong></span> <span class='ocrx_word' id='word_1_972' title='bbox 3622 4852 3630 4868; x_wconf 80' lang='grc' dir='ltr'><strong><em>σ</em></strong></span> 
     </span>
    </p>
   </div>
   <div class='ocr_carea' id='block_1_135' title="bbox 1998 4905 3583 4977">
    <p class='ocr_par' dir='ltr' id='par_1_135' title="bbox 1998 4905 3583 4977">
     <span class='ocr_line' id='line_1_137' title="bbox 1998 4905 3583 4977; baseline -0.004 -15"><span class='ocrx_word' id='word_1_973' title='bbox 1998 4908 2161 4975; x_wconf 90' lang='lat' dir='ltr'><strong>igitur</strong></span> <span class='ocrx_word' id='word_1_974' title='bbox 2213 4907 2383 4962; x_wconf 88' lang='lat' dir='ltr'><strong>sancti</strong></span> <span class='ocrx_word' id='word_1_975' title='bbox 2430 4908 2546 4977; x_wconf 91' lang='lat' dir='ltr'><strong>ipsa</strong></span> <span class='ocrx_word' id='word_1_976' title='bbox 2599 4905 2975 4977; x_wconf 63' lang='lat' dir='ltr'><strong>praedicatione</strong></span> <span class='ocrx_word' id='word_1_977' title='bbox 3018 4905 3246 4977; x_wconf 79' lang='lat' dir='ltr'><strong>fatigati,</strong></span> <span class='ocrx_word' id='word_1_978' title='bbox 3277 4906 3583 4977; x_wconf 81' lang='lat' dir='ltr'><strong>auditurum</strong></span> 
     </span>
    </p>
   </div>
   <div class='ocr_carea' id='block_1_136' title="bbox 1998 4975 3630 5048">
    <p class='ocr_par' dir='ltr' id='par_1_136' title="bbox 1998 4975 3630 5048">
     <span class='ocr_line' id='line_1_138' title="bbox 1998 4975 3630 5048; baseline -0.003 -18"><span class='ocrx_word' id='word_1_979' title='bbox 1998 4991 2220 5048; x_wconf 82' lang='lat' dir='ltr'><strong>suorum</strong></span> <span class='ocrx_word' id='word_1_980' title='bbox 2274 4975 2464 5032; x_wconf 29' lang='lat' dir='ltr'><strong>bonis‘</strong></span> <span class='ocrx_word' id='word_1_981' title='bbox 2494 4975 2748 5048; x_wconf 82' lang='lat' dir='ltr'><strong>operibus</strong></span> <span class='ocrx_word' id='word_1_982' title='bbox 2800 4977 3001 5030; x_wconf 89' lang='lat' dir='ltr'><strong>debent</strong></span> <span class='ocrx_word' id='word_1_983' title='bbox 3065 4976 3254 5040; x_wconf 83' lang='lat' dir='ltr'><strong>foveri,</strong></span> <span class='ocrx_word' id='word_1_984' title='bbox 3306 4977 3447 5048; x_wconf 45' lang='lat' dir='ltr'><strong>sicut</strong></span> <span class='ocrx_word' id='word_1_985' title='bbox 3494 4975 3630 5028; x_wconf 76' lang='lat' dir='ltr'><strong>ille-</strong></span> 
     </span>
    </p>
   </div>
   <div class='ocr_carea' id='block_1_137' title="bbox 1994 5046 3584 5117">
    <p class='ocr_par' dir='ltr' id='par_1_137' title="bbox 1994 5046 3584 5117">
     <span class='ocr_line' id='line_1_139' title="bbox 1994 5046 3584 5117; baseline -0.002 -17"><span class='ocrx_word' id='word_1_986' title='bbox 1994 5046 2225 5101; x_wconf 84' lang='lat' dir='ltr'><strong>faciebat</strong></span> <span class='ocrx_word' id='word_1_987' title='bbox 2248 5048 2338 5117; x_wconf 88' lang='lat' dir='ltr'><strong>qui</strong></span> <span class='ocrx_word' id='word_1_988' title='bbox 2361 5046 2646 5102; x_wconf 85' lang='lat' dir='ltr'><strong>audiebat:</strong></span> <span class='ocrx_word' id='word_1_989' title='bbox 2679 5047 2892 5100; x_wconf 82' lang='lat' dir='ltr'><strong>Viscera</strong></span> <span class='ocrx_word' id='word_1_990' title='bbox 2909 5054 3204 5101; x_wconf 85' lang='lat' dir='ltr'><strong>sanctorum</strong></span> <span class='ocrx_word' id='word_1_991' title='bbox 3233 5047 3584 5117; x_wconf 79' lang='lat' dir='ltr'><strong>requieverant</strong></span> 
     </span>
    </p>
   </div>
   <div class='ocr_carea' id='block_1_138' title="bbox 1993 5115 3587 5189">
    <p class='ocr_par' dir='ltr' id='par_1_138' title="bbox 1993 5115 3587 5189">
     <span class='ocr_line' id='line_1_140' title="bbox 1993 5115 3587 5189; baseline -0.001 -19"><span class='ocrx_word' id='word_1_992' title='bbox 1993 5133 2085 5188; x_wconf 85' lang='lat' dir='ltr'><strong>per</strong></span> <span class='ocrx_word' id='word_1_993' title='bbox 2107 5126 2190 5189; x_wconf 76' lang='lat' dir='ltr'><strong>te,</strong></span> <span class='ocrx_word' id='word_1_994' title='bbox 2204 5115 2368 5184; x_wconf 76' lang='lat' dir='ltr'><strong>frater</strong></span> <span class='ocrx_word' id='word_1_995' title='bbox 2391 5120 2407 5189; x_wconf 94' lang='lat'><strong>(</strong></span> <span class='ocrx_word' id='word_1_996' title='bbox 2433 5117 2653 5189; x_wconf 80' lang='lat' dir='ltr'><strong>Philem.</strong></span> <span class='ocrx_word' id='word_1_997' title='bbox 2687 5119 2780 5186; x_wconf 89' lang='lat' dir='ltr'><strong>vn)</strong></span> <span class='ocrx_word' id='word_1_998' title='bbox 2803 5133 2816 5182; x_wconf 93' lang='lat'><strong>;</strong></span> <span class='ocrx_word' id='word_1_999' title='bbox 2841 5117 2927 5189; x_wconf 79' lang='lat' dir='ltr'><strong>hic</strong></span> <span class='ocrx_word' id='word_1_1000' title='bbox 2948 5131 3111 5189; x_wconf 89' lang='lat' dir='ltr'><strong>opere</strong></span> <span class='ocrx_word' id='word_1_1001' title='bbox 3133 5119 3276 5189; x_wconf 80' lang='lat' dir='ltr'><strong>bono</strong></span> <span class='ocrx_word' id='word_1_1002' title='bbox 3304 5115 3460 5189; x_wconf 62' lang='lat' dir='ltr'><strong>fetus</strong></span> <span class='ocrx_word' id='word_1_1003' title='bbox 3477 5115 3587 5168; x_wconf 88' lang='lat' dir='ltr'><strong>fue-</strong></span> 
     </span>
    </p>
   </div>
   <div class='ocr_carea' id='block_1_139' title="bbox 1992 5185 3589 5257">
    <p class='ocr_par' dir='ltr' id='par_1_139' title="bbox 1992 5185 3589 5257">
     <span class='ocr_line' id='line_1_141' title="bbox 1992 5185 3589 5257; baseline -0.003 -15"><span class='ocrx_word' id='word_1_1004' title='bbox 1992 5185 2077 5242; x_wconf 79' lang='lat' dir='ltr'><strong>rat</strong></span> <span class='ocrx_word' id='word_1_1005' title='bbox 2103 5188 2194 5257; x_wconf 93' lang='lat' dir='ltr'><strong>qui</strong></span> <span class='ocrx_word' id='word_1_1006' title='bbox 2225 5185 2510 5257; x_wconf 75' lang='lat' dir='ltr'><strong>iu&#39;catena</strong></span> <span class='ocrx_word' id='word_1_1007' title='bbox 2545 5185 2798 5255; x_wconf 86' lang='lat' dir='ltr'><strong>religatus</strong></span> <span class='ocrx_word' id='word_1_1008' title='bbox 2837 5185 3050 5241; x_wconf 77' lang='lat' dir='ltr'><strong>dicebat</strong></span> <span class='ocrx_word' id='word_1_1009' title='bbox 3093 5204 3106 5240; x_wconf 90' lang='lat'><strong>:</strong></span> <span class='ocrx_word' id='word_1_1010' title='bbox 3161 5185 3264 5239; x_wconf 86' lang='lat' dir='ltr'><strong>Det</strong></span> <span class='ocrx_word' id='word_1_1011' title='bbox 3291 5187 3589 5257; x_wconf 81' lang='lat' dir='ltr'><strong>misericor-</strong></span> 
     </span>
    </p>
   </div>
   <div class='ocr_carea' id='block_1_140' title="bbox 1992 5255 3587 5328">
    <p class='ocr_par' dir='ltr' id='par_1_140' title="bbox 1992 5255 3587 5328">
     <span class='ocr_line' id='line_1_142' title="bbox 1992 5255 3587 5328; baseline -0.003 -17"><span class='ocrx_word' id='word_1_1012' title='bbox 1992 5255 2137 5312; x_wconf 80' lang='lat' dir='ltr'><strong>diam</strong></span> <span class='ocrx_word' id='word_1_1013' title='bbox 2180 5258 2432 5314; x_wconf 83' lang='lat' dir='ltr'><strong>Dominus</strong></span> <span class='ocrx_word' id='word_1_1014' title='bbox 2478 5256 2788 5326; x_wconf 80' lang='lat' dir='ltr'><strong>Onesiphori</strong></span> <span class='ocrx_word' id='word_1_1015' title='bbox 2817 5257 3014 5328; x_wconf 77' lang='lat' dir='ltr'><strong>domui,</strong></span> <span class='ocrx_word' id='word_1_1016' title='bbox 3058 5259 3302 5328; x_wconf 13' lang='lat' dir='ltr'><strong>quirswpe</strong></span> <span class='ocrx_word' id='word_1_1017' title='bbox 3327 5273 3408 5309; x_wconf 89' lang='lat' dir='ltr'><strong>me</strong></span> <span class='ocrx_word' id='word_1_1018' title='bbox 3428 5255 3587 5328; x_wconf 67' lang='lat' dir='ltr'><strong>refri-</strong></span> 
     </span>
    </p>
   </div>
   <div class='ocr_carea' id='block_1_141' title="bbox 1989 5323 3587 5399">
    <p class='ocr_par' dir='ltr' id='par_1_141' title="bbox 1989 5323 3587 5399">
     <span class='ocr_line' id='line_1_143' title="bbox 1989 5323 3587 5399; baseline -0.001 -16"><span class='ocrx_word' id='word_1_1019' title='bbox 1989 5329 2203 5399; x_wconf 84' lang='lat' dir='ltr'><strong>geravit,</strong></span> <span class='ocrx_word' id='word_1_1020' title='bbox 2225 5338 2275 5384; x_wconf 89' lang='lat' dir='ltr'><strong>et</strong></span> <span class='ocrx_word' id='word_1_1021' title='bbox 2301 5337 2538 5383; x_wconf 85' lang='lat' dir='ltr'><strong>catenam</strong></span> <span class='ocrx_word' id='word_1_1022' title='bbox 2556 5323 2721 5381; x_wconf 80' lang='lat' dir='ltr'><strong>meam</strong></span> <span class='ocrx_word' id='word_1_1023' title='bbox 2769 5343 2873 5383; x_wconf 90' lang='lat' dir='ltr'><strong>non</strong></span> <span class='ocrx_word' id='word_1_1024' title='bbox 2892 5323 3094 5382; x_wconf 75' lang='lat' dir='ltr'><strong>erubuit</strong></span> <span class='ocrx_word' id='word_1_1025' title='bbox 3137 5323 3346 5397; x_wconf 72' lang='lat' dir='ltr'><strong>(LTim.</strong></span> <span class='ocrx_word' id='word_1_1026' title='bbox 3375 5341 3431 5391; x_wconf 85' lang='lat' dir='ltr'><strong>tt,</strong></span> <span class='ocrx_word' id='word_1_1027' title='bbox 3459 5323 3526 5378; x_wconf 76' lang='grc'>16</span> <span class='ocrx_word' id='word_1_1028' title='bbox 3545 5324 3587 5396; x_wconf 93' lang='grc'><strong>).</strong></span> 
     </span>
    </p>
   </div>
   <div class='ocr_carea' id='block_1_142' title="bbox 735 5472 1881 5555">
    <p class='ocr_par' dir='ltr' id='par_1_142' title="bbox 735 5472 1874 5531">
     <span class='ocr_line' id='line_1_144' title="bbox 735 5472 1874 5531; baseline 0.001 -3"><span class='ocrx_word' id='word_1_1029' title='bbox 735 5473 1093 5530; x_wconf 72' lang='grc' dir='ltr'><strong>ΕΧΡΟΞΙῙΙυ</strong></span> <span class='ocrx_word' id='word_1_1030' title='bbox 1129 5474 1356 5531; x_wconf 79' lang='lat' dir='ltr'><strong>SUPER</strong></span> <span class='ocrx_word' id='word_1_1031' title='bbox 1393 5472 1774 5531; x_wconf 76' lang='lat' dir='ltr'><strong>EPISTOLAM</strong></span> <span class='ocrx_word' id='word_1_1032' title='bbox 1814 5475 1874 5530; x_wconf 82' lang='grc' dir='ltr'><strong>Β.</strong></span> 
     </span>
    </p>
   </div>
   <div class='ocr_carea' id='block_1_143' title="bbox 1990 5472 3164 5555">
    <p class='ocr_par' dir='ltr' id='par_1_143' title="bbox 1990 5476 3164 5555">
     <span class='ocr_line' id='line_1_145' title="bbox 1990 5476 3164 5555; baseline 0 -23"><span class='ocrx_word' id='word_1_1033' title='bbox 1990 5476 2119 5533; x_wconf 65' lang='grc' dir='ltr'><strong>ιυιιι</strong></span> <span class='ocrx_word' id='word_1_1034' title='bbox 2159 5477 2492 5533; x_wconf 77' lang='lat' dir='ltr'><strong>APOSTOLI</strong></span> <span class='ocrx_word' id='word_1_1035' title='bbox 2529 5476 2622 5532; x_wconf 85' lang='lat' dir='ltr'><strong>AD</strong></span> <span class='ocrx_word' id='word_1_1036' title='bbox 2661 5477 3164 5555; x_wconf 68' lang='lat' dir='ltr'><strong>COLOSSENSES.</strong></span> 
     </span>
    </p>
   </div>
   <div class='ocr_carea' id='block_1_144' title="bbox 312 5563 1888 5632">
    <p class='ocr_par' dir='ltr' id='par_1_144' title="bbox 312 5563 1888 5632">
     <span class='ocr_line' id='line_1_146' title="bbox 312 5563 1888 5632; baseline 0.001 -12"><span class='ocrx_word' id='word_1_1037' title='bbox 312 5563 498 5620; x_wconf 79' lang='lat' dir='ltr'><strong>CAPUT</strong></span> <span class='ocrx_word' id='word_1_1038' title='bbox 538 5565 766 5622; x_wconf 71' lang='lat' dir='ltr'><strong>PNHUM.</strong></span> <span class='ocrx_word' id='word_1_1039' title='bbox 805 5597 876 5608; x_wconf 86' lang='lat'><strong>--</strong></span> <span class='ocrx_word' id='word_1_1040' title='bbox 913 5568 1033 5622; x_wconf 86' lang='lat' dir='ltr'><strong>Sive</strong></span> <span class='ocrx_word' id='word_1_1041' title='bbox 1087 5568 1281 5630; x_wconf 83' lang='lat' dir='ltr'><strong>throni,</strong></span> <span class='ocrx_word' id='word_1_1042' title='bbox 1324 5569 1428 5622; x_wconf 85' lang='lat' dir='ltr'><strong>sive</strong></span> <span class='ocrx_word' id='word_1_1043' title='bbox 1483 5568 1888 5632; x_wconf 82' lang='lat' dir='ltr'><strong>dominationes,</strong></span> 
     </span>
    </p>
   </div>
   <div class='ocr_carea' id='block_1_145' title="bbox 386 5637 1892 5710">
    <p class='ocr_par' dir='ltr' id='par_1_145' title="bbox 386 5637 1892 5710">
     <span class='ocr_line' id='line_1_147' title="bbox 386 5637 1892 5710; baseline 0.001 -22"><span class='ocrx_word' id='word_1_1044' title='bbox 386 5637 492 5710; x_wconf 85' lang='lat' dir='ltr'><strong>sive</strong></span> <span class='ocrx_word' id='word_1_1045' title='bbox 520 5639 853 5708; x_wconf 80' lang='lat' dir='ltr'><strong>principatus,</strong></span> <span class='ocrx_word' id='word_1_1046' title='bbox 895 5639 998 5691; x_wconf 86' lang='lat' dir='ltr'><strong>sive</strong></span> <span class='ocrx_word' id='word_1_1047' title='bbox 1043 5647 1340 5710; x_wconf 73' lang='lat' dir='ltr'><strong>potestates,</strong></span> <span class='ocrx_word' id='word_1_1048' title='bbox 1367 5639 1543 5710; x_wconf 87' lang='lat' dir='ltr'><strong>omnia</strong></span> <span class='ocrx_word' id='word_1_1049' title='bbox 1584 5655 1674 5710; x_wconf 81' lang='lat' dir='ltr'><strong>per</strong></span> <span class='ocrx_word' id='word_1_1050' title='bbox 1722 5641 1892 5708; x_wconf 86' lang='lat' dir='ltr'><strong>ipsum</strong></span> 
     </span>
    </p>
   </div>
   <div class='ocr_carea' id='block_1_146' title="bbox 382 5707 1493 5778">
    <p class='ocr_par' dir='ltr' id='par_1_146' title="bbox 382 5707 1493 5778">
     <span class='ocr_line' id='line_1_148' title="bbox 382 5707 1493 5778; baseline 0.004 -20"><span class='ocrx_word' id='word_1_1051' title='bbox 382 5707 517 5778; x_wconf 81' lang='lat' dir='ltr'><strong>etin</strong></span> <span class='ocrx_word' id='word_1_1052' title='bbox 549 5710 660 5778; x_wconf 81' lang='lat' dir='ltr'><strong>ipso</strong></span> <span class='ocrx_word' id='word_1_1053' title='bbox 687 5718 857 5762; x_wconf 86' lang='lat' dir='ltr'><strong>creata</strong></span> <span class='ocrx_word' id='word_1_1054' title='bbox 888 5717 1007 5762; x_wconf 87' lang='lat' dir='ltr'><strong>sunt</strong></span> <span class='ocrx_word' id='word_1_1055' title='bbox 1039 5711 1053 5770; x_wconf 86' lang='lat'><strong>(</strong></span> <span class='ocrx_word' id='word_1_1056' title='bbox 1077 5708 1275 5764; x_wconf 86' lang='lat' dir='ltr'><strong>Coloss.</strong></span> <span class='ocrx_word' id='word_1_1057' title='bbox 1308 5725 1344 5775; x_wconf 83' lang='grc' dir='ltr'><strong>ι,</strong></span> <span class='ocrx_word' id='word_1_1058' title='bbox 1374 5709 1493 5774; x_wconf 80' lang='grc'><strong>16).</strong></span> 
     </span>
    </p>
   </div>
   <div class='ocr_carea' id='block_1_147' title="bbox 390 5777 1897 5849">
    <p class='ocr_par' dir='ltr' id='par_1_147' title="bbox 390 5777 1897 5849">
     <span class='ocr_line' id='line_1_149' title="bbox 390 5777 1897 5849; baseline 0.001 -18"><span class='ocrx_word' id='word_1_1059' title='bbox 390 5777 616 5849; x_wconf 65' lang='lat' dir='ltr'><strong>(Mixtim</strong></span> <span class='ocrx_word' id='word_1_1060' title='bbox 637 5795 704 5834; x_wconf 82' lang='lat' dir='ltr'><strong>ex</strong></span> <span class='ocrx_word' id='word_1_1061' title='bbox 732 5781 873 5834; x_wconf 87' lang='lat' dir='ltr'><strong>hom.</strong></span> <span class='ocrx_word' id='word_1_1062' title='bbox 899 5779 986 5844; x_wconf 67' lang='lat' dir='ltr'><strong>ll,</strong></span> <span class='ocrx_word' id='word_1_1063' title='bbox 1011 5779 1060 5833; x_wconf 92' lang='lat' dir='ltr'><strong>in</strong></span> <span class='ocrx_word' id='word_1_1064' title='bbox 1115 5780 1341 5846; x_wconf 82' lang='lat' dir='ltr'><strong>Evang.,</strong></span> <span class='ocrx_word' id='word_1_1065' title='bbox 1372 5795 1425 5833; x_wconf 77' lang='grc' dir='ltr'><strong>ιι.</strong></span> <span class='ocrx_word' id='word_1_1066' title='bbox 1447 5780 1478 5831; x_wconf 82' lang='grc' dir='ltr'><strong><em>Ἰ</em></strong></span> <span class='ocrx_word' id='word_1_1067' title='bbox 1509 5794 1721 5849; x_wconf 89' lang='lat' dir='ltr'><strong>seq.,ac</strong></span> <span class='ocrx_word' id='word_1_1068' title='bbox 1745 5781 1836 5835; x_wconf 91' lang='lat' dir='ltr'><strong>lib.</strong></span> <span class='ocrx_word' id='word_1_1069' title='bbox 1879 5797 1897 5834; x_wconf 91' lang='grc' dir='ltr'><strong>ι</strong></span> 
     </span>
    </p>
   </div>
   <div class='ocr_carea' id='block_1_148' title="bbox 322 5847 1898 5925">
    <p class='ocr_par' dir='ltr' id='par_1_148' title="bbox 322 5847 1898 5925">
     <span class='ocr_line' id='line_1_150' title="bbox 322 5847 1898 5925; baseline 0.003 -24"><span class='ocrx_word' id='word_1_1070' title='bbox 322 5847 376 5925; x_wconf 84' lang='lat' dir='ltr'><strong>in</strong></span> <span class='ocrx_word' id='word_1_1071' title='bbox 407 5847 628 5917; x_wconf 81' lang='lat' dir='ltr'><strong>Ezech.,</strong></span> <span class='ocrx_word' id='word_1_1072' title='bbox 660 5851 803 5906; x_wconf 89' lang='lat' dir='ltr'><strong>hom.</strong></span> <span class='ocrx_word' id='word_1_1073' title='bbox 837 5853 973 5925; x_wconf 59' lang='lat'><strong>8,}1.</strong></span> <span class='ocrx_word' id='word_1_1074' title='bbox 1007 5850 1128 5925; x_wconf 86' lang='grc'><strong>20.)</strong></span> <span class='ocrx_word' id='word_1_1075' title='bbox 1155 5847 1603 5925; x_wconf 50' lang='lat' dir='ltr'><strong>Dominatiencs,</strong></span> <span class='ocrx_word' id='word_1_1076' title='bbox 1626 5852 1898 5925; x_wconf 77' lang='lat' dir='ltr'><strong>principa-</strong></span> 
     </span>
    </p>
   </div>
   <div class='ocr_carea' id='block_1_149' title="bbox 323 5920 1898 5995">
    <p class='ocr_par' dir='ltr' id='par_1_149' title="bbox 323 5920 1898 5995">
     <span class='ocr_line' id='line_1_151' title="bbox 323 5920 1898 5995; baseline 0.003 -24"><span class='ocrx_word' id='word_1_1077' title='bbox 323 5924 430 5988; x_wconf 89' lang='lat' dir='ltr'><strong>tus,</strong></span> <span class='ocrx_word' id='word_1_1078' title='bbox 461 5935 525 5977; x_wconf 89' lang='lat' dir='ltr'><strong>ac</strong></span> <span class='ocrx_word' id='word_1_1079' title='bbox 561 5929 857 5992; x_wconf 86' lang='lat' dir='ltr'><strong>potestates</strong></span> <span class='ocrx_word' id='word_1_1080' title='bbox 900 5920 1008 5992; x_wconf 86' lang='lat' dir='ltr'><strong>jam</strong></span> <span class='ocrx_word' id='word_1_1081' title='bbox 1038 5920 1118 5987; x_wconf 65' lang='grc' dir='ltr'><em>ω</em></span> <span class='ocrx_word' id='word_1_1082' title='bbox 1155 5920 1417 5995; x_wconf 87' lang='lat' dir='ltr'><strong>Ephesios</strong></span> <span class='ocrx_word' id='word_1_1083' title='bbox 1447 5920 1670 5991; x_wconf 85' lang='lat' dir='ltr'><strong>loquens</strong></span> <span class='ocrx_word' id='word_1_1084' title='bbox 1699 5920 1898 5977; x_wconf 84' lang='lat' dir='ltr'><strong>Paulus</strong></span> 
     </span>
    </p>
   </div>
   <div class='ocr_carea' id='block_1_150' title="bbox 1997 5568 3592 5641">
    <p class='ocr_par' dir='ltr' id='par_1_150' title="bbox 1997 5568 3592 5641">
     <span class='ocr_line' id='line_1_152' title="bbox 1997 5568 3592 5641; baseline 0.005 -19"><span class='ocrx_word' id='word_1_1085' title='bbox 1997 5568 2274 5641; x_wconf 82' lang='lat' dir='ltr'><strong>apostolus</strong></span> <span class='ocrx_word' id='word_1_1086' title='bbox 2312 5569 2692 5641; x_wconf 87' lang='lat' dir='ltr'><strong>descripserat,</strong></span> <span class='ocrx_word' id='word_1_1087' title='bbox 2719 5569 2812 5626; x_wconf 90' lang='lat' dir='ltr'><strong>sed</strong></span> <span class='ocrx_word' id='word_1_1088' title='bbox 2841 5585 2902 5625; x_wconf 90' lang='lat' dir='ltr'><strong>ea</strong></span> <span class='ocrx_word' id='word_1_1089' title='bbox 2933 5584 3150 5641; x_wconf 88' lang='lat' dir='ltr'><strong>quoque</strong></span> <span class='ocrx_word' id='word_1_1090' title='bbox 3177 5568 3592 5630; x_wconf 71' lang='lat' dir='ltr'><strong>Colossensibus</strong></span> 
     </span>
    </p>
   </div>
   <div class='ocr_carea' id='block_1_151' title="bbox 1998 5639 3592 5712">
    <p class='ocr_par' dir='ltr' id='par_1_151' title="bbox 1998 5639 3592 5712">
     <span class='ocr_line' id='line_1_153' title="bbox 1998 5639 3592 5712; baseline 0.002 -19"><span class='ocrx_word' id='word_1_1091' title='bbox 1998 5639 2244 5712; x_wconf 83' lang='lat' dir='ltr'><strong>dieturus</strong></span> <span class='ocrx_word' id='word_1_1092' title='bbox 2289 5639 2546 5712; x_wconf 59' lang='lat' dir='ltr'><strong>praemisit</strong></span> <span class='ocrx_word' id='word_1_1093' title='bbox 2599 5641 2842 5696; x_wconf 86' lang='lat' dir='ltr'><strong>thronos.</strong></span> <span class='ocrx_word' id='word_1_1094' title='bbox 2893 5639 3001 5695; x_wconf 59' lang='lat' dir='ltr'><strong>Illic</strong></span> <span class='ocrx_word' id='word_1_1095' title='bbox 3057 5639 3190 5712; x_wconf 83' lang='lat' dir='ltr'><strong>ergo</strong></span> <span class='ocrx_word' id='word_1_1096' title='bbox 3227 5642 3457 5697; x_wconf 89' lang='lat' dir='ltr'><strong>virtutes</strong></span> <span class='ocrx_word' id='word_1_1097' title='bbox 3486 5657 3592 5712; x_wconf 83' lang='lat' dir='ltr'><strong>an-</strong></span> 
     </span>
    </p>
   </div>
   <div class='ocr_carea' id='block_1_152' title="bbox 1998 5708 3590 5784">
    <p class='ocr_par' dir='ltr' id='par_1_152' title="bbox 1998 5708 3590 5784">
     <span class='ocr_line' id='line_1_154' title="bbox 1998 5708 3590 5784; baseline 0.001 -22"><span class='ocrx_word' id='word_1_1098' title='bbox 1998 5709 2180 5784; x_wconf 72' lang='lat' dir='ltr'><strong>gelica:</strong></span> <span class='ocrx_word' id='word_1_1099' title='bbox 2203 5708 2372 5784; x_wconf 81' lang='lat' dir='ltr'><strong>throni</strong></span> <span class='ocrx_word' id='word_1_1100' title='bbox 2403 5719 2779 5784; x_wconf 13' lang='lat' dir='ltr'><strong>_vocat:etsu_nt</strong></span> <span class='ocrx_word' id='word_1_1101' title='bbox 2805 5727 2925 5781; x_wconf 79' lang='lat' dir='ltr'><strong>qua:</strong></span> <span class='ocrx_word' id='word_1_1102' title='bbox 2942 5708 3339 5784; x_wconf 46' lang='lat' dir='ltr'><strong>ipsust-tuoque</strong></span> <span class='ocrx_word' id='word_1_1103' title='bbox 3367 5711 3590 5784; x_wconf 83' lang='lat' dir='ltr'><strong>angelos</strong></span> 
     </span>
    </p>
   </div>
   <div class='ocr_carea' id='block_1_153' title="bbox 1999 5779 3586 5853">
    <p class='ocr_par' dir='ltr' id='par_1_153' title="bbox 1999 5779 3586 5853">
     <span class='ocr_line' id='line_1_155' title="bbox 1999 5779 3586 5853; baseline 0.004 -22"><span class='ocrx_word' id='word_1_1104' title='bbox 1999 5779 2260 5853; x_wconf 76' lang='lat' dir='ltr'><strong>dignitate</strong></span> <span class='ocrx_word' id='word_1_1105' title='bbox 2313 5780 2418 5835; x_wconf 92' lang='lat' dir='ltr'><strong>loci</strong></span> <span class='ocrx_word' id='word_1_1106' title='bbox 2465 5782 2759 5853; x_wconf 89' lang='lat' dir='ltr'><strong>superioris</strong></span> <span class='ocrx_word' id='word_1_1107' title='bbox 2787 5779 3074 5839; x_wconf 77' lang='lat' dir='ltr'><strong>excedunt.</strong></span> <span class='ocrx_word' id='word_1_1108' title='bbox 3107 5779 3386 5853; x_wconf 66' lang='lat' dir='ltr'><strong>Nam&#39;cum</strong></span> <span class='ocrx_word' id='word_1_1109' title='bbox 3408 5779 3586 5850; x_wconf 83' lang='lat' dir='ltr'><strong>angeli</strong></span> 
     </span>
    </p>
   </div>
   <div class='ocr_carea' id='block_1_154' title="bbox 2002 5849 3589 5923">
    <p class='ocr_par' dir='ltr' id='par_1_154' title="bbox 2002 5849 3589 5923">
     <span class='ocr_line' id='line_1_156' title="bbox 2002 5849 3589 5923; baseline 0.001 -20"><span class='ocrx_word' id='word_1_1110' title='bbox 2002 5849 2464 5923; x_wconf 76' lang='lat' dir='ltr'><strong>nuntiidicautur,</strong></span> <span class='ocrx_word' id='word_1_1111' title='bbox 2488 5849 2547 5909; x_wconf 76' lang='lat' dir='ltr'><strong>et</strong></span> <span class='ocrx_word' id='word_1_1112' title='bbox 2568 5853 2742 5922; x_wconf 86' lang='lat' dir='ltr'><strong>angeli</strong></span> <span class='ocrx_word' id='word_1_1113' title='bbox 2770 5867 2913 5923; x_wconf 71' lang='lat' dir='ltr'><strong>smpe</strong></span> <span class='ocrx_word' id='word_1_1114' title='bbox 2942 5853 3010 5907; x_wconf 90' lang='lat' dir='ltr'><strong>ad</strong></span> <span class='ocrx_word' id='word_1_1115' title='bbox 3042 5850 3415 5923; x_wconf 84' lang='lat' dir='ltr'><strong>annuntianda</strong></span> <span class='ocrx_word' id='word_1_1116' title='bbox 3439 5849 3589 5921; x_wconf 82' lang='lat' dir='ltr'><strong>qua:-</strong></span> 
     </span>
    </p>
   </div>
   <div class='ocr_carea' id='block_1_155' title="bbox 2003 5919 3587 5994">
    <p class='ocr_par' dir='ltr' id='par_1_155' title="bbox 2003 5919 3587 5994">
     <span class='ocr_line' id='line_1_157' title="bbox 2003 5919 3587 5994; baseline 0.006 -20"><span class='ocrx_word' id='word_1_1117' title='bbox 2003 5919 2125 5975; x_wconf 88' lang='lat' dir='ltr'><strong>dam</strong></span> <span class='ocrx_word' id='word_1_1118' title='bbox 2181 5920 2486 5983; x_wconf 86' lang='lat' dir='ltr'><strong>hominibus</strong></span> <span class='ocrx_word' id='word_1_1119' title='bbox 2526 5919 2766 5994; x_wconf 79' lang='lat' dir='ltr'><strong>veniant,</strong></span> <span class='ocrx_word' id='word_1_1120' title='bbox 2797 5919 2978 5981; x_wconf 73' lang='lat' dir='ltr'><strong>throni</strong></span> <span class='ocrx_word' id='word_1_1121' title='bbox 3025 5922 3176 5983; x_wconf 87' lang='lat' dir='ltr'><strong>missi</strong></span> <span class='ocrx_word' id='word_1_1122' title='bbox 3225 5923 3294 5978; x_wconf 91' lang='lat' dir='ltr'><strong>ad</strong></span> <span class='ocrx_word' id='word_1_1123' title='bbox 3348 5919 3587 5984; x_wconf 81' lang='lat' dir='ltr'><strong>ministe-</strong></span> 
     </span>
    </p>
   </div>
  </div>
