3974 6350
220 336 353 397 1569

712 330 960 391 ALULFI
1001 326 1361 387 EXPOSITIO
1400 325 1557 383 NOV’I
1597 324 1791 382 TEST.
1831 353 1899 365 —
1938 321 2089 380 SUP.
2132 320 2238 378 ΕΡ.
2278 320 2319 378 ll
2359 318 2561 379 PAULI
2602 318 2691 377 AD
2720 317 2959 377 THESS.

3336 314 3478 375 i370

218 446 470 504 Ecclesia.
520 443 654 500 Nam
702 444 982 516 prdphetia
1007 515 1011 516 ν
1034 442 1411 516 abscondetur,
1457 440 1790 516 curationum
1821 441 1867 502 Α
1897 436 2014 516 ejus
2042 436 2291 516 superbia
2322 436 2568 516 districti
2594 436 2797 516 Judic_is
2825 437 2927 516 erit
2953 435 3185 516 aduentu
3213 437 3474 516 ferienda,

221 518 387 588 gratia
415 511 717 588 auferetur,
739 511 1046 587 prolixioris
1071 514 1406 588 abstinentia:
1427 515 1594 588 virtus
1620 511 1793 588 immi-

220 583 429 649 nuetur,
480 583 755 639 doctrinis'
784 588 1149 641 conticescent
1198 584 1363 639 veiba
1413 583 1791 637 miraculorum

221 659 471 713 tollentur
499 656 758 726 prodigia.
801 657 931 723 Qua:
960 657 1174 725 quidem
1202 669 1537 726 nequaquam
1563 667 1793 726 superna

221 723 542 797 dispensatio
586 727 818 780 funditus
860 723 1223 792 subtraheret,
1252 725 1493 797 sedrnou
1520 725 1631 777 haec
1659 723 1796 776 sicut

219 798 486 869 prioribus
512 799 866 869 temporibus
905 806 1090 869 aperte
1117 810 1181 850 ac
1222 796 1585 869 multipliciter
1615 802 1797 846 osten-

218 866 327 924 det.
376 866 527 931 Quod
570 874 747 921 tamen
798 869 929 922 mira
960 867 1357 935 dispensatione
1407 874 1610 935 agetur,
1644 871 1701 917 ut
1729 879 1797 917 ex

219 953 323 993 una
369 951 429 990 re
474 936 651 991 divina
700 938 857 992 simul
906 933 1075 1007 pietas
1122 945 1175 990 et
1199 936 1415 1007 justitia
1439 933 1793 1007 compleatur.

218 1008 351 1062 Dum
400 1007 540 1078 enim
590 1007 873 1078 subtractis
898 1003 1173 1078 signorum
1202 1003 1525 1073 'virtutibus,
1555 1003 1796 1078 Ecclesia

216 1086 399 1133 sancta
425 1077 573 1132 velut
598 1077 859 1148 abjectior
878 1075 1119 1148 apparet,
1152 1088 1205 1148 et
1229 1078 1491 1131 bonorum
1522 1075 1795 1145 puemiqu

216 1149 454 1218 crescit,
481 1148 571 1218 qui
620 1147 761 1201 illam
797 1147 1033 1218 pro’spe
1063 1147 1382 1212 caelestium,
1430 1163 1536 1199 non
1578 1154 1799 1214 prepter

214 1217 496 1342 praesentia
526 1217 676 1286 signa
702 1217 1047 1284 venerantur,
1070 1227 1124 1273 et
1145 1218 1405 1271 malorum
1437 1232 1586 1270 mens
1609 1224 1796 1271 contra

256 1289 357 1340 lam
388 1287 549 1341 citius
579 1289 895 1342 ostenditur.
927 1290 1016 1342 nui
1048 1288 1196 1342 senui
1225 1303 1343 1342 qua:
1371 1286 1633 1342 promittit
1663 1287 1796 1340 invi-

256 1289 357 1340 lam
388 1287 549 1341 citius
579 1289 895 1353 ostenditur,
927 1290 1016 1358 qui
1048 1288 1196 1357 sequi
1225 1303 1343 1356 qua:
1371 1286 1633 1356 promittit
1663 1287 1798 1340 invi—

212 1357 383 1411 sibilia
414 1358 710 1427 negligant,
732 1360 857 1413 dum
878 1357 1040 1426 signis
1070 1358 1361 1413 visibilihus
1391 1373 1495 1412 non
1528 1366 1795 1411 tenentur.

223 1428 350 1481 l‘um
398 1428 561 1496 igitur
607 1428 876 1484 humilitas
907 1430 1138 1483 lidelium
1170 1428 1505 1482 multitudine
1545 1438 1598 1481 et
1628 1428 1798 1481 mani-

212 1496 503 1569 festatione
531 1499 803 1565 signorum
831 1500 981 1569 quasi
1009 1500 1337 1563 destituitur,
1363 1499 1583 1553 terribili
1619 1498 1814 1569 occul-.

211 1576 281 1639 te
328 1568 697 1639 dispositionis
751 1568 997 1625 examine
1049 1570 1174 1625 inde
1228 1570 1381 1625 bOuis
1433 1568 1796 1623 misericordia

214 1638 436 1706 largitur
472 1640 611 1693 unde
640 1641 792 1693 malis
828 1642 903 1694 ira
929 1641 1067 1708 justa
1099 1642 1419 1694 cumulatur.
1454 1640 1591 1692 Ante
1639 1639 1799 1707 igitur

214 1724 281 1763 ex
324 1722 519 1775 magna
548 1719 700 1778 parte
728 1712 879 1777 signa
906 1711 1161 1765 virtutum
1191 1718 1240 1765 et
1271 1710 1649 1763 miraculorum
1678 1726 1707 1762 a
1734 1708 1796 1759 li-

216 1778 428 1834 delibus
462 1779 515 1832 in
540 1789 724 1835 sancta
750 1780 983 1836 Ecclesia
1006 1781 1411 1844 subtrahuntur,
1443 1788 1497 1833 et
1523 1789 1649 1833 tunc
1670 1794 1799 1833 con-

219 1859 303 1903 tra
333 1864 429 1902 eos
458 1850 707 1918 antiquus
744 1850 914 1908 hostis
945 1852 996 1905 in
1028 1851 1118 1906 illo
1146 1821 1661 1913 damnato’hominc,
1693 1850 1799 1903 sci-
1832 1820 1878 1879 Β

219 1918 753 1993 licetukntichristo,
776 1936 871 1991 per
899 1930 1082 1993 aperta
1123 1920 1363 1993 prodigia
1392 1923 1803 1993 conspicmisct

222 1989 542 2045 manifestus
569 1989 907 2061 ostendetur,
928 1989 994 2046 'ut
1019 1989 1269 2061 quo'ipse
1287 1989 1385 2059 per
1412 1990 1801 2061 signarextrolli-

226 2068 334 2123 tur,
379 2075 447 2114 ro
474 2075 502 2113 a
552 2060 795 2116 ﬁdelibus
822 2063 939 2116 sine
966 2062 1130 2129 signis
1158 2060 1428 2115 robustius
1459 2060 1803 2115 laudabilius-

218 2144 330 2198 que
358 2130 624 2185 vincatur.
654 2131 904 2198 Quamvis
924 2132 1086 2187 etiam
1115 2132 1360 2186 ﬁdelibus
1388 2130 1440 2184 in
1482 2130 1599 2199 ejus
1628 2138 1806 2183 certa-

220 2200 373 2255 mine
399 2200 551 2268 signa
582 2216 690 2256 non
730 2202 974 2269 deerunt,
1022 2202 1115 2258 sed
1162 2210 1309 2257 tanta
1357 2209 1517 2255 erunt
1562 2201 1701 2255 illius
1747 2210 1807 2254 ut

220 2280 535 2325 nostrorum
565 2287 733 2341 pauca
762 2280 856 2327 aut
874 2273 1018 2327 nulla
1044 2272 1344 2327 videantur.
1378 2271 1615 2338 Quorum
1645 2271 1805 2325 nimi-

220 2340 539 2412 rumvirtus
567 2340 815 2398 Omnibus
836 2343 999 2411 signis
1029 2343 1087 2396 lit
1109 2343 1304 2412 potior,
1337 2358 1458 2397 cum
1480 2356 1640 2396 omne
1662 2341 1807 2409 quod

220 2410 291 2464 ab
314 2409 408 2483 illo
438 2409 1248 2483 ﬁeri7terribiliter—conspicitur,
1277 2427 1373 2481 per
1400 2412 1623 2483 internae
1677 2426 1807 2483 con-

220 2481 441 2535 stantia:
488 2482 690 2537 calcem
739 2484 952 2553 premit.
979 2481 1085 2539 sed
1134 2484 1396 2552 malignus
1440 2482 1611 2537 hostis
1658 2481 1807 2537 tanto

221 2559 417 2606 contra
461 2566 553 2608 eos
579 2554 790 2609 acriore
816 2554 1151 2609 immanitate
1179 2568 1239 2609 se
1279 2553 1574 2616 exhibebit,
1605 2560 1808 2621 quanto

220 2634 284 2675 se
333 2620 538 2689 despici
588 2624 753 2678 etiam
805 2624 1222 2679 clarescentibus
1268 2623 1539 2677 miraculis
1584 2620 1806 2676 dolebit.

221 2690 427 2745 Totum
479 2692 641 2760 igitur
681 2708 739 2749 se
781 2695 835 2747 in
866 2708 1053 2748 eorum
1100 2695 1372 2749 interitmu
1415 2693 1649 2763 colliget,
1685 2708 1810 2747 cun-

221 2769 455 2831 ctosque
500 2763 760 2831 reprobos
788 2763 841 2817 in
872 2778 1057 2819 necem
1089 2764 1323 2817 ﬁdelium
1372 2763 1696 2816 unanimiter
1750 2768 1805 2814 et

222 2829 522 2903 crudeliter
564 2829 843 2903 accendet.
877 2833 1116 2903 Superba
1154 2834 1334 2903 itaque
1362 2831 1675 2903 Antichristi
1702 2831 1813 2903 cel-

225 2898 417 2956 situdo
442 2914 607 2971 super
634 2901 891 2971 reprobas
918 2898 1127 2958 mentes
1156 2898 1430 2958 hominum
1462 2902 1601 2957 fastu
1628 2901 1811 2970 gloria:

222 2970 503 3043 stecularis
531 2970 789 3039 erigetur,
828 2973 898 3034 ita
932 2982 988 3028 ut
1031 2974 1193 3028 homo
1237 2979 1505 3043 peccator,
1534 2982 1588 3043 et
1633 2979 1811 3043 tamen

224 3041 397 3110 homo
430 3040 731 3110 despiciens
754 3043 1026 3109 aestimari,
1073 3040 1253 3098 Deum'
1289 3058 1349 3097 se
1377 3058 1539 3110 super
1568 3042 1813 3097 homines

222 3109 569 3184 mentiatur?
619 3111 770 3168 Unde
816 3111 1013 3170 Paulus
1052 3114 1330 3184 apostolus
1357 3109 1524 3167 dicit:
1559 3112 1727 3184 Ita_ut
1756 3114 1811 3167 in

218 3180 422 3257 themplo
464 3180 560 3257 Dei
598 3184 797 3251 sedeat,
826 3180 1104 3257 ostendens
1147 3201 1219 3257 seA
1242 3196 1484 3257 tanquam
1526 3186 1615 3257 sit_
1650 3182 1811 3257 Deus.

219 3250 395 3325 Cujus
426 3259 485 3304 ut
510 3254 758 3308 timorem
783 3250 1005 3322 plenius
1033 3250 1363 3324 ostenderet,
1386 3254 1643 3325 prtemisit
1670 3272 1681 3307 :
1715 3253 1816 3318 Qui

217 3323 555 3408 aduersatur,
585 3333 648 3408 et.
662 3325 924 3408 extollitur
949 3342 1101 3408 super
1122 3343 1272 3408 omne
1293 3323 1428 3408 quod
1443 3328 1632 3408 dicitur
1652 3324 1815 3408 _Deus,

219 3401 315 3445 aut
360 3392 501 3466 quati
528 3394 732 3449 colitur.
767 3394 907 3451 Deus
934 3392 1077 3451 enim
1116 3392 1404 3466 aliquando
1427 3396 1529 3451 dici
1559 3404 1615 3450 et
1653 3396 1816 3450 homo

218 3462 433 3536 potest,
460 3462 612 3536 juxta
640 3466 785 3536 quod
813 3475 869 3520 et
896 3466 962 3520 ad
991 3462 1434 3536 Moysen—dicitur
1469 3484 1482 3520 :
1515 3466 1652 3520 Ecce
1687 3482 1815 3520 con-

214 3534 371 3587 stitui
388 3541 444 3607 te_
467 3533 615 3587 deum
632 3533 929 3591 Pharaonis
956 3533 1153 3607 (Euod.
1181 3553 1268 3602 vn,
1300 3537 1375 3607 l).
1404 3538 1545 3591 Deus
1568 3552 1696 3592 vero
1713 3536 1816 3591 coli

216 3618 396 3673 purus
428 3602 594 3658 homo
639 3620 745 3660 non
776 3602 974 3675 potest;
1018 3606 1153 3672 Quia
1190 3602 1342 3663 vero'
1365 3608 1723 3663 Antichristus
1761 3614 1819 3662 et

214 3688 392 3748 super
423 3682 641 3748 sanctos
662 3690 915 3748 quosque
944 3678 1209 3748 homines,
1239 3686 1294 3732 et
1333 3693 1494 3748 super
1522 3678 1688 3748 ipsius
1716 3692 1818 3747 po-

217 3745 459 3817 tentiam
510 3743 803 3817 divinitatis
829 3743 1126 3810 extollitur,
1158 3743 1257 3817 per
1285 3743 1558 3803 exactum'
1580 3748 1681 3803 sibi
1719 3743 1819 3802 no-

217 3830 355 3888 men
402 3813 605 3888 gloria),
639 3824 695 3869 et
735 3817 838 3872 hoc
866 3818 1009 3885 quod
1040 3813 1180 3873 Deus
1216 3819 1433 3887 dicitur,
1464 3826 1519 3873 et
1545 3819 1646 3873 hoc
1674 3818 1817 3888 quod

217 3885 372 3940 Deus
402 3883 619 3949 colitur,
650 3883 1142 3943 transire—conatur.
1172 3883 1471 3943 Notandum
1498 3905 1625 3943 vero
1654 3883 1735 3943 est
1766 3890 1817 3942 in

217 3963 492 4028 quantum
521 3957 783 4028 superbite
830 3958 1040 4013 foveam
1071 3959 1283 4024 cecidit,
1313 3961 1403 4028 qui
1434 3960 1487 4014 in
1511 3974 1818 4013 mensuram

219 4026 537 4100 ruina:_qua
566 4027 746 4100 lapsus
772 4036 855 4082 est
887 4042 992 4082 non
1024 4026 1345 4100 permansit:
1379 4030 1630 4084 Diabolus
1658 4031 1817 4100 quip-

195 4096 292 4167 'pe
322 4105 384 4149 et
414 4094 577 4151 homo
606 4097 672 4149 ab
702 4107 843 4150 statu
874 4094 1102 4168 propria:
1121 4100 1450 4155 conditionis
1470 4101 1608 4155 elata
1638 4094 1820 4155 mente

220 4173 581 4242 corruerunt,
615 4175 675 4242 ut
704 4169 787 4221 vel
820 4170 928 4242 ille,
951 4170 1158 4224 diceret
1185 4189 1197 4224 :
1228 4171 1521 4242 Ascendiam
1558 4188 1710 4242 super
1738 4172 1819 4224 al-

218 4235 506 4313 titutlinem
536 4236 766 4313 nubium,
791 4240 974 4313 similis
995 4256 1085 4313 ero
1104 4242 1367 4296 Altissimo
1387 4241 1522 4313 (Isa.
1554 4235 1661 4305 inv,
1689 4242 1812 4311 15);

217 4307 312 4360 vel
344 4307 456 4379 istem
478 4306 702 4379 audiens
722 4311 1020 4379 crederet:
1054 4311 1361 4379 Aperientur
1392 4306 1527 4368 oculi
1556 4315 1729 4375 vestri,
1759 4306 1817 4366 ἐι

218 4377 382 4456 eritis
413 4376 545 4456 sicut
566 4378 648 4456 itii
681 4377 945 4456 (Camiri,
978 4381 1055 4451 5).
1087 4376 1291 4437 Idcirco
1317 4398 1446 4456 ergo
1471 4392 1701 4456 uterque
1729 4397 1819 4437 ce-

217 4448 382 4508 cidit,
410 4448 535 4524 quia
566 4448 676 4501 Deo
703 4450 893 4524 similis
921 4448 1039 4524 esse
1058 4467 1167 4524 non
1189 4469 1286 4522 per
1308 4448 1571 4520 justitiam
1600 4448 1692 4507 sed
1725 4468 1821 4521 per

218 4518 546 4591 potentiam
565 4518 893 4591 concupivit.
926 4519 1034 4573 Sed
1057 4518 1217 4576 homo
1244 4518 1341 4591 per
1367 4525 1591 4590 gratiam
1624 4518 1820 4576 libera-

1896 510 2035 561 sicut
2073 506 2328 573 scriptum
2366 516 2479 562 est:
2527 506 2689 571 Quem
2720 507 2972 561 Dominus
3015 507 3165 562 Iesus
3206 506 3477 577 inter/iciet

1895 580 2079 647 spiritu
2110 580 2215 633 oris
2260 580 2358 640 sui,
2391 587 2437 630 et
2467 578 2694 632 destruet
2720 579 3063 632 illastratione
3101 580 3347 634 adventus
3392 584 3473 637 sui

1898 648 1987 718 (II
2019 650 2197 703 Thess.
2230 664 2287 712 ιι,
2318 648 2394 717 8).
2428 649 2503 704 De
2532 649 2634 703 hoc
2662 649 2872 718 perdito
2901 648 3116 702 homine
3160 666 3257 719 per
3286 651 3471 707 Danie-

1894 720 2001 773 lcm
2032 720 2260 774 dicitur:
2310 719 2500 773 Contra
2528 720 2811 791 principem
2848 719 3139 791 principum
3162 733 3471 791 _consurget,

1896 800 1945 843 et
1990 791 2101 844 sine
2148 806 2299 843 manu
2349 787 2639 843 conteretur
2667 788 2830 859 (Dan.
2864 805 2974 853 vm,
3004 787 3116 857 25).
3150 788 3302 856 Quod
3345 787 3473 859 ergo

1897 875 1995 931 per
2026 860 2297 915 Danielcm
2328 860 2530 915 dictum
2559 867 2642 914 est
2666 860 2924 931 :_Contra
2954 861 3258 931 principem
3284 864 3477 930 princi-

1897 928 2019 1002 pum
2051 939 2338 1002 cousurget,
2399 930 2501 985 hoc
2544 945 2653 1002 per
2688 928 2913 984 Paulum
2954 928 3196 984 dicitur:
3231 928 3317 1002 ita
3346 936 3477 987 utin

1900 1000 2086 1070 templo
2118 1000 2214 1054 Dei
2238 1000 2430 1065 sedeat,
2474 1000 2747 1071 ostendens
2774 1018 2830 1053 se
2856 1008 3099 1071 tanquam
3127 1002 3194 1054 sit
3224 1000 3380 1055 Deus.
3413 1002 3479 1056 Et

1897 1072 2043 1151 quod
2068 1087 2159 1140 per
2175 1072 2445 1151 Danielcm
2462 1070 2798 1151 subjungitur
2823 1070 2979 1151 z§ine
2998 1088 3150 1151 mum:
3172 1080 3478 1151 conteretur,
3516 1080 3525 1106 ‘-

1899 1140 2003 1197 lioe
2049 1158 2143 1208 per
2188 1140 2410 1195 Paulum
2456 1140 2810 1211 exprimitur:
2861 1140 3022 1204 Quem
3054 1142 3301 1195 Dominus
3330 1142 3479 1197 Jcsus

1898 1214 2172 1283 interﬁciet
2196 1214 2377 1283 spiritu
2405 1213 2509 1265 oris
2550 1213 2649 1277 sui,
2682 1220 2735 1283 et
2758 1211 2982 1265 destruet
3012 1213 3357 1266 illustratione
3394 1215 3480 1266 ad—
3516 1268 3519 1271 λ

1898 1292 2076 1338 ventus
2107 1285 2206 1337 sui.
2249 1284 2377 1337 Sine
2426 1298 2584 1335 manu
2626 1282 2833 1335 scilicet
2859 1291 3189 1349 conteretur,
3219 1283 3344 1352 quia
3374 1300 3479 1338 non
3512 1293 3521 1301 '

1900 1354 2210 1421 angelorum
2242 1354 2406 1423 bello,
2438 1369 2543 1406 non
2573 1361 2883 1407 sanctorum
2910 1355 3223 1419 certamine,
3256 1352 3352 1406 sed
3384 1368 3506 1423 per;

1899 1425 2185 1479 adventum
2230 1421 2427 1480 Judicis
2455 1424 2571 1479 solo
2600 1424 2709 1480 oris
2736 1423 2923 1493 spiritu
2957 1432 3158 1479 aeterna
3188 1432 3363 1480 morte
3387 1421 3473 1478 'l'e-

1898 1496 2085 1550 rietur.

1899 1566 2027 1620 CAP.
2049 1565 2147 1639 AlV.
2180 1598 2250 1609 —
2283 1564 2351 1620 Ut
2376 1568 2622 1622 reveletur
2650 1567 2703 1622 in
2748 1584 2840 1622 suo
2898 1575 3120 1639 tempore
3143 1582 3162 1621 :
3206 1584 3327 1621 nam
3360 1585 3481 1639 my-

1934 1637 2145 1709 sterium
2166 1640 2280 1709 jam
2307 1639 2850 1709 operqturiuiquitatis
2878 1637 2977 1709 (117
2999 1637 3263 1709 Thesauri,
3286 1641 3318 1693 6
3336 1637 3435 1707 ,7).

1974 1706 2053 1775 (In
2080 1708 2309 1776 exposit.
2342 1706 2402 1760 Β.
2430 1707 2549 1772 Job,
2582 1709 2615 1762 Ι.
2653 1706 2801 1772 itxrx,
2835 1706 2895 1763 n.'
2918 1708 3006 1771 15,
3039 1708 3151 1777 16.)
3180 1708 3315 1763 Sunt
3343 1706 3481 1763 nen-

1905 1778 2035 1831 nulli
2076 1780 2167 1845 qui
2194 1786 2393 1832 acterna
2424 1794 2541 1847 qua:
2568 1779 2790 1834 audiunt
2818 1780 3082 1833 veraciter
3109 1779 3356 1843 credunt,
3388 1780 3484 1833 sed

1909 1856 2085 1919 tamen
2108 1848 2258 1915 juxta
2285 1849 2718 1918 praedicationem
2753 1849 2872 1904 ﬁdei
2900 1851 3077 1904 vivere
3107 1850 3398 1919 uegligunt,
3430 1858 3486 1904 et

1908 1918 2079 1971 cidem
2130 1919 2269 1984 lilei,
2327 1935 2487 1989 quam
2522 1921 2697 1988 specie
2730 1930 2882 1975 tenus
2931 1918 3247 1975 venerantes
3278 1930 3484 1985 tenent,

1907 1989 2048 2042 male
2097 1990 2325 2060 vivendo
2373 1991 2765 2045 contradicunt.
2820 1989 2918 2057 Qui
2949 1990 3075 2045 dum
3114 1991 3232 2060 plus
3273 1998 3487 2045 terrena

1907 2074 2064 2181 ﬂuam
2097 2059 2357 2123 cmlestia,
2388 2061 2508 2128 plus
2550 2077 2667 2129 qua:
2697 2062 2877 2116 vident
2920 2076 3077 2142 quam
3107 2059 3226 2130 qua:
3264 2060 3489 2115 audiunt

1948 2130 2154 2181 tlittunt.
2174 2132 2419 2181 pulsante
2436 2132 2824 2181 persecutionis
2844 2132 3089 2181 articulo.
3117 2132 3259 2181 uuod
3278 2140 3485 2181 rectum

1948 2130 2154 2201 iliguut,
2174 2132 2419 2198 pulsante
2436 2132 2824 2199 persecutionis
2844 2130 3089 2196 articulo,
3117 2132 3259 2201 quod
3278 2140 3485 2186 rectum

1907 2199 2131 2254 credere
2154 2201 2474 2255 videbantur
2501 2203 2770 2256 amittunt.
2798 2203 2951 2269 Quod
2982 2203 3073 2257 illo
3098 2199 3331 2257 maxime
3354 2210 3489 2256 tem-

1909 2284 2040 2339 pore
2079 2270 2421 2344 multiplicius
2464 2273 2657 2341 agitur,
2687 2273 2903 2344 quando
2950 2281 3201 2340 surgente
3240 2274 3356 2344 ipso
3386 2272 3488 2344 iui-

1908 2354 2136 2412 quorum
2166 2342 2358 2409 capite,
2390 2343 2443 2395 in
2464 2354 2664 2397 sanctae
2685 2342 2943 2398 Ecclesia:
2969 2342 3343 2412 persecutione
3364 2343 3491 2395 ulti-

1910 2424 2016 2482 ina,
2070 2411 2251 2465 liberis
2279 2413 2391 2466 suis
2435 2412 2636 2467 viribus
2682 2414 2798 2482 ejus
2845 2411 3101 2467 fortitudo
3139 2413 3488 2479 grassabitur.

1911 2478 1986 2553 ibi
2028 2488 2154 2553 tunc
2180 2482 2597 2553 uniuscujusque
2625 2478 2726 2538 cor
2745 2484 3083 2545 ostendetur,
3138 2478 3209 2538 ibi
3237 2483 3495 2553 quidquid

1912 2550 1965 2605 in
1996 2552 2221 2624 occultis
2249 2552 2451 2624 latebat
2492 2550 2782 2623 aperietur.
2831 2553 2899 2609 Et
2922 2554 3013 2624 qui
3045 2569 3188 2607 nunc
3234 2550 3328 2608 ore
3371 2550 3497 2607 sunt

1912 2622 2055 2694 purj,
2083 2630 2137 2675 et
2161 2622 2322 2676 corde
2345 2631 2467 2677 sunt
2484 2622 2651 2694 impii,
2678 2622 2953 2694 publicata
2974 2624 3179 2678 malitia
3201 2631 3491 2688 corrueut;

1912 2689 1968 2763 et
1990 2689 2354 2763 ﬁdem,quam
2378 2689 2731 2761 specie'tenus
2752 2703 3054 2758 tenuerant,
3086 2695 3331 2763 perdent.
3357 2694 3493 2748 lliuc

1913 2759 2115 2833 Paulus
2142 2760 2216 2814 ait
2240 2779 2252 2814 :
2290 2761 2357 2815 Ut
2387 2759 2632 2815 reveletur
2660 2764 2712 2816 in
2742 2780 2833 2818 suo
2880 2759 3121 2833 tempore,
3152 2780 3273 2817 nam
3314 2774 3497 2833 mysteo

1913 2830 2049 2903 rium
2078 2832 2201 2903 jam
2244 2839 2487 2903 operatur
2533 2834 2839 2903 iniquitatis.
2874 2835 2951 2888 Ac
2980 2830 3043 2887 'si
3073 2833 3309 2888 diceret:
3343 2830 3493 2887 Tunc

1915 2900 2284 2957 Antichristus
2313 2900 2629 2957 manifestus
2653 2904 2939 2965 videbitur,
2980 2919 3104 2958 nam
3149 2906 3203 2959 in
3248 2903 3499 2957 cordibus

1916 2970 2242 3041 iniquorum,
2275 2972 2327 3027 id
2355 2979 2437 3027 est
2466 2975 2829 3029 membrorum
2872 2989 3111 3039 suorum,
3143 2982 3350 3029 secreta
3396 2988 3493 3027 sua

1910 3040 2023 3115 jam
2046 3056 2186 3115 nunc
2210 3043 2453 3098 occultus
2475 3053 2747 3115 operatur.
2778 3043 2845 3100 Ut
2871 3046 3013 3099 enim
3042 3046 3109 3100 de
3137 3044 3497 3115 apertioribus

1916 3112 2229 3168 criminibus
2255 3122 2483 3179 taceam,
2512 3112 2643 3171 ecce
2673 3115 2807 3169 alius
2836 3116 2985 3170 fratri
3014 3116 3065 3169 in
3095 3112 3259 3172 corde
3287 3130 3385 3169 suo
3409 3124 3495 3168 ta-

1844 3200 1888 3263 C
1918 3184 2064 3266 citus
2082 3184 2308 3266 invidet,
2352 3186 2491 3266 etnsi
2517 3187 2875 3266 “occasionem
2919 3187 3173 3266 reperiut,
3206 3201 3329 3241 eum
3356 3201 3498 3266 sup:
3598 3258 3603 3263 0

1920 3254 2166 3336 pianture
2188 3256 2484 3336 contendit.
2512 3256 2675 3325 Cujus
2704 3256 2924 3336 alterius
2954 3254 3253 3336 membrum
3287 3264 3371 3336 est
3400 3254 3501 3336 nisi

1918 3326 2037 3393 ejus
2063 3326 2132 3380 de
2155 3340 2263 3393 quo
2284 3327 2538 3396 scriptum
2558 3336 2639 3381 est
2664 3344 2677 3378 :
2707 3327 2914 3380 Invidia
2944 3328 3138 3383 diaboli
3158 3344 3295 3382 mors
3321 3326 3499 3380 introi-

1918 3396 2070 3468 vitrin
2099 3396 2271 3450 orbem
2298 3406 2551 3451 terrarum
2580 3397 2737 3468 (Sap.
2767 3414 2823 3461 ll,
2849 3397 2978 3466 21L)?
3007 3398 3155 3451 Alius
3181 3397 3357 3467 magni
3380 3413 3499 3468 me-

1918 3466 2008 3521 riti
2038 3482 2097 3521 se
2124 3481 2243 3521 esse
2271 3469 2563 3530 :estimans,
2591 3466 2695 3537 per
2717 3476 2980 3522 tumorem
3010 3468 3187 3523 cordis
3214 3466 3502 3537 cunciisse

1919 3537 2233 3607 praeferens,
2266 3553 2455 3592 omnes
2480 3536 2771 3608 semetipso
2802 3539 3081 3593 inferiores
3123 3539 3309 3593 credit.
3335 3536 3503 3605 Cujus

1920 3608 2142 3679 alterius
2167 3609 2465 3662 membrum
2488 3617 2573 3662 est
2598 3610 2697 3663 nisi
2729 3608 2844 3677 ejus
2871 3610 2938 3663 de
2964 3624 3073 3679 quo
3096 3610 3351 3677 scriptum
3380 3614 3463 3661 est
3487 3622 3500 3657 :

1923 3677 2090 3749 Omne
2116 3679 2329 3749 sublime
2358 3679 2509 3743 ridet,
2539 3690 2588 3749 et
2616 3680 2726 3748 ipse
2752 3689 2828 3733 est
2852 3695 2944 3733 rex
2983 3677 3137 3747 super
3163 3694 3339 3733 omnes
3365 3679 3503 3749 ﬁlios

1920 3748 2170 3821 superbire
2189 3749 2330 3818 (Job.
2356 3765 2467 3816 xu,
2496 3748 2588 3821 '25)
2610 3750 2632 3803 ?
2654 3751 2801 3821 Alius
2824 3751 3117 3819 potentiam
3139 3751 3298 3818 hujus
3323 3748 3506 3821 mundi

1920 3820 2267 3891 quaarittuon
2295 3834 2404 3891 quo
2425 3821 2543 3874 aliis
2574 3820 2761 3889 prosit,
2787 3823 2881 3875 sed
2911 3837 3018 3891 quo
3049 3837 3154 3874 non
3177 3823 3244 3874 sit
3264 3820 3506 3891 subditus

1921 3890 2098 3943 alteri.
2123 3887 2288 3958 Cujus
2313 3887 2533 3945 alterius
2564 3887 2861 3945 membrum
2891 3887 2993 3958 est,
3028 3892 3125 3945 nisi
3156 3891 3271 3959 ejus
3300 3890 3369 3944 de
3398 3904 3505 3957 quo

1921 3961 2178 4026 scriptqu
2206 3969 2309 4026 est,
2350 3962 2442 4030 qui
2471 3962 2606 4015 dixit
2632 3979 2644 4013 :
2678 3961 2877 4017 Sedebo
2897 3964 2951 4015 in
2990 3972 3163 4016 monte
3189 3961 3505 4023 testamenti,

1919 4033 1974 4085 in
2005 4031 2267 4102 lateribus
2315 4032 2628 4102 Aquilonis;
2670 4033 2947 4102 ascendunt
2992 4047 3146 4101 super
3184 4030 3508 4102 altitudinem

1921 4100 2151 4171 nubium,
2193 4096 2382 4156 similis
2422 4119 2509 4155 ero
2537 4102 2803 4155 Altissimo
2847 4100 3008 4171 (lsa.r,
3055 4096 3176 4167 'xtv,
3226 4100 3312 4165 l3,
3372 4096 3508 4167 ΜΗ

1922 4170 2082 4227 Solus
2156 4173 2355 4241 quippe
2439 4172 2742 4225 Altissimus
2818 4170 2892 4224 ita
2964 4170 3274 4241 dominatur
3346 4182 3510 4241 super

1922 4244 2136 4307 omnia,
2174 4238 2427 4296 'ut‘alteri
2486 4242 2707 4295 subesse
2762 4255 2869 4295 non
2927 4241 3115 4310 possit.
3182 4238 3354 4307 Quem
3403 4238 3512 4291 dia-

1922 4312 2077 4368 bolus
2126 4312 2323 4367 imitari
2366 4326 2619 4382 perverse
2647 4310 2835 4375 voluit,
2870 4326 2993 4382 cum
3023 4326 3178 4366 suum
3227 4310 3506 4382 dominum

1922 4398 2189 4452 quaerens,
2223 4383 2273 4437 ei
2313 4380 2536 4437 subesse
2574 4382 2865 4435 recusavit.
2896 4381 3141 4437 Imitatur
3168 4396 3297 4451 ergo
3323 4380 3511 4434 diabo-

1924 4452 2033 4506 lum
2064 4452 2306 4521 quisquis
2348 4454 2547 4507 idcirco
2579 4460 2901 4523 potestatem
2942 4467 3094 4507 suam
3124 4453 3330 4523 appetit
3374 4465 3510 4520 quo-

1924 4524 2068 4577 niam
2099 4524 2149 4577 ei
2178 4523 2268 4590 qui
2297 4523 2397 4577 sibi
2440 4522 2760 4592 praipositus
2789 4533 2872 4579 est
2913 4522 3253 4578 ordinatione
3280 4534 3513 4591 superna

220 4582 342 4665 ius,
375 4585 471 4665 qui
517 4584 609 4639 Dei
633 4582 1032 4665 similitudinem
1061 4582 1646 4665 appeteudovpervcrse
1672 4592 1816 4646 ceci-
1846 4582 1899 4643 D
1925 4594 2144 4665 subesse
2171 4582 2389 4665 fastidit.
2416 4582 2815 4665 S'unt'nauique
2843 4603 3102 4665 prmterea
3134 4582 3361 4665 plurima
3384 4603 3512 4665 uuae

217 4659 411 4718 derat,
440 4656 493 4709 in
523 4664 731 4710 reatum
762 4659 841 4711 sui
869 4656 1119 4729 criminis
1134 4656 1309 4729 longe
1336 4656 1446 4714 Deo
1472 4678 1531 4715 se
1561 4664 1818 4729 imparem

216 4741 356 4802 egse
382 4739 776 4802 cognoscens,
804 4729 1032 4802 cl_a_mat_:
1086 4727 1327 4795 Domine,
1358 4733 1469 4802 quis
1512 4727 1696 4785 similis
1728 4734 1819 4786 tibi

220 4796 625 4876 (P_sal._xxmxtv_,_
652 4798 787 4876 tu)?
837 4799 1090 4876 Diabolus
1127 4816 1256 4855 vero
1288 4801 1338 4855 in
1372 4796 1551 4876 lapsus
1597 4804 1679 4857 sui
1710 4806 1818 4876 cri-

218 4866 382 4924 mine
406 4866 550 4935 juste
577 4866 847 4934 dimissus,
881 4871 933 4923 in
972 4885 1276 4924 mensuram
1308 4866 1474 4926 ruina:
1512 4888 1619 4927 sua:
1656 4874 1817 4927 mini-

218 4953 318 5012 me
350 4939 665 5012 permansit,
707 4939 802 4993 sed
829 4948 1087 5012 quantum
1126 4944 1192 4995 ab
1232 4943 1617 5012 omnipotentis
1644 4945 1817 5012 gratia

219 5008 323 5061 diu
355 5006 547 5073 defuit,
571 5019 623 5062 et
654 5018 801 5062 tanto
826 5006 992 5076 magis
1015 5020 1221 5065 reatum
1248 5006 1487 5067 criminis
1507 5006 1813 5071 cunuilavit.

220 5079 371 5134 Nam
398 5082 487 5146 qui
512 5078 632 5132 ideo
654 5079 853 5134 cecidit
881 5081 1005 5148 quia
1034 5096 1291 5149 perverso
1316 5084 1504 5138 ordine
1535 5084 1645 5138 Deo
1671 5086 1821 5139 simi-

220 5150 295 5228 li_s
338 5162 476 5228 esse
522 5149 709 5228 voluit,
744 5153 1316 5228 eousque_perdu_ctu_s_
1361 5161 1546 5228 estuut
1586 5155 1637 5209 in
1669 5156 1821 5209 Anti-

220 5219 497 5274 christum
535 5221 756 5275 veniens
786 5222 953 5276 videri
1005 5219 1113 5278 Deo
1158 5224 1346 5277 similis
1375 5225 1715 5292 dedignetur,
1767 5234 1822 5281 et

221 5305 363 5365 eum
416 5303 576 5356 quem
626 5292 959 5365 haberenon
1007 5297 1183 5363 potuit
1227 5296 1490 5365 superbus
1535 5296 1817 5365 aequalem,

220 5359 523 5438 damnatus
572 5368 738 5438 putat_
767 5359 1093 5438 inferiorem.
1128 5359 1434 5438 Nam__'cuni
1484 5368 1551 5421 de
1598 5359 1688 5420 illo
1718 5370 1821 5423 hoc

220 5429 381 5499 quod
420 5429 929 5507 jam_pra't_nisin_ius,
962 5432 1193 5489 dicitur:
1246 5435 1515 5490 Extollens
1565 5454 1620 5490 se
1668 5454 1821 5507 super

222 5514 393 5576 cuiue
415 5500 551 5568 quod
592 5500 779 5553 dicitur
808 5501 968 5567 Deus,
999 5512 1088 5555 aut
1116 5507 1251 5573 quod
1290 5510 1473 5561 colitur
1502 5507 1586 5576 (II
1636 5500 1815 5563 Thess.

224 5586 292 5648 gi,
321 5565 409 5648 ,ηε
429 5565 637 5648 aperte
652 5565 984 5648 monstratur
1006 5565 1259 5648 quoniam
1289 5565 1592 5648 appetendo
1620 5582 1818 5633 dudum

367 5639 787 5718 similitudinem,
813 5643 985 5718 quasi
1025 5639 1179 5711 juxta
1226 5639 1389 5718 Deum
1420 5651 1627 5718 erigere
1654 5666 1713 5704 se
1734 5666 1823 5706 vo-

226 5708 363 5773 luit,
401 5710 493 5763 setl
528 5711 581 5790 iu
607 5708 872 5790 superbia;
899 5708 1051 5783 culpa
1082 5717 1396 5790 crescendo,
1422 5708 1530 5786 jarii
1561 5737 1621 5775 se
1658 5737 1820 5790 supra

226 5792 404 5837 omne
429 5782 575 5851 quod
604 5782 745 5840 Deus
770 5783 967 5841 dicitur
981 5782 1049 5842 ‘et
1073 5785 1288 5855 colitur,
1314 5782 1542 5847 extollit.
1570 5792 1677 5849 Sed
1702 5782 1821 5850 lianc

1926 4662 2184 4734 quosdam
2228 4663 2279 4734 in
2310 4662 2442 4734 ipsa
2475 4679 2609 4731 pace
2647 4660 2896 4723 Ecclesia:
2924 4660 3246 4734 constitutos
3276 4660 3513 4715 inﬁdeles

1927 4732 2047 4788 esse
2072 4732 2399 4810 renuntient.
2434 4733 2604 4810 Viideo
2631 4750 2863 4810 namque
2890 4736 3181 4810 uonnullos
3210 4732 3283 4786 ita
3322 4744 3510 4810 perso—

1927 4819 2076 4876 nam_
2096 4805 2333 4876 potentis
2362 4808 2633 4876 accipere,
2664 4814 2722 4859 ut
2769 4802 3018 4860 videlicet
3042 4806 3109 4859 ab
3138 4819 3205 4859 eo
3246 4802 3511 4876 requisiti,

1924 4890 2024 4943 pro
2054 4874 2238 4928 favore
2267 4873 2385 4942 ejus
2413 4872 2520 4932 non
2548 4872 2793 4931 dubitent
2838 4877 2892 4930 in
2922 4891 3083 4930 causa
3114 4872 3512 4943 proximiverio

1926 4941 2091 5018 t_atem
2124 4941 2341 5018 negare.
2376 4946 2442 5001 Et
2470 4948 2588 5018 quis
2617 4956 2699 5001 est
2732 4946 2945 5018 iVeritas
2973 4945 3070 5000 nisi
3102 4941 3193 4999 ille
3211 4944 3311 5018 qui
3330 4941 3473 5018 dixit
3502 4958 3515 4995 :

1926 5014 2041 5085 Ego
2063 5031 2175 5087 sum
2208 5012 2334 5085 Via,
2372 5012 2573 5072 Veritas
2621 5026 2669 5071 et
2708 5015 3027 5087 Vita_(Joan.
3060 5031 3170 5087 xiv,
3194 5012 3300 5087 76)?
3327 5012 3513 5087 Neque

1922 5082 2329 5161 euiurloannes
2359 5088 2593 5161 Baptista
2609 5088 2689 5161 Ade
2714 5082 3053 5161 confessione
3078 5086 3301 5161 Christi,
3325 5082 3420 5161 send
3445 5082 3516 5161 de

1921 5157 2139 5225 iustitiae
2168 5159 2396 5234 ueritate
2423 5152 2713 5234 requisitus
2741 5158 3046 5234 occubuit_:_
3067 5156 3163 5234 sed
3207 5159 3333 5225 quia
3361 5152 3514 5234 Chri-

1922 5224 2037 5281 Stus
2063 5237 2148 5283 est
2174 5228 2409 5297 Veritas,
2436 5224 2519 5281 ad
2531 5236 2757 5282 mortem
2801 5243 2969 5296 usque
2998 5227 3201 5282 idcirco
3230 5224 3329 5297 pro
3357 5224 3514 5277 Chri-

1922 5306 2033 5363 sto,
2080 5300 2208 5368 quia
2239 5314 2337 5368 pro
2387 5299 2613 5353 veritate
2643 5299 2895 5353 videlicet
2928 5298 3191 5368 pervenit.
3244 5296 3514 5350 Ponamus

1924 5377 2059 5449 ante.
2080 5370 2267 5423 oculos
2285 5368 2441 5449 .quod
2468 5369 2662 5449 aliquis
2682 5378 3074 5449 percunctatus
3101 5380 3386 5449 personam
3412 5378 3513 5449 po-

1923 5440 2090 5494 tentis
2119 5440 2345 5509 accepit,
2375 5448 2431 5494 et
2450 5456 2518 5495 ne
2546 5440 2694 5493 verbi
2734 5442 2923 5493 saltem
2955 5439 3203 5508 injuriam
3235 5444 3509 5509 pateretur

1924 5511 2209 5565 veritatem
2240 5506 2470 5577 negavit.
2506 5510 2642 5578 Quid
2682 5525 2812 5579 ergo
2860 5511 2960 5564 iste
3000 5506 3203 5565 faceret
3238 5506 3296 5562 in
3327 5506 3517 5579 dolore

1924 5595 2202 5651 pteuarum
2235 5576 2327 5650 qui
2351 5576 2621 5635 Christum
2651 5576 2866 5636 erubuit
2897 5582 3037 5636 inter
3064 5580 3275 5649 tlagella
3315 5576 3511 5651 verbo-
3576 5614 3579 5617 λ

1926 5639 2084 5727 ilum?
2110 5639 2268 5727 _Eccé
2291 5658 2347 5705 et
2374 5661 2495 5722 post
2522 5653 2637 5707 haec
2664 5662 2791 5727 ante
2813 5654 3000 5727 oculos
3027 5639 3514 5727 honiinum_adbuc

1923 5719 2260 5776 Christianus
2289 5719 2390 5789 est,
2440 5732 2497 5779 et
2545 5733 2724 5778 tamen
2751 5724 2793 5778 si
2843 5723 3098 5778 Dominus
3124 5736 3248 5777 eum
3273 5719 3517 5789 districto

1923 5791 2186 5863 disposuit
2210 5786 2605 5866 judicare,jam
2631 5810 2741 5853 nou
2768 5804 2871 5853 est.
2902 5794 3069 5854 Video
3101 5800 3283 5850 autem
3305 5797 3361 5847 et
3380 5786 3523 5847 alios
