3974 6350
476 339 654 409 £3977

469 475 730 523 sermones
774 464 871 519 Dei
900 481 918 519 :
949 462 994 519 si
1020 466 1132 536 quis
1160 463 1442 536 ministrat,
1473 474 1720 536 tanquam
1769 480 1834 517 ea:
1878 465 2066 536 uirtute

470 556 623 610 quam
658 537 1011 610 administrat
1035 533 1184 610 Deus
1215 533 1430 604 (Ibid)
1466 534 1553 610 ΔΑιῖ
1578 533 1622 588 si
1651 534 2013 610 aperte‘dicat
2047 551 2058 588 :

471 605 755 664 llumiliter
783 605 1072 677 impendite
1100 607 1296 659 bonum
1326 605 1603 677 proximis,
1636 606 1761 674 quia
1787 605 1937 660 scitis
1968 620 2064 659 vos

469 695 578 736 non
608 696 639 734 a
667 680 820 734 vobis
846 676 969 733 esse
1002 678 1145 746 quod
1171 676 1400 732 habetis.

523 770 673 827 'Csr.
705 768 796 825 Vl.
817 768 972 825 —Si
997 769 1109 841 quis
1151 768 1396 838 loquitur,
1461 768 1572 822 uasi
1599 783 1856 822 sermones
1893 766 1991 822 Dei

1043 838 1090 892 (Ι
1127 837 1269 892 Petr.
1297 854 1368 892 tv.
1399 787 1507 892 illi.

1043 838 1090 910 (Ι
1127 837 1269 892 Petr.
1297 854 1368 903 tv,
1399 837 1507 908 ll).

545 932 759 1002 (Regni.
795 929 1004 1002 Pastor.
1038 939 1176 1002 part.
1209 947 1284 994 ιιι,
1316 945 1438 1002 cap.
1460 929 1584 1002 7‘25.)
1626 929 1727 996 Qui
1774 931 1936 986 verba
1969 929 2064 986 Dei

472 1001 582 1058 non
629 1001 919 1072 lnquuntur
946 1001 1251 1066 humiliter,
1284 1001 1634 1055 considerare
1677 1001 1876 1055 debent
1917 1002 2064 1070 quod

471 1090 571 1144 per
595 1075 821 1142 primum
854 1072 1402 1144 pastpremscriptum
1426 1080 1549 1144 est;
1584 1072 1643 1126 Si
1675 1075 1788 1142 quis
1813 1074 2062 1144 loquitur,

470 1141 617 1217 quasi
648 1159 905 1217 sermones
1118 1142 1220 1208 Qui
1260 1156 1394 1209 ergo
1426 1142 1587 1217 verba
1607 1141 1738 1217 qua:
1784 1141 2066 1217 proferunt

472 1212 540 1269 ex
569 1214 795 1283 propriis
827 1229 931 1266 non
964 1212 1194 1278 habent,
1246 1216 1535 1283 curAquasi
1589 1212 1656 1283 de
1706 1215 1937 1282 propriis
1977 1225 2060 1268 tu-

469 1281 617 1338 ment
634 1286 656 1337 ?
673 1281 880 1338 lterum
908 1284 1169 1350 scriptum
1193 1292 1276 1334 est
1300 1301 1311 1334 :
1345 1281 1493 1336 Sicut
1522 1300 1585 1336 ea:
1617 1281 1727 1337 Deo
1753 1301 1929 1338 coram
1957 1285 2064 1340 Deo

469 1356 523 1408 in
567 1353 770 1409 Christo
799 1354 1054 1422 loquimur
1103 1351 1184 1422 (Il
1221 1354 1339 1406 Cor.
1375 1369 1442 1417 ιι,
1501 1354 1609 1422 l7).
1661 1354 1740 1408 Ex
1785 1356 1894 1409 Deo
1922 1359 2064 1410 enim

471 1441 655 1480 coram
687 1425 795 1479 Deo
827 1424 1063 1494 loquitur
1091 1424 1183 1493 qui
1215 1423 1610 1494 praedicationis
1640 1426 1896 1492 verbum,
1928 1442 2066 1494 quo-

471 1498 613 1548 niam
640 1511 670 1549 a
710 1495 822 1550 Deo
851 1493 1058 1561 accepit
1083 1537 1097 1559 ,
1134 1493 1422 1561 intelligit,
1471 1503 1523 1547 et
1556 1497 1771 1564 placere
1802 1512 1895 1564 per
1935 1493 2066 1550 illud

471 1565 584 1620 Deo
633 1582 740 1620 non
790 1566 1094 1630 hominibus
1138 1565 1345 1634 qua-rit.
1397 1564 1600 1619 Rursus
1642 1567 1901 1634 scriptum
1934 1577 2015 1619 est
2051 1585 2064 1620 :

471 1635 800 1706 Abominatio
825 1635 1034 1690 Domini
1059 1645 1134 1690 est
1162 1635 1330 1690 omnis
1343 1653 1598 1706 arrogans
1617 1635 1798 1705 (Prov.
1828 1653 1936 1703 xvn,
1959 1635 2063 1704 lii);

473 1707 594 1776 quia
628 1705 878 1761 videlicet
907 1706 1033 1760 dum
1066 1705 1116 1758 in
1162 1706 1328 1760 verbo
1379 1704 1482 1759 Dei
1519 1704 1746 1773 gloriam
1792 1709 2066 1776 prppriun

471 1779 690 1845 quaerit,
727 1780 814 1844 jus
837 1777 1014 1831 dantis
1051 1776 1292 1847 invadit,
1340 1791 1570 1845 eumque
1599 1776 1743 1830 laudi
1778 1793 1888 1831 sua:
1921 1788 2067 1847 post-

472 1863 674 1970 ponere
704 1861 1044 1926 nequaquam
1090 1846 1281 1901 metuit
1326 1861 1357 1899 a
1405 1861 1512 1916 quo
1556 1847 1663 1903 hoc
1709 1847 1884 1917 ipsum
1921 1846 2066 1918 quod
2098 1849 2146 1911 B

497 1918 724 1970 andatur
752 1925 980 1970 accentt.

497 1918 724 1972 audatur
752 1917 980 1986 accepit.

473 2009 603 2066 CAP.
637 2009 747 2065 Vll.
779 2039 848 2050 —
879 2009 1098 2082 Temyus
1119 2018 1288 2082 e_st_ut
1314 2010 1528 2082 incipiat
1562 2011 1822 2082 judicium
1849 2029 1882 2066 a
1908 2011 2061 2067 domo

1027 2083 1074 2135 ei
1105 2079 1159 2152 (I
1190 2079 1334 2134 Petr.
1363 2097 1435 2146 tv,
1467 2079 1578 2152 Π).

545 2173 624 2246 (In
651 2176 888 2246 exposit.
920 2175 982 2230 B.
1005 2173 1127 2239 Job,
1162 2175 1256 2230 lib.
1302 2190 1375 2240 Ix,
1417 2190 1565 2230 num.
1607 2175 1726 2246 55.)
1759 2178 1834 2231 Ex
1860 2177 2065 2232 electo-

472 2261 594 2302 rum
632 2247 745 2302 vita
773 2263 917 2302 nunc
960 2253 1017 2301 et
1061 2247 1248 2301 labore
1285 2260 1612 2315 cognoscere
1643 2262 1927 2315 possumus
1950 2289 1963 2312 ,
2019 2247 2064 2300 si

473 2317 785 2382 emendari,
823 2317 948 2373 dum
977 2327 1186 2387 tempus
1214 2326 1328 2387 est_,
1371 2317 1624 2371 nolumus
1646 2358 1662 2382 ,
1708 2326 1908 2387 quanta
1942 2325 2063 2387 p0st
2116 2324 2125 2335 '

474 2388 943 2443 animadversione
969 2385 1244 2442 teriamur.
1279 2385 1503 2457 Eiectos
1530 2388 1728 2457 quippe
1761 2385 2064 2457 beiﬂrerni-

473 2473 614 2522 mus,
644 2466 706 2528 et
722 2459 810 2528 pia
839 2472 999 2526 agere
1022 2467 1078 2512 et
1107 2456 1346 2528 crudelia
1367 2457 1532 2510 multa
1548 2455 1812 2512 tolerare.
1848 2455 2062 2513 Eiecto-

475 2543 593 2582 rum
624 2525 820 2652 quippe
867 2525 950 2584 est
978 2528 1064 2608 hic
1094 2525 1327 2607 conteri,
1381 2534 1437 2579 ut
1465 2529 1531 2579 ad
1576 2529 1792 2595 puemia
1831 2528 2065 2582 debeant

475 2606 693 2652 aeterna:
758 2598 1048 2652 tereditatts
1097 2598 1318 2652 erudiri.
1360 2595 1666 2652 Electorum
1713 2607 1795 2652 est
1843 2599 1928 2652 hic
1967 2599 2064 2652 lla-

475 2595 693 2652 aaternte
720 2595 1048 2654 hasreditatis
1097 2596 1318 2652 erudiri.
1360 2595 1666 2652 Electorum
1713 2607 1795 2652 est
1843 2599 1928 2652 hic
1967 2599 2064 2654 lla-

477 2667 615 2735 gella
647 2669 954 2790 plercipere,
987 2668 1182 2736 quibus
1219 2678 1466 2722 servatur
1493 2667 1560 2721 de
1605 2670 2062 2736 mternitategau-

477 2738 620 2790 dere.
702 2739 786 2790 inc
813 2739 879 2790 ad
899 2736 1159 2790 Joannem
1187 2738 1380 2790 dicitur
1407 2756 1421 2790 :
1454 2736 1568 2790 an
1594 2755 1722 2790 auos
1751 2757 1868 2790 amo
1895 2757 2058 2790 arano

473 2738 620 2792 dere.
652 2736 879 2811 Hinc—ad
899 2736 1380 2811 Joannemdicitur
1407 2756 1421 2790 :
1454 2736 1568 2808 Ego
1594 2755 1722 2811 qu_os
1751 2757 1868 2793 amo
1895 2757 2058 2810 arguo

473 2817 521 2879 et
543 2809 738 2879 castigo
765 2810 946 2878 (Apoc.
981 2808 1082 2879 ιιι).
1101 2806 1248 2879 Hinc
1270 2805 1557 2879 ξριτιξ-εἰη
1587 2805 1618 2863 τ’
1635 2808 1854 2878 Tempus
1883 2805 1976 2874 est,
2009 2819 2066 2864 ut

474 2876 690 2948 incipiat
722 2876 980 2949 judicium
1010 2876 1224 2934 a'domo
1272 2877 1387 2933 Dei.
1427 2876 1527 2933 Ubi
1574 2895 1700 2935 mox
1747 2876 2066 2936 admirando

473 2949 788 3023 subiunxit:
823 2951 884 3023 Si
912 2959 1084 3023 autem
1105 2951 1390 3023 primumii
1413 2950 1582 3023 nobis,
1611 2953 1722 3023 quis
1747 2953 1869 3022 ﬁnis
1889 2969 2069 3006 eorum

475 3019 562 3090 qui
590 3035 696 3076 non
732 3020 949 3075 credunt
980 3020 1080 3076 Dei
1105 3018 1446 3093 Evangelia?
1472 3018 1770 3092 Hinc'ergo
1796 3023 2068 3091 colligitur

1375 347 1714 406 arrsnmx
1758 349 1848 404 ιιι)
1880 349 1942 406 s.
1980 345 2308 407 casconn
2342 345 2572 404 orsus
2595 305 2842 404 “unum.

3625 341 3755 398 1388-

2094 469 2136 524 Λ
2167 462 2439 517 districtus
2467 460 2640 517 Judex
2669 469 2870 528 quanta
2919 457 3075 512 feriat
3117 455 3226 514 illic
3250 454 3592 514 districtione
3627 473 3750 527 quos

2169 532 2448 602 reprobat,
2485 535 2531 589 si
2562 533 2650 587 hic
2678 532 2756 586 sic
2779 529 2989 585 cruciat
3015 545 3151 598 quos
3177 537 3346 584 amat.

2203 651 2333 708 Car.
2369 649 2499 706 Vill.
2523 680 2593 692 —
2619 648 2844 722 Pascite,
2879 652 2964 720 qui
3003 652 3072 722 in,
3098 650 3236 722 vobis
3263 657 3360 716 est,
3396 665 3609 722 gregem
3636 647 3724 706 Dei

2721 719 2775 793 (1
2805 719 2948 775 Petr.
2976 738 3029 789 ν,
3056 721 3110 786 l,
3139 720 3217 792 2).

2239 831 2452 902 (Begul.
2505 831 2713 886 Pastor.
2745 842 2885 901 part.
2934 848 2987 893 ιι,
3033 847 3155 900 cap.
3189 831 3266 902 7.)
3301 831 3559 885 Nonnulli
3585 846 3760 902 curata

2166 901 2340 972 gregis
2369 904 2697 971 suscipiunt,
2748 904 2836 969 qui
2868 920 2988 957 eum
3030 918 3219 958 curare
3247 903 3561 972 corporalia
3592 901 3758 956 fundi-

2168 985 2253 1030 lus
2310 976 2623 1044 negligunt,
2692 974 3028 1028 subditorum
3083 975 3499 1028 necessitatibus
3550 975 3760 1028 minime

2168 1055 2517 1100 concurrunt.
2552 1045 2790 1110 Quorum
2815 1046 3066 1097 nimiruru
3105 1045 3417 1112 pra-dicatio
3449 1044 3763 1112 plerumque

2166 1119 2478 1186 despicitur,
2509 1118 2633 1183 quia
2667 1115 2793 1168 dum
2821 1113 3418 1186 delinquentiumlacta
3443 1114 3760 1186 corripiunt,

2169 1184 2460 1242 multanien
2488 1189 2565 1239 eis
2594 1187 2901 1240 neceSsaria
2925 1189 3203 1254 praesentis
3219 1185 3343 1238 vita:
3368 1199 3476 1238 non
3505 1184 3760 1246 tribuunt,

2169 1274 2508 1327 nequaquam
2541 1257 2610 1310 lib
2637 1265 2767 1308 nter
2797 1257 3102 1309 audiuntur.
3154 1255 3409 1327 Regentis
3441 1259 3646 1327 etenim
3676 1270 3763 1327 cur

2170 1325 2429 1382 doctrinis:
2479 1342 2656 1381 sermo
2708 1343 2812 1378 nou
2867 1335 3143 1395 penetrat,
3200 1327 3244 1380 si
3292 1325 3436 1379 hunc
3478 1325 3763 1395 apud__ejus

2170 1401 2410 1452 animum
2440 1415 2629 1451 nninus
2651 1393 3035 1451 misericordiae
3071 1413 3178 1451 non
3210 1395 3576 1450 conuuendat.
3625 1393 3764 1448 Unde

2171 1471 2378 1539 prinnis
2423 1478 2605 1537 pastor
2650 1467 2881 1521 sollicite
2935 1471 3232 1539 admonet,
3259 1466 3447 1520 dicens
3476 1466 3762 1539 :_Sen_iorrs_

2171 1536 2258 1611 qui
2306 1541 2356 1592 in
2388 1536 2526 1592 rubis
2557 1547 2692 1595 sunt.
2727 1540 2932 1611 obsecro
2957 1579 2972 1602 ,
3025 1538 3299 1592 consenior
3325 1545 3377 1590 et
3406 1537 3552 1611 testis
3582 1536 3765 1611 Clu-isti

2172 1607 2507 1679 passionum,
2561 1613 2722 1680 quiet
2770 1609 2883 1680 ejus
2931 1625 3045 1680 qua:
3089 1611 3142 1662 in
3178 1611 3350 1680 futuro
3387 1607 3667 1661 reoeianda
3695 1616 3765 1659 est

2172 1681 2352 1751 gloria:
2379 1683 2786 1734 communicator
2810 1696 2827 1732 :
2857 1679 3066 1734 Pascite
3091 1682 3175 1751 qui
3193 1681 3245 1733 in
3271 1679 3411 1734 vobis
3437 1687 3538 1751 est,
3567 1695 3768 1748 gregem

2177 1748 2294 1805 Dei.
2322 1750 2425 1816 Qui
2454 1751 2503 1804 in
2535 1752 2636 1804 hoc
2672 1755 2787 1804 loco
2817 1758 2989 1803 utrum
3020 1748 3318 1819 paStionem
3351 1748 3535 1804 cordis
3562 1766 3629 1802 an
3651 1765 3770 1802 cor-

2175 1825 2322 1891 poris
2353 1827 2599 1875 suaderet
2629 1821 2858 1890 aperuit,
2908 1837 3029 1874 cum
3061 1822 3336 1889 subjunxit
3371 1839 3385 1891 ;
3433 1819 3766 1874 Providentes

2174 1890 2276 1947 non
2307 1903 2518 1953 coacte,
2571 1894 2658 1945 sed
2707 1901 2989 1960 spontanee
3031 1895 3308 1945 secundum
3362 1890 3568 1952 Deum;
3608 1906 3766 1960 neque

2178 1966 2339 2032 turpis
2369 1963 2498 2015 lucri
2527 1963 2720 2032 gratia,
2745 1962 2836 2034 sed
2866 1965 3152 2016 voluntarie
3176 1962 3387 2034 (Ibid.).
3414 1961 3617 2027 Quibus
3639 1977 3737 2034 pro
3755 1993 3766 2000 -

2176 2031 2319 2088 lecto
2349 2031 2536 2086 verbis
2574 2033 2878 2101 pastoribus
2908 2041 3257 2101 pra-cavum,
3305 2031 3374 2087 ne
3399 2034 3530 2086 dum
3561 2031 3770 2098 subjec-

2176 2115 2354 2158 torum
2385 2102 2618 2172 inopiam
2645 2104 2864 2170 satiant,
2896 2119 2955 2157 se
2985 2120 3245 2160 mucrone
3285 2103 3603 2157 ambitionis
3628 2104 3770 2156 oeci-

2175 2175 2308 2229 dant
2345 2192 2358 2226 :
2407 2190 2474 2226 ne
2510 2188 2630 2226 cum
2675 2189 2770 2244 per
2817 2189 2913 2228 eos
2940 2175 3118 2229 cautis
3170 2174 3418 2230 subsidiis
3459 2173 3772 2244 relicinntur

2177 2244 2430 2316 proximi,
2462 2241 2908 2316 ipsitremaneant
2933 2261 2972 2316 ει
3002 2246 3210 2299 etnlesti
3245 2261 3383 2314 pane
3409 2244 3602 2316 ipejuni.
3628 2241 3772 2316 Hanc

2178 2312 2451 2383 pastorum
2483 2314 2899 2368 sollicitudinem
2933 2313 3130 2370 Paulus
3152 2312 3372 2380 excitat,
3401 2312 3596 2370 dieens
3631 2333 3642 2365 :
3679 2312 3771 2378 Qui

2169 2401 2379 2439 suorum
2406 2426 2421 2452 ,
2468 2393 2514 2438 et
2547 2385 2770 2439 maxime
2791 2385 3217 2452 domesticorum,
3263 2403 3445 2440 curam
3467 2402 3576 2439 non
3604 2385 3769 2449 habet,

2170 2457 2328 2580 {dem
2374 2456 2598 2526 negavit,
2639 2467 2688 2509 et
2732 2465 2808 2509 est
2852 2457 3051 2525 inﬁdeli
3086 2457 3310 2512 deterior
3341 2455 3394 2526 (I
3429 2455 3569 2511 Tim.
3605 2473 3656 2519 v,
3698 2456 3769 2524 3).

2205 2526 2331 2580 lude
2360 2526 2554 2580 rectori
2607 2541 2830 2580 necesse
2860 2539 2943 2580 est
2992 2539 3048 2580 ιιι
3093 2528 3352 2580 interiora
3383 2527 3560 2580 possit
3599 2527 3769 2580 iniun-

2205 2526 2331 2580 lnde
2360 2526 2554 2581 rectori
2607 2541 2830 2582 necesse
2860 2539 2943 2582 est
2992 2539 3048 2581 ut
3093 2528 3352 2582 interiora
3383 2527 3560 2596 possit
3599 2527 3772 2580 iniun-

2168 2597 2317 2662 dere,
2347 2598 2562 2653 innoxia
2593 2598 2917 2664 cogitatione
2945 2598 3106 2652 etiam
3137 2598 3407 2654 exteriora
3455 2598 3764 2667 providere.

2169 2669 2260 2722 Sic
2304 2672 2484 2736 itaque
2515 2676 2759 2736 pastores
2801 2684 2925 2736 erga
2974 2669 3227 2723 interiora
3272 2669 3622 2724 subditorum
3652 2682 3771 2722 suo-

2170 2753 2288 2792 rum
2317 2739 2495 2793 studia
2524 2737 2803 2802 ferveant,
2834 2746 3100 2808 quatenus
3131 2740 3185 2795 in
3209 2741 3287 2795 eis
3314 2740 3612 2794 exterioris
3642 2753 3769 2806 quo-

2171 2823 2278 2877 que
2320 2811 2456 2880 vitai
2485 2808 2875 2878 providentiam
2928 2827 3033 2864 non
3075 2810 3400 2880 relinquant.
3455 2809 3594 2864 Nam
3625 2809 3770 2878 quasi

2170 2881 2311 2951 jure,
2344 2879 2665 2951 ut_dixiiuus
2691 2919 2705 2943 ,
2755 2896 2784 2934 a
2817 2881 3157 2950 percipienda
3189 2879 3574 2950 pradicatione
3602 2880 3771 2951 gregis

2171 2950 2381 3075 animus
2405 2949 2684 3022 frangitur,
2712 2951 2756 3006 si
2786 2949 3069 3008 exterioris
3098 2949 3226 3008 cura
3254 2951 3481 3009 subsidii
3501 2967 3530 3006 ιι
3559 2949 3774 3024 pastore

2173 3036 2274 3075 nea
2302 3031 2497 3075 matur.

2173 3031 2497 3093 negligatur.

505 3146 3773 3175 ——_——_—_—_—————-——————————————————_———-‘

1183 3228 1545 3286 EXPOSITIO
1587 3229 1815 3287 SUPER
1855 3221 2240 3289 EPISTOLAM
2287 3231 2326 3287 ll
2370 3233 2427 3287 Β.
2471 3231 2672 3288 PETRI
2712 3232 3062 3291 APOSTOLI.

478 3345 660 3406 συσπ·
685 3344 915 3402 Punice.
930 3372 1003 3386 —
1027 3341 1325 3399 Him'strate
1349 3344 1403 3398 in
1428 3342 1647 3398 scientia
1670 3343 2066 3412 abstinentiam;

575 3418 632 3474 in
652 3415 966 3472 abstinentia
993 3424 1165 3470 autem
1191 3415 1494 3485 patientiam
1525 3412 1607 3485 (ΙΙ
1647 3413 1790 3469 Petr.
1821 3431 1859 3482 ι,
1892 3413 1966 3486 5).

550 3508 763 3580 (Begul.
793 3506 1001 3580 Pastor.
1027 3515 1167 3580 part.
1198 3523 1286 3580 in,
1303 3522 1426 3577 cap.
1454 3504 1568 3578 l9.)
1598 3506 1940 3580 Abstinentes
1962 3508 2071 3580 sol-

477 3578 624 3638 licite
648 3595 862 3650 semper
888 3578 1088 3634 debent
1105 3578 1451 3650 considerare
1477 3593 1546 3650 ne
1568 3593 1689 3634 cum
1719 3578 1856 3648 gula:
1883 3579 2070 3634 vitium

478 3651 704 3719 fugiunt,
735 3649 943 3706 aeriora
964 3649 1048 3704 his
1065 3649 1196 3704 vitia
1225 3649 1376 3719 quasi
1391 3664 1469 3719 rex
1494 3649 1691 3704 virtute
1713 3659 2069 3719 generentur;

480 3718 558 3776 ne
587 3737 654 3776 cu
679 3740 708 3774 ιι
738 3735 952 3775 carnem
982 3718 1298 3784 macerant,
1336 3718 1404 3773 ad
1431 3718 1820 3788 impatientiam
1849 3720 2070 3786 Spiritus

481 3799 748 3860 erumpat.
801 3788 950 3845 Unde
970 3788 1159 3844 Petrus
1186 3789 1460 3860 admonet,
1491 3789 1675 3846 dicens
1705 3809 1717 3844 :
1770 3788 2072 3846 Miuistrate

480 3862 535 3915 in
565 3859 670 3930 ﬁde
695 3867 863 3914 vestra
885 3860 1119 3930 virtutem
1141 3899 1156 3923 ,
1187 3859 1244 3930 in
1272 3861 1456 3913 virtute
1479 3869 1647 3930 autem
1671 3862 1938 3915 scientiam
1957 3900 1971 3925 ,
2016 3863 2071 3917 in

481 3926 699 3986 scientia
725 3937 896 4001 autem
921 3926 1284 4001 abstinentiam
1307 3967 1326 4001 ,_
1353 3930 1407 3980 in
1437 3927 1749 4001 abstinentia
1779 3940 1949 3985 autem
1977 3949 2072 4001 pa-

482 4003 738 4058 tientiam.
783 3999 989 4069 Mentes
1017 3998 1160 4052 enim
1190 3998 1575 4069 abstinentium
1621 4000 1936 4069 plerumque
1967 3998 2068 4056 im-

479 4073 739 4144 patientia
777 4085 808 4144 a
855 4068 972 4144 sinu
1002 4068 1403 4144 tranquillitatis
1436 4070 1663 4144 excutit.
1705 4068 1772 4123 Et
1802 4068 1922 4144 ideo
1950 4088 2071 4144 cum

483 4137 707 4199 dixisset
731 4160 744 4195 :
777 4139 844 4196 In
863 4141 1083 4196 scientia
1110 4147 1282 4194 autem
1312 4137 1702 4210 abstinentiam.
1733 4141 1978 4210 protinus
2000 4142 2074 4198 vi-

483 4213 711 4282 gilanter
738 4211 1008 4278 adjuuxit,
1059 4211 1244 4267 dicens
1271 4228 1283 4264 :
1333 4207 1403 4282 In
1429 4207 1749 4282 abstinentia
1772 4220 1944 4266 autem
1970 4230 2072 4282 pa-

483 4281 736 4338 tientiam.
804 4283 1004 4337 Deesse
1062 4282 1260 4351 quippe
1315 4281 1706 4351 abstinentibus
1756 4283 2072 4351 patientiam

483 4353 758 4424 praevidit,
805 4366 929 4424 qua;
953 4352 1032 4407 eis
1067 4361 1125 4406 ut
1156 4350 1373 4424 adesset
1401 4350 1673 4424 admonuit
1708 4370 1721 4406 :
1757 4350 1896 4424 quia
1929 4352 2074 4409 nulla

481 4422 658 4479 virtus
683 4430 766 4478 est
791 4422 936 4491 quod
963 4437 1091 4478 caro
1119 4422 1382 4492 vincitur,
1433 4423 1479 4478 si
1508 4423 1728 4494 spiritus
1755 4422 1822 4480 ab
1859 4424 1939 4479 ira
1983 4440 2074 4479 su-

481 4501 728 4566 paratur.

484 4581 617 4642 Cu.
648 4579 851 4639 Πο-Η
859 4581 1066 4636 abemus
1070 4582 1376 4706 [ﬁrmiorem
1401 4583 1756 4654 prOpIuticum
1782 4601 2070 4642 sermonem

1044 4653 1064 4706 ί
1105 4651 1132 4706 I
1163 4652 1304 4706 Petr.
1336 4671 1374 4706 ι.
1407 4653 1518 4706 l9).

1044 4651 1132 4722 (II
1163 4652 1304 4708 Petr.
1336 4671 1374 4719 ι,
1402 4651 1518 4725 ⁷19).

555 4746 699 4821 (Lib.
739 4762 781 4821 _n
829 4743 1104 4821 in_Ezech.
1131 4785 1146 4811 ,
1193 4747 1378 4821 homil:
1415 4748 1470 4818 5,
1515 4765 1662 4804 num.
1695 4747 1792 4821 l7;
1846 4748 1978 4806 Iib.i
2015 4750 2066 4806 in

484 4815 709 4885 Ezech.,
739 4817 927 4873 homil.
966 4817 1021 4879 6,
1051 4833 1198 4872 num.
1235 4817 1312 4888 l.)
1359 4817 1417 4873 in
1455 4815 1856 4877 constructione
1883 4821 2065 4877 taber-

486 4889 685 4956 naculi,
717 4897 777 4943 ut
805 4895 1072 4958 argenteae
1101 4890 1362 4943 columnae
1394 4889 1618 4945 interius
1639 4891 1939 4946 immobiles
1959 4900 2068 4946 sta-

481 4967 643 5026 rent,
672 4959 796 5031 aerei
819 4959 1005 5031 paxilli
1035 4959 1273 5031 exterius
1295 4958 1385 5031 llxi
1424 4958 1579 5016 funes
1607 4961 1800 5031 quibus
1831 4961 2066 5029 ligaren»

486 5037 579 5084 tur
597 5029 945 5101 continebant
976 5052 985 5083 :
1019 5028 1423 5101 quiarvidelicet
1454 5028 1705 5101 tanquam
1744 5028 1929 5101 paxilli
1960 5031 2066 5088 Pa-

403 5119 410 5130 ί
485 5108 599 5156 tres
627 5099 958 5174 Testamenti
1005 5099 1200 5174 veteris
1248 5109 1303 5155 et
1345 5099 1648 5174 prophetas,
1675 5099 1818 5174 ante
1855 5112 2065 5174 tempus

485 5178 691 5243 sancta:
727 5164 978 5227 Ecclesiae
999 5212 1014 5239 ,
1046 5169 1116 5243 _id
1146 5176 1228 5227 est
1265 5164 1641 5243 exteriusllxi
1666 5171 1920 5242 fuerunt;
1965 5164 2062 5243 qui

485 5241 764 5316 columnas
795 5243 1016 5316 interius
1043 5241 1096 5295 in
1124 5257 1186 5297 ea
1207 5251 1447 5316 stantes,
1481 5241 1636 5316 idest
1661 5252 1874 5298 sanctos
1903 5241 2065 5316 apus-

486 5310 644 5384 totos,
676 5321 731 5367 et
775 5313 1154 5384 praedicatores
1200 5311 1408 5368 funibus
1439 5314 1724 5368 verborum
1761 5310 1979 5370 suorum
2012 5317 2064 5370 in

489 5381 761 5455 soliditate
776 5381 911 5438 'tidei
937 5383 1287 5452 stringerent,
1320 5393 1483 5455 atque
1513 5385 1755 5454 ligarem,
1787 5385 1911 5452 quia
1940 5385 2067 5441 dum

487 5451 735 5510 cmlestia
759 5451 1604 5526 mysteriatventurappraedicant,
1638 5455 1753 5510 haec
1782 5451 2067 5525 postquam

491 5527 709 5578 ostensa
737 5524 861 5596 sunt
887 5525 1137 5579 omnibus
1160 5524 1435 5580 credibilia
1467 5526 1729 5594 fecerunt,
1761 5535 1816 5580 et
1853 5524 1949 5596 per
1975 5542 2069 5582 eo-

490 5605 615 5664 rum
642 5592 1074 5664 praedicationem
1104 5596 1332 5664 apostoli
1375 5596 1540 5652 sancti
1576 5592 1867 5651 dominicre'
1896 5598 2070 5652 incar-

490 5662 731 5736 nationis
766 5665 1075 5734 mysterium
1104 5662 1329 5721 tlrmiter
1355 5676 1408 5720 et
1441 5668 1672 5736 perfecte
1706 5666 2065 5724 crediderunt.

493 5730 648 5808 Unde
669 5730 1057 5808 rectc_'qu_oque
1085 5737 1198 5808 ipse
1227 5730 1840 5808 primus-apostolorum,
1874 5754 2066 5808 magna

493 5806 699 5876 scilicet
719 5805 830 5861 veri
856 5805 1181 5862 tabernaculi
1202 5808 1447 5862 columna
1467 5805 1506 5874 ,7
1528 5809 1760 5875 loquitur
1783 5849 1799 5876 ,
1842 5805 2026 5864 dicens
2050 5827 2064 5864 :

501 5873 760 5932 Habemus
791 5877 1070 5948 ﬁrmiorem
1100 5877 1446 5946 propheticum
1471 5873 1793 5945 sermonem,
1834 5881 1915 5933 cui
1945 5880 2071 5936 bene

2097 3343 2147 3410 ο
2179 3343 2350 3415 faciti;
2394 3345 2714 3415 attendentes
2743 3346 2890 3414 quasi
2919 3351 3145 3400 tucernte
3177 3344 3370 3399 lucenti
3399 3345 3451 3398 in
3477 3346 3767 3415 caliginoso

2174 3415 2307 3470 loco.
2332 3413 2388 3468 lu
2417 3414 2614 3483 quibus
2644 3413 2820 3486 verbis
2851 3415 3069 3481 indicat,
3097 3423 3303 3486 quanto
3327 3417 3394 3470 ad
3420 3413 3604 3470 altiora
3639 3434 3770 3472 sure

2173 3486 2316 3541 rexit
2361 3500 2426 3540 ex
2472 3485 2783 3548 cacumine,
2834 3486 2922 3541 ubi
2971 3485 3195 3553 religata
3244 3487 3494 3556 persistat
3539 3488 3594 3540 in
3635 3487 3768 3543 ﬁde.

2173 3556 2446 3624 Scriptura
2469 3567 2647 3611 autem
2671 3557 2970 3624 prophetici
2999 3558 3282 3620 sermonis,
3309 3558 3360 3612 in
3385 3558 3618 3613 tenebris
3645 3562 3769 3613 vita

2215 3626 2452 3680 rtesentis
2498 3626 2639 3681 facta
2669 3635 2751 3680 est
2781 3628 2935 3682 nobis
2966 3629 3182 3682 lucerna
3215 3637 3268 3681 et
3315 3627 3492 3681 lumen
3534 3630 3767 3684 itineris.

2226 3695 2331 3751 nde
2362 3695 2640 3768 Psalmista
2681 3697 2814 3752 dicit
2860 3717 2872 3752 :
2907 3697 3140 3752 Lucerna
3168 3697 3384 3768 pedibus
3406 3701 3536 3751 meis
3570 3699 3774 3754 verba.

2177 3776 2334 3839 tuum,
2376 3765 2625 3839 Domine,
2676 3777 2726 3822 et
2768 3768 2937 3823 lumen
2985 3765 3180 3823 semitis
3225 3771 3350 3824 meis
3383 3768 3562 3838 (Psat.
3586 3786 3772 3839 cxvut,

2175 3836 2320 3905 {05).
2362 3837 2491 3910 Quae
2530 3846 2709 3910 tamen
2757 3839 2971 3895 lucerna
3011 3841 3306 3910 prophetici
3345 3836 3618 3896 sermonis
3661 3836 3777 3910 ja

2173 3910 2394 3977 quilem
2428 3909 2848 3976 intelligontibus
2898 3911 3057 3974 lucet,
3088 3909 3184 3966 sed
3229 3911 3407 3965 adhuc
3442 3927 3555 3966 non
3588 3909 3778 3968 intelli-

2173 3979 2416 4053 gentibns
2438 3989 2694 4053 cooperta
2717 3981 3096 4053 allegoriarum
3121 3981 3550 4036 obscuritatibus
3572 3999 3780 4053 perma-

2173 4059 2284 4104 net.
2339 4047 2494 4106 Unde
2541 4047 2703 4104 etiam
2749 4047 2846 4120 per
2889 4051 3226 4107 Psalmistam
3263 4055 3331 4106 de
3365 4047 3588 4107 eisdem
3623 4056 3779 4109 dictis

2173 4121 2802 4195 pgophetarumdicitur:
2832 4122 3123 4195 Tenebrosa
3152 4139 3288 4195 aqua
3310 4123 3362 4195 in
3393 4123 3619 4178 nubibus
3643 4126 3778 4179 aeris

2174 4189 2347 4263 (Psat.
2390 4207 2516 4263 xvn,
2551 4191 2635 4263 Η)
2660 4233 2676 4258 ,
2723 4195 2849 4262 quia
2890 4194 3139 4250 videlicet
3177 4189 3390 4250 occulta
3426 4203 3513 4249 est
3551 4197 3777 4252 scientia

2173 4261 2228 4316 in
2256 4262 2554 4332 prophetis.

2208 4353 2339 4411 Car.
2370 4350 2455 4410 Ill.
2487 4387 2557 4398 —
2581 4353 2721 4411 Deus
2751 4356 3078 4434 peccnntibus
3115 4359 3317 4434 angelis
3359 4377 3467 4417 non
3515 4364 3747 4434 pepercit

2746 4425 2834 4496 (ιι
2865 4425 3012 4483 Petr.
3047 4443 3101 4496 ιι,
3130 4425 3211 4502 4)ῖ

2247 4514 2581 4594 (ΙιιΑρ-ξβςιςῑι.
2635 4517 2694 4575 Β.
2725 4517 2860 4594 Job,
2890 4521 2980 4594 lib.
3010 4539 3098 4578 vm
3121 4563 3136 4588 ,
3170 4541 3317 4581 num.
3339 4524 3464 4593 59.)
3500 4526 3786 4594 Quantum

2172 4590 2242 4666 ad
2271 4589 2651 4666 sublimitatem
2675 4589 2997 4666 (ιωιίλιιιιῙιιξ
3025 4596 3164 4666 aeris
3190 4599 3422 4666 spatium
3448 4589 3563 4653 non
3596 4599 3788 4653 inime-

2174 4661 2283 4716 rito
2313 4668 2495 4737 potest
2524 4661 2761 4737 infernus
2790 4659 2923 4737 nivi.
2951 4659 3256 4737 Undecum
3289 4677 3555 4736 apostake
3601 4671 3786 4737 angeli

2097 4727 2151 4792 D
2175 4746 2204 4784 ει
2235 4727 2540 4808 coelestibus
2563 4732 2776 4786 sedibus
2802 4733 2856 4808 _in
2895 4733 3002 4808 hoc
3037 4727 3338 4808 caiiginosd
3361 4752 3484 4794 aere
3534 4751 3669 4792 sunt
3683 4727 3788 4795 ile-

2173 4802 2355 4879 mersi,
2389 4798 2588 4879 Petrus
2609 4803 2883 4879 apostolus
2905 4803 3065 4879 dicit:
3095 4798 3231 4879 Deus
3253 4808 3590 4879 peccantibus
3621 4827 3788 4879 ange-

2170 4872 2234 4926 lis
2257 4888 2360 4960 non
2386 4873 2630 4960 pepenci‘t,
2660 4873 2759 4956 sed.
2779 4875 3070 4960 cqrceribus
3093 4872 3408 4960 ‘catigiuosis
3465 4880 3677 4960 inferni
3700 4872 3789 4933 re-

2171 4943 2400 5015 trudens,
2429 4942 2642 5015 tradidit
2669 4946 2720 4997 in
2731 4944 2935 5015 judicio
2964 4942 3269 5000 cruciandos
3285 4942 3559 5004 reservari.
3592 4953 3790 5015 Qua-

2169 5020 2281 5086 tum
2313 5014 2471 5081 igitur
2502 5014 2566 5068 ad
2595 5014 2962 5070 celsitudinem
2990 5017 3133 5080 cceli,
3166 5031 3258 5071 aer
3284 5018 3402 5086 iste
3446 5014 3790 5086 caliginosus

2170 5083 2408 5156 infernus
2436 5092 2550 5152 est;
2581 5086 2656 5140 sic
2704 5086 2892 5154 etiam,
2921 5097 3181 5156 quantum
3231 5085 3298 5142 ad
3339 5083 3581 5156 ejusdem
3641 5092 3791 5145 aeris

2171 5153 2543 5229 altitudinem,
2563 5163 2726 5222 terra,
2758 5153 3129 5229 qu;e'_i_ut‘erius
3153 5167 3255 5218 est.
3285 5153 3508 5229 intelligi
3531 5168 3586 5214 et
3612 5159 3794 5216 infer-

2171 5239 2274 5279 nus
2319 5225 2612 5300 profundus
2641 5225 3162 5300 potestaMalignus
3198 5228 3377 5300 itaque
3425 5225 3667 5300 spiritus
3719 5232 3792 5288 de

2171 5297 2532 5368 superioribus
2563 5297 2615 5351 in
2647 5299 2759 5352 htec
2789 5297 3041 5353 inferiora
3079 5297 3354 5368 deiectus,
3382 5313 3448 5355 ne
3480 5299 3549 5354 ad
3570 5301 3791 5359 cccles-

2171 5366 2244 5440 tia
2273 5366 2488 5440 eVolare
2513 5371 2802 5438 praevaleat
2827 5383 2996 5440 pinnae
3021 5383 3127 5425 sure
3145 5366 3400 5440 pondere
3421 5381 3790 5437 c0arctatur;

2171 5436 2257 5493 hic
2285 5439 2436 5506 quasi
2471 5436 2526 5492 in
2552 5453 2768 5494 carcere
2798 5436 3110 5508 astringilur
3133 5436 3298 5508 [quia
3328 5447 3546 5498 tentare
3603 5436 3794 5499 honos

2171 5519 2429 5576 quantum
2461 5509 2729 5582 desiderat
2778 5510 3120 5580 prohibetur:
3176 5517 3234 5582 ut
3263 5521 3317 5567 et
3367 5514 3601 5582 implere
3641 5515 3788 5568 inata

2174 5593 2293 5645 qua:
2346 5581 2548 5649 appetit
2597 5587 2868 5649 nequeat,
2907 5596 3139 5652 superna
3179 5580 3520 5640 districtione
3575 5599 3792 5655 angus-

2178 5658 2340 5703 tatur.

2244 5739 2371 5795 CAP.
2421 5739 2516 5796 ιν.
2545 5769 2616 5783 —-
2646 5735 2775 5797 Loth
2813 5750 3018 5868 aspectu
3063 5753 3113 5800 et
3159 5745 3339 5799 auditu
3363 5743 3545 5816 justus
3597 5755 3728 5802 erat

2749 5813 2834 5868 (II
2914 5824 3012 5868 etr.
3045 5831 3101 5868 ιι.
3133 5813 3206 5868 7).

2914 5824 3012 5870 etr.
3045 5831 3101 5870 ιι.
3133 5824 3206 5870 7).

2247 5882 2323 5954 (Ιιι
2357 5884 2581 5954 estposit.
2609 5883 2667 5939 Β.
2692 5819 3012 5958 ιλῖιῦἒῗῗ
3330 5883 3451 5944 Non
3482 5895 3568 5945 est
3631 5886 3800 5945 νιιιιο
