3974 6350
202 338 208 347 “
277 367 404 426 4597

952 359 1201 429 ALULFI
1240 358 1600 418 EXPOSITIO
1637 356 1798 418 NOV]
1834 354 2032 417 TEST.
2073 385 2146 400 —
2183 356 2333 414 SUP.
2374 354 2876 415 APOCALYPSIM.

3410 352 3551 411 1598

1642 501 3547 529 M

939 600 1305 660 EXPOSITIO
1340 600 1566 658 SUPER
1604 598 1992 661 EPISTOLAH
2032 566 2097 655 lli
2137 597 2201 656 Β.
2239 596 2523 654 JOANNIS
2562 593 2914 653 APOSTOLI.

273 723 447 779 Caru'r
475 716 707 776 Pariunt.
740 749 814 763 —
842 715 957 773 Nos
996 732 1117 788 ergo
1142 716 1402 786 suscipere
1441 714 1679 788 debemus
1707 715 1864 788 _ejus-
1891 717 1941 778 Α
1972 727 2162 788 eorum
2186 711 2277 783 qui
2304 711 2488 767 audire
2518 710 2707 788 nosad
2725 711 2869 767 bona
2888 717 3156 788 poterant,
3186 708 3554 788 innocentium

339 792 496 915 ιηιζιιξὶ,
545 801 601 845 ut
648 798 1007 861 coeperatores
1051 783 1213 842 simus
1253 783 1480 841 veritatis
1521 784 1659 858 (111
1695 783 1857 842 Joan.

339 882 376 915 I.
466 903 481 915 .

339 882 376 919 1.
415 882 481 919 ll.

339 866 681 1021 lilbliiil.20,
715 950 767 1004 in
794 946 1016 1018 Evang.,
1050 945 1567 1021 n.A12.)Sa:culares
1593 947 1689 1003 viri
1720 947 1860 1004 intra

271 1018 508 1080 sanctam
557 1020 857 1077 Ecclesiam
910 1018 1153 1089 quamvis
1199 1018 1557 1089 spiritualium
1599 1022 1861 1073 virtutum

269 1094 404 1149 dona
434 1107 538 1147 non
563 1091 785 1151 habent,
810 1090 935 1145 dum
965 1099 1140 1143 tamen
1163 1097 1380 1144 sanctos
1402 1090 1548 1143 viros
1567 1089 1722 1145 donis
1750 1090 1860 1158 spi-

266 1163 547 1219 ritualibus
579 1162 765 1232 plenos
793 1176 889 1216 sua
912 1161 1157 1227 largitate
1182 1168 1506 1232 sustentant,
1532 1160 1583 1216 in
1606 1161 1863 1229 spiritua-

266 1236 397 1290 libus
426 1228 615 1288 eorum
645 1234 799 1288 donis
825 1241 1210 1301 cooperatores
1254 1228 1422 1301 ﬁunt;
1462 1231 1565 1286 hoc
1610 1228 1735 1286 ante
1764 1232 1859 1286 Dei

265 1306 452 1362 oculos
474 1304 808 1368 exhibentes,
832 1300 973 1371 quod
997 1302 1281 1372 adjuvant.
1300 1300 1434 1372 Hinc
1454 1310 1535 1355 est
1551 1302 1694 1357 enim
1716 1302 1883 1372 quod,

261 1376 328 1445 de
373 1375 694 1445 quibusdam
747 1372 1211 1445 peregrinantibus
1262 1371 1550 1445 fratribus,
1591 1371 1724 1445 Gaio
1768 1389 1863 1445 per

260 1441 523 1501 Joannem
571 1441 807 1500 dicitur:
858 1441 965 1497 Pro
1016 1445 1221 1515 nomine
1269 1443 1407 1515 enim
1431 1441 1620 1496 Christi
1641 1444 1861 1515 profecti

260 1527 401 1581 sunt,
432 1517 569 1570 nihil
595 1516 903 1585 accipientes
931 1531 961 1567 a
992 1514 1290 1584 gentilibus.
1323 1511 1437 1585 os
1469 1530 1590 1584 ergo
1620 1511 1862 1585 debemus

259 1590 521 1657 suscipere
547 1584 825 1658 ejusntodi,
853 1594 1291 1658 ut_c00peratores
1317 1584 1477 1638 simus
1492 1586 1739 1658 veritatis.
1759 1584 1862 1658 Qui

260 1654 405 1712 enim
424 1654 723 1727 spiritualia
746 1657 886 1727 dona
913 1654 1254 1727 habentibus,
1281 1656 1601 1724 temporalia
1624 1656 1861 1709 subsidia

260 1726 473 1790 tribuit,
499 1728 555 1789 in
585 1728 716 1797 ipsis
741 1726 899 1782 donis
921 1726 1287 1796 spiritualibus
1308 1732 1634 1797 cooperator
1655 1727 1860 1781 existit.

170 1854 171 1857 η
256 1798 389 1854 Nam
414 1815 539 1854 cum
571 1796 730 1867 pauci
759 1806 885 1851 sunt
919 1798 1009 1866 qui
1034 1796 1332 1866 spiritualia
1362 1796 1507 1852 dona
1535 1796 1861 1867 percipiunt,

259 1880 311 1924 et
343 1870 500 1926 multi
528 1858 620 1940 qui
645 1869 811 1923 rebus
833 1858 1220 1940 temporalibus
1240 1858 1658 1935 abundantfper
1676 1858 1783 1940 hoc
1802 1858 1864 1921 se

256 1940 455 1995 divites
504 1938 800 2009 pauperum
852 1938 1139 2009 virtutibus
1174 1939 1458 2009 inserunt
1496 1952 1604 2005 quo
1659 1938 1862 1992 eisdem

256 2012 463 2067 sanctis
492 2007 814 2081 pauperibus
843 2008 912 2064 de
938 2009 1050 2064 suis
1080 2007 1283 2063 divitiis
1306 2008 1642 2063 solatiantur.

257 2102 388 2157 Car.
421 2100 873 2171 IL—Diotrephes
901 2116 1005 2154 non
1029 2100 1213 2168 recipit
1236 2115 1330 2153 nos
1364 2097 1485 2169 (111
1516 2099 1672 2153 Joan.
1710 2113 1747 2163 t,
1780 2096 1858 2168 9).
1896 2104 1937 2163 Β

332 2191 475 2262 (Lib.
504 2208 541 2256 ι,
570 2191 624 2246 in
654 2189 871 2255 Ezech.,
899 2189 1082 2245 homil.
1117 2186 1171 2253 9,
1197 2204 1344 2262 num.
1388 2188 1447 2241 l7
1469 2230 1483 2254 ,
1514 2186 1627 2262 i8.)
1670 2187 1859 2255 Magna

259 2259 465 2329 indiget
492 2262 858 2331 inquisitione,
884 2276 1004 2316 cum
1036 2262 1170 2331 recti
1206 2259 1347 2314 viam
1379 2259 1571 2331 operis
1594 2268 1857 2331 tenemus,

257 2328 444 2386 utrum
475 2328 690 2401 semper
725 2332 1017 2385 debeamus
1057 2328 1433 2401 derogantium
1465 2330 1628 2382 verba
1675 2329 1858 2401 despi-

259 2418 412 2467 cere,
430 2419 496 2457 au
514 2399 662 2458 certe
684 2402 968 2471 aliquando
985 2416 1356 2473 compescere.
1382 2399 1458 2473 De
1482 2414 1586 2467 qua
1610 2415 1668 2454 re
1682 2400 1860 2453 scien-

259 2473 390 2543 dum
421 2482 504 2529 est
525 2474 649 2543 quia
682 2474 889 2540 linguas
916 2471 1333 2536 detrahentium,
1364 2471 1502 2527 sicut
1532 2479 1716 2543 nostro
1744 2479 1856 2524 stu-

262 2542 356 2597 dio
389 2560 497 2598 non
527 2541 782 2599 debemus
812 2543 1078 2608 excitare,
1122 2557 1189 2597 ne
1220 2543 1320 2612 ipsi
1365 2549 1627 2611 pereant,
1662 2541 1733 2593 ita
1764 2555 1863 2612 per

257 2629 417 2668 suam
447 2614 705 2668 malitiam
734 2615 999 2668 excitatas
1028 2611 1288 2667 debemus
1324 2612 1698 2682 aequanimiter
1726 2611 1863 2682 tole-

260 2699 411 2750 rare,
461 2694 520 2737 ut
564 2684 718 2736 nobis
761 2683 1017 2737 meritum
1062 2692 1291 2737 crescat.
1348 2680 1651 2750 Aliquando
1693 2680 1863 2750 etiam

259 2749 652 2822 compescere,
703 2766 803 2818 ne,
832 2753 960 2809 dum
989 2752 1061 2809 de
1104 2753 1260 2808 nobis
1303 2749 1860 2815 mala’disseminant,

1968 784 2132 839 corda
2162 777 2529 852 corrumpant.
2571 780 2707 838 Hinc
2732 792 2817 838 est
2845 777 2987 837 enim
3015 780 3161 851 quod
3197 777 3431 852 Joannes
3460 785 3557 838 ob-

1968 854 2277 925 trectatoris
2302 849 2641 922 sui'linguam
2669 854 2961 925 redarguit,
2983 849 3195 908 dicens:
3223 849 3279 907 Is
3300 854 3388 925 qui
3416 862 3559 907 amat

1965 924 2245 997 primatum
2275 940 2451 994 gerere
2498 926 2551 979 in
2595 925 2690 991 eis,
2746 922 3049 997 Diotrephes
3090 940 3193 978 non
3230 922 3409 990 recipit
3439 942 3555 979 nos.

1968 994 2190 1065 Propter
2214 996 2308 1049 hoc
2328 997 2373 1049 si
2394 1012 2599 1062 venero,
2618 994 2944 1049 commonebo
2966 994 3085 1065 ejus
3097 1011 3254 1063 Opera
3275 1012 3387 1065 qum
3410 997 3555 1064 facit,

1968 1013 2190 1065 rropter
2214 1013 2308 1049 noc
2328 1013 2371 1049 st
2394 1013 2599 1062 venero,
2618 1013 2944 1049 commonebo
2966 1013 3076 1064 ejus
3097 1013 3254 1063 opera
3311 1013 3387 1048 ua-
3410 1013 3555 1064 lacu,

1966 1067 2130 1121 verbis
2160 1066 2401 1137 malignis
2431 1068 2664 1137 garriens
2684 1068 2737 1119 in
2760 1083 2874 1121 nos.
2901 1065 3037 1137 Hine
3058 1063 3254 1137 Paulus
3275 1013 3562 1137 detrahen-

1968 1139 2109 1190 tibus
2141 1134 2715 1204 (Zorinthiis'loquitur,
2741 1138 2926 1191 dicens
2951 1155 2962 1188 :
2990 1134 3263 1204 Epistolae,
3289 1135 3556 1204 inquiunt,

1968 1224 2149 1278 graves
2165 1216 2303 1272 sunt,
2325 1216 2371 1259 rt
2393 1210 2572 1277 fortes,
2591 1208 2869 1278 prtesentia
2892 1217 3060 1260 autem
3081 1208 3311 1276 corporis
3326 1207 3560 1276 infirma,

1967 1276 2017 1332 et
2039 1295 2204 1332 sermo
2235 1276 2647 1347 contemptibilis.
2682 1276 2797 1333 Hoc
2828 1279 3033 1348 cogitet,
3060 1278 3145 1346 qui
3163 1277 3426 1348 ejusmodi
3462 1284 3563 1348 est,

1967 1350 2087 1421 quia
2115 1350 2292 1420 quales
2330 1346 2505 1421 sumus
2546 1348 2695 1403 verbo
2726 1346 3090 1421 pel-epistolas
3120 1346 3390 1421 absentes,
3433 1346 3564 1421 tales

1967 1416 2144 1473 sumus
2170 1430 2448 1489 pra’sentes
2474 1420 2525 1472 in
2573 1416 2840 1487 opere”!
2886 1420 3006 1473 Cor.
3052 1418 3252 1486 x,10).
3302 1416 3563 1489 Ηίίθιιίω

1967 1488 2196 1557 quorum
2225 1491 2333 1544 vita
2356 1490 2408 1544 in
2436 1490 2683 1559 exemplo
2711 1489 3022 1544 imitationis
3044 1496 3125 1543 est
3142 1490 3337 1558 posita,
3364 1488 3563 1544 debent:

1966 1561 2011 1613 si
2043 1570 2269 1631 possunt
2321 1560 2715 1614 detrahentium
2745 1560 2845 1615 sibi
2888 1560 3051 1613 verba
3081 1574 3447 1631 compescere,
3494 1575 3565 1615 ne

1967 1629 2402 1711 praedicationem
2431 1646 2618 1711 eorum
2649 1647 2755 1712 non
2785 1631 3036 1697 audiant,
3068 1630 3160 1712 qui
3183 1629 3371 1712 audire
3410 1638 3565 1712 pote-

1966 1709 2122 1767 rant;
2155 1710 2209 1755 et
2238 1702 2289 1755 in
2331 1702 2510 1771 pravis
2539 1703 2781 1757 moribus
2808 1708 3184 1767 remanentes,
3216 1701 3351 1756 bene
3378 1701 3565 1756 vivere

1966 1770 2343 1826 contemnant.
2386 1770 2493 1825 Sed
2539 1772 2724 1827 hacin
2754 1787 2814 1826 re
2841 1771 3023 1827 subtili
3071 1772 3421 1841 inquisitione
3468 1786 3566 1828 ne-

1968 1857 2121 1897 cesse
2147 1852 2230 1896 est
2260 1852 2319 1897 ut
2358 1842 2704 1912 semetipsum
2734 1844 2945 1897 animus
2990 1842 3293 1911 investiget,
3342 1857 3409 1897 ne
3455 1842 3566 1896 for-

1969 1920 2113 1967 tasse
2152 1928 2263 1967 suae
2291 1912 2463 1968 laudis
2491 1915 2716 1981 gloriam
2749 1920 2972 1984 quaerat,
2996 1921 3053 1984 et
3081 1914 3380 1984 animarum
3411 1913 3560 1984 lucra

1968 1998 2028 2039 se
2056 1999 2296 2053 qumrere
2331 1991 2512 2037 nostra
2562 1984 2819 2053 cogitatio
2849 1983 3085 2039 simulet.
3130 1983 3283 2054 Saepe
3309 1984 3450 2038 enim
3481 1983 3565 2038 sui

1968 2055 2203 2126 nominis
2230 2054 2394 2126 laude
2416 2054 2629 2126 animus
2659 2054 2917 2124 pascitur,
2948 2063 3004 2109 et
3032 2056 3185 2126 quasi
3214 2054 3320 2126 sub
3342 2055 3567 2109 obtentu

1968 2123 2239 2179 lucrorum
2272 2125 2625 2194 Spiritualium
2651 2123 2672 2191 ,“
2698 2141 2819 2181 cum
2859 2126 2927 2181 de
2962 2140 3020 2180 se
3047 2123 3191 2181 bona
3218 2124 3328 2179 dici
3354 2139 3561 2194 cogno-

1966 2196 2122 2261 verit,
2156 2193 2384 2250 laetatnr.
2417 2193 2481 2248 Et
2510 2211 2652 2265 stepe
2685 2196 2870 2264 glorize
2892 2210 3002 2251 suae
3032 2194 3347 2251 defensione
3373 2193 3565 2251 contra

1966 2266 2315 2321 detrahentes
2362 2266 2629 2332 irascitur,
2660 2275 2716 2321 et
2757 2266 2905 2335 lingit
2934 2266 3150 2323 sibimet
3189 2266 3334 2335 quod
3362 2267 3464 2321 hoc
3493 2278 3563 2320 ex

1969 2352 2157 2390 eorum
2186 2337 2302 2391 zelo
2329 2335 2490 2391 faciat
2516 2352 2745 2406 quorum
2780 2336 2944 2392 corda
2974 2354 3005 2391 a
3040 2337 3186 2393 bono
3218 2338 3429 2393 fervore
3461 2337 3559 2392 de-

1969 2407 2231 2461 trahentis
2270 2422 2449 2461 sermo
2485 2408 2784 2477 perturbat.
2818 2406 2897 2461 llli
2940 2421 3070 2476 ergo
3098 2407 3298 2463 debent
3340 2420 3563 2474 magno-

1968 2492 2098 2548 pere
2128 2492 2347 2541 curare,
2380 2492 2449 2532 ne
2488 2486 2675 2532 contra
2704 2493 2890 2533 eorum
2920 2478 3231 2548 opinionem
3278 2478 3567 2533 detrahen-

1972 2547 2128 2618 tium,
2161 2548 2321 2603 verba
2380 2548 2751 2617 praevaleant,
2816 2548 2909 2618 qui
2958 2547 3118 2604 suam
3180 2549 3564 2605 conscientiam

1972 2617 2240 2673 subtiliter
2279 2618 2657 2683 discutientes,
2699 2632 2758 2673 se
2784 2617 2846 2675 in
2868 2634 2934 2675 ea
2962 2619 3248 2677 inveniunt
3280 2619 3349 2675 de
3374 2634 3566 2675 amore

1972 2686 2194 2757 privata:
2216 2687 2401 2757 gloria:
2430 2688 2564 2743 nihil
2590 2687 2813 2745 habere.

266 2890 3563 2918 Μ

964 2988 1331 3047 EXPOSITIO
1368 2987 1593 3044 SUPER
1632 2984 2110 3044 APOCALYPSIM
2148 2987 2210 3042 Β.
2232 2986 2510 3044 JOANNIS
2547 2984 2900 3044 APOSTOLI.

259 3108 454 3167 CAPUT
482 3103 714 3160 Patuuu.
742 3134 813 3147 —
832 3100 1063 3167 Joannes
1095 3112 1299 3173 septem
1320 3100 1566 3157 Ecclesiis
1597 3115 1711 3173 qua:
1743 3108 1865 3156 sunt

732 3175 788 3229 in
832 3174 963 3228 Asia
992 3172 1179 3244 (Apoc.
1215 3189 1253 3239 ι,
1284 3172 1398 3241 Η).

338 3270 423 3344 (lo
445 3268 674 3344 exposit.
703 3266 1033 3344 B._Job,_lih.
1058 3281 1222 3344 astu,
1252 3281 1405 3344 num:
1432 3263 1511 3344 6:)
1542 3263 1862 3344 Septenario

260 3335 675 3401 nu'mero'solet
696 3338 1022 3393 universitas
1042 3337 1328 3404 designari.
1363 3335 1516 3392 Unde
1545 3335 1778 3392 Joannes
1809 3337 1863 3391 in

259 3417 372 3471 hac
403 3409 728 3480 Apocalypsi
760 3419 963 3480 septem
996 3407 1252 3480 Ecclesiis
1281 3409 1489 3480 scribit.
1517 3406 1621 3480 Sed
1648 3423 1743 3480 per
1769 3422 1863 3461 eas

255 3484 397 3555 quid
430 3477 573 3555 aliud
600 3477 760 3555 quam
790 3478 1148 3555 universalem
1180 3477 1864 3555 iichesiani_intelligi_ivo-

256 3547 411 3611 luit?
456 3551 585 3617 Quae
619 3547 881 3603 nimirum
930 3549 1250 3604 universalis
1295 3547 1568 3615 Ecclesia,
1600 3558 1657 3603 ut
1700 3548 1861 3617 plena

256 3621 600 3695 septiformis
632 3620 817 3687 gratiae
855 3619 1043 3695 spiritu
1075 3621 1397 3695 signaretur,
1441 3617 1663 3695 Elisacus
1704 3634 1867 3695 super

256 3686 500 3768 puerum
522 3700 790 3768 mprtuum
821 3686 1023 3768 septies
1066 3686 1327 3768 oscitasse
1361 3690 1683 3768 describitur
1716 3688 1785 3768 (_I
1801 3686 1865 3754 V,

262 3758 405 3837 Reg.
434 3762 529 3831 tv).
562 3761 736 3837 Super
756 3762 1080 3837 exstinctum
1103 3761 1303 3830 quippe
1325 3761 1584 3837 populum
1612 3758 1867 3837 Dominus

258 3829 497 3893 veniens
522 3829 674 3900 quasi
704 3832 905 3899 septies
933 3830 1153 3894 oscitat,
1185 3829 1439 3900 quoniam
1472 3831 1520 3885 ei
1540 3829 1681 3885 dona
1710 3830 1868 3899 spiri-

257 3918 356 3963 tus
380 3900 709 3973 septiformis
731 3900 1366 3973 gratitemisericorditer
1396 3902 1618 3969 aspirat.
1644 3901 1866 3971 Septem

257 3970 730 4046 igitur:_Ecclesiis
754 3971 969 4046 scribit
997 3972 1278 4046 apostolus
1300 3970 1567 4046 Joannes,
1604 3980 1677 4046 _ut
1705 3970 1867 4046 unam

258 4041 597 4102 c'atholicam
631 4041 957 4112 septiformis
1003 4042 1189 4111 gratiae
1233 4043 1442 4111 plenam
1488 4043 1678 4112 spiritu
1724 4042 1868 4097 desi-

258 4121 486 4187 gnaret.
504 4112 584 4187 _Et
612 4112 1216 4187 deDOminonovimus
1241 4113 1440 4168 dixisse
1463 4113 1823 4187 Salomouem
1851 4130 1863 4164 :

264 4183 559 4256 Sapientia
591 4184 869 4256 tedi/icavit
918 4184 1013 4256 sibi
1043 4185 1303 4256 domum,
1358 4185 1553 4238 excidit
1600 4184 1868 4256 c_olumna_s

259 4253 467 4337 septem
500 4253 680 4337 (Prop.
714 4269 768 4309 xx
793 4293 808 4319 ,
833 4254 909 4337 i).
954 4255 1055 4321 Qui
1075 4262 1144 4337 ut
1174 4255 1319 4337 idfle
1368 4263 1573 4325 septem
1615 4253 1871 4337 Ecclesiis

261 4324 476 4383 dixisse
506 4324 904 4391 innotesceret,
936 4324 1342 4395 secutusietiam
1386 4324 1725 4382 sacramenta
1758 4326 1870 4395 ipsa

264 4397 566 4462 diligenter
614 4395 841 4448 inseruit
886 4395 1070 4451 dicens
1104 4415 1116 4449 :
1154 4394 1449 4451 Immolavit
1506 4394 1789 4463 victimas,
1823 4405 1872 4448 et

265 4467 483 4535 miscuit
502 4466 695 4531 vinum,
718 4473 767 4517 et
787 4465 1052 4535 proposuit
1073 4482 1322 4519 mensam.
1348 4465 1453 4520 Per
1480 4474 1685 4533 septem
1715 4465 1873 4533 quip-

266 4551 347 4607 pe
381 4534 674 4607 columnas
721 4533 910 4587 omnes
957 4533 1227 4607 Ecclesias
1274 4535 1873 4607 non_incunvenienter

269 4604 592 4674 accipimus,
618 4617 736 4674 quae
758 4619 919 4658 unam
940 4604 1261 4659 catholicam
1314 4604 1509 4659 faciunt
1551 4612 1667 4659 toto
1701 4611 1874 4659 terra-

268 4673 408 4733 rum
427 4674 559 4729 orbe
587 4673 853 4730 dillusam.

270 4789 411 4843 Cn.
463 4785 525 4840 ll.
554 4819 624 4831 -
650 4786 763 4857 Ego
784 4786 1016 4841 Joannes
1042 4786 1117 4857 fui
1140 4786 1205 4857 in
1229 4785 1400 4840 insula
1439 4802 1552 4857 qua!
1583 4786 1874 4855 appellatur

353 4858 624 4917 Pathmos.
649 4856 858 4926 propter
886 4856 1089 4911 verbum
1128 4856 1221 4926 Dei
1247 4898 1261 4922 ,
1305 4867 1353 4910 et
1378 4856 1721 4911 testimonium
1746 4858 1870 4912 Jesu

354 4926 568 4983 Christi.
602 4928 703 4980 Fui
739 4925 793 4980 in
831 4928 1017 4996 spiritu
1059 4928 1113 4981 in
1143 4925 1419 4981 Dominica
1450 4928 1533 4979 die
1557 4968 1571 4991 ,
1614 4940 1662 4979 et
1692 4930 1865 4982 audivi

351 5007 470 5067 post
520 5015 601 5051 me
628 5014 798 5051 vocem
842 5013 1093 5067 magnam
1137 5007 1381 5067 tanquam
1419 4997 1549 5051 tuba:
1602 4998 1862 5067 dicentis:

358 5068 511 5135 Quod
540 5069 698 5133 vides,
726 5066 893 5121 scribe
911 5068 963 5137 in
990 5066 1138 5133 libro,
1163 5075 1210 5120 et
1232 5069 1374 5121 mitte
1400 5078 1590 5137 septem
1620 5066 1868 5122 Ecclesiis

355 5149 619 5221 qug‘suni
637 5140 691 5191 in
716 5138 863 5221 Asiq,
903 5136 1144 5221 E‘p/teso,‘
1156 5146 1219 5221 et.
1235 5138 1496 5221 Sin-gente,
1519 5149 1566 5221 et
1590 5138 1870 5221 Pergamo,

354 5207 405 5279 et
432 5208 715 5277 Thyatira,
737 5215 783 5261 et
808 5207 1015 5273 Sardis,
1039 5216 1083 5260 et
1100 5207 1494 5279 ΡΙιὶΙαάεΙμΙιὶω,
1514 5216 1561 5261 et
1585 5207 1871 5264 Laodicea.

362 5278 434 5332 Et
461 5295 729 5350 conversus
760 5296 872 5331 sum
908 5288 964 5332 ut
995 5279 1215 5332 viderem
1244 5278 1413 5333 vocem
1443 5295 1555 5350 qua:
1576 5280 1876 5350 loquebatur

357 5365 573 5403 mecum.
609 5349 671 5402 Et
699 5364 988 5413 conversus,
1012 5350 1113 5402 vidi
1141 5358 1331 5418 septem
1354 5347 1665 5403 candelabra
1695 5366 1874 5417 aurea,

358 5428 409 5473 et
433 5420 487 5473 in
505 5420 672 5473 medio
692 5428 886 5489 septem
911 5420 1359 5487 candelabrorum,
1377 5419 1594 5473 similem
1616 5419 1755 5473 Filio
1786 5420 1877 5475 lio-

1966 3101 2081 3226 ipse
2111 3099 2242 3183 dicit
2266 3118 2279 3154 :
2307 3101 2572 3184 Scriptum
2599 3112 2717 3185 est:
2744 3102 2867 3187 {Van
2888 3102 3223 3186 adulterabis.
3253 3102 3367 3174 Ego
3396 3113 3567 3161 autem

2004 3190 2082 3226 τσο
2106 3169 2284 3226 vobis:
2309 3171 2443 3226 Outa
2475 3190 2643 3226 omnis
2670 3191 2754 3226 aut
2783 3175 2965 3226 uiderit
2988 3175 3251 3226 mulierem
3280 3176 3349 3226 ad
3376 3192 3566 3226 concu-

2004 3176 2082 3245 ico
2106 3169 2284 3245 vobis:
2309 3169 2443 3237 Quia
2475 3175 2643 3245 cumis
2670 3176 2756 3245 qui
2783 3175 2965 3230 uiderit
2988 3175 3251 3229 mulierem
3280 3169 3349 3228 a'd
3376 3192 3566 3229 concu-

1964 3243 2265 3313 piscendum
2292 3261 2445 3313 eam,
2454 3243 2572 3313 jam
2610 3243 2893 3300 masc/tatus
2941 3254 3014 3299 est
3042 3260 3157 3299 eam
3186 3248 3237 3299 in
3278 3247 3433 3299 corde
3476 3264 3566 3301 suo

1992 3313 2183 3368 Matth.
2215 3330 2264 3379 v,
2299 3313 2410 3385 27).
2440 3313 2773 3384 Redemptor
2802 3317 3001 3385 quippe
3032 3326 3217 3370 noster
3253 3320 3475 3370 veniens
3506 3327 3562 3371 et

2009 3384 2121 3451 egis
2148 3396 2419 3454 prtecepta
2450 3384 2841 3441 transcendens
2863 3428 2879 3453 ,
2912 3395 2969 3440 ut
2999 3387 3067 3439 ab
3096 3386 3283 3440 electis
3314 3387 3427 3442 suis
3455 3403 3566 3442 non

1968 3456 2141 3509 solum
2193 3454 2460 3509 luxuriam
2510 3458 2688 3510 carnis
2723 3458 2817 3511 sed
2848 3457 3013 3511 etiam
3063 3457 3239 3511 cordis
3287 3456 3565 3519 aboleret,

1889 3526 1941 3584 α
1974 3524 2126 3580 ‘nssit
2180 3540 2288 3579 non
2340 3534 2548 3581 tantum
2602 3528 2811 3582 lumbos
2861 3530 3036 3582 carnis
3083 3528 3353 3595 succingi,
3389 3529 3438 3580 id
3482 3538 3569 3585 est

1966 3542 2233 3650 luxuriam
2276 3595 2343 3649 ab
2394 3594 2591 3650 effectu
2637 3598 2939 3650 refrenari.
2990 3600 3082 3650 sed
3133 3598 3296 3650 etiam
3352 3597 3566 3650 lutnbos

1992 3596 2233 3649 uxuriam
2276 3595 2343 3649 ab
2394 3594 2591 3652 effectu
2637 3598 2939 3663 refrenari,
2990 3600 3082 3652 sed
3133 3598 3296 3651 etiam
3352 3597 3566 3654 lumbos

1970 3667 2165 3737 montis
2188 3666 2441 3736 praecepit
2463 3669 2719 3736 succingi,
2752 3668 2802 3722 id
2835 3677 2917 3723 est
2946 3668 3085 3722 hanc
3111 3668 3271 3721 etiam
3299 3683 3329 3721 a
3361 3668 3571 3737 cogita-

1971 3736 2115 3808 tione
2156 3736 2423 3806 restriugi.
2460 3736 2597 3793 Hinc
2637 3748 2720 3793 cst
2748 3739 2891 3807 quod
2922 3738 3144 3803 angelus
3179 3739 3271 3808 qui
3298 3736 3563 3794 Joannem

1970 3807 2022 3861 in
2058 3806 2312 3862 l’athmos
2342 3808 2519 3863 insula
2568 3806 2864 3877 relegatum
2889 3806 3209 3877 alloquitur,
3231 3819 3396 3864 aurea
3426 3826 3567 3865 zona

1970 3893 2132 3949 super
2174 3878 2438 3934 mamillas
2468 3880 2675 3935 cinctus
2697 3896 2814 3936 esse
2856 3878 3189 3949 perhibetur.
3221 3879 3375 3935 Solet
3421 3880 3567 3937 enim

1970 3948 2190 4003 nomine
2212 3949 2329 4019 auri
2357 3951 2676 4019 plerumque
2706 3948 2939 4005 Charitas
2985 3950 3238 4005 intitnari.
3266 3950 3401 4016 Quia
3436 3965 3567 4019 ergo

1974 4018 2278 4073 testamenti
2312 4020 2571 4091 munditia
2590 4018 2764 4075 etiam
2790 4022 2968 4075 cordis
3000 4020 3267 4091 luxuriam
3292 4018 3563 4087 refrenat,

1973 4091 2194 4162 angelus
2236 4090 2341 4162 qui
2371 4090 2423 4143 in
2473 4106 2538 4144 eo
2586 4090 2856 4162 apparuit
2884 4090 3346 4162 pectoreicinctus
3396 4091 3565 4162 venit.

1972 4159 2144 4225 Quem
2180 4159 2317 4213 bene
2347 4174 2508 4212 aurea
2541 4159 2675 4214 zona
2705 4161 3010 4227 restringit,
3041 4160 3167 4227 quia
3207 4160 3447 4228 quisquis
3470 4177 3565 4217 su-

1972 4244 2155 4299 pernae
2187 4230 2371 4299 patri-.0
2402 4229 2533 4299 civis
2558 4238 2664 4296 est,
2695 4246 2799 4283 non
2829 4229 2939 4295 jam
2965 4229 3155 4299 timore
3185 4229 3432 4299 supplicii
3467 4230 3564 4285 sed

1973 4297 2158 4353 amore
2187 4297 2465 4353 charitatis
2506 4298 2897 4353 immunditiam
2952 4298 3173 4353 deserit.
3218 4297 3313 4354 Vel
3345 4300 3465 4355 ideo
3499 4299 3567 4354 ad

1974 4369 2237 4441 mamillas
2268 4384 2400 4423 zona
2423 4370 2817 4441 aureaicinctus
2837 4365 3030 4441 Joanni
3052 4368 3274 4438 angelus
3296 4372 3565 4441 apparuit,

1974 4440 2099 4508 quia
2120 4442 2477 4510 supernorum
2499 4438 2693 4510 civium
2712 4448 2949 4509 pectora,
2965 4438 3093 4495 dum
3118 4442 3313 4510 ptenali
3332 4438 3447 4509 jam
3471 4456 3566 4495 ne-

1974 4524 2243 4576 quaquam
2276 4509 2457 4563 timori
2484 4508 2725 4577 subjecta
2754 4520 2900 4577 sunt,
2929 4519 2984 4565 et
3010 4528 3039 4565 a
3068 4508 3131 4565 se
3155 4508 3386 4566 vicissim
3417 4511 3563 4564 nulla

1976 4580 2235 4649 scissione
2260 4579 2563 4644 solvuntur,
2587 4594 2653 4635 ex
2681 4581 2793 4637 sola
2824 4582 3085 4637 charitate
3106 4584 3564 4649 constringuntur.

1978 4647 2179 4703 Zonam
2224 4650 2423 4719 quippe
2469 4664 2690 4705 auream
2740 4652 2880 4707 circa
2929 4651 3193 4706 mamillas
3236 4647 3437 4705 habere
3484 4657 3569 4704 est

1977 4729 2203 4792 cunctos
2253 4720 2586 4792 mutabilium
2638 4724 3025 4791 cogitationum
3070 4730 3248 4776 motus
3276 4736 3374 4792 per
3400 4720 3568 4777 solius

1972 4788 2084 4858 jam
2112 4790 2311 4843 amoris
2337 4792 2545 4846 vincula
2571 4788 2917 4861 restringere.

1903 4896 1949 4953 ι)
2050 4880 2178 4935 ΟΜ).
2221 4879 2308 4934 lli.
2341 4914 2411 4925 -
2433 4880 2504 4935 Et
2541 4883 2725 4954 angelo
2778 4883 3023 4954 Pergami
3058 4880 3308 4938 Ecclesia:
3334 4880 3499 4938 scribe

2574 4952 2760 5025 (Apoc.
2810 4970 2845 5007 ιι
2860 4952 2973 5022 ,4).

2044 5042 2122 5115 (ln
2136 5045 2365 5115 exposit.
2388 5044 2450 5099 B.
2473 5043 2595 5113 Job,
2618 5048 2713 5116 lib.
2731 5063 2838 5109 xiv,
2867 5044 3303 5116 num.H.)Saepe
3320 5044 3568 5116 Scriptu-

1972 5131 2031 5170 ra
2056 5114 2219 5187 sacra
2240 5118 2618 5185 praedicatores
2644 5114 2917 5187 Ecclesiae,
2948 5132 3045 5183 pro
3074 5114 3138 5171 eo
3166 5114 3307 5187 quod
3336 5114 3564 5186 gloriam

1975 5186 2164 5256 patriae
2200 5187 2435 5242 caelestis
2465 5186 2824 5256 annuntiant,
2845 5187 3159 5255 angelorum
3191 5186 3405 5241 nomine
3425 5188 3567 5242 solet

1978 5254 2279 5322 designare.
2328 5255 2463 5327 Hinc
2502 5257 2758 5327 estquod
2796 5254 3032 5311 Joannes
3061 5266 3267 5327 septem
3315 5256 3566 5313 Ecclesiis

1978 5327 2218 5397 scribens
2238 5366 2251 5389 ,
2294 5326 2498 5397 angelis
2546 5324 2907 5397 Ecclesiarum
2936 5324 3191 5397 loquitur,
3222 5327 3277 5381 id
3307 5337 3389 5381 est
3421 5343 3561 5395 prte-

1979 5395 2672 5478 dicatoribugppptﬂgtum.
2700 5396 2835 5452 Hinc
2855 5395 3117 5478 propheta
3143 5396 3443 5469 aitzAngeti
3463 5413 3564 5469 pa-

360 5464 517 5544 ;ninis
558 5464 793 5543 restituat
840 5464 1119 5558 pederejet
1506 5464 1594 5545 ad.
1619 5464 1878 5545 mamillds
2078 5483 2257 5560 “mgf?
2282 5464 2635 5560 Immin“
2660 5483 2855 5560 “3m,
2886 5467 2964 5539 ⁷)’

361 5574 496 5615 sonu
524 5575 678 5613 aurea
711 5562 891 5628 (Apoc.
924 5576 978 5624 x,
1014 5560 1073 5615 11
1108 5562 1261 5631 seq.)

382 5652 684 5724 lnexposit.
707 5651 767 5707 Β.
808 5650 928 5707 Job.
970 5652 1062 5725 lib.
1097 5669 1205 5719 xxx,
1233 5670 1286 5707 η.
1309 5652 1365 5720 5;
1400 5655 1489 5709 lib.
1518 5670 1662 5721 XXIV,
1686 5672 1739 5709 n.
1759 5652 1876 5725 ‘26.)

290 5724 487 5782 malum
511 5725 753 5787 luxurias,
776 5734 871 5778 aut
890 5724 1213 5792 cogitatione
1234 5732 1594 5794 perpetratur,
1619 5733 1711 5780 aut
1739 5724 1873 5795 ope-

290 5808 375 5852 re.
410 5796 513 5853 Per
538 5795 753 5866 Moysen
778 5810 915 5866 vero
952 5796 1168 5866 luxuria
1185 5803 1519 5864 perpetrata,
1563 5812 1658 5865 per
1684 5805 1871 5851 aucto-

293 5877 412 5921 rem
438 5882 565 5923 vero
594 5864 867 5924 munditia:
902 5865 1111 5921 luxuria
1142 5864 1427 5921 damnatur
1452 5864 1706 5936 cogitata,
1734 5867 1870 5921 sicut

2015 5557 2139 5611 CAP.
2172 5554 2261 5610 IV.
2301 5587 2374 5599 —
2403 5556 2525 5611 Scio
2548 5556 2631 5611 ubi
2662 5557 2895 5623 habitas,
2928 5557 3014 5612 ubi
3042 5559 3186 5614 sedes
3212 5568 3263 5615 et
3304 5567 3522 5616 solante.

2553 5628 2734 5699 (Apoc.
2774 5644 2840 5694 tt,
2884 5628 2996 5700 15).

2053 5721 2130 5793 (lo
2161 5721 2477 5791 exposit..B.
2500 5722 2621 5790 Joh,
2647 5724 2738 5779 lib.
2762 5739 3036 5792 nimum.
3065 5722 3175 5793 i0.)
3197 5723 3287 5779 Sic
3308 5722 3570 5780 Dominus

1979 5790 2123 5875 Deus
2147 5790 2260 5848 vias
2299 5794 2537 5849 omnium
2583 5790 2984 5875 examinatione
3009 5790 3189 5853 subtili
3215 5794 3561 5875 consident,

1972 5870 2030 5918 ut
2079 5870 2132 5919 in
2182 5881 2504 5937 unoquoque
2546 5874 2822 5933 nostrum,
2872 5881 2971 5925 nec
2999 5880 3065 5924 ea
3103 5878 3226 5935 qua
3253 5874 3569 5924 remunerat
