3974 6350
234 372 367 437 14θό

900 364 1152 425 ALULFI
1188 363 1553 425 EXPOSHIO
1586 364 1750 425 NOV!
1788 363 1990 426 ηδτ.
2023 396 2096 412 -
2130 365 2279 427 SUP.
2322 356 2821 428 APOCALYPSIM.

3034 284 3039 286 ν
3072 287 3101 294 4
3144 286 3147 289 Α

3349 368 3488 433 “06

232 493 365 551 Cum
385 505 513 562 ergo
563 487 1068 562 nominatisnbus
1101 489 1478 562 tamabjectis
1507 497 1564 545 et
1602 488 1802 562 vilibus
1830 488 1886 554 Α
1908 488 2206 562 rectionem
2258 505 2544 561 corporum
2602 490 2896 562 clamantes
2941 496 3247 562 sanctorum
3293 494 3505 553 animas

231 560 503 634 ﬁguratur,
555 561 684 634 quid
725 561 794 616 de
842 560 938 634 illo
962 560 1575 634 contumeliose‘dicitur
1601 560 1668 634 de
1692 576 1804 630 quo

232 631 441 691 constat
490 631 633 702 quod
687 633 904 703 proprie
931 632 1015 693 inil
1064 631 1304 703 dicatur?
1334 631 1583 703 Vocatur
1625 632 1808 703 itaque

232 720 417 775 agnus,
466 701 559 761 scd
603 701 822 775 propter
870 702 1275 775 innocentiam;
1306 712 1531 761 vocatur
1574 702 1682 775 leo,
1713 701 1808 759 sed

229 772 448 855 promer
474 772 815 855 potentiam:
863 772 1150 855 aliquando
1188 775 1367 855 etiam
1382 774 1620 855 serpenti
1657 789 1807 855 com-

228 844 591 917 paratum'sed
632 854 854 917 propter
884 854 1110 917 mortem
1142 845 1224 917 vel
1253 844 1573 915 sapientiam
1597 862 1613 913 ;
1643 852 1807 917 atque

225 913 295 987 de
322 932 389 971 eo
427 930 526 987 per
543 913 656 969 haec
684 914 1010 987 omniadici
1041 913 1334 987 ﬁguraliter
1354 922 1554 986 potest,
1584 913 1808 984 quia’de

224 982 308 1056 bis
337 982 588 1042 omnibus
639 985 785 1056 credi
816 984 1040 1056 aliquid,
1068 982 1428 1056 essentialiter
1464 1001 1571 1043 non
1603 982 1802 1056 potest.

223 1055 282 1111 Si
312 1056 453 1112 enim
477 1072 642 1111 unum
670 1055 865 1111 horum
903 1052 1181 1125 quodlibet
1212 1056 1570 1111 essentialiter
1599 1052 1803 1111 existe-

223 1136 323 1192 ret,
346 1127 573 1199 alterum
598 1126 709 1195 jam
736 1128 841 1199 dici
868 1124 977 1199 non
1004 1136 1206 1199 posset.
1239 1124 1375 1183 Nam
1408 1128 1452 1182 si
1481 1143 1650 1198 agnus
1668 1142 1809 1199 pro-

221 1198 337 1271 prie
385 1194 676 1271 diceretur,
733 1197 819 1267 leo
864 1194 976 1267 jam
1005 1194 1193 1271 vocari
1242 1214 1349 1271 non
1384 1194 1600 1268 posset;
1636 1194 1806 1271 sileo

260 1268 437 1340 roprie
484 1266 776 1340 diceretur,
798 1266 1058 1340 serpente
1085 1268 1287 1337 signari
1314 1266 1422 1325 non
1464 1276 1665 1340 posset.
1699 1266 1807 1322 Sed

260 1284 437 1339 roprte
485 1282 776 1333 diceretur,
808 1282 1058 1339 serpente
1085 1283 1287 1337 sugnart
1314 1284 1422 1325 non
1464 1282 1665 1340 posset.
1699 1282 1804 1322 Sed

218 1282 333 1397 Eam
379 1339 434 1394 in
479 1337 570 1393 illo
600 1338 781 1394 omnia
830 1337 1057 1409 dicimus
1104 1348 1258 1396 tanto
1304 1340 1464 1401 latius
1510 1340 1562 1395 in
1613 1336 1804 1409 ﬁgura,

216 1418 422 1478 quanto
452 1410 669 1479 longius
698 1409 764 1464 ab
796 1404 1049 1467 essentia.

190 1497 341 1555 .CAP.
378 1499 601 1575 (XXIII.
630 1528 715 1575 —-_
747 1501 952 1575 Et,
990 1510 1039 1557 et
1073 1504 1250 1575 audivi
1288 1519 1461 1559 uocem
1502 1503 1806 1575 angelorum

278 1572 567 1626 multorum
585 1572 641 1626 in
670 1573 886 1626 circuitu
911 1574 1105 1639 throni,
1136 1582 1186 1628 et
1211 1576 1535 1638 animalium,
1550 1572 1601 1629 et
1626 1578 1805 1630 senio-

278 1659 410 1707 rum,
443 1648 492 1695 et
540 1650 655 1705 erat
704 1659 945 1697 numerus
982 1660 1159 1699 eorum
1206 1646 1371 1699 millia
1403 1645 1643 1710 millium,
1685 1662 1804 1700 uoce

276 1728 472 1796 magna
496 1712 784 1796 dicentium
813 1730 831 1767 :
858 1713 1057 1796 Dig-nus
1076 1724 1160 1796 .est
1194 1732 1358 1788 agnus
1381 1715 1468 1787 qui
1494 1712 1693 1796 occisus
1726 1727 1802 1770 est

272 1783 517 1857 accipere
555 1783 814 1857 virtutem,
842 1792 890 1839 et
927 1783 1269 1850 divinitatem,
1314 1796 1361 1840 et
1390 1783 1720 1857 sapientiam,
1753 1796 1804 1841 et

1913 561 2069 629 vidit,
2103 575 2195 615 eas
2249 560 2521 631 accepisse
2571 560 2740 616 stolas
2791 560 3028 629 singulas
3082 564 3323 630 aspexit;
3376 576 3503 622 ante

1909 632 2357 706 resurrectionem
2378 634 2576 706 quippe
2594 633 2769 706 sancti
2786 631 2952 687 stolas
2979 633 3213 702 singulas
3229 637 3504 706 accepisse

1908 701 2178 769 dicuntur,
2212 703 2306 769 qui
2334 703 2446 757 sola
2476 701 2654 757 adhuc
2687 701 2984 756 animarum
3030 701 3085 758 et
3109 705 3302 759 mentis
3332 701 3505 761 beati-

1911 773 2095 828 tudine
2132 772 2500 845 perl'ruuntur.
2531 772 2590 827 In
2630 774 2736 845 line
2754 788 2894 845 vero
2924 774 3107 845 mundi
3132 774 3283 829 binas
3313 791 3506 845 accep-

1909 844 2011 897 turi
2039 851 2165 899 sunt
2191 844 2315 914 quia
2346 860 2467 899 cum
2521 844 2720 899 mentis
2750 844 3081 900 beatitudine
3128 845 3289 899 etiam
3324 844 3502 903 carnis

1907 915 2132 982 gloriam
2185 916 2568 985 possidebunt;
2618 924 2674 969 et
2723 929 2843 970 cum
2904 914 3203 970 animarum
3261 914 3504 985 perfecto

1908 986 2105 1058 gaudio
2162 987 2322 1041 etiam
2381 1000 2669 1058 corporum
2728 985 3131 1058 incorruptione
3179 988 3497 1043 vestientur.

1910 1054 2065 1111 Unde
2089 1058 2224 1112 bene
2255 1073 2351 1126 per
2379 1054 2695 1127 prophetam
2747 1054 2989 1127 dicitur},
3022 1055 3087 1111 In
3119 1065 3258 1111 terra
3284 1074 3379 1112 sua
3411 1058 3507 1113 du-

1907 1127 2067 1197 plicia
2088 1128 2423 1199 possidebunt
2469 1126 2611 1199 (Isa.
2658 1126 2910 1199 ιχιμξῖ).
2972 1126 3156 1199 Sancti
3207 1128 3405 1198 quippe
3452 1129 3507 1183 in

1910 1208 2061 1269 terra
2082 1199 2375 1253 Viventium
2397 1197 2629 1269 duplicia
2658 1197 2953 1267 possident,
2975 1198 3065 1267 qui
3097 1197 3347 1253 nimirum
3380 1200 3508 1253 bea-

1908 1268 2138 1324 titudine
2185 1272 2379 1325 mentis
2426 1268 2583 1325 simul
2636 1278 2691 1324 et
2718 1270 2964 1338 corporis
3020 1269 3278 1337 gaudent,
3314 1278 3369 1321 et
3400 1286 3508 1324 non

1906 1339 2081 1395 solum
2129 1341 2426 1395 animarum
2475 1340 2747 1409 gaudium,
2789 1346 2882 1395 sed
2915 1340 3077 1395 etiam
3110 1339 3497 1395 beatitudinem

1909 1408 2185 1465 habebunt
2207 1408 2521 1482 corporum.

1907 1497 2040 1554 CAP.
2075 1499 2266 1574 XXVI.
2297 1534 2369 1546 --
2398 1500 2467 1555 Et
2494 1500 2688 1574 dictum
2730 1508 2805 1574 est
2856 1500 2982 1574 illis,
3038 1509 3095 1574 ut
3133 1502 3506 1574 requiescerent

1980 1580 2176 1642 tempus
2200 1572 2368 1626 adhuc
2414 1572 2689 1638 modicum,
2739 1571 2897 1626 donec
2923 1571 3221 1641 impleretur
3266 1588 3509 1628 numerus

1984 1658 2350 1698 conservorum
2377 1652 2428 1698 et
2454 1646 2675 1715 fratrum
2703 1659 2881 1698 eorum
2912 1644 3112 1713 (Apoc.
3143 1659 3216 1706 VI,
3252 1642 3310 1696 ll
3331 1644 3372 1712 ).

1978 1732 2070 1806 (In
2099 1734 2329 1806 exposit.
2356 1734 2418 1789 B.
2444 1733 2566 1793 Job.
2614 1734 2706 1788 lib.
2738 1750 2799 1799 ιι,
2831 1750 2978 1806 nium.
3028 1734 3153 1806 ll.)
3186 1732 3509 1806 Desideran-

1906 1803 2047 1860 tibus
2089 1805 2369 1861 animabus
2418 1806 2740 1875 requiescite
2788 1805 2963 1859 adhuc
3010 1804 3279 1859 modicqu
3309 1804 3508 1870 dicere,

277 1854 671 1946 (grandinem,
706 1864 759 1911 et
794 1855 1075 1946 emtorem,
1118 1866 1169 1911 et
1198 1854 1526 1929 gloriam.“
1565 1857 1803 1913 benedic-

1920 1854 2739 1933 sissesisse;tangat
2766 1854 2986 1943 θῖἶιῖἑει
3012 1854 3510 1946 sissesisse;

270 1929 471 1982 tionem
490 1927 687 2001 (Apoc.
718 1943 777 1995 ν,
803 1926 917 1995 11).

278 2019 358 2091 (In
382 2020 623 2091 exposit.
658 2019 726 2074 Β.
747 2018 870 2088 Job,
902 2019 999 2074 lib.
1031 2034 1087 2087 ιι,
1133 2034 1281 2091 num.
1328 2018 1362 2074 8
1394 2028 1453 2091 et
1492 2020 1607 2090 10.)
1636 2020 1808 2077 Aliter

203 2089 626 2161 loquitur—Deus
652 2091 720 2146 ad
749 2091 1003 2160 angelos,
1035 2099 1089 2146 et
1122 2089 1282 2145 aliter
1308 2090 1484 2161 angeli
1514 2092 1581 2145 ad
1614 2092 1800 2147 Deum.

206 2160 351 2216 Deus
380 2160 605 2230 Angelis
638 2161 897 2231 loquitur,
932 2177 1057 2215 cum
1087 2161 1165 2216 eis
1193 2160 1443 2219 voluntas
1472 2161 1588 2231 ejus
1617 2163 1804 2219 intima

204 2231 439 2288 vivendo
486 2230 885 2287 manifestatur.
936 2232 1123 2302 Angeli
1171 2240 1349 2287 autem
1381 2230 1673 2302 loquuntur
1703 2233 1806 2290 Do-

199 2303 394 2375 mino,
432 2318 560 2358 cum
603 2317 700 2374 per
744 2302 849 2375 boc
896 2302 1044 2375 quod
1080 2318 1242 2373 super
1282 2305 1602 2375 semetipsos
1634 2307 1805 2374 respi-

200 2371 439 2444 ciunt’iu
468 2371 675 2428 motum
707 2371 1079 2444 admirationis
1125 2371 1374 2444 surgunt,
1410 2371 1703 2444 loquuntur
1729 2371 1803 2431 ad

202 2442 568 2518 Decumrsicut
592 2460 688 2515 per
704 2442 967 2518 Joannem
996 2445 1191 2500 dicitur
1228 2442 1469 2518 {Dignus
1484 2442 1565 2499 est
1612 2463 1800 2518 agnus,

198 2516 289 2583 qui
310 2517 519 2585 occisus
541 2524 638 2585 est,
670 2516 902 2585 accipere
922 2516 1180 2584 virtutem,
1202 2524 1252 2569 et
1278 2515 1623 2584 divinitatem,
1647 2515 1695 2570 et
1715 2515 1805 2573 sa-

198 2587 480 2656 pientiam.
510 2584 627 2642 Vox
648 2584 890 2657 namque
924 2586 1239 2657 angelorum
1272 2596 1351 2641 est
1393 2587 1443 2657 in
1476 2588 1634 2641 laude
1659 2587 1803 2643 Con-

200 2655 407 2727 ditoris
440 2657 552 2725 ipsa
597 2655 881 2727 admiratio
908 2655 1109 2712 inlitum
1144 2656 1618 2727 contemplationis
1650 2676 1661 2710 :
1688 2660 1801 2713 vir-

198 2730 335 2798 tutis
380 2722 575 2798 divina:
614 2722 871 2781 miracula
916 2725 1259 2796 obstupuisse
1303 2722 1517 2798 dixisse,
1550 2736 1634 2781 est
1661 2742 1801 2798 quo-

199 2796 350 2849 niam
394 2796 663 2867 excitatus
687 2812 809 2867 cum
842 2798 1141 2867 reverentia
1172 2806 1347 2867 motus
1373 2796 1550 2852 cordis
1578 2796 1803 2867 magnus

199 2876 290 2921 est
319 2868 388 2919 ad
447 2880 607 2920 aures
654 2862 1096 2935 incircutnscripti
1138 2864 1356 2935 spiritus
1392 2867 1599 2922 clamor
1628 2862 1797 2924 vocis.

200 2938 339 3004 Qua:
386 2952 494 2991 vox
543 2952 603 2993 se
653 2937 807 3006 quasi
870 2952 965 3008 per
1012 2936 1263 3008 distincta
1320 2938 1485 2992 verba
1540 2938 1799 3008 explicat,

199 3012 332 3061 dum
348 3022 472 3063 sese
493 3023 591 3077 per
618 3006 940 3064 innumeros
956 3006 1145 3063 modos
1167 3008 1545 3077 admirationis
1576 3006 1797 3063 format.

197 3098 338 3155 CAP.
386 3096 576 3171 XXIV.
600 3097 759 3153 —-Et
801 3116 915 3154 cum
944 3100 1225 3171 aperuisset
1268 3098 1496 3170 sigillum
1544 3101 1797 3168 quintum,

274 3170 384 3242 uidi
413 3168 589 3242 subtus
611 3171 776 3224 altare
796 3168 1001 3224 animos
1038 3168 1427 3242 interfectorum
1447 3181 1658 3241 propter
1684 3188 1799 3227 ver-

272 3241 405 3328 bum
435 3240 664 3328 Domini,
697 3249 745 3295 et
768 3252 975 3312 propter
1000 3240 1342 3328 testimonium
1361 3242 1498 3328 quod
1519 3240 1793 3328 ltobebaInt,
1823 3263 1872 3328 ο

271 3322 323 3367 et
355 3311 656 3366 clamabant
683 3328 803 3366 voce
826 3311 1037 3384 magna,
1067 3312 1290 3367 dicentes
1316 3329 1334 3365 :
1368 3311 1655 3384 Usquequo,
1690 3313 1798 3368 Do-

269 3385 438 3448 mine,
467 3394 675 3437 sanctus
688 3394 737 3456 et
758 3398 903 3456 uerus
919 3400 1021 3456 non
1030 3384 1260 3456 judicas,
1275 3391 1323 3435 et
1342 3384 1572 3437 vindicas
1585 3387 1799 3456 sangui-

267 3471 394 3509 nem
416 3462 651 3506 nostrum
668 3454 729 3525 de
744 3455 821 3525 Itis
844 3456 927 3525 qui
942 3455 1174 3507 habitant
1194 3454 1250 3507 in
1267 3463 1403 3525 terra
1416 3456 1599 3522 (Apoc.
1618 3454 1699 3519 γι,⁷
1715 3456 1798 3513 9ιῖ

272 3525 359 3594 (In
388 3526 622 3595 exposit.
670 3523 727 3576 Β.
758 3523 903 3589 Job.,
929 3525 1020 3579 lib.
1054 3540 1108 3587 ιι,
1136 3539 1284 3577 num.
1312 3524 1426 3595 ll.)
1457 3525 1627 3580 Aliter
1658 3526 1799 3582 Deus

197 3596 270 3665 ad
318 3594 901 3665 animassanctorum,
936 3596 1095 3650 aliter
1128 3595 1323 3648 animae
1372 3594 1683 3651 sanctorum
1720 3597 1801 3651 lo-

190 3664 449 3738 Quuntur
490 3663 558 3719 ad
585 3663 773 3738 Deum.
805 3663 1065 3738 Quiduest
1111 3665 1257 3721 enim
1298 3667 1518 3738 animas
1550 3667 1800 3722 vindictas

192 3735 533 3811 petitionem
559 3737 758 3811 dicere,
794 3737 894 3790 nisi
924 3736 1067 3790 diem
1088 3736 1314 3791 extremi
1334 3735 1525 3811 judicii
1554 3744 1607 3791 et
1630 3752 1801 3811 resur-

193 3806 512 3865 rectionem
549 3808 935 3863 exstinctorum
976 3822 1268 3877 corporum
1314 3807 1657 3863 desiderare?
1688 3806 1802 3863 Ma-

190 3894 341 3949 gnus
373 3880 574 3949 quippe
600 3876 805 3932 clamor
833 3892 1019 3949 earum
1057 3876 1311 3946 magnum
1336 3888 1421 3935 est
1448 3877 1796 3935 desiderium.

192 3948 570 4007 Tantoieuim
618 3950 845 4016 quisque
897 3948 1071 4003 minus
1119 3949 1333 4014 clamat,
1379 3958 1582 4017 quanto
1623 3949 1801 4007 minus

190 4023 517 4084 desiderat;
559 4033 614 4073 et
643 4026 794 4074 tanto
823 4020 1085 4088 majorem
1132 4036 1322 4075 vocem
1356 4021 1406 4073 in
1436 4034 1595 4075 aures
1632 4021 1797 4075 incir-

189 4094 525 4161 cumscripti
561 4089 783 4161 Spiritus
810 4088 1081 4159 exprimit,
1114 4098 1318 4161 quanto
1347 4106 1407 4145 se
1436 4092 1491 4146 in
1512 4090 1628 4159 ejus
1658 4092 1800 4147 desi-

190 4163 423 4235 derium
470 4159 915 4235 plenius__l'undtt_.
948 4159 1265 4235 Animarum
1293 4162 1456 4231 igitur
1490 4162 1654 4219 verba
1682 4166 1800 4231 ipsa

187 4244 334 4289 sunt
367 4229 653 4286 desideria.
686 4229 820 4285 Nam
855 4232 899 4286 si
927 4231 1252 4287 desiderium
1282 4229 1461 4288 sermo
1492 4250 1599 4287 non
1629 4229 1796 4299 esset,

186 4302 485 4373 Propheta
516 4318 622 4356 non
653 4300 858 4373 diceret
887 4320 898 4355 :
934 4301 1263 4358 Desiderium
1296 4304 1468 4358 cordis
1495 4320 1672 4359 eorum
1710 4321 1802 4357 au-

186 4375 331 4435 divit
366 4374 508 4426 auris
545 4382 634 4425 tua
666 4372 837 4442 (Psal.
871 4389 944 4434 ix,
974 4373 1063 4443 Π)
1093 4392 1106 4427 ;
1140 4373 1235 4429 sed
1255 4390 1377 4429 cum
1406 4375 1565 4428 aliter
1593 4375 1801 4429 moveri

184 4446 387 4503 soleat
418 4457 569 4496 mens
597 4457 716 4510 quae
747 4444 898 4509 petit,
928 4444 1084 4496 aliter
1112 4460 1232 4511 quin
1259 4446 1482 4511 petitur,
1514 4454 1568 4498 et
1589 4452 1801 4498 sancto-

184 4530 326 4574 rum
360 4513 552 4566 anima:
580 4512 632 4567 in
663 4513 861 4567 interni
887 4514 1082 4566 secreti
1109 4516 1229 4568 sinu
1257 4512 1369 4568 Deo
1400 4515 1716 4579 inhaareaut,
1740 4521 1802 4568 ut

186 4587 525 4645 iulunremto
569 4581 938 4650 requiescant,
977 4586 1253 4651 quomodo
1309 4583 1556 4637 dicuntur
1612 4592 1799 4651 petere

184 4671 347 4729 quas
359 4653 443 4729 ab
466 4654 673 4729 interna
703 4651 980 4729 voluntate
1005 4660 1220 4729 constat
1257 4652 1560 4729 nullatenus
1593 4651 1797 4708 discre-
1824 4651 1878 4712 D

187 4722 342 4801 pare
356 4725 385 4801 ?_
409 4722 694 4801 Quomon
720 4724 969 4801 dicuntur
998 4723 1285 4778 vindictam
1326 4722 1634 4801 desiderare
1661 4740 1799 4793 quas

190 4794 258 4857 Et
296 4795 632 4851 voluntatem
662 4795 756 4849 Dei
792 4807 1000 4852 certum
1026 4803 1113 4850 est
1139 4804 1194 4849 et
1221 4810 1285 4849 ea
1314 4810 1434 4864 quae
1461 4794 1641 4849 futura
1670 4804 1799 4852 sunt

188 4885 320 4928 non
363 4867 647 4935 ignorare?
679 4866 787 4920 Sed
828 4867 885 4921 in
930 4868 1047 4936 ipso
1080 4865 1287 4936 positis,
1334 4866 1402 4921 ab
1443 4865 1562 4937 ipso
1596 4868 1796 4935 aliquid

189 4938 722 5014 peteredicuntur,
780 4952 888 4991 non
944 4940 1088 5007 quod
1134 4937 1441 5014 quidquam
1487 4937 1800 5014 desiderent

188 5006 453 5082 quodab
480 5006 597 5077 ejus
623 5022 793 5082 quem
810 5006 1039 5082 cernunt
1059 5007 1338 5082 voluntate
1373 5007 1797 5082 discordat,_sed

190 5078 324 5152 quo
358 5078 468 5152 Deo
495 5091 681 5152 mente
703 5078 981 5152 ardentius
1005 5080 1285 5152 inbairent,
1308 5093 1375 5133 eo
1401 5080 1562 5152 etiam
1589 5079 1657 5134 de
1679 5080 1797 5148 ipso

192 5148 508 5218 accipiunt,
544 5160 603 5220 ut
636 5150 703 5204 ab
738 5150 855 5218 ipso
894 5157 1087 5220 petant
1111 5151 1255 5216 quod
1284 5164 1408 5204 eum
1456 5148 1634 5204 facere
1663 5152 1804 5205 velle

193 5230 509 5279 noverunt.
543 5218 617 5290 De
658 5220 771 5290 ipso
800 5218 930 5289 ergo
959 5222 1150 5277 bibunt
1174 5220 1319 5289 quod
1346 5222 1414 5274 ab
1444 5221 1562 5289 ipso
1592 5222 1802 5287 sitiunt,

193 5304 262 5349 et
297 5294 463 5345 modo
492 5289 646 5346 nobis
673 5289 848 5345 adhuc
877 5291 1412 5361 incomprehensibili
1441 5292 1495 5345 in
1525 5292 1631 5345 boc
1656 5296 1802 5361 quod

287 5362 452 5417 tendo
481 5363 725 5417 esuriant
753 5364 1082 5431 praesciendo
1107 5363 1392 5418 satiantur.
1419 5362 1808 5416 Discordarent

199 5433 383 5506 igitur
427 5448 456 5485 a
488 5434 769 5488 voluntate
817 5436 1143 5506 Conditoris,
1187 5435 1401 5506 siquae
1453 5433 1642 5506 vident
1681 5448 1804 5506 eum

196 5503 361 5561 felle
390 5518 497 5557 non
517 5512 788 5573 peterent,
811 5506 969 5574 eique
987 5504 1161 5559 minus
1184 5504 1527 5570 inhaererent,
1549 5504 1596 5559 si
1619 5505 1809 5559 volen-

200 5584 329 5632 tem
358 5574 487 5628 dare
509 5574 782 5629 desiderio
811 5575 1030 5643 pigriori
1059 5575 1351 5645 pulsarent.

198 5668 350 5725 CAP.
391 5664 557 5723 XXV.
597 5665 925 5722 —Etdatw
974 5668 1225 5795 sanitiiglis
1275 5668 1422 5723 stolte
1449 5666 1582 5723 alba:
1607 5666 1805 5739 (Apoc.

956 5755 1030 5795 vt.
1165 5779 1181 5793 .

297 5832 387 5903 (In
435 5832 664 5903 exposit.
725 5829 788 5887 Β.
832 5740 1089 5897 Jolnvlli’b.1
1212 5844 1273 5903 _n.
1316 5826 1409 5893 11,
1437 5835 1491 5883 et
1516 5828 1612 5884 lib.
1643 5844 1809 5894 xxxv,

212 5900 374 5983 pum.
405 5900 527 5978 23.)
548 5903 781 5962 Joannes
800 5901 890 5972 qni
915 5902 965 5957 in
995 5900 1337 5968 revelatione
1360 5913 1454 5953 sua
1482 5908 1607 5957 ante
1635 5916 1813 5956 resur-

1912 1948 2043 2017 tium
2071 1947 2459 2003 consolationis
2499 1947 2757 2017 aspirare,
2804 1954 2942 2002 utet
2967 1945 3268 2001 animarum
3310 1960 3423 2017 vox
3440 1945 3512 2000 sit

1908 2016 2018 2073 hoc
2057 2017 2201 2087 quod
2231 2027 2475 2073 amantes
2504 2016 2831 2084 desiderant,
2874 2026 2928 2071 et
2980 2016 3375 2087 respondentis,
3410 2016 3506 2070 Dei

1909 2104 2087 2161 sermo
2116 2091 2186 2161 sit
2212 2089 2481 2161 IIOCAQIIOd
2508 2102 2601 2161 eas
2628 2087 2998 2161 retributionis
3026 2086 3509 2161 certitudineinte‘r

1909 2158 2175 2232 desideria
2206 2158 2513 2232 confirmat.
2569 2159 2924 2232 Respondere
2971 2173 3115 2232 ergo
3158 2160 3273 2229 ejus
3328 2168 3411 2215 est
3454 2168 3512 2215 ut

1911 2231 2292 2303 collectionem
2363 2231 2586 2285 fratrum
2642 2231 2959 2303 exspectare
3036 2231 3285 2303 debeant
3319 2246 3512 2286 eorum

1908 2302 2178 2357 mentibus
2221 2301 2450 2357 libenter
2490 2301 2838 2371 exspectaudi
2894 2317 3076 2358 moras
3106 2302 3424 2369 infundere;
3454 2309 3513 2357 et

1907 2386 2029 2444 cum
2059 2373 2236 2444 carnis
2285 2375 2737 2444 resurrectionem
2769 2381 3051 2444 appetunt.
3084 2373 3246 2428 etiam
3298 2389 3368 2428 ex
3393 2374 3510 2428 col-

1907 2439 2242 2511 ligendorum
2275 2452 2569 2512 augmento
2598 2439 2823 2497 fratrum
2842 2439 3220 2513 'gratulentur.

1906 2533 2037 2590 CAP.
2082 2532 2294 2589 XXVII.
2334 2568 2404 2577 —
2442 2534 2512 2589 Et
2553 2552 2667 2591 cum
2697 2537 2982 2608 aperuisset
3020 2535 3249 2607 sigillum
3286 2544 3513 2605 sextum,

1977 2621 2091 2660 ecce
2121 2616 2271 2679 terra:
2309 2608 2487 2661 radius
2516 2609 2683 2679 {actus
2733 2618 2808 2662 est
2852 2624 3070 2679 magnus
3110 2623 3127 2661 :
3159 2616 3209 2661 et
3229 2608 3308 2662 sol
3340 2610 3509 2679 factus

1975 2686 2054 2731 est
2082 2676 2227 2746 niger
2258 2676 2722 2746 tanquam'succus
2768 2676 3004 2732 cilicinus
3054 2678 3071 2743 (
3098 2681 3256 2747 Apoc.
3291 2693 3364 2743 νι,
3399 2676 3511 2747 12).

1978 2767 2069 2838 (In
2096 2767 2331 2836 exposit.
2388 2766 2452 2821 Β.
2485 2766 2607 2833 Job,
2641 2768 2735 2823 lib.
2774 2784 2849 2833 ιι,
2905 2784 3054 2823 num.
3080 2767 3174 2837 8.)
3206 2767 3513 2838 Aliquando

1910 2838 1965 2894 in
2011 2853 2168 2893 sacro
2199 2838 2418 2908 eloquio
2445 2838 2579 2893 solis
2608 2838 2827 2893 nomine
2880 2837 3251 2908 praulicatoris
3294 2837 3515 2895 claritas

1903 2909 2235 2976 designatur.
2284 2907 2345 2962 lu
2394 2917 2639 2964 extremo
2680 2907 2892 2979 quippe
2930 2918 3177 2979 tempore
3227 2908 3309 2963 sol
3355 2909 3511 2979 quasi

1903 2994 2103 3051 saccus
2140 2979 2384 3034 cilicinus
2432 2977 2924 3051 ostenditur,'quia
2972 2977 3186 3050 fulgens
3235 2979 3347 3033 vita
3373 2977 3513 3051 prm-

1905 3050 2203 3105 dicantium
2254 3060 2381 3105 ante
2408 3053 2767 3120 reproborum
2810 3050 3001 3107 oculos
3056 3064 3249 3121 aspera
3291 3058 3349 3106 et
3385 3050 3512 3107 des-

1903 3128 2062 3192 pecta
2093 3128 2444 3177 monstratur.

1902 3213 2035 3290 CAP.
2060 3212 2293 3269 XXVIII.
2319 3246 2390 3256 -
2413 3214 2537 3269 Post
2560 3215 2671 3270 haec
2698 3215 2803 3271 vidi
2824 3214 3029 3270 turbam
3045 3232 3315 3290 magnam,
3331 3287 3340 3290 _
3357 3232 3512 3290 quam

1981 3286 2313 3359 dinumerare
2362 3303 2525 3359 nemo,
2549 3294 2773 3358 poterat,
2802 3304 2867 3359 ea;
2915 3287 3151 3341 omnibus
3182 3286 3437 3359 gentibus,
3463 3295 3515 3344 et

1980 3357 2230 3423 tribubus,
2286 3366 2334 3410 et
2365 3358 2577 3428 linguis,
2626 3367 2675 3410 et
2705 3358 2931 3426 pupulis,
2965 3366 3162 3411 stantes
3186 3357 3330 3411 'ante
3364 3360 3510 3413 thro-

1977 3442 2124 3494 num,
2154 3436 2202 3481 et
2231 3430 2285 3480 in
2308 3438 2583 3500 conspectu
2614 3430 2744 3500 agni
2767 3430 2943 3482 amicti
2975 3430 3121 3483 stolis
3151 3428 3306 3495 albis,
3330 3439 3378 3482 et
3398 3430 3515 3500 pal-

1979 3514 2080 3552 mo:
2106 3500 2160 3551 in
2192 3498 2441 3552 manibus
2474 3515 2649 3553 eorum
2682 3499 2875 3569 (Apoc.
2909 3514 3003 3567 vn,
3035 3502 3123 3569 9).

1978 3589 2133 3662 (Lib.
2168 3606 2225 3656 ιι,
2274 3591 2326 3645 in
2377 3588 2602 3659 Ezecb.,
2652 3590 2839 3645 homil.
2872 3590 2926 3657 5,
2957 3608 3009 3646 n.
3045 3590 3133 3645 22.
3178 3591 3196 3662 )
3246 3591 3384 3660 Quid
3416 3607 3513 3662 per

1905 3661 2115 3734 palmas
2136 3662 2237 3734 nisi
2269 3662 2488 3734 prmmia
2517 3661 3328 3734 victoritedcsignanturilpsm
3357 3661 3511 3734 quip-

1907 3732 1979 3805 pe
2000 3732 2115 3786 dari
2165 3732 2500 3805 vincentibus
2534 3732 2730 3788 solent.
2764 3732 2890 3788 Illos
2919 3734 3099 3801 itaque
3122 3734 3212 3805 qui
3244 3736 3297 3787 in
3328 3732 3510 3790 certa-

1906 3803 2051 3874 mine
2078 3804 2319 3874 martyrii
2342 3804 2622 3873 antiquum
2650 3807 2860 3858 liOStem
2894 3803 3155 3869 vicerant,
3181 3814 3245 3874 et
3276 3806 3511 3861 victores

1905 3872 1959 3945 in
1983 3874 2153 3945 patria
2204 3872 2527 3943 gaudebant,
2560 3876 2765 3945 palmas
2794 3876 2845 3929 iu
2879 3877 3129 3931 manibus
3176 3873 3397 3940 habere,
3426 3884 3513 3931 est

1906 3943 2251 4026 victoriasin
2284 3943 2907 4026 operationetenuisse.
2951 3945 3129 4026 Cujus
3172 3949 3508 4026 Operationis

1905 4014 2082 4085 palma
2110 4014 2179 4069 ibi
2203 4014 2529 4071 retribuetur
2547 4016 2633 4070 ubi
2650 4019 2761 4086 jam
2779 4018 2894 4071 sine
2911 4014 3327 4084 certamine’gau
3350 4021 3509 4072 Ietur.

1904 4103 2035 4165 CAP.
2068 4103 2257 4160 XXIX.
2289 4137 2361 4148 —
2382 4105 2458 4177 Et
2485 4122 2603 4160 cum
2625 4107 2909 4177 aperuisset
2942 4105 3169 4177 sigillum
3216 4106 3509 4175 septimum,

1979 4181 2176 4247 factum
2221 4185 2298 4229 est
2321 4176 2583 4247 silentium
2636 4176 2691 4230 in
2739 4176 2866 4231 caelo
2930 4176 3080 4247 quasi
3152 4177 3321 4230 media
3380 4178 3511 4233 liora

1979 4248 2179 4319 (Apoc.
2205 4262 2320 4313 vnt,
2345 4246 2434 4316 1).

1979 4347 2069 4415 (In
2095 4344 2326 4416 exposit.
2354 4345 2413 4416 Β.
2444 4342 2571 4408 Job,
2602 4344 2695 4416 li_b_.
2741 4360 2878 4416 xxix,
2906 4361 2958 4399 ιι.
2995 4343 3081 4411 5‘2,
3120 4342 3205 4409 55,
3238 4353 3293 4399 et
3324 4345 3417 4400 lib.
3451 4362 3510 4415 ιι,

1905 4418 1959 4473 in
1986 4413 2211 4481 Ezechl,
2242 4414 2428 4487 homil.
2459 4416 2515 4487 _3,
2549 4413 2757 4487 naM.)
2807 4414 2947 4470 Nihil
3000 4417 3220 4487 prodest
3276 4413 3512 4473 solitudo

1905 4488 2173 4557 corporis,
2203 4486 2248 4540 si
2277 4484 2509 4557 solitudo
2539 4484 2769 4540 defuerit
2815 4484 3019 4541 cordis.
3070 4486 3172 4556 Qui
3224 4489 3364 4543 enim
3394 4504 3513 4544 cor-

1945 4555 2041 4613 ore
2092 4565 2335 4611 remotus
2383 4555 2534 4622 vivit,
2591 4560 2685 4611 sed
2717 4557 3028 4612 tumultibus
3084 4555 3513 4614 conversationis

1948 4642 2156 4681 amante
2187 4636 2526 4681 terrenorum
2551 4626 2940 4683 desideriorum
2970 4629 3303 4695 cogitatione
3333 4644 3392 4682 se
3422 4629 3511 4683 in-

1904 4698 2061 4765 serit,
2091 4712 2198 4752 non
2231 4705 2313 4752 est
2335 4697 2388 4750 in
2410 4698 2719 4768 solitudine.
2747 4697 2803 4754 Si
2833 4715 2964 4753 vero
2992 4709 3271 4768 prematur
3318 4699 3512 4767 aliquis

1903 4770 2263 4849 corporaliter
2282 4767 2634 4849 popularibus
2658 4770 2850 4849 turbis,
2876 4779 2930 4849 et
2950 4767 3133 4849 tamen
3160 4768 3335 4824 nullos
3361 4785 3514 4823 cura-

1902 4855 2023 4894 rum
2052 4838 2390 4909 smeularium
2424 4840 2679 4893 tumultus
2717 4841 2770 4894 in
2801 4839 2961 4894 corde
3004 4838 3260 4909 patiatur,
3292 4854 3397 4894 non
3428 4848 3514 4895 est

1903 4911 1958 4992 i_n
2001 4910 2165 4992 urbe...
2185 4908 2384 4992 Itaqpe.
2408 4909 2547 4965 bene
2577 4908 3025 4990 conversantibue
3056 4909 3284 4992 primum
3314 4912 3509 4965 solitu-

1901 4980 1973 5035 do
2002 4980 2198 5034 mentis
2229 4979 2499 5045 tribuitur,
2531 4989 2589 5033 ut
2611 4988 2990 5048 exsurgentem
3013 4979 3341 5036 intrinsecus
3361 4990 3504 5037 stre~

1901 5052 2073 5122 pilum
2102 5062 2435 5122 terrenocum
2482 5050 2869 5122 desideriorum
2913 5059 3181 5119 premant,
3237 5061 3294 5105 ut
3349 5052 3506 5106 ebul-

1910 5120 2103 5176 lientes
2156 5122 2223 5177 ab
2262 5120 2459 5176 inlimis
2489 5136 2646 5175 curas
2675 5121 2852 5175 cordis
2876 5135 2974 5191 per
3028 5122 3246 5190 superni
3276 5124 3507 5189 gratiam

1908 5192 2494 5261 restringantamuris:
2526 5206 2821 5260 omnesque
2872 5200 3049 5247 motus
3093 5193 3400 5261 importune
3447 5207 3509 5248 se

1911 5263 2252 5318 ollerentium
2326 5264 2525 5317 levium
2574 5263 2984 5331 cogitationum,
3038 5264 3192 5330 quasi
3244 5265 3507 5332 quasdam

1910 5334 2359 5389 circumvolantes
2412 5347 2643 5399 muscas,
2695 5334 2763 5387 ab
2815 5333 2988 5388 oculis
3040 5334 3236 5386 mentis
3291 5336 3508 5402 abigant

1910 5420 2074 5459 manu
2102 5405 2410 5473 gravitatis;
2439 5412 2496 5457 et
2523 5403 2795 5472 quoddam
2824 5404 2925 5457 sibi
2954 5418 3076 5458 cum
3112 5403 3338 5457 Domino
3370 5405 3508 5458 intra

1911 5491 1971 5530 se
2015 5485 2281 5530 secretum
2332 5482 2594 5544 quaerant,
2651 5474 2741 5528 ubi
2770 5489 2893 5528 cum
2927 5475 3043 5541 illo,
3075 5476 3345 5529 exteriore
3383 5490 3504 5530 ces-

1917 5556 2072 5602 sante
2098 5545 2344 5614 strepitu,
2377 5560 2473 5613 per
2503 5545 2709 5599 interna
2738 5544 3004 5599 desideria
3030 5544 3251 5600 silenter
3280 5546 3508 5614 loquan-

1918 5624 2025 5672 tur.
2057 5616 2132 5670 De
2160 5617 2262 5669 hoc
2310 5624 2520 5671 secreto
2547 5615 2723 5671 cordis
2766 5614 2965 5672 dictum
2996 5624 3107 5672 est:
3161 5614 3386 5671 Factum
3432 5628 3509 5672 est

1916 5688 2177 5759 silentium
2222 5687 2275 5759 in
2314 5687 2457 5759 caelo,
2488 5686 2638 5759 quasi
2666 5685 2835 5740 media
2850 5685 3016 5759 liora.
3064 5686 3273 5759 (Icelum
3310 5692 3509 5759 quippe

1919 5768 2001 5814 est
2031 5758 2210 5811 anima
2236 5758 2385 5825 justi,
2418 5756 2557 5812 sicut
2586 5774 2683 5826 per
2711 5756 3027 5825 prophetam
3059 5758 3313 5816 Dominus
3330 5756 3506 5816 dii-it:

2623 5827 2732 5881 lsa.
2761 5844 2908 5897 sxw,
2942 5829 3026 5898 1).
3060 5829 3157 5884 Et:
3193 5829 3318 5885 (Σωιὶ
3347 5847 3493 5883 enar-

2610 5938 2625 5954 .
2649 5914 2801 5969 xvut,
2832 5898 2913 5970 I).
2945 5899 3135 5967 Anima
3154 5900 3339 5970 itaque
3350 5902 3501 5979 justi,

1920 5828 2112 5885 leum
2140 5830 2262 5882 mihi
2294 5830 2440 5883 sedes
2467 5838 2543 5882 est

1921 5912 2042 5957 rant
2062 5900 2282 5970 gloriam
2311 5898 2409 5957 Dei
2434 5901 2451 5971 (
2474 5898 2522 5953 Ρ
