3974 6350
528 340 661 400 Mli

525 540 701 581 meras
732 522 781 575 in
803 516 870 576 se
900 524 1209 574 sanctorum
1240 516 1463 572 virtutes
1482 516 1739 581 continet,
1771 516 2101 571 radiantibus

524 594 755 663 desuper
782 590 1042 663 sideribus
1082 586 1262 663 fulget.
1294 586 1349 663 I_n
1384 586 1657 656 Scriptura
1704 601 1857 663 sacra
1886 588 2103 663 ‘quippe

524 656 799 723 stellarum
832 660 1047 716 nomine
1077 656 1365 729 aliquando
1395 667 1701 729 sanctorum
1729 656 1958 729 iustitia,
1982 656 2104 729 qum

524 737 577 791 in
604 735 762 805 hujus
790 732 913 786 vitae
938 727 1178 785 tenebris
1199 728 1357 795 lucet,
1392 727 1676 853 aliqpando
1702 742 1830 782 vero
1861 727 2104 797 hypocri-

527 815 698 853 tnrum
729 806 869 853 Iictio
898 801 1311 853 demonstratur.
1355 800 1445 853 uni
1523 814 1624 852 ona
1655 813 1775 853 aute
1804 798 2005 852 faciunt
2036 796 2103 852 ad

527 796 698 861 tarum
729 806 869 859 lictio
898 801 1311 861 demonstratur.
1355 800 1445 869 qui
1481 796 1624 853 bona
1655 813 1775 869 quae
1804 796 2005 869 faciunt
2036 796 2103 852 ad

528 873 930 948 percipiendum
968 870 1149 948 laudes
1180 868 1483 924 hominibus
1510 868 1816 923 ostendunt.
1860 868 1942 948 Si“
1962 868 2104 948 enim

524 939 939 1003 recte'viventes
966 942 1132 995 stellas
1163 956 1266 993 non
1296 951 1501 1007 essent,
1537 952 1873 1009 nequaquam
1906 939 2102 993 Paulus

524 1015 796 1084 discipulis
823 1014 1029 1068 diceret
1055 1030 1065 1063 :
1101 1009 1166 1065 In
1188 1012 1357 1084 (medio
1388 1012 1612 1084 nationis
1633 1025 1803 1084 pravae
1832 1018 1880 1084 et
1907 1026 2107 1084 peruer-

522 1086 615 1150 δαί,
642 1080 775 1139 inter
800 1101 923 1151 quos
949 1084 1125 1136 lucetis
1150 1083 1280 1135 sicut
1322 1081 1597 1135 luminaria
1635 1083 1688 1134 in
1714 1080 1905 1151 mundo
1933 1080 2102 1151 (Phil.

524 1172 580 1221 ιι,
604 1149 722 1225 715).
757 1149 986 1209 Rursum
1016 1154 1059 1207 si
1092 1154 1231 1207 inter
1253 1168 1347 1225 eos
1367 1154 1459 1225 qui
1484 1161 1630 1204 recte
1659 1149 1913 1225 videntur
1941 1149 2104 1225 agere

524 1220 735 1297 quidam
764 1226 830 1280 de
855 1226 1065 1280 actione
1094 1238 1189 1277 sua
1222 1220 1639 1297 retributionem
1654 1220 1851 1276 favoris
1881 1220 2103 1275 humani

525 1290 630 1351 non
662 1304 989 1367 qumrerent,
1045 1306 1379 1367 nequaquam
1405 1293 1587 1367 stellas
1608 1290 1850 1367 Joannes
1880 1306 2040 1367 ruere
2071 1306 2099 1346 a

525 1362 828 1421 cmlestibus
860 1365 1088 1431 videret,
1136 1362 1319 1419 dicens
1350 1382 1362 1416 :
1398 1363 1544 1418 Misit
1584 1362 1741 1416 draco
1770 1362 2009 1425 caudam,
2055 1371 2105 1417 et

524 1440 683 1506 traxit
709 1438 911 1490 tertiam
940 1447 1137 1506 partem
1160 1434 1447 1501 stellarum,
1467 1442 1514 1487 et
1544 1435 1686 1506 misit
1707 1449 1793 1486 eas
1810 1434 1865 1486 in
1887 1441 2099 1487 terram.

522 1505 613 1561 ΠΜ
646 1508 841 1577 quippe
878 1502 1089 1561 Satanae
1120 1507 1431 1577 extremitas
1461 1519 1555 1575 per
1586 1502 1867 1577 audaciam
1897 1517 2105 1577 assum:

524 1580 597 1661 pti
625 1573 857 1661 beluinis
885 1575 1389 1661 erectao‘qttosdam,
1430 1573 1575 1661 quos
1606 1574 1751 1661 velpt
1780 1574 1981 1661 electos
2000 1573 2101 1661 ,ρθί

522 1644 577 1703 in
624 1647 860 1703 Ecclesia
905 1644 1139 1712 invenit,
1190 1646 1503 1710 obtinendo,
1538 1644 1799 1713 reprobos
1828 1645 2098 1710 ostendit;

523 1727 579 1773 et
604 1731 841 1790 extrema
872 1717 1222 1790 persuasione
1250 1716 1561 1790 An_tich_ri5ti
1608 1715 1847 1790 quidam,
1893 1715 1983 1783 qui
2030 1715 2103 1768 vi-

522 1790 715 1843 dentur
744 1784 949 1856 lucer'e,
981 1788 1274 1858 rapientur.
1320 1786 1516 1842 Stellas
1560 1799 1790 1858 namque
1821 1784 1871 1858 in
1906 1793 2100 1858 terram

523 1861 736 1930 trahere
763 1867 846 1913 est
874 1855 965 1913 eos
1005 1855 1093 1930 qui
1125 1859 1371 1912 videntur
1401 1858 1575 1912 studio
1606 1857 1725 1910 vitm
1750 1855 1982 1930 caelestis
2028 1857 2103 1930 in-

522 1929 726 1985 hzvrere
748 1946 814 1985 ex
843 1926 1036 1985 amore'
1060 1942 1270 1982 terreno
1301 1930 1580 1997 iniquitate
1608 1926 1779 1996 aperti
1803 1927 2001 1981 erroris
2030 1927 2105 1981 in-

522 2002 763 2055 volvere.
794 2000 989 2054 Stellas
1018 1999 1085 2055 de
1114 2000 1251 2053 cmlo
1280 2000 1331 2053 in
1360 2007 1556 2053 terram
1588 1998 1782 2052 cadere
1812 2005 1893 2050 est
1916 1997 2101 2051 relicta

524 2072 808 2126 nonnullos
832 2087 924 2140 spe
947 2070 1243 2126 cmlestium
1276 2070 1367 2125 illo
1388 2068 1522 2123 duce
1544 2067 1611 2122 ad
1632 2066 1890 2122 ambitum
1920 2068 2103 2137 gloria

524 2143 796 2197 saecularis
827 2142 1053 2198 inhiare.

523 2231 648 2287 Car.
683 2230 795 2285 XL.
823 2264 894 2274 —-
924 2230 989 2285 Et
1026 2230 1184 2285 draco
1210 2232 1348 2286 stetit
1382 2238 1502 2287 ante
1527 2232 1810 2296 mulierem,
1842 2247 1955 2302 qua:
1991 2238 2105 2285 erat

592 2306 868 2373 paritura;
920 2312 974 2375 ut
1000 2318 1111 2355 cum
1152 2304 1446 2372 peperisset,
1493 2303 1661 2373 [ilium
1698 2304 1809 2375 ejus
1839 2303 2103 2358 devoraret

597 2371 781 2444 (Apoc.
813 2389 901 2437 xu,
944 2371 1024 2442 4).
1217 2371 1222 2372 ⁷
1494 2371 1501 2373 ἡ
1712 2442 1715 2449 ι

594 2462 683 2533 (In
728 2463 959 2533 exposit.
992 2461 1055 2515 B.
1084 2460 1207 2525 Job,
1254 2461 1346 2517 lib.
1391 2477 1576 2529 xxxrv,
1620 2478 1765 2518 num.
1803 2461 1915 2533 η.)
1955 2462 2102 2519 Scri-

521 2532 679 2603 ptura
732 2547 881 2585 sacra
933 2532 1004 2586 ita
1058 2548 1443 2602 nonnunquam
1508 2542 1718 2603 tempus
1776 2532 2102 2602 praeteritum

522 2604 862 2675 futurumque
891 2604 1213 2675 permiscet,
1242 2614 1298 2656 ut
1326 2603 1612 2674 aliquando
1640 2603 1821 2659 futuro
1847 2620 1944 2674 pro
1974 2619 2103 2675 prm-

522 2674 714 2744 y-rito,
747 2674 1033 2739 aliquando
1062 2688 1189 2728 vero
1219 2682 1402 2728 utatur
1446 2676 1719 2744 prieterito
1764 2690 1861 2744 pro
1892 2674 2097 2731 l'uturo.

518 2742 721 2798 Futuro
768 2758 999 2812 namque
1044 2759 1142 2812 pro
1191 2742 1460 2813 praeterito
1512 2754 1699 2815 utitur,
1740 2742 1861 2800 cum
1909 2745 2101 2802 loanni

523 2815 713 2885 mulier
740 2816 973 2885 paritura
1013 2815 1308 2885 masculum
1338 2816 1431 2885 qui
1460 2825 1612 2884 regat
1640 2828 1826 2885 gentes
1874 2818 1925 2871 in
1953 2817 2101 2885 virga

519 2884 692 2939 lerrea
731 2884 1145 2939 demonstratur.
1184 2884 1338 2951 Quod
1364 2884 1505 2953 quia
1554 2884 1834 2941 incarnato
1873 2884 2099 2943 Domino

516 2956 767 3026 veniente
793 2956 901 3023 jam
932 2962 1059 3009 tunc
1085 2956 1281 3009 tactum
1308 2955 1503 3022 fuerat,
1528 2973 1613 3011 res
1638 2968 1788 3026 gesta
1818 2958 2101 3013 nuntiaba-

520 3035 625 3097 tur.
660 3025 889 3079 Rursum
922 3026 1206 3097 praeterito
1224 3026 1403 3097 utitur
1450 3042 1547 3097 pro
1575 3025 1780 3090 futuro,
1828 3030 1959 3083 sicut
2004 3043 2100 3097 per

520 3095 852 3149 Psalmistam
918 3096 1171 3150 Dominus
1220 3095 1485 3166 loquitur,
1558 3098 1784 3154 dicens:
1830 3095 2099 3153 Foderitnt

516 3182 702 3220 manus
724 3182 861 3219 meas
880 3176 930 3219 et
950 3167 1099 3235 pedes
1122 3183 1286 3221 meos:
1309 3168 1758 3223 dinumeraverunt
1779 3172 1955 3225 omnia
1978 3185 2099 3225 ossa

518 3253 629 3309 mea
650 3236 830 3309 (Psal.
864 3252 972 3301 xxx,
1005 3236 1112 3306 l8).
1156 3236 1359 3309 Quibus
1397 3238 1646 3293 videlicet
1677 3241 1848 3295 verbis
1892 3241 2099 3309 species

518 3308 797 3379 dominicae
827 3308 1091 3379 passionis
1111 3309 1260 3377 quasi
1286 3307 1403 3379 jam
1446 3318 1715 3364 transacta
1755 3307 2094 3379 describitur,

515 3377 607 3433 sed
642 3387 816 3434 tamen
844 3377 1017 3434 adhuc
1046 3380 1202 3447 longe
1234 3388 1356 3449 post
1383 3378 1561 3433 futura
1585 3382 1876 3435 nuntiatur.

516 3491 648 3547 CAP.
688 3488 996 3564 XLI‘.—Et
1023 3492 1215 3564 factum
1244 3501 1320 3545 est
1340 3492 1573 3564 prndium
1597 3509 1837 3564 magnum
1866 3494 1920 3547 in
1950 3495 2097 3564 cwlg,

588 3558 811 3616 Michael
832 3558 1071 3634 etangeli
1091 3562 1199 3633 ejus
1224 3558 1596 3633 prwliabantur
1616 3558 1727 3616 cuin
1755 3564 1997 3617 dracone.
2029 3558 2099 3619 Et

584 3634 740 3687 draco
770 3632 1029 3705 pugnabat
1054 3632 1297 3703 et’angeli
1326 3636 1456 3705 ejus,
1479 3644 1527 3687 et
1556 3651 1657 3687 non
1686 3636 1971 3699 valuerunt,
2004 3652 2096 3689 ne-

585 3721 679 3775 que
706 3704 849 3757 locus
895 3705 1127 3775 inventus
1156 3715 1229 3775 est
1276 3704 1451 3759 eorum
1493 3707 1710 3775 amplius
1756 3706 1807 3758 in
1850 3705 1997 3760 caelo.
2028 3705 2098 3759 Et

591 3773 845 3842 projectus
868 3784 941 3826 est
964 3773 1119 3826 draco
1149 3773 1235 3827 ille
1258 3791 1475 3845 magnus
1500 3774 1682 3845 (Apoc.
1715 3791 1805 3840 xu,
1842 3775 1915 3844 7).

592 3862 808 3939 (lioniil.
842 3862 931 3939 Si,
960 3864 1013 3939 in
1040 3863 1275 3939 Evang.L
1297 3882 1351 3918 n.
1383 3866 1435 3929 8,
1469 3866 1547 3935 9.)
1580 3867 1819 3939 Serpens
1842 3868 2097 3939 antiquus

517 3932 609 4003 qui
634 3942 858 3988 vocatur
884 3932 1126 3988 diabolus
1153 3932 1207 3987 et
1244 3932 1489 3999 Satanas,
1522 3932 1613 4003 qui
1643 3932 1850 3991 seducit
1880 3932 2093 3993 univer-

514 4021 633 4061 sum
663 4004 870 4078 orbem,
901 4003 1282 4078 projectus.est
1312 4003 1369 4078 in
1397 4012 1617 4078 terram,
1659 4013 1719 4078 et
1758 4008 1930 4078 angeli
1980 4010 2097 4078 ejus

513 4092 632 4131 cum
672 4075 757 4129 illo
804 4073 946 4129 missi
972 4085 1131 4147 sunt.
1156 4073 1400 4131 Caelestis
1432 4073 1616 4146 patriae
1644 4073 1866 4147 spiritus
1891 4073 2091 4135 idcirco

550 4146 737 4217 rivalis
766 4145 1069 4217 nominibus
1100 4154 1407 4212 censentur,
1451 4155 1510 4201 ut
1540 4145 1781 4216 signetur
1813 4164 1908 4217 per
1937 4165 2093 4204 voca~

552 4216 636 4286 ula
665 4215 900 4286 etiamin
923 4217 1237 4286 Operatione
1261 4217 1387 4285 quid
1408 4215 1642 4272 valeant.
1672 4217 1738 4271 Et
1760 4215 1883 4272 cum
1908 4220 1972 4272 ad
1998 4235 2093 4275 nos

515 4284 713 4357 aliquid
751 4284 1103 4357 ministraturi
1131 4284 1369 4351 veniunt,
1404 4288 1547 4357 apud
1577 4303 1673 4342 nos
1702 4289 1863 4343 etiam
1897 4305 2090 4345 nomen

512 4369 542 4428 a
571 4355 877 4428 ministeriis
903 4356 1138 4428 trahunt.
1170 4357 1393 4413 Michael
1416 4355 1662 4428 namque,
1692 4360 1809 4427 quis
1834 4367 1891 4412 ut
1918 4359 2088 4428 Deus;

519 4422 758 4498 llapbael
785 4425 1143 4498 verogdicitur
1172 4429 1437 4483 medicina
1467 4422 1582 4483 Dei'.
1613 4428 1673 4482 Et
1707 4422 1918 4498 quoties
1944 4422 2090 4485 miraé

512 4492 723 4568 virtutis
751 4492 948 4564 aliquid
997 4499 1186 4565 agitur,
1236 4498 1463 4554 Michael
1502 4500 1639 4553 mitti
1672 4492 1999 4568 perhibetur,
2030 4511 2091 4556 nt

513 4580 580 4621 ex
624 4567 751 4640 ipso
770 4575 891 4620 actu
927 4574 981 4620 et
1028 4570 1243 4640 nomine
1271 4569 1426 4624 detur
1472 4567 1691 4640 intelligi
1744 4572 1870 4640 quia
1913 4572 2087 4625 nullus

512 4611 692 4762 potest
735 4636 916 4692 lacere
951 4636 1097 4707 quod
1136 4637 1313 4694 facere
1351 4611 1603 4709 prmvalet
1642 4611 1804 4695 Deu‘s.
1857 4611 2089 4698 Undeut;

536 4707 603 4762 lle
647 4708 815 4762 hostis
845 4709 1094 4762 antiquus
1135 4708 1225 4762 aui
1252 4725 1367 4762 esse
1399 4711 1508 4762 Deo
1537 4727 1634 4762 uer
1674 4714 1980 4762 sunerliiam
2011 4713 2083 4762 si-

536 4707 617 4781 lle
647 4708 815 4763 hostis
845 4709 1094 4781 antiquus
1135 4708 1225 4778 qui
1252 4707 1367 4781 esse
1399 4711 1508 4763 Deo
1537 4727 1634 4781 per
1674 4714 1981 4780 superbiam
2011 4713 2083 4765 sl-

511 4779 650 4833 milis
678 4779 1000 4850 concupivit,
1020 4849 1023 4850 ν
1042 4780 1223 4833 dicens
1249 4797 1260 4832 :
1296 4778 1363 4833 In
1393 4778 1573 4835 cwlum
1600 4778 1900 4850 ascendam,
1932 4798 2085 4850 super

510 4858 654 4902 astra
682 4848 795 4903 coeli
832 4849 1070 4903 exaltabo
1100 4850 1282 4904 solium
1310 4866 1506 4915 meum;
1538 4853 1719 4907 similis
1765 4870 1851 4907 ero
1881 4848 2088 4908 Altissi-

510 4918 751 4992 νηομδα.
782 4935 889 4986 xxv,
915 4919 1004 4992 15)
1031 4937 1045 4987 ;
1086 4918 1212 4992 dum
1241 4924 1291 4975 in
1325 4921 1427 4976 line
1455 4923 1640 4977 mundi
1683 4924 1732 4975 in
1764 4940 1858 4977 sua
1891 4926 2084 4980 virtute

513 4990 866 5062 relii'lquetur,
913 4990 1153 5046 extremo
1194 4991 1399 5060 judicio
1444 4993 1803 5062 perimendm,
1835 5012 1955 5049 cum
1990 4992 2087 5049 Mi-

508 5059 698 5132 chaele
743 5060 1066 5132 archangelo
1109 5059 1460 5129 prmliaturus'
1494 5077 1611 5117 esse
1654 5065 1979 5132 perhbetur,
2026 5072 2085 5121 tit

509 5130 599 5252 alui
631 5144 689 5185 se
716 5130 781 5184 ad
815 5129 911 5185 Dei
933 5130 1333 5188 similitudinem
1360 5129 2084 5208 superbius'extulerat,per

566 5199 826 5252 ichaelem
852 5210 1161 5252 peremptus
1189 5204 1360 5252 discat
1396 5206 1519 5252 uuia
1552 5202 1617 5252 ad
1650 5203 1741 5252 Dei
1781 5206 2084 5252 similitudi-

566 5199 826 5274 ichaelem
852 5210 1161 5272 peremptus
1189 5204 1360 5259 discat
1396 5199 1521 5274 quia
1552 5202 1742 5274 ad‘Dei
1781 5199 2084 5260 similitudi-

510 5284 633 5349 nem
655 5271 832 5326 nullus
860 5287 955 5340 per
980 5271 1282 5349 superbiam
1314 5271 1583 5349 exsurgat.
1604 5272 1839 5349 Ilaphael
1859 5291 2083 5349 quoque

510 5345 1002 5420 interpretagtr.._ut
1046 5345 1296 5420 diximus,
1328 5346 1611 5420 medicina__
1628 5347 1752 5413 Dei;
1781 5347 1904 5417 quia
1935 5349 2084 5420 vide-

511 5408 784 5491 licet-dum
809 5410 990 5491 Tobiae
1018 5414 1201 5469 oculos
1226 5408 1377 5491 quasi
1409 5433 1502 5487 per
1525 5408 1759 5491 ollicium
1788 5408 2082 5475 curationis

511 5485 717 5559 tetigit,
763 5485 1016 5559 cmcitatis
1064 5502 1181 5559 eius
1213 5485 1459 5559 tenebras
1490 5490 1658 5559 tersit.
1712 5489 1813 5555 Qui
1857 5504 1985 5559 ergo
2016 5492 2081 5544 ad

474 5596 475 5599 η
511 5555 806 5630 qurandum
832 5557 1055 5610 mittitur
1083 5556 1297 5628 dignum
1327 5557 1573 5614 videlicet
1612 5556 1709 5614 fuit
1758 5568 1814 5614 ut
1854 5555 1949 5616 Dei
1979 5576 2086 5616 me-

510 5618 685 5677 dicina
715 5637 1019 5682 vocaretur.

509 5708 637 5793 Cui.
673 5711 827 5793 XLII.
851 5747 921 5757 —
959 5716 1027 5771 Et
1067 5720 1237 5775 audivi
1282 5738 1453 5776 vocem
1495 5739 1741 5793 magnam
1790 5723 2038 5778 dicentem
2062 5740 2081 5779 :

580 5780 741 5865 Nunc
769 5787 907 5865 facta
932 5797 1006 5840 est
1042 5794 1201 5865 salus,
1242 5802 1291 5845 et
1320 5793 1497 5858 virtus,
1539 5780 1824 5865 etvregnum
1870 5793 2081 5850 Domini

579 5858 763 5925 nostri,
799 5864 849 5913 et
886 5866 1110 5928 potestas
1140 5860 1329 5919 Christi
1365 5866 1506 5934 ejus;
1547 5858 1958 5937 quia'projectus
2001 5873 2081 5923 est

1409 329 1752 391 APPENDIX
1788 330 1884 390 AD
1922 330 1987 390 S.
2029 328 2357 390 GREGORII
2394 328 2621 389 OPERA
2661 327 2890 389 OMNIA.

525 450 760 510 Ecclesia
782 464 899 519 quae
921 448 976 505 in
995 446 1100 503 hac
1124 451 1289 519 nocte
1316 446 1763 519 prmsentisgvitre,
1796 444 1921 519 dum
1953 444 2104 519 in_nu-
2128 446 2185 510 Α
2276 453 2549 499 accusator
2597 446 2818 519 fratrum
2863 451 3173 519 nostrorum,

2127 3223 2174 3287 C

3653 327 3787 392 N12

3223 438 3309 513 qui
3354 442 3636 497 accusabat
3674 445 3788 502 illos

2276 524 2397 570 ante
2414 525 2742 586 conspectum
2766 514 2974 569 Domini
2998 514 3082 567 die
3101 529 3163 567 ac
3184 518 3331 567 nocte
3351 514 3540 584 (Apoc.
3565 531 3661 580 ut,
3682 516 3791 586 Νὴ

2275 605 2355 677 (In
2386 608 2615 677 exposit.
2646 602 2706 660 Β.
2734 604 2853 669 Job,
2885 605 2975 659 lib.
3006 621 3071 671 ιι,
3102 620 3248 677 num.
3282 603 3398 676 lii.)
3446 607 3677 661 Astutus
3703 609 3791 663 sd-

2203 676 2471 731 versarius
2502 694 2621 731 cum
2670 687 2910 731 sanctum
2952 676 3245 746 quemlibet
3292 677 3466 731 virum
3500 678 3646 733 inter
3669 695 3789 746 pro-

2204 695 2471 731 versartus
2502 695 2621 731 cum
2670 695 2910 731 sanetum
2952 695 3245 746 quemlibet
3292 695 3466 731 νιτυω
3500 695 3646 733 ωιει·
3706 695 3789 735 το-

2204 762 2360 817 spera
2388 747 2523 803 bene
2555 748 2727 816 egisse
2746 746 3090 817 considerat,
3123 747 3417 815 reprobare
3466 747 3614 817 apud
3648 695 3791 805 ﬁndi.

2205 815 2321 893 cem
2351 833 2448 889 per
2480 815 2703 872 adversa
2734 816 2970 893 festinat.
3004 815 3281 887 Scriptura
3308 833 3438 872 vero
3468 815 3635 893 sacra
3656 828 3793 893 sape

2204 889 2346 943 diem
2378 905 2473 959 pro
2504 889 3050 962 prosperis,_noctem
3084 897 3263 962 autem
3296 903 3393 957 pro
3423 891 3670 946 adversis
3698 889 3792 962 po-

2205 975 2334 1014 nere
2364 958 2661 1015 consuevit.
2696 958 2751 1013 In
2783 960 2870 1014 die
2900 974 3027 1028 ergo
3051 968 3106 1013 et
3134 960 3185 1013 in
3210 968 3370 1013 nocte
3400 974 3668 1018 accusare
3692 958 3792 1019 non

2204 1030 2418 1095 desinit,
2451 1036 2575 1100 quia
2598 1030 2758 1085 modo
2790 1046 2887 1085 nos
2918 1032 2969 1085 in
3007 1031 3299 1100 prOSpcris,
3327 1031 3493 1085 modo
3524 1032 3578 1085 in
3612 1034 3796 1089 adver-

2203 1101 2275 1156 sis
2306 1100 2632 1155 accusabilrs
2672 1101 2957 1156 ostendere
2988 1100 3282 1155 contendit.
3330 1100 3388 1157 In
3418 1100 3509 1156 die
3553 1112 3789 1171 accusat,

2208 1187 2331 1227 cum
2358 1173 2629 1243 prosperis
2652 1172 2795 1227 male
2817 1187 2915 1226 nos
2941 1173 3013 1225 uti
3044 1172 3277 1243 insinuat
3301 1190 3313 1235 ;
3345 1173 3398 1226 in
3440 1182 3607 1243 nocte
3636 1190 3796 1230 accu-

2205 1253 2307 1308 sat,
2343 1240 2464 1297 cum
2490 1240 2560 1298 in
2589 1243 2829 1299 adversis
2858 1259 2955 1297 nos
2985 1258 3090 1297 non
3122 1240 3321 1298 habere
3348 1240 3677 1313 patientiam
3703 1247 3794 1302 de-

2206 1322 2489 1368 monstrat.

2205 1406 2336 1463 Car.
2359 1406 2535 1461 XLIII.
2553 1440 2623 1451 -
2659 1406 2747 1478 Va:
2772 1416 2922 1462 terra:
2947 1416 2993 1461 et
3022 1407 3156 1461 mari
3173 1448 3188 1474 ,
3210 1407 3331 1478 quia
3354 1409 3598 1463 ascendit
3622 1408 3797 1464 diabo-

2277 1479 2358 1551 lus
2390 1479 2457 1531 ad
2478 1496 2563 1533 vos
2588 1520 2604 1545 ,
2637 1477 2828 1551 habens
2858 1479 2991 1551 iram
3019 1477 3265 1551 magnam
3280 1520 3302 1551 ι
3316 1481 3487 1551 sciens
3515 1479 3658 1551 quod
3684 1498 3798 1536 Isto-

2279 1549 2450 1603 dicum
2480 1544 2677 1619 tempus
2706 1548 2859 1603 habet
2886 1548 3069 1619 (Apoc.
3100 1544 3173 1604 iu
3196 1590 3211 1612 ,
3245 1544 3358 1620 η).

2278 1640 2357 1711 (In
2385 1642 2616 1710 exposit.
2644 1640 2712 1697 Β.
2740 1639 2860 1695 Job.
2894 1641 2987 1696 lib.
3019 1656 3197 1705 xxxiv,
3228 1657 3375 1695 num.
3414 1642 3494 1711 I.)
3533 1643 3797 1712 Antiqua

2206 1710 2379 1765 hostis
2404 1721 2644 1782 extrema
2670 1712 2851 1765 mundi
2878 1712 3113 1782 atrocius
3137 1719 3444 1767 tentaturus
3465 1710 3793 1782 aggredi—tur,

2205 1784 2332 1851 quia
2370 1790 2520 1836 tanto
2551 1781 2609 1835 lit
2638 1782 2931 1837 ferventior
2951 1781 3021 1836 ad
3048 1783 3329 1853 gevitiam,
3350 1781 3563 1853 quanto
3588 1800 3649 1839 se
3674 1786 3798 1839 rici-

2208 1854 2413 1925 niorem
2467 1855 2631 1925 sentit
2670 1854 2736 1907 ad
2784 1868 3017 1925 poenam.
3047 1852 3383 1907 Considerat’
3403 1856 3614 1925 quippe
3652 1856 3793 1923 quod

2200 1924 2349 1993 juxta
2382 1925 2449 1977 sit
2475 1934 2532 1977 ut
2562 1923 2828 1979 licentiam
2859 1924 3070 1978 amittat
3108 1923 3449 1993 nequissimae
3497 1923 3758 1981 libertatis
3780 1967 3795 1992 ,

2204 1994 2459 2065 quoniam
2483 2009 2511 2048 a
2543 1995 2783 2050 tentandi
2822 1995 3038 2065 licentia
3088 1994 3389 2049 abstractus
3410 2034 3427 2058 ,
3458 1997 3683 2053 aeternis
3725 2000 3798 2051 in-

2204 2064 2410 2120 cendiis
2438 2066 2786 2148 greligabitur.
2818 2064 2885 2119 Et
2904 2074 3182 2148 quantum
3228 2065 3512 2148 brevitate
3527 2071 3798 2147 temporis

2204 2146 2538 2204 angustatur,
2570 2144 2777 2191 tantum
2809 2136 3203 2206 multiplicitate
3232 2136 3571 2191 crudelitatis
3602 2154 3797 2207 expan-

2204 2208 2384 2262 ditur:
2417 2208 2622 2264 habens
2651 2208 2783 2263 iram
2831 2220 3113 2275 magnam,
3145 2207 3320 2263 sciens
3347 2208 3495 2276 quod
3526 2211 3795 2263 modicum

2207 2285 2417 2351 tempus
2448 2278 2611 2335 habet
2633 2317 2650 2345 ,
2672 2281 2813 2351 sicut
2831 2279 2898 2335 de
2921 2278 3200 2351 illo,gvoce
3228 2278 3473 2347 angelica
3500 2276 3705 2351 Joanni
3724 2282 3797 2334 di-

2205 2348 2365 2404 citur.
2398 2352 2545 2405 'l‘unc
2572 2365 2699 2417 ergo
2726 2350 2778 2405 in
2808 2362 3015 2419 magnae
3056 2348 3150 2404 irae
3178 2349 3446 2404 fervorem
3477 2366 3537 2405 se
3574 2350 3793 2415 dilatat,

2205 2435 2272 2475 ne
2302 2422 2391 2491 qui
2415 2422 2468 2475 in
2497 2421 2827 2477 beatitudine
2850 2429 2994 2476 stare
3023 2435 3131 2491 non
3152 2420 3326 2490 potuit
3353 2420 3405 2491 in
3436 2419 3797 2477 damnationis

2205 2486 2549 2547 suae'foveam
2573 2508 2693 2563 cum
2720 2492 2901 2563 paucis
2926 2499 3064 2563 ruat.
3089 2486 3237 2547 Tunc
3266 2486 3527 2563 quidquid
3552 2494 3795 2562 nequiter

2204 2564 2431 2620 valuerit
2474 2561 2735 2619 callidius
2762 2562 3029 2631 exquirit,
3062 2569 3189 2617 tunc
3237 2561 3503 2631 superbia
3532 2568 3794 2618 cervicem

2205 2632 2363 2704 altius
2409 2634 2594 2703 erigit;
2640 2641 2693 2689 et
2740 2632 3162 2704 perdamnatum
3212 2632 3361 2687 illum
3409 2647 3579 2704 quem
3631 2643 3795 2704 gestat

2205 2703 2498 2830 ho‘miiliie‘m,
2525 2720 2684 2760 omne
2710 2702 2850 2774 qqu
2877 2702 3243 2775 temporaliter
3264 2703 3523 2774 prmvalet
3552 2702 3794 2775 nequiter

2205 2790 2267 2829 os
2292 2791 2358 2829 en
2402 2793 2413 2829 ι
2444 2814 2457 2828 .

2205 2784 2457 2831 ostendit.

2202 2865 2332 2923 Car.
2364 2867 2542 2922 XLIV.
2566 2897 2639 2908 -—
2668 2866 2735 2921 Et
2762 2868 2861 2923 vidi
2892 2867 3053 2923 aliam
3100 2864 3315 2921 bestiam
3342 2865 3710 2922 ascendentem
3736 2868 3794 2923 de

2275 2950 2414 3020 terra
2434 2979 2446 3001 ,
2477 2950 2525 3020 et
2546 2938 2764 3020 habebat
2790 2938 3107 3020 cornuang
3131 2939 3330 3020 similia
3358 2941 3488 3020 agni
3503 2981 3518 3002 ,
3544 2942 3789 3020 clloqu-

2275 3012 2425 3065 batur
2453 3013 2584 3064 sicut
2618 3011 2811 3064 draco:
2843 3020 2893 3064 et
2920 3018 3221 3078 potestatem
3250 3008 3441 3077 prioris
3469 3008 3653 3065 bestia
3681 3008 3789 3065 osa-

2275 3098 2389 3135 nem
2417 3081 2642 3150 faciebat
2668 3082 2722 3135 in
2746 3090 3015 3152 conspectu
3036 3080 3166 3152 ejus,
3187 3090 3237 3152 et
3259 3081 3376 3149 fecit
3400 3082 3559 3152 signa
3584 3098 3791 3152 magna,

2273 3163 2329 3207 ut
2354 3153 2510 3206 etiam
2534 3155 2723 3221 faceret
2751 3150 2922 3221 ignem
2944 3150 3006 3205 de
3033 3150 3158 3206 caelo
3185 3150 3493 3221 descendere
3519 3152 3578 3206 in
3600 3150 3792 3207 terrast

2276 3226 2329 3277 in
2358 3220 2626 3291 conspectu
2657 3220 2920 3277 hominum
2947 3224 3130 3293 (Apoc.
3155 3236 3247 3276 sui
3268 3258 3286 3288 ,
3318 3220 3428 3291 il).

2278 3315 2372 3389 (In
2402 3316 2629 3389 exposit.
2663 3314 2723 3369 Β.
2755 3314 2877 3389 iob,
2902 3388 2909 3389 ί
2932 3314 3020 3369 lib.
3055 3326 3221 3389 xxqu
3242 3354 3255 3381 ,
3287 3312 3439 3389 n._59
3460 3356 3473 3380 ,
3499 3314 3562 3389 lii
3594 3352 3609 3377 ,
3642 3316 3735 3371 62.
3765 3319 3789 3389 )

2203 3384 2583 3441 Prmdicatores
2604 3386 2913 3442 Antichristi
2935 3386 3233 3441 sanctitatis
3256 3386 3357 3440 sibi
3384 3386 3610 3455 speciem
3627 3384 3792 3444 aruo;-

2202 3461 2422 3527 gabunt,
2448 3456 2540 3512 sed
2563 3458 2739 3511 tamen
2767 3473 2931 3527 opera
2964 3458 3257 3525 lniquitatis
3275 3457 3631 3511 exercebant:
3655 3459 3797 3515 clari

2202 3538 2357 3584 erunt
2408 3543 2504 3600 per
2544 3529 2764 3599 justitia:
2814 3528 3246 3600 siiiiulatiiinem,
3276 3528 3371 3583 sed
3426 3528 3641 3583 obscuri
3699 3545 3799 3599 per

2201 3597 2449 3669 nequitia:
2477 3597 2975 3671 perpetrationem.
3012 3597 3211 3653 Ilorum
3244 3600 3407 3669 igitur
3431 3597 3797 3656 simulationis

2200 3672 2457 3739 malitiam
2479 3669 2722 3726 Ioannes
2759 3670 2907 3723 brevi
2948 3670 3308 3739 descriptione
3355 3671 3791 3738 comprehendit.

2201 3737 2440 3813 Priorem
2472 3744 2671 3813 quippe
2720 3740 2944 3795 bestiam
2972 3782 2986 3805 ,
3017 3740 3069 3793 id
3118 3737 3201 3794 est
3238 3737 3631 3795 Antichristum
3660 3784 3674 3805 ,
3706 3757 3794 3796 su-

2197 3813 2395 3936 periori
2422 3812 2532 3882 jam
2548 3812 2907 3882 descriptione
2938 3819 3273 3865 narraverat:
3295 3822 3418 3875 post
3438 3826 3603 3880 quem
3625 3814 3791 3867 etiam

2234 3897 2312 3936 mc
2334 3882 2434 3936 alia
2465 3884 2633 3936 bestia
2657 3884 2961 3936 asccniliSse
2983 3883 3196 3936 dicitur.
3219 3882 3341 3936 auia
3365 3890 3490 3936 post
3515 3897 3643 3936 eum
3665 3885 3791 3936 mul-

2234 3897 2312 3936 mc
2334 3882 2434 3937 alia
2465 3884 2633 3937 bestia
2657 3884 2961 3938 asccniliSse
2983 3883 3196 3946 dicitur,
3219 3882 3341 3951 quia
3364 3890 3490 3951 post
3515 3897 3643 3937 eum
3665 3885 3797 3936 mul-

2199 3954 2371 4006 titudo
2404 3954 2810 4021 praedicatorum
2840 3954 2981 4007 illius
3009 3966 3076 4008 ex
3125 3961 3334 4007 terrena
3368 3962 3649 4022 potestate
3676 3958 3795 4022 glo-

2196 4024 2386 4077 riatur.
2401 4023 2474 4077 De
2497 4031 2637 4079 terra
2667 4024 2866 4093 quippe
2895 4024 3188 4079 ascendere
3217 4032 3300 4080 est
3326 4023 3397 4078 de
3429 4032 3649 4079 terrena
3672 4028 3794 4093 glo-

2194 4095 2270 4149 ria
2286 4094 2587 4163 superbire.
2603 4093 2731 4159 Qua:
2754 4095 2816 4146 Ilu
2826 4094 2916 4148 bet
2932 4096 3037 4147 duo
3056 4108 3255 4149 cornua
3277 4095 3402 4163 agni
3428 4096 3650 4157 similia,
3669 4098 3790 4165 quia

2192 4179 2292 4288 Ber
2322 4165 2646 4235 liypocrisim
2674 4164 2975 4218 sanctitatis
3007 4179 3125 4217 eam
3150 4178 3310 4231 quam
3342 4165 3397 4217 In
3426 4180 3486 4218 se
3518 4164 3787 4220 veraciter

2240 4236 2450 4288 ominus
2477 4236 2683 4288 habuit.
2708 4235 2808 4288 sibi
2836 4234 3161 4288 singularem
3183 4235 3359 4288 inesse
3381 4244 3437 4288 et
3465 4236 3787 4288 sapientiam

2240 4234 2450 4290 ominus
2477 4236 2683 4302 habuit,
2708 4235 2808 4288 sibi
2836 4234 3161 4302 singularem
3183 4235 3359 4288 inesse
3381 4244 3437 4288 et
3465 4236 3791 4303 sapientiam

2193 4307 2481 4360 mentietur
2507 4313 2565 4359 et
2585 4306 2767 4360 vitam.
2800 4304 2907 4359 Sed
2933 4305 3055 4371 quia
3084 4304 3185 4359 sub
3213 4304 3335 4372 agni
3359 4307 3549 4373 specie
3576 4308 3792 4360 audito—

2192 4377 2337 4430 ribus
2383 4376 2628 4446 reprobis
2673 4376 3037 4445 serpentinum
3091 4376 3238 4430 virus
3284 4376 3604 4446 inlunditur,
3642 4387 3791 4431 recte

2191 4447 2299 4501 illic
2315 4445 2586 4502 subditur:
2603 4447 2670 4501 Et
2695 4448 2999 4517 loquebatur
3018 4455 3073 4500 ut
3094 4447 3273 4500 draco.
3302 4445 3406 4500 Ista
3435 4462 3571 4516 ergo
3592 4450 3789 4513 bestia,

2192 4518 2243 4571 Id
2290 4528 2372 4572 est
2418 4520 2820 4588 praedicantium
2864 4518 3187 4582 multitudo,
3218 4518 3264 4571 si
3311 4525 3501 4587 aperte
3535 4528 3593 4572 ut
3623 4520 3792 4572 draco

2121 4611 2173 4669 Di
2193 4588 2523 4669 loqueretur,
2552 4603 2688 4669 agno
2716 4590 2903 4669 similis
2930 4604 3036 4669 nou
3064 4598 3382 4669 appareret,
3406 4590 3503 4643 sed
3535 4604 3787 4669 assump-

2190 4659 2260 4728 sit
2288 4661 2411 4724 agni
2439 4663 2672 4728 speciem
2692 4698 2708 4726 ,
2733 4670 2791 4714 ut
2818 4660 3067 4715 draconis
3096 4668 3348 4714 exerceat
3375 4661 3783 4728 operationem.

2187 4727 2282 4784 Illo
2309 4740 2551 4798 tempore
2571 4731 2926 4800 complebitur
2949 4732 3091 4799 quod
3108 4731 3347 4784 veritats
3367 4727 3460 4783 ore
3484 4745 3583 4800 per
3606 4729 3787 4784 Evan-

2186 4802 2385 4868 gelium
2415 4802 2643 4873 dicitur:
2679 4806 2900 4873 Surgent
2929 4801 3299 4871 pseudochristi
3322 4813 3411 4873 ,γει
3448 4801 3781 4870 μεαόορωο

2186 4873 2384 4941 phetce,
2408 4881 2457 4925 et
2500 4872 2861 4943 dabuntsigna
2905 4885 3095 4942 niagna
3143 4882 3191 4925 et
3229 4872 3467 4943 prodigia
3495 4889 3509 4922 :
3539 4873 3705 4943 ita}:
3729 4874 3781 4925 ll

2186 4957 2412 4996 errorem
2436 4941 2776 5011 inducantur,
2793 4945 2836 4997 si
2861 4943 2975 5011 fieri
2995 4941 3185 5011 potest,
3215 4945 3371 4996 etiam
3391 4942 3539 4995 electi
3576 4941 3785 5011 (Hart.

2189 5027 2300 5079 xui,
2332 5013 2442 5083 Ἡ).
2476 5014 2643 5069 Electi
2688 5029 2918 5082 namque
2966 5016 3091 5067 dum
3140 5029 3326 5067 eorum
3364 5014 3517 5080 signa
3554 5016 3788 5082 conspi-

2186 5085 2370 5149 cient,
2408 5086 2533 5138 dum
2581 5092 2988 5140 contemnentes
3035 5087 3198 5137 vitam
3229 5091 3376 5137 tanta
3405 5083 3785 5138 ministroru-

2188 5154 2500 5209 Anticliristi
2529 5156 2782 5209 miracula
2824 5155 3261 5224 perhorrescent,
3286 5154 3555 5223 quoddam
3584 5154 3788 5211 dubie-

2189 5227 2313 5281 tatis
2348 5226 2587 5280 nubilum
2633 5229 2685 5280 in
2717 5225 2881 5281 corde
2922 5227 3210 5295 patientur,
3255 5226 3381 5295 quia
3409 5224 3537 5296 dqm
3566 5241 3634 5279 se
3689 5240 3789 5296 per

2191 5298 2428 5365 prodigia
2462 5298 2671 5352 illorum
2702 5297 2901 5351 malitia
2949 5298 3161 5362 elevat,
3196 5300 3249 5351 in
3280 5299 3394 5351 istis
3431 5297 3789 5365 aliquatenus

2188 5368 2331 5421 visus
2362 5368 2562 5422 certior
2588 5366 2801 5436 caligat.
2852 5368 2931 5421 Ex
2975 5366 3385 5438 praedicatorum
3430 5368 3597 5435 igitur
3632 5370 3791 5423 Anti~

2190 5438 2374 5492 christi
2405 5438 2569 5506 signis
2594 5447 2649 5493 et
2679 5439 2932 5507 prodigiis
2961 5438 3304 5494 mendacibus
3326 5438 3394 5493 ad
3432 5452 3789 5501 momentum

2190 5507 2434 5563 dubietus
2464 5512 2515 5561 in
2543 5509 2699 5564 bouis
2722 5510 2986 5563 mentibus
3015 5509 3375 5578 generabitur.
3401 5520 3456 5571 et
3487 5512 3541 5565 in
3569 5510 3789 5573 electi)-

2187 5595 2307 5633 rum
2338 5581 2587 5636 cordibus
2616 5580 2913 5647 conspectis
2940 5580 3264 5634 terribilibus
3301 5581 3467 5647 signis
3491 5621 3507 5645 ,
3543 5581 3787 5638 obscura

2187 5652 2442 5719 cogitatio
2479 5649 2903 5720 conglobabitur.
2928 5650 3077 5705 Tunc
3104 5656 3441 5720 unaquaeque
3472 5651 3787 5709 electorum

2186 5736 2359 5776 amna
2404 5723 2785 5791 cogitationum
2836 5737 3051 5777 su;:rum
3092 5722 3322 5791 impetus
3354 5723 3515 5791 Quasi
3555 5732 3788 5791 spumas

2186 5793 2448 5848 undarum
2472 5795 2525 5849 in
2556 5794 2661 5849 olla
2690 5792 3008 5849 ferventium
3035 5791 3321 5848 sustinebit
3340 5834 3356 5859 ,
3386 5806 3525 5864 quas
3554 5791 3622 5850 εἰ

2182 5864 2284 5921 zeli
2324 5866 2684 5923 commovebit
2707 5903 2722 5931 ,
2750 5871 2804 5922 et
2828 5864 2939 5939 ipsa
2971 5864 3280 5937 teniporalis
3303 5864 3596 5941 oppressit)
3626 5868 3790 5949 more
