3974 6350
217 348 366 441 iusF

900 380 1148 440 ALULFI
1187 376 1549 439 EXPOSITIO
1588 378 1749 440 NOV!
1789 376 1985 439 TEST.
2026 412 2096 425 —-
2133 378 2283 441 SUP.
2323 378 2822 441 APOCALYPSIM.

3342 384 3482 446 MM

218 504 333 558 ollze
363 500 678 555 intrinsecus
715 497 925 555 clausas
972 499 1174 555 tenebit
1227 497 1380 554 Unde
1413 514 1534 569 cum
1563 499 1798 555 Joannes
1828 496 1874 560 Α
1904 496 2047 552 illam
2079 498 2197 555 sine
2232 497 2631 554 intermissione
2680 512 3057 569 prmparemur.
3088 488 3224 567 Quia
3270 512 3401 568 ergo
3428 509 3485 555 et

216 573 370 641 hujus
405 570 586 626 bestia:
616 572 761 639 signa
792 583 1037 625 narraret
1067 612 1080 636 ,
1116 571 1392 641 adjunxit:
1426 568 1513 624 Ita
1541 580 1594 624 ut
1625 571 1797 641 ignem

219 641 510 716 [aceretde
553 641 1048 716 cwloAdcscendere.
1080 641 1259 716 ignem
1304 643 1503 716 quippe
1548 642 1615 716 de
1658 642 1796 716 caelo

219 710 539 768 descendere
563 721 644 767 est
670 711 736 765 de
765 713 1071 768 cmlestibus
1093 710 1388 769 electorum
1406 710 1599 767 animis
1622 710 1796 768 sancti

217 786 312 839 zeli
349 781 587 839 ﬂammas
617 798 889 837 emanare.

217 877 342 931 CAP.
368 873 607 928 XLV.—
629 873 747 946 Vidi
775 892 931 944 supra
953 873 1084 928 Sion
1112 874 1313 946 Agnum
1334 883 1551 930 stantem
1574 913 1590 938 ,
1615 882 1796 927 etcum

283 962 342 1001 eo
364 956 566 1000 centum
588 945 933 1017 quadraginta
967 945 1185 1016 quatuor
1212 948 1395 999 millia.
1424 946 1503 1017 Et,
1518 948 1794 998 cantabant

280 1017 424 1089 quasi
453 1015 706 1089 canticum
736 1031 921 1069 novum
950 1057 965 1083 ,
992 1025 1039 1069 et
1069 1032 1216 1089 nemo
1245 1026 1443 1085 poterat
1472 1015 1643 1069 dicere
1673 1032 1797 1089 can-

283 1085 435 1141 ticum
454 1125 470 1149 ,
501 1087 602 1140 nisi
630 1086 722 1139 illa
771 1097 971 1139 centum
1009 1085 1354 1159 quadraginta
1383 1097 1603 1158 quatuor
1632 1085 1797 1139 millia

283 1160 465 1208 lAnoc.
496 1173 604 1208 χιιι.
638 1156 713 1208 il.

281 1160 465 1228 (Apoc.
496 1173 604 1223 xxv,
638 1157 713 1226 1).

280 1249 491 1320 (Regni.
517 1257 720 1318 pastor.
752 1257 889 1318 part.
922 1265 977 1303 ιιι
1003 1292 1018 1317 ,
1050 1264 1167 1316 cap.
1199 1248 1313 1320 28.)
1343 1248 1457 1320 iioc
1481 1248 1547 1304 de
1573 1248 1795 1320 virgini-

214 1318 311 1375 bus
340 1327 618 1390 peccatum
650 1320 827 1373 carnis
853 1321 1220 1387 ignorantibus
1247 1318 1341 1390 per
1368 1318 1629 1373 Joannem
1659 1319 1795 1373 dici-

211 1400 313 1446 tur.
363 1390 721 1458 Singulariter
748 1391 945 1460 quippe
990 1391 1256 1446 canticum
1298 1390 1432 1458 Agni
1465 1402 1684 1445 cantare
1714 1398 1798 1443 est

207 1477 326 1518 cum
355 1476 420 1515 eo
450 1461 501 1514 in
538 1471 853 1530 perpetuum
885 1476 992 1530 pra:
1021 1462 1229 1516 cunctis
1268 1460 1513 1517 ﬁdelibus
1541 1462 1701 1515 etiam
1730 1461 1798 1517 de

206 1534 381 1587 carnis
432 1531 841 1600 incorruptione
896 1531 1149 1599 gaudere.
1206 1531 1360 1600 Quod
1408 1540 1586 1585 tamen
1637 1530 1798 1586 electi

206 1602 383 1658 czeteri
431 1602 706 1657 canticum
762 1601 949 1656 audire
998 1611 1256 1671 possunt,
1307 1601 1433 1657 licet
1476 1600 1656 1657 dicere
1699 1616 1793 1655 nec

205 1683 432 1744 queant,
454 1674 585 1742 quia
609 1689 705 1743 per
727 1673 1043 1726 charitatem
1072 1672 1289 1741 quidem
1321 1673 1373 1727 in
1405 1671 1621 1727 illorum
1644 1671 1795 1727 celsi-

205 1744 387 1799 tudine
428 1744 541 1797 laeti
590 1751 752 1809 sunt,
785 1744 1030 1811 quamvis
1074 1744 1139 1796 ad
1183 1757 1369 1797 eorum
1424 1757 1639 1811 praemia
1690 1758 1795 1797 non

204 1823 509 1883 assurgunt.
541 1812 616 1869 De
638 1814 739 1868 hac
769 1814 1168 1883 incorruptione
1191 1822 1245 1883 et
1273 1813 1451 1868 carnis
1487 1814 1798 1877 integritate

205 1900 300 1955 per
346 1882 700 1955 semetipsam
752 1882 962 1939 Veritas
983 1882 1149 1955 dicit:
1182 1882 1307 1939 Non
1365 1900 1540 1938 omnes
1588 1886 1798 1950 capiunt
1830 1884 1877 1952 Β

202 1954 405 2009 uerbum
434 1956 536 2009 hoc
568 1954 781 2026 (Matth.
814 1970 905 2008 xix
924 1993 939 2019 ,
967 1954 1055 2026 11)
1082 1972 1095 2021 ;
1129 1956 1273 2024 quod
1296 1969 1361 2008 eo
1391 1954 1623 2026 innotuit
1650 1969 1799 2026 sum-

204 2042 349 2080 mum
380 2041 505 2081 esse
536 2066 550 2090 ,
579 2024 688 2093 quo
718 2025 1005 2092 denegavit
1026 2024 1265 2079 Omnium
1294 2034 1387 2089 ;et
1414 2025 1537 2078 dum
1562 2024 1803 2094 prmdieit

201 2100 328 2165 quia
357 2096 583 2151 difﬁcile
610 2096 840 2165 capitur,
870 2094 1209 2151 audientibus
1229 2096 1403 2150 innuit
1431 2106 1648 2165 captum
1678 2107 1802 2149 cum

202 2182 308 2236 qua
333 2167 549 2224 cautela
581 2174 846 2221 teneatur.

203 2259 331 2314 CAP.
358 2256 545 2313 XLVI.
570 2285 641 2295 —
669 2256 785 2311 Vidi
814 2254 996 2309 nubem
1027 2256 1326 2323 candidam,
1355 2263 1405 2311 et
1434 2273 1591 2327 supra
1617 2255 1803 2310 nubem

277 2330 543 2385 sedentem
572 2328 789 2383 similem
823 2328 934 2396 ﬁlio
964 2327 1187 2382 hominis
1210 2369 1224 2394 ,
1255 2326 1525 2382 habentem
1551 2328 1605 2382 in
1635 2328 1803 2397 capite

276 2418 369 2455 suo
395 2415 878 2471 coronamiauream
895 2439 909 2465 ,
935 2408 984 2453 et
1001 2400 1059 2453 in
1081 2415 1239 2454 manu
1266 2415 1363 2454 sua
1388 2399 1574 2471 falcem
1599 2407 1805 2454 acutam

279 2470 469 2543 (Apoc.
503 2486 609 2535 xw,
644 2468 713 2522 14
731 2471 772 2538 ).

282 2563 381 2634 (lu
422 2559 745 2634 expositaB.
779 2558 912 2634 Job,
937 2560 1028 2616 lib.
1058 2576 1221 2617 xxxm
1243 2558 1589 2634 ,Vnum._21.)-
1612 2558 1804 2616 Potes-

211 2629 300 2689 tas"
320 2629 850 2702 divini'judicii,quia
878 2633 1017 2686 intra
1047 2647 1106 2686 se
1131 2633 1311 2686 omnia
1342 2629 1629 2702 incidendo
1654 2646 1807 2685 com-

206 2704 488 2775 plectitur,
517 2701 672 2775 l'alcis
692 2701 1052 2770 appellatione
1089 2702 1370 2775 signatur._
1396 2701 1453 2754 ln
1500 2702 1634 2754 l'alee
1659 2702 1804 2775 enim

207 2769 471 2842 quidquid
516 2769 786 2834 inciditur,
845 2769 1606 2842 quaquaversumullectatur,
1659 2769 1807 2842 intus

207 2839 376 2898 cadit.
402 2839 470 2894 Et
494 2842 618 2908 quia
646 2847 885 2910 potestas
904 2842 1119 2909 superni
1145 2840 1333 2909 judirii
1360 2840 1663 2893 nullatenus
1692 2840 1807 2893 evi-

208 2923 381 2977 tatur,
433 2912 572 2966 intra
621 2912 787 2980 ipsam
827 2910 1025 2979 quippe
1073 2926 1296 2974 sumus,
1329 2910 1570 2978 quolibet
1621 2910 1807 2978 lugere

204 2997 516 3039 conemur:
550 2991 696 3036 recte
723 2997 843 3037 cum
892 2988 1150 3037 venturus
1165 2982 1327 3049 judex
1360 2980 1678 3045 ostenditur,
1710 2980 1808 3034 fal-

207 3069 331 3109 cem
366 3062 551 3107 tenere
581 3053 910 3121 perhibetur,
942 3053 1069 3120 quia
1098 3067 1217 3107 cum
1246 3058 1498 3121 potenter
1527 3053 1593 3106 ad
1624 3051 1805 3107 omnia

206 3126 419 3189 obviat,
454 3122 751 3178 incidenter
780 3122 1095 3178 circumdat.

204 3215 340 3270 CAP.
392 3210 689 3285 XLVll.r—
714 3211 783 3266 Et
829 3222 1040 3285 quartus
1086 3212 1297 3285 angelus
1343 3212 1527 3285 effudit
1574 3211 1805 3285 phialam

281 3263 513 3340 tua}.
534 3263 778 3357 £251.:in
795 3263 1067 3357 άῆξιὶὴῖὲὶι
1088 3263 1311 3339 tutan
1337 3263 1550 3357 alget.
1570 3263 1802 3341 lauat.
1831 3263 1876 3327 C

281 3366 334 3411 et
363 3358 485 3428 igne
508 3356 688 3426 (Apoc.
718 3370 824 3421 xvt,
854 3354 931 3426 2).

283 3452 301 3515 (
328 3448 386 3503 In
420 3447 650 3515 exposit.
682 3445 742 3499 Β.
768 3446 868 3501 101)
892 3486 906 3510 ,
938 3445 1030 3502 lib.
1063 3462 1248 3513 xxxiv,
1286 3462 1436 3501 num.
1490 3445 1624 3515 25.)
1666 3445 1808 3504 Solis

206 3520 438 3576 nomine
483 3516 802 3586 sapientium
842 3517 1149 3573 intellectus
1187 3517 1536 3586 exprimitur:
1570 3516 1806 3586 phialam

205 3590 471 3645 videlicet
500 3585 558 3641 in
582 3586 697 3643 sole
715 3585 991 3642 effundere
1019 3597 1102 3642 est
1124 3585 1514 3657 persecutionis
1544 3585 1808 3657 supplicia

204 3662 342 3717 viris
391 3658 669 3728 sapientiae
701 3657 1005 3728 splendore
1051 3656 1375 3726 lulgentibus
1427 3657 1686 3725 irrogare.
1738 3656 1808 3712 Et

201 3730 404 3787 datum
433 3725 515 3783 est
536 3728 610 3782 illi
638 3738 694 3782 ut
720 3725 962 3784 alliceret
990 3725 1235 3783 homines
1263 3736 1393 3782 aestu
1419 3738 1473 3782 et
1501 3728 1621 3796 igne
1642 3768 1657 3793 ,
1680 3728 1807 3797 quia

201 3801 339 3858 dum
397 3799 667 3869 sapientes
711 3800 810 3853 viri
840 3798 1168 3854 cruciatibus
1214 3799 1379 3862 victi,
1427 3799 1569 3853 male
1614 3799 1806 3865 agendi

200 3886 407 3929 errore
456 3868 745 3936 tanguntur
784 3870 995 3924 illorum
1022 3870 1284 3939 exemplo
1330 3868 1570 3939 persuasi
1620 3870 1807 3939 ntirmi

203 3944 426 4015 quique
472 3939 856 4015 temporalibus
887 3937 1165 3994 desideriis
1200 3937 1807 4015 inardescunnuliuinte

200 4008 454 4081 namque
486 4008 702 4081 fortium
725 4019 1007 4077 augmenta
1038 4017 1292 4080 praestant
1313 4009 1695 4081 perditionibus
1723 4011 1809 4064 in-

202 4078 521 4138 ﬁrmorum.
554 4078 689 4145 Quia
715 4080 833 4135 sole
860 4078 1090 4136 acumen
1120 4078 1445 4150 sapientium
1471 4080 1803 4148 designatur,

244 4168 311 4208 er
371 4153 832 4222 comparationem
880 4166 1097 4222 quoque
1144 4148 1510 4222 a'Salamone
1566 4151 1802 4205 dicitur:

250 4222 445 4293 apiens
498 4220 552 4274 ut
580 4220 1024 4293 sol‘permanet,‘
1070 4221 1256 4278 stultus
1309 4230 1365 4275 ut
1404 4221 1529 4277 luna
1578 4230 1807 4278 mutatur

197 4288 399 4369 (Eccl.
428 4306 568 4348 xxvn
589 4332 604 4357 ,
632 4288 738 4362 19).

197 4385 345 4443 CAP.
382 4381 608 4437 XLVIII.
626 4411 695 4425 —-
716 4382 784 4435 Et
812 4399 926 4438 ecce
951 4383 1095 4438 uenio
1116 4386 1245 4437 sicut
1268 4385 1354 4456 fur
1382 4382 1566 4454 (Apoc.
1592 4400 1700 4448 xvi,
1724 4383 1803 4454 8).

281 4471 519 4545 (Homil.
542 4471 620 4545 A5
643 4510 657 4534 ,
691 4472 742 4525 in
791 4471 1033 4545 Evang.,
1065 4486 1120 4527 ιι.
1152 4472 1216 4539 5,
1272 4473 1361 4544 6.)
1400 4473 1480 4545 Ad
1532 4475 1807 4545 excutien-

197 4541 348 4601 duin
391 4542 584 4595 mentis
614 4550 807 4596 nostra:
836 4541 1094 4597 desidiam
1118 4583 1134 4610 ,
1157 4548 1213 4596 et
1239 4550 1299 4597 ut
1325 4541 1535 4595 animus
1557 4543 1622 4596 ad
1653 4556 1805 4598 suam

196 4614 510 4673 suscitetur
533 4611 828 4667 custodiam
849 4653 863 4677 ,
888 4627 984 4682 per
1008 4611 1404 4682 similitudinem
1436 4611 1486 4665 in
1517 4610 1805 4681 Evangelio

197 4683 481 4742 Dominus
503 4683 756 4752 loquitur,
781 4679 991 4738 dicens:
1014 4679 1130 4735 Hoc
1150 4690 1318 4734 autem
1344 4682 1545 4749 scitote,
1563 4679 1806 4750 quoniam

199 4759 251 4811 si
287 4755 448 4809 sciret
491 4754 885 4822 paterfamilias,
904 4768 1018 4825 qua:
1046 4753 1172 4805 hora
1204 4754 1289 4825 fur
1318 4754 1510 4805 veniret
1529 4792 1543 4817 ,
1572 4755 1806 4825 vigilaret

198 4828 399 4895 utique
418 4863 447 4895 ,ί
480 4832 571 4895 et_
596 4839 698 4877 non
737 4826 929 4877 sineret
975 4825 1177 4895 perfodi
1219 4824 1424 4877 domum
1463 4839 1610 4876 suout
1640 4824 1802 4895 (Luc.

201 4912 286 4953 xu
306 4890 331 4959 ’,
386 4894 500 4960 39).
532 4890 604 4946 Ex
637 4908 740 4962 qua
770 4890 1039 4962 (impunissa
1060 4890 1406 4948 similitudine
1436 4890 1808 4948 etiamexhor-

201 4967 359 5021 tatio
404 4963 749 5036 subiulertur,
774 4978 894 5017 cum
921 4966 1152 5036 dicitur;
1185 4963 1254 5017 Et
1283 4981 1369 5018 eos
1407 4975 1565 5019 estote
1593 4967 1765 5036 parati
1788 5007 1805 5036 ,

200 5038 342 5110 quia
391 5050 489 5105 qua
516 5033 645 5087 hora
684 5049 789 5087 non
831 5037 1042 5110 putatis,
1065 5035 1203 5110 ﬁlius
1243 5036 1464 5110 hominis
1498 5039 1678 5110 veniet.
1703 5033 1807 5110 Ne;

116 5138 120 5143 α
200 5102 426 5165 sciente
471 5113 651 5159 autem
699 5102 1109 5176 patrefamilias,
1161 5105 1244 5159 fur
1283 5107 1499 5160 domum
1543 5106 1806 5176 perfodit,

204 5177 350 5249 quia
390 5176 576 5249 duma
605 5174 960 5231 sui’eustodia
999 5176 1226 5249 spiritus
1254 5176 1478 5242 dormit,
1516 5174 1805 5249 improvisa

206 5245 372 5303 litore
413 5246 632 5299 veniens
658 5253 872 5317 _nostr:e
902 5247 1078 5317 carnis
1108 5245 1471 5301 habitaculum
1524 5245 1802 5317 irrumpit,

205 5325 275 5375 et
306 5330 427 5369 eum
455 5329 613 5385 quem
654 5315 910 5373 Dominus
947 5316 1137 5372 domus
1166 5317 1427 5372 invenerit
1449 5315 1805 5372 dormientem

208 5394 440 5458 necat;
484 5386 605 5457 quia
648 5400 768 5441 cum
822 5395 1043 5442 ventura
1088 5388 1280 5458 danma
1321 5388 1538 5458 spiritus
1585 5388 1805 5444 minime

255 5457 501 5527 raevidet,
518 5458 658 5511 hunc
684 5472 828 5512 mors
850 5458 915 5511 ad
943 5457 1262 5527 supplicium
1285 5457 1611 5514 nescientem
1643 5460 1801 5527 rapit.

264 5525 352 5600 uri
382 5536 570 5600 autem
620 5528 895 5584 resisteret
939 5528 983 5600 si
1010 5525 1311 5597 ivigilaret,
1345 5531 1467 5600 quia
1516 5525 1803 5584 adventum

203 5595 424 5670 Judicis
471 5597 560 5670 qui
615 5600 824 5653 occulte
879 5595 1112 5670 animam
1165 5600 1303 5668 rapit
1358 5595 1664 5670 pnecavens
1694 5600 1807 5670 ,rei

209 5666 536 5739 paenitendo
565 5677 912 5740 occurreret,
943 5684 1011 5724 ne
1054 5666 1395 5740 impmnitens
1430 5671 1649 5740 periret.
1694 5668 1804 5725 Ho-

209 5751 345 5795 ram
394 5753 521 5793 vero
564 5741 803 5794 ultimam
857 5739 1343 5796 Dominus’noster
1396 5739 1595 5796 ideirco
1649 5741 1804 5797 nobis

213 5806 396 5863 voluit
432 5808 943 5882 esseglneognitam,
990 5818 1049 5869 ut
1089 5826 1306 5882 semper
1349 5811 1516 5881 possit
1542 5826 1657 5867 esse
1684 5827 1804 5882 sus:-

214 5882 384 5956 pocta
408 5918 424 5946 ,
454 5887 515 5935 ut
550 5879 681 5936 dum
721 5881 864 5937 illam
909 5879 1701 5952 praevidere'non‘possumus,
1733 5880 1825 5949 ad

1902 578 2140 623 ventum}
2180 569 2368 623 mortis
2401 578 2609 639 tempus
2639 570 2947 638 ignoramus
2972 612 2987 637 ,
3019 578 3074 623 et
3104 577 3224 639 post
3252 579 3482 627 mortem

1901 641 2113 703 onerari
2173 655 2279 695 non
2330 655 2649 709 possumus,
2681 648 2927 709 superest
2968 647 3029 693 ut
3082 649 3206 694 ante
3250 649 3483 695 mortem

1902 720 2143 780 tempora
2185 711 2388 765 indulta
2422 711 2714 780 rapiamus.
2750 710 2841 765 Sic
2867 710 3010 765 enim
3035 752 3051 779 ,
3084 712 3163 765 sic
3191 724 3337 765 mors
3372 711 3486 780 ipsa

1900 797 2019 836 cum
2043 784 2253 836 venerit
2300 782 2551 848 vincitur,
2581 781 2627 837 si
2674 782 2983 851 priusquam
3037 781 3217 836 veniat
3271 796 3486 852 semper

1904 854 2175 907 timeatur.
3496 855 3503 865 ’

1968 944 2097 998 CAP.
2126 942 2398 998 XLIX.-—-
2427 942 2617 998 Beatus
2637 944 2721 1014 qui
2750 944 2925 1015 vigilat
2949 941 3127 1015 (Apoc.
3161 959 3269 1010 xvt,
3304 942 3416 1013 15).

1973 1035 2202 1105 (Homil.
2240 1035 2333 1099 15,
2362 1036 2414 1089 in
2446 1033 2646 1104 Evang.
2675 1077 2690 1100 ,
2724 1051 2776 1089 ιι.
2819 1032 2871 1087 ’5.
2905 1033 3155 1105 )Vigilat
3181 1033 3272 1102 qui
3302 1034 3367 1089 ad
3400 1048 3488 1089 as-

1938 1104 2117 1159 cetum
2164 1106 2277 1159 veri
2325 1106 2541 1159 luminis
2587 1105 2784 1161 mentis
2829 1104 3014 1160 oculos
3062 1111 3280 1173 apertos
3319 1113 3489 1160 tenet.

1949 1177 2095 1245 igilat
2143 1177 2233 1246 qui
2287 1185 2469 1231 servat
2523 1177 2799 1246 operando
2850 1174 2995 1244 quod
3043 1173 3234 1230 credit.
3292 1174 3489 1242 Vigilat

1900 1250 2053 1319 quia
2097 1261 2157 1302 se
2207 1247 2443 1319 torporis
2489 1255 2545 1319 et
2593 1246 2930 1319 negligentia:
2984 1246 3229 1319 tenebras
3259 1246 3490 1319 repellit.

1901 1316 2036 1371 Hinc
2080 1318 2222 1372 enim
2256 1316 2471 1387 Paulus
2499 1316 2630 1372 dicit
2666 1316 3006 1387 zilfoigilate,
3050 1317 3293 1387 justi,_et
3336 1316 3495 1370 nolite

1898 1404 2109 1458 peccare
2138 1389 2153 1459 (
2180 1387 2205 1441 Ι
2236 1386 2353 1443 Cor.
2411 1404 2495 1451 xv,
2539 1387 2665 1455 54).
2698 1385 2833 1459 Hinc
2868 1385 3061 1441 rursus
3081 1388 3185 1459 ait:
3222 1385 3373 1441 Hora
3416 1393 3497 1441 est

1892 1456 2007 1530 jam
2055 1456 2153 1513 nos
2175 1459 2239 1513 de
2260 1474 2439 1514 somno
2468 1474 2677 1529 surgere
2708 1456 2883 1528 (Rom.
2910 1473 3038 1523 xm,
3072 1456 3184 1525 11).

1901 1551 2031 1606 CAP.
2088 1548 2238 1604 L.—-
2296 1548 2487 1621 Beatus
2523 1549 2619 1621 qui
2666 1548 2887 1621 custodit
2930 1549 3227 1621 vestimenta
3266 1564 3401 1617 sua,
3435 1563 3499 1606 ne

2231 1619 2398 1675 nudus
2427 1617 2650 1674 ambulet
2679 1620 2878 1690 (Apoc.
2909 1634 3025 1684 xvr,
3055 1617 3163 1688 15).

1974 1714 2053 1787 (Ιιι
2085 1715 2317 1787 exposjt.
2370 1714 2430 1767 B.
2462 1711 2564 1768 Job
2587 1754 2602 1779 ,
2646 1712 2739 1767 lib.
2797 1727 2871 1765 xu
2888 1752 2912 1787 _,
2944 1726 2999 1766 ιι.
3055 1709 3087 1763 9
3112 1753 3128 1779 ,
3153 1718 3222 1787 _et
3272 1712 3344 1767 lib
3374 1728 3496 1787 th,

1902 1782 2053 1839 nuin.
2086 1782 2201 1851 63L)
2240 1784 2391 1839 Sicut
2445 1798 2641 1853 corpus
2684 1782 3003 1852 coeperiuut
3029 1783 3347 1838 vestimenta
3372 1824 3387 1850 ,
3418 1784 3500 1839 sic

1905 1857 2139 1909 animam
2185 1856 2326 1909 bona
2378 1862 2667 1924 protegunt
2696 1867 2883 1923 opera.
2922 1853 3134 1908 Vestem
3178 1853 3499 1909 innocentiae

1907 1926 2112 1997 primus
2141 1926 2303 1980 homo
2334 1926 2472 1997 bene
2499 1925 2748 1997 co_nditus
2774 1924 3011 1993 accepit,
3044 1924 3183 1997 male
3211 1939 3501 1994 persuasus

1917 1994 1944 2050 ἐι
1975 2005 2227 2066 serpente
2257 1996 2510 2066 perdidit.
2543 1994 2610 2050 Et
2631 1996 2756 2066 quia
2791 2009 3050 2050 concessa
3082 1996 3228 2065 prius
3260 1998 3312 2049 in
3342 2010 3503 2066 para-

1904 2065 2021 2122 diso
2052 2064 2201 2122 veste
2224 2064 2552 2121 innocentia:
2578 2064 2860 2130 nudamur,
2892 2064 3089 2121 contra
3112 2066 3248 2119 hanc
3278 2065 3498 2121 nudita-

1907 2146 2016 2193 tem
2047 2137 2279 2207 dicitur:
2316 2135 2503 2191 Beatus
2533 2138 2618 2207 qui
2666 2135 2889 2190 custodit
2938 2137 3239 2190 vestimenta
3269 2153 3364 2190 sua
3388 2177 3401 2199 ,
3436 2152 3503 2191 ne

1906 2208 2072 2262 nudus
2103 2206 2345 2261 ambulet.
2395 2207 2720 2261 Vestimenta
2745 2207 2945 2276 quippe
2982 2207 3348 2276 custodimus,
3378 2221 3502 2276 cum

1907 2280 2231 2334 innocentiae
2256 2293 2534 2348 servamus
2576 2279 2628 2331 in
2676 2275 2897 2343 mente;
2930 2285 2988 2331 ut
3026 2292 3146 2331 cum
3195 2292 3293 2333 nos
3315 2275 3504 2348 judicii

1905 2349 2059 2419 culpa
2086 2349 2283 2413 nudat,
2311 2347 2378 2402 ad
2408 2348 2660 2403 amissam
2689 2348 2977 2403 redeuntes
3001 2347 3363 2403 innocentiam
3387 2362 3505 2419 pa:-

1906 2418 2136 2475 niteutia
2164 2418 2394 2490 operiat.

1906 2509 2037 2568 CAP.
2082 2508 2163 2566 L1.
2208 2537 2281 2551 ——
2327 2507 2400 2564 Et
2456 2510 2661 2635 videgnt
2715 2510 3083 2651 tpgpitudinem
3137 2510 3249 2582 ejus
3296 2510 3502 2583 (Apoc.

2608 2597 2689 2648 vt,
2822 2618 2837 2635 .

2608 2597 2689 2648 vr,
2725 2597 2837 2648 ιο).

1979 2669 2079 2741 (Ιιι
2105 2672 2338 2741 exposit.
2365 2670 2429 2745 Β.
2462 2670 2564 2727 Job
2586 2713 2601 2737 ,
2629 2671 2721 2727 lib.
2754 2688 2824 2745 ιι,
2859 2688 3005 2727 ιιιιιιι.
3039 2672 3166 2745 81.)
3206 2672 3506 2745 Turpitudo

1908 2749 2090 2813 nostra
2124 2750 2252 2794 tunc
2282 2743 2539 2813 cernitur,
2572 2756 2694 2813 cuin
2740 2744 2844 2795 vita
2900 2743 3337 2813 reprehensibilis
3377 2754 3505 2802 ante

1910 2809 2169 2886 iustorum
2197 2812 2385 2886 oculos
2425 2812 2477 2886 in
2518 2811 2721 2886 judicio
2758 2809 3095 2886 nequaquam
3125 2814 3504 2886 subsequentis

1947 2882 2035 2935 oni
2083 2882 2263 2951 operis
2294 2884 2527 2950 tegmine
2569 2883 2799 2937 velatur.
2838 2882 2992 2953 Apud
3044 2883 3208 2939 Deum
3259 2882 3505 2942 nostrum

1916 2965 2100 3006 nostra
2133 2968 2232 3007 nos
2261 2968 2427 3023 Opera
2455 2955 2609 3024 quasi
2633 2954 2949 3008 vestimenta
2980 2962 3184 3023 tegunt.

1907 3042 2035 3116 CAP.
2054 3042 2180 3116 (Lll.
2204 3073 2279 3116 -έ
2305 3040 2565 3108 Quantum
2614 3044 2923 3116 glori/ienuit
2962 3060 3016 3099 se
3062 3042 3298 3116 Babylon
3322 3088 3339 3115 ,
3368 3056 3417 3101 et
3445 3047 3506 3104 in

1979 3114 2324 3256 deliciis7)fuit
2352 3154 2368 3175 .
2416 3114 2627 3169 tantum
2665 3114 2784 3169 date
2838 3115 2916 3169 illi
2974 3114 3282 3172 tormentum
3314 3114 3500 3189 (Apoc.

1980 3200 2138 3251 xvm,
2232 3225 2245 3239 .

1979 3274 2060 3349 (In
2089 3275 2325 3349 exposit:
2343 3273 2401 3330 Β.
2436 3272 2570 3349 Joh,
2592 3275 2685 3330 lib.
2712 3291 2767 3349 ix
2791 3314 2811 3349 ,ί
2838 3292 2987 3330 num.
3013 3274 3127 3346 98.)
3158 3277 3506 3349 Nequaquam

1910 3347 2253 3415 omnipotens
2298 3345 2438 3400 Deus
2486 3348 2576 3416 qui
2623 3347 2762 3400 mala
2801 3348 2938 3401 bene
2976 3345 3170 3417 punit,
3203 3345 3507 3409 inordinata

1910 3432 2029 3473 esse
2058 3418 2167 3471 ullo
2195 3417 2357 3489 modo
2384 3418 2469 3489 vel
2496 3426 2767 3472 tormenta
2796 3417 3088 3489 permittit,
3110 3420 3363 3488 quoniam
3389 3422 3505 3489 ipsa

1909 3503 2126 3560 quoque
2164 3488 2428 3560 (supplicia
2454 3530 2469 3555 ,
2499 3503 2618 3558 quae
2648 3501 2715 3543 ex
2755 3488 2909 3544 lance
2941 3488 3161 3557 iustitiae
3200 3488 3504 3560 prodeunt,

1909 3556 2092 3614 inferri
2133 3556 2247 3611 sine
2276 3556 2492 3629 ordine
2520 3556 2879 3629 nequaquam
2931 3556 3175 3629 possunt.
3201 3556 3503 3626 'Quomodo

1910 3644 2142 3697 namque
2163 3629 2215 3682 in
2239 3628 2513 3698 suppliciis
2542 3628 2676 3684 ordo
2708 3644 2813 3683 nou
2845 3628 2949 3684 erit
2976 3672 2990 3694 ,
3022 3630 3147 3684 dum
3189 3630 3503 3686 damnatum

1908 3714 2175 3771 quemque
2202 3700 2369 3771 juxta
2399 3700 2618 3754 modum
2649 3700 2887 3771 criminis
2917 3710 2971 3755 et
3000 3700 3284 3757 retributio
3313 3716 3507 3771 seque-

1912 3770 2258 3844 _tur_ultio_nis.
2284 3771 2607 3844 sicutsupra
2639 3770 2838 3844 dictum
2871 3772 2925 3844 in
2953 3772 3297 3844 damnatione
3327 3770 3503 3844 Baby-

1908 3839 2092 3895 lonis?
2132 3840 2187 3894 Si
2235 3840 2394 3914 igitur
2419 3840 2570 3909 juxta
2598 3842 2815 3914 modum
2843 3842 3012 3912 culpa:
3036 3858 3193 3914 pinna
3220 3839 3504 3913 distingui-

1910 3919 2017 3978 tur,
2065 3919 2278 3967 constat
2323 3912 2572 3967 nimirum
2611 3912 2757 3982 quod
2783 3912 2837 3968 in
2885 3912 3160 3985 suppliciis
3209 3915 3343 3971 ordo
3389 3912 3503 3970 Ser-

1908 3990 2084 4036 νιιιιιτ.

1909 4095 2040 4151 CAP.
2057 4094 2415 4151 Lill.—Beuti
2442 4099 2527 4167 qui
2554 4099 2622 4149 ad
2645 4111 2841 4150 omnem
2865 4096 3309 4221 nugtiurumAgni
3335 4100 3501 4154 uocati

2400 4174 2519 4221 sunt
2550 4165 2732 4221 (Apoc.
2768 4181 2857 4221 xix
2887 4207 2901 4221 .
2970 4168 3008 4221 l.

2400 4165 2519 4221 sunt
2550 4165 2732 4237 (Apoc.
2768 4181 2857 4221 xix
2887 4207 2901 4231 ,
2930 4165 3008 4236 9).

1982 4258 2225 4332 (llomil.
2258 4254 2327 4312 24
2352 4300 2367 4326 ,
2401 4256 2451 4312 in
2482 4255 2679 4333 Evang.
2707 4299 2724 4333 ,
2755 4259 2906 4333 n._6.
2940 4268 2996 4314 et
3024 4259 3210 4315 homil.
3244 4259 3358 4333 36.)
3399 4260 3507 4318 Per

1911 4328 2050 4385 hanc
2097 4345 2307 4387 cumam
2350 4331 2660 4399 nuptiarum
2696 4328 2831 4398 Agni
2877 4339 3137 4385 aeternum
3164 4342 3217 4388 et
3257 4328 3504 4390 ultimum

1910 4402 2212 4456 convivium
2240 4397 2566 4467 designatur,
2598 4397 2667 4471 ad
2696 4397 2839 4471 quod
2866 4401 3107 4471 quisquis
3134 4403 3300 4458 semel
3331 4406 3505 4461 inti-aq

1912 4470 2316 4540 verit,amplius
2339 4486 2443 4525 non
2475 4470 2659 4525 exibit.
2693 4470 2895 4527 Idcirco
2919 4470 3097 4529 autem
3126 4472 3231 4529 hoc
3259 4475 3501 4532 ultimum

1910 4542 2213 4596 convivium
2265 4541 2514 4615 Dei__non
2562 4542 2843 4611 prandium
2872 4585 2887 4611 ,
2918 4544 3011 4598 sed
3054 4560 3209 4600 cinna
3256 4554 3498 4615 VOt'lllUl',

1839 4658 1888 4717 Β
1913 4611 2677 4717 qniaypnst‘ptlandinmppcena
2702 4653 2715 4677 ,
2750 4623 2873 4717 post
2898 4630 3108 4717 Cinnam
3132 4631 3266 4696 vero
3294 4611 3501 4696 nullum

1913 4680 2233 4754 convivium
2268 4690 2452 4736 restat.
2487 4680 2550 4737 Et
2590 4684 2714 4754 quia
2751 4680 3019 4742 internum
3052 4686 3144 4740 Dei
3187 4686 3497 4743 convivium

1912 4752 2064 4808 nobis
2094 4753 2145 4806 in
2195 4761 2438 4825 extremo
2486 4752 2888 4825 praparabitur,
2931 4763 3134 4811 rectum
3176 4755 3274 4809 l'uit
3306 4764 3361 4809 ut
3398 4758 3503 4815 hoc

1911 4839 2018 4897 non
2067 4823 2393 4897 prandium,
2420 4823 2512 4880 sed
2565 4823 2716 4897 cinna
2774 4835 3076 4883 vocaretur.
3126 4825 3331 4881 idcirco
3372 4843 3502 4897 ergo

1909 4894 2144 4948 Joannes
2172 4909 2278 4948 non
2332 4895 2397 4948 ad
2429 4893 2708 4965 prandium
2736 4936 2751 4965 ,
2784 4900 2876 4952 sed
2927 4896 2992 4951 ad
3036 4912 3247 4951 cannam
3275 4893 3501 4955 vocatos

1911 4975 2124 5036 narrat,
2165 4966 2285 5036 quia
2336 4965 2583 5022 nimirum
2633 4970 2684 5023 in
2736 4968 2839 5021 line
2879 4968 2982 5023 diei
3012 4968 3315 5022 convivium
3343 4985 3496 5027 Cinna

1912 5043 2013 5109 est.
2044 5035 2143 5101 Qui
2174 5035 2302 5105 ergo
2325 5037 2472 5091 linito
2500 5040 2774 5109 praesentis
2804 5038 2924 5109 vitae
2954 5047 3197 5107 tempore
3226 5037 3293 5092 ad
3322 5040 3496 5109 relecg

1913 5106 2114 5181 tionem
2163 5124 2409 5181 superna:
2463 5106 2932 5181 contemplationis
2979 5106 3377 5181 veriiuntttton
3430 5106 3498 5166 ad

1911 5174 2047 5248 Agni
2096 5174 2372 5247 prandium
2397 5219 2411 5243 ,
2450 5180 2543 5232 sed
2573 5177 2640 5233 ad
2684 5174 2895 5235 'cteuam
2932 5174 3337 5235 vocantur.lllo
3366 5196 3497 5248 ergo

1909 5247 2098 5321 ultimo
2128 5248 2375 5321 convivio
2418 5249 2483 5321 de
2525 5251 2807 5321 praesentia
2838 5250 3076 5305 veritatis
3115 5247 3493 5319 epulabuntur,

1909 5319 1996 5387 qui
2041 5336 2182 5374 nunc
2229 5319 2565 5387 perfectionis
2596 5322 2772 5376 studio
2822 5329 3031 5377 terrena
3072 5322 3495 5387 transcendunt,

1908 5402 2043 5458 quos
2089 5389 2268 5444 mundi
2320 5389 2475 5458 hujus
2516 5407 2665 5445 amor
2702 5408 2808 5446 non
2860 5392 3025 5461 ligat;
3052 5394 3242 5461 quibus
3279 5394 3380 5447 etsi
3418 5400 3496 5449 ut-

1910 5473 2119 5533 cunque
2154 5467 2615 5533 pergtentamenta
2647 5462 2945 5533 obstrepit,
2975 5473 3151 5533 empta
3180 5474 3359 5518 tamen
3394 5479 3493 5520 eo-

1909 5544 2025 5583 rum
2053 5530 2315 5585 desideria
2341 5549 2445 5586 non
2470 5531 2723 5587 retundit.
2743 5530 2864 5588 illos
2888 5542 3014 5589 tunc
3036 5530 3243 5589 interna
3266 5535 3495 5591 refectio

1907 5603 2201 5676 [eparabin
2222 5602 2343 5676 quia
2376 5604 2685 5676 nune_pleni
2714 5604 3011 5676 septiformi
3036 5606 3205 5676 gratia
3232 5605 3285 5660 in
3306 5620 3494 5663 amore

1908 5669 2139 5747 Spiritus
2189 5669 2460 5747 anhelant.
2495 5669 2662 5747 Hujus
2688 5669 2814 5744 ergo
2838 5713 2854 5740 ,
2885 5669 3077 5747 fratres
3101 5714 3117 5740 ,
3146 5676 3374 5747 Spiritus
3400 5691 3490 5747 re-

1908 5742 2046 5817 pleri
2079 5745 2375 5817 “praiseutia
2422 5742 2823 5817 desideremus,
2880 5742 3004 5817 quia
3052 5747 3097 5802 si
3146 5742 3249 5803 hoc
3290 5746 3494 5817 Spiritu

1905 5810 2049 5881 pleni
2075 5810 2331 5889 fuerimus
2356 5855 2372 5882 ,
2399 5815 2467 5871 ad
2499 5816 2626 5871 illud
2655 5810 2955 5889 convivium
2983 5810 3508 5889 perveniregvalebio,

1905 5896 2044 5938 mus.
2072 5881 2325 5954 Quisquis
2359 5881 2616 5959 namque
2642 5888 2730 5947 ille
2768 5898 2854 5946 est
2880 5881 3043 5963 quem
3089 5903 3233 5945 nunc
3260 5886 3493 5960 Spiritus
