3974 6350
484 324 621 385 “IS

1404 318 1754 381 APPENDIX
1789 319 1885 379 AD
1919 316 1982 377 S.
2018 310 2349 377 GREGORII
2385 311 2615 373 OPERA
2650 303 2887 372 OIINIA.‘

3612 314 3749 373 μισ

477 448 695 499 sanctus
722 453 830 496 non
848 442 1102 510 reparat,
1127 434 1370 510 profecto
1396 437 1463 494 ab
1501 437 1591 495 illa
1617 437 1805 495 :eterni
1832 436 2062 495 convivii
2089 438 2144 500 A
2164 432 2296 491 CAP.
2326 432 2482 490 LVII.
2512 452 2583 478 ——'
2611 433 2801 510 Beatus
2827 442 2877 487 et
2904 439 3110 510 sanctus
3262 430 3658 510 habetmparten
3695 431 3752 486 in

480 511 773 570 refectione
794 508 1019 581 jejunat.

479 626 624 712 Car;
655 626 787 683 LIV.
805 659 885 712 Δ-
915 626 983 711 Et
1009 626 1111 712 vidi
1151 626 1337 712 Attalum
1362 634 1596 697 apertum
1622 636 1719 712 :‘et
1763 643 1891 712 ecce.
1906 643 2064 712 equus

548 697 697 754 albus
720 740 735 767 ,
765 708 822 770 et
843 699 930 770 qui
959 697 1161 753 sedebat
1190 715 1344 767 super
1367 715 1482 753 eum
1510 698 1787 753 vocabatur
1814 697 1985 767 ﬁdelis
2015 707 2068 753 et

551 786 731 825 uerax.
777 768 1083 823 Et‘uestitus
1125 778 1238 823 erat
1278 778 1410 823 veste
1434 786 1668 839 (aspersa
1706 770 1987 839 sanguine,
2018 779 2067 825 et

549 849 762 896 vocatur
804 856 987 894 nomen
1022 840 1132 910 ejus
1169 838 1386 894 Verbum
1423 838 1539 894 Dei.
1583 838 1653 892 Et
1694 838 1951 895 exercitus
1979 840 2067 909 qui

551 913 749 1036 sunitiin
778 911 909 1052 caelo)
938 910 1277 982 sequebantur
1301 927 1417 967 eum
1448 911 1503 965 in
1532 911 1675 981 equis
1700 910 1831 966 albis
1862 912 1877 980 (
1904 913 2065 982 .lpoc.

554 998 607 1047 x,
707 1023 722 1049 ,
745 999 884 1052 seqq.
918 1020 931 1034 .

554 998 607 1047 x,
639 998 722 1049 ιι,
745 998 931 1053 seqq.).

555 1092 633 1165 (In
662 1094 890 1163 exposit.
925 1090 985 1147 Β.
1016 1090 1117 1147 Job
1142 1130 1166 1165 ,_
1188 1090 1281 1165 lib.
1314 1107 1441 1147 xxxi
1465 1131 1481 1155 ,
1515 1106 1663 1165 num.
1688 1090 1805 1165 27.)
1834 1089 2072 1165 Multitu-

482 1161 657 1220 dinem
678 1161 986 1219 sanctorum
1006 1177 1126 1232 qua:
1154 1162 1207 1216 in
1229 1163 1331 1217 hoc
1354 1162 1597 1232 martyrii
1619 1162 1761 1216 bello
1782 1161 2073 1216 sudaverat

482 1234 776 1290 exercitum
806 1242 955 1289 recte
978 1240 1156 1288 vocat.
1187 1233 1289 1299 Qui
1326 1232 1525 1287 idcirco
1557 1232 1612 1286 in
1641 1232 1795 1302 equis
1824 1232 1959 1285 albis
1985 1246 2072 1285 se-

482 1304 610 1359 dere
638 1304 961 1369 referuntur,
983 1303 1106 1371 quia
1131 1303 1377 1359 nimirum
1405 1318 1593 1358 eorum
1623 1318 1852 1373 corpora
1882 1310 1936 1373 ei
1954 1302 2074 1356 luce

480 1374 697 1444 iustitia:
719 1415 735 1439 ,
767 1384 823 1431 et
866 1373 1197 1430 castimonia:
1234 1373 1467 1429 candore
1509 1371 1841 1429 claruerunt.
1874 1371 2072 1444 Equus

483 1442 682 1527 Quippe
702 1453 791 1527 est
808 1444 1092 1527 unicuique
1112 1445 1301 1527 animi:
1330 1460 1537 1527 corpus.
1554 1442 1889 1527 suum,quod
1918 1443 2072 1497 vide-

485 1513 628 1571 licet
648 1516 798 1571 novit
828 1516 894 1569 ab
925 1514 1121 1569 illicitis
1147 1513 1491 1569 continentia:
1521 1513 1675 1570 lreno
1704 1514 2032 1583 restringere
2054 1554 2070 1575 ,

484 1592 543 1641 et
571 1602 780 1641 rursum
824 1584 1103 1641 charitatis
1137 1585 1372 1655 impulsu
1410 1585 1465 1642 in
1519 1584 1909 1642 exercitatione
1946 1584 2073 1640 boni

484 1657 666 1726 operis
694 1657 959 1712 relaxare.

484 1764 613 1822 CAP.
643 1765 753 1822 LV.
774 1799 846 1810 —
866 1765 935 1820 Et
956 1765 1175 1819 habebat
1201 1766 1256 1820 in
1276 1765 1571 1820 uestimento
1600 1781 1693 1821 suo
1720 1774 1769 1819 et
1802 1766 1856 1818 in
1877 1765 2075 1835 femore

554 1839 799 1907 scriptum
826 1854 844 1891 :
897 1835 1007 1908 Rea:
1052 1853 1260 1908 regum,
1294 1846 1356 1907 get
1395 1835 1649 1894 Dominus
1695 1825 2075 1891 dominantium
2108 1825 2153 1887 Β

558 1908 742 1979 (Apoc.
778 1924 892 1977 xtx,
926 1907 1036 1978 I6).

557 2020 700 2090 (Lib.
733 2038 766 2077 ιι
797 2020 849 2076 in
899 2020 1094 2076 Ezech.
1114 2063 1129 2089 ,
1160 2019 1345 2076 homil.
1376 2020 1403 2075 I
1425 2062 1441 2088 ,
1471 2035 1526 2074 ιι.
1557 2018 1638 2090 2.)
1685 2018 2079 2090 Vestimenium

485 2088 695 2148 Domini
718 2090 872 2147 Iesus
897 2092 1095 2147 Christi
1115 2101 1197 2146 est
1224 2107 1419 2160 corpus
1434 2090 1577 2162 quod
1607 2088 1838 2160 sumpsit
1864 2103 1931 2144 ex
1960 2088 2081 2143 Vir-

485 2164 645 2233 gine;
674 2178 772 2217 nec
799 2172 977 2233 tamen
1013 2162 1155 2217 aliud
1185 2162 1300 2231 ejus
1340 2167 1715 2233 vestimentum
1747 2168 1865 2226 est,
1917 2168 2082 2229 atque

486 2232 628 2304 aliud
660 2234 791 2304 ipse.
837 2232 969 2286 Nam
1004 2243 1245 2289 nostrum
1286 2248 1502 2303 quoque
1545 2232 1923 2287 vestimentum
1952 2245 2080 2286 caro

486 2303 711 2370 dicitur,
740 2304 834 2373 sed
862 2311 1037 2357 tamen
1072 2304 1171 2373 ipsi
1202 2318 1299 2356 nos
1329 2313 1509 2361 nostra
1549 2318 1738 2357 sumus
1770 2316 1916 2373 caro
1974 2316 2081 2368 qua

484 2377 767 2429 vestimur.
800 2372 915 2427 Hoc
944 2372 1122 2428 autem
1152 2374 1529 2427 vestimentum
1579 2373 1719 2427 illius
1768 2372 1925 2440 longe
1955 2378 2082 2426 ante

485 2444 653 2500 Isaias
680 2444 945 2510 aspiciens
970 2460 1065 2511 per
1088 2459 1303 2499 crucem
1325 2443 1589 2512 passionis
1609 2441 1866 2510 sanguine
1882 2456 2079 2496 cruen-

486 2523 679 2581 tatum,
717 2514 889 2567 dixit:
924 2512 1097 2577 Quare
1145 2514 1354 2567 rubrum
1398 2523 1474 2565 est
1520 2513 1869 2566 indumentum
1918 2521 2079 2579 tuum,

485 2591 541 2655 ις
602 2585 916 2655 vestimenta
976 2592 1061 2655 tua
1119 2584 1265 2655 quasi
1343 2584 1650 2638 calcantium
1706 2583 1763 2637 in
1813 2584 2080 2655 _torcula_ri

486 2652 651 2728 (lsa._
674 2670 834 2728 t._xtn,
891 2652 987 2725 2)?
1026 2652 1140 2709 Per'
1171 2653 1500 2728 femuryero
1546 2652 1862 2728 propagatio
1905 2653 2081 2728 carnis

486 2723 592 2795 est.
617 2724 752 2790 Quia
781 2738 908 2793 ergo
929 2723 1040 2795 per
1085 2723 1798 2795 propagationem'generis
1839 2723 2080 2790 humani,

483 2794 623 2851 sicut
664 2792 1067 2863 generationum
1086 2792 1310 2850 ordines
1351 2792 1602 2850 Matthmo
1645 2794 1731 2849 vel
1778 2792 1923 2848 Luca
1952 2809 2081 2848 nar-

487 2866 733 2921 rantibus
778 2866 1187 2931 describuntur,
1227 2866 1278 2920 in
1311 2866 1414 2919 hoc
1453 2865 1653 2920 mundo
1674 2864 1820 2919 venit
1846 2878 1912 2918 ex
1959 2864 2085 2918 Vir-

486 2936 641 3004 gine;
674 2948 728 2992 et
770 2952 865 3005 per
909 2936 1294 2991 incarnationis
1319 2951 1427 3006 sua:
1457 2936 1769 3006 mysterium
1810 2934 1933 3006 quia
1957 2933 2080 3006 (Rex

488 3017 633 3062 esset
691 3014 747 3062 et
790 3006 1047 3061 Dominus
1093 3006 1300 3061 cunctis
1341 3005 1539 3075 ubique
1580 3005 1826 3075 gentibus
1880 3005 2084 3059 iudica-

487 3077 603 3142 vit;
656 3078 708 3131 in
755 3078 1077 3131 vestimento
1125 3086 1179 3132 et
1226 3076 1278 3130 in
1344 3075 1546 3130 femore
1589 3078 1847 3141 scriptum
1897 3075 2083 3129 habuit

489 3146 606 3201 Rex
651 3161 835 3203 reuum
879 3155 932 3201 et
973 3147 1227 3203 Dominus
1247 3146 1657 3202 dominantium.
1699 3143 1851 3199 Unde
1880 3145 2081 3203 etenim

491 3216 546 3271 in
578 3212 776 3273 mundo
799 3218 1031 3273 innotuit
1060 3218 1133 3273 ibi
1175 3218 1243 3274 de
1280 3232 1340 3273 se
1386 3216 1634 3273 lectionis
1671 3216 1955 3272 scientiam
1998 3216 2082 3272 in~
2110 3212 2157 3276 C

494 3285 630 3342 ﬁxit.

492 3396 624 3456 CAP.
676 3398 901 3456 LVI.-—
928 3400 1052 3456 Vidi
1092 3400 1332 3469 angelum
1375 3398 1767 3455 descendentem
1814 3401 1877 3455 de
1936 3401 2086 3469 caelo,

503 3533 509 3545 ι
565 3470 833 3526 habentem
881 3472 1071 3527 clavem
1118 3470 1333 3545 abyssi,
1365 3481 1414 3525 et
1457 3482 1701 3545 catenam
1748 3490 1992 3543 magnam
2031 3473 2087 3527 in

563 3560 721 3597 manu
761 3560 854 3598 sua
878 3583 894 3608 ,
940 3551 990 3598 et
1038 3543 1376 3612 apprehendit
1430 3544 1707 3597 draconem
1731 3583 1743 3605 ,
1798 3553 2087 3613 serpentem

564 3614 861 3685 antiquum,
903 3615 989 3686 qui
1019 3622 1095 3667 est
1143 3613 1377 3686 diabolus
1422 3622 1472 3667 et
1520 3624 1767 3686 satanas,
1813 3623 1860 3668 et
1910 3616 2087 3684 ligavit

568 3701 683 3766 eum
724 3701 818 3766 per
868 3701 1033 3766 annos
1101 3685 1271 3766 mille,
1323 3693 1370 3737 et
1418 3686 1559 3766 misit
1619 3686 1670 3738 in
1718 3685 1986 3766 abyssum)
2038 3693 2087 3766 et

571 3755 798 3819 clausit,
830 3763 877 3808 et
934 3756 1157 3825 signavit
1226 3771 1378 3823 super
1424 3756 1598 3817 illum,
1643 3766 1697 3808 ut
1734 3772 1837 3808 non
1873 3757 2086 3810 seducat

567 3826 788 3893 amplius
839 3824 1039 3894 gentes,
1082 3824 1242 3878 donec
1300 3836 1663 3879 consumentur
1712 3826 1850 3880 mille
1896 3828 2021 3880 anni
2067 3843 2085 3882 :

566 3903 620 3967 et
661 3904 775 3963 post
819 3895 936 3967 hac
994 3903 1193 3967 oportet
1244 3894 1389 3949 illum
1436 3896 1563 3950 solvi
1607 3896 1806 3951 modico
1862 3906 2088 3967 tempore

568 3966 750 4036 (Apoc.
786 3980 875 4031 xx,
909 3963 944 4017 2
971 3963 1121 4036 seq.)

568 4079 647 4153 (In
676 4078 906 4153 exposit.
938 4078 1016 4153 Β.
1049 4076 1171 4153 Job,
1199 4076 1291 4153 lib.
1324 4094 1377 4134 tv
1395 4093 1586 4153 ,_,num.
1629 4078 1730 4146 I6;
1762 4078 1855 4135 lib.
1902 4096 2088 4152 xxxn,

498 4147 793 4221 animai)
825 4150 1091 4221 Antiquos
1120 4149 1287 4221 hostis
1314 4158 1371 4205 et
1389 4150 1551 4221 draco
1590 4161 1647 4206 et
1671 4166 1894 4219 serpens
1924 4147 2088 4206 voca;

499 4232 605 4278 tur.
656 4220 825 4275 DraCo
876 4220 1097 4282 dicitur,
1148 4220 1273 4289 quia
1321 4236 1419 4276 nos
1462 4220 1527 4275 ad
1569 4220 1796 4276 nocendi
1827 4222 2086 4277 malitiam

500 4293 823 4361 inﬂammat,
873 4300 927 4344 et
972 4290 1239 4347 malitiose
1277 4292 1433 4346 nobis
1465 4305 1663 4346 nocere
1701 4292 1923 4361 appetit.
1954 4291 2085 4347 Ser-

499 4377 633 4431 pons
659 4360 848 4413 dicitur
867 4400 881 4421 ,
914 4362 1037 4428 quia
1066 4376 1278 4430 semper
1307 4362 1526 4417 insidias
1572 4360 1804 4417 molliter
1826 4362 2083 4427 infundit:

502 4431 909 4504 abyssum_v_e_ro
956 4431 1117 4484 corda
1169 4432 1445 4504 hominum
1492 4442 1680 4498 vocat,
1726 4449 1847 4503 qua:
1894 4443 1949 4489 et
1992 4450 2089 4504 per

500 4498 709 4570 lapsum
738 4498 901 4572 liuida
919 4541 933 4564 ,
955 4512 1008 4553 et
1036 4514 1130 4572 per
1158 4501 1483 4570 duplicitatis
1522 4498 1804 4572 caliginem
1852 4514 1974 4559 sunt
1992 4498 2086 4560 ἰθ-

2452 505 2823 560 resurrectione
2858 505 3026 574 prima
3049 501 3229 573 (Apoc.
3261 520 3361 571 xx,
3394 501 3469 572 6).

2243 596 2323 670 (In
2364 598 2595 668 exposit.
2629 595 2687 651 Β.
2715 594 2875 670 _Jo_b_,
2929 596 3018 670 lib.
3068 612 3195 670 xiv,
3246 611 3393 670 num.
3440 591 3575 660 19.)
3616 590 3755 670 linis

2208 662 2450 726 eccatuni
2481 677 2563 723 est
2589 667 2731 736 quod
2761 666 2829 720 ab
2857 666 3109 721 interiore
3142 667 3247 720 vita
3273 662 3754 736 animamoccidit.

2195 742 2264 796 lle
2291 739 2471 809 itaque
2498 732 2622 809 post
2642 738 2695 792 in
2720 753 2883 809 carne
2908 736 3133 793 feliciter
3159 736 3390 803 resurgit
3414 734 3554 809 Aqui,
3583 732 3641 788 in
3662 732 3761 787 hac

2170 813 2276 867 vita
2308 805 2534 881 positus,
2564 825 2594 863 a
2625 808 2817 863 mentis
2845 823 2954 862 sua:
3000 816 3175 863 morte
3219 805 3475 861 surrexit.

2171 901 2301 961 CAP.
2335 899 2512 956 LVIII.
2558 931 2629 943 -—
2677 898 2748 953 Et
2774 901 2827 953 in
2877 900 2955 953 his
3003 900 3228 953 secunda
3271 915 3410 953 mors
3460 913 3567 950 non
3619 895 3762 948 habet

2240 982 2543 1043 potestatem
2568 1013 2582 1035 ,
2613 971 2702 1025 sed
2730 970 3195 1043 eruntisacerdotes
3226 969 3324 1023 Dei
3363 980 3411 1021 et
3462 966 3684 1043 Qhristi,
3719 975 3765 1020 et

2243 1037 2531 1114 regnabant
2562 1059 2676 1095 cum
2705 1059 2763 1096 eo
2786 1042 2925 1095 mille
2947 1043 3099 1095 annis
3125 1041 3306 1109 (Apoc.
3334 1056 3435 1102 xx,
3466 1037 3545 1109 6).

2246 1134 2324 1203 (In
2348 1134 2577 1202 exposit.
2611 1133 2670 1189 Β.
2697 1132 2821 1199 Job,
2866 1134 2956 1188 lib.
2990 1150 3066 1202 ix,
3102 1150 3228 1188 num
3273 1133 3353 1201 5.)
3386 1130 3442 1186 In
3494 1130 3769 1203 Scriptura

2174 1200 2326 1259 saera
2389 1200 2719 1259 millenarius
2785 1200 3184 1273 numerus‘pro
3230 1200 3583 1258 uniVersitatc
3639 1200 3771 1255 solet

2174 1275 2415 1343 intelligi.
2440 1274 2574 1329 llinc
2600 1274 2799 1330 etenim
2826 1272 3108 1329 Psalmista
3131 1276 3207 1329 ait
3231 1292 3245 1328 :
3280 1273 3433 1327 Verbi
3458 1272 3599 1343 quod
3620 1287 3771 1343 man-

2173 1346 2311 1399 davit
2335 1340 2388 1399 in
2418 1345 2559 1399 mille
2584 1346 2944 1416 generationes
2970 1344 3146 1416 (Psal.
3180 1360 3295 1410 (ειν,
3319 1344 3412 1416 8);
3436 1340 3561 1399 cum
3598 1340 3772 1416 prole:

2176 1423 2265 1486 cto
2298 1424 2509 1469 constet
2535 1410 2680 1485 quod
2708 1416 2776 1471 ab
2804 1417 2919 1486 ipso
2962 1410 3144 1471 mundi
3173 1415 3398 1471 exordio
3416 1455 3433 1479 ,
3491 1410 3772 1486 usquead

2176 1482 2884 1556 Redemptoris'adventum,
2904 1502 2998 1556 per
3014 1486 3396 1554 evangelistam
3416 1500 3529 1538 non
3544 1482 3776 1551 amplius

2217 1572 2336 1627 nam
2366 1558 2703 1627 septuaginta
2733 1564 2787 1612 et
2816 1567 3021 1627 septem
3056 1558 3377 1627 propagines
3397 1563 3773 1627 numerentur.

2217 1572 2336 1609 nam
2366 1572 2703 1627 septuaginta
2733 1572 2787 1612 et
2816 1572 3021 1627 septem
3056 1572 3377 1627 propagines
3397 1572 3773 1610 numerentur.

2176 1572 2315 1694 Quid
2346 1627 2503 1696 igitur
2521 1628 2573 1682 in
2597 1627 2898 1683 millcnario
2929 1644 3152 1683 numero
3174 1628 3275 1682 nisi
3298 1626 3364 1681 ad
3387 1623 3775 1696 proferendum

2181 1713 2376 1752 novam
2408 1698 2651 1753 sobolem
2682 1696 2922 1768 perfecta
2952 1697 3271 1753 universitas
3318 1696 3583 1768 prtescita:
3614 1708 3777 1768 gene-

2178 1768 2404 1823 rationis
2438 1764 2789 1837 exprimit'ur?
2834 1766 2970 1823 Hinc
3016 1782 3145 1834 ergo
3188 1784 3284 1837 per
3319 1764 3615 1837 'Joannem
3651 1764 3777 1837 dici-

2182 1848 2267 1893 tur
2293 1857 2305 1891 :
2338 1838 2404 1891 Et
2433 1834 2717 1910 regnabant
2768 1856 2881 1893 cum
2914 1857 2972 1894 eo
3002 1839 3141 1892 mille
3167 1834 3318 1892 annis
3337 1881 3354 1906 ,
3385 1838 3514 1910 quia
3532 1834 3777 1910 videlicet

2181 1924 2404 2034 {Signum
2429 1906 2629 1965 sancta:
2655 1908 2908 1966 Ecclesia:
2940 1910 3304 1965 universitatis
3326 1906 3669 1980 perfectione
3689 1920 3781 1961 so-

2205 1996 2221 2034 ι
2261 1991 2405 2034 atur.

2205 1991 2405 2035 utatur.

2182 2082 2312 2140 Car.
2342 2082 2473 2137 LIX.
2498 2112 2568 2126 -ο
2596 2081 2667 2136 Et
2700 2092 2968 2154 postquam
3011 2083 3351 2137 consummati
3398 2078 3788 2154 fuerintuinille

2254 2156 2379 2209 anni
2404 2194 2419 2217 ,
2451 2154 2672 2209 soluetur
2700 2150 2917 2208 satanas
2944 2153 3007 2207 de
3055 2169 3261 2208 carcere
3288 2168 3421 2218 suo;
3455 2160 3506 2205 et
3525 2150 3715 2215 aribit,
3740 2156 3787 2202 et

2252 2225 2459 2281 seducet
2485 2235 2659 2296 gentes
2695 2225 2879 2296 (Apoc.
2918 2240 2985 2279 xx
3006 2266 3020 2291 ,
3053 2224 3130 2293 7).

2255 2318 2334 2391 (In
2365 2320 2595 2391 exposit.
2627 2318 2687 2372 Β.
2736 2315 2839 2373 Job
2862 2358 2887 2391 ,ί
2909 2316 3192 2391 lib._xvm,
3222 2332 3371 2371 num.
3398 2315 3644 2391 67;ii_b.
3680 2330 3780 2391 xix,

2182 2407 2239 2448 ιι.
2264 2384 2371 2456 ’15;
2403 2384 2495 2444 lib.
2523 2405 2684 2453 xvnt,
2716 2406 2771 2444 ιι.
2822 2390 2925 2456 ϋἹς
2966 2389 3058 2443 lib.
3107 2404 3293 2452 xxxn,
3342 2404 3471 2442 num
3520 2385 3632 2449 9.3,
3680 2384 3762 2438 27.

2183 2460 2483 2539 Miilenario
2515 2475 2741 2515 numero
2788 2476 2893 2515 non
2941 2460 3295 2539 quaniitaieni
3344 2457 3656 2539 temporis,

2184 2530 2646 2587 universalitatem
2693 2546 2801 2601 qua
2851 2539 3041 2599 regnat
3086 2528 3323 2601 Ecclesia
3364 2528 3711 2601 designavit;
3740 2536 3789 2581 et

2183 2603 2302 2673 ipso
2324 2616 2548 2673 numero
2570 2598 2874 2673 univérsu_m
2898 2617 3002 2673 pro,
3016 2598 3347 2669 perfectione
3368 2616 3469 2655 sua
3493 2599 3606 2673 hoc
3624 2612 3787 2673 quan-

2184 2668 2433 2728 tumlibet
2471 2671 2541 2726 sit
2569 2682 2771 2727 sancta:
2802 2668 3053 2727 Ecclesia:
3099 2681 3307 2739 tempus
3348 2668 3652 2739 expressit.
3679 2668 3787 2734 Quo

2183 2750 2435 2869 peracto,
2468 2742 2629 2823 draco
2659 2741 2726 2797 de
2748 2750 2931 2824 puteo.
2954 2742 3131 2811 abyssi
3178 2740 3471 2820 educetur,
3514 2740 3649 2809 quia
3676 2740 3785 2791 dia-

2223 2813 2360 2868 olica
2392 2812 2594 2867 malitia
2631 2828 2751 2869 quae
2781 2829 2831 2866 ιιι
2863 2827 3167 2869 iniquorum
3199 2811 3440 2866 subdolis
3484 2810 3785 2865 occultatur

2223 2813 2360 2868 olica
2392 2812 2594 2867 malitia
2631 2810 2761 2882 quae
2781 2813 2831 2866 in
2863 2810 3167 2881 iniquorum
3199 2811 3440 2882 subdolis
3484 2810 3790 2865 occultatur

2186 2883 2439 2939 cordibus
2460 2891 2589 2937 tunc
2616 2881 2962 2948 revelabitur,
2994 2890 3051 2937 et
3077 2881 3222 2951 quod
3250 2884 3411 2935 molo
3454 2898 3568 2950 pra:
3602 2882 3791 2935 timore

2185 2955 2405 3023 tegitur,
2437 2963 2565 3009 tunc
2590 2962 2780 3010 contra
2810 2951 3103 3008 Ecclesium
3134 2952 3345 3023 publice
3371 2951 3443 3006 de
3480 2952 3787 3023 iniquorum

2185 3039 2282 3095 ore
2309 3022 2470 3079 omne
2506 3024 2875 3095 serpentinum
2923 3026 3068 3095 virus
3111 3022 3401 3095 aperietur.
3446 3022 3601 3078 Nunc
3646 3022 3787 3075 enim

2184 3094 2464 3151 abscondit
2488 3109 2548 3150 se
2574 3094 2674 3149 sub
2702 3094 3008 3150 blandiente
3035 3094 3214 3164 lingua
3243 3094 3473 3148 saeviens
3502 3096 3789 3164 conscien-

2188 3165 2293 3229 tia,
2340 3173 2396 3220 et
2457 3166 2661 3219 malitia
2713 3165 3020 3235 calliditatis
3060 3163 3216 3235 quasi
3264 3164 3494 3235 quadam
3545 3163 3791 3235 sategit

2188 3235 2383 3307 abysso
2427 3236 2809 3292 simulationis.
2857 3233 2916 3290 ιιι
2964 3233 3246 3307 ﬁne‘vero
3283 3233 3480 3307 ’mundi
3527 3234 3790 3307 antiquus

2189 3305 2358 3378 boistis
2378 3321 2472 3360 vas
2498 3308 2805 3378 proprium,
2838 3306 3279 3378 illumrperditum
3305 3305 3562 3358 hominem
3597 3305 3790 3378 inng

2187 3376 2366 3432 dietur
2405 3373 2513 3446 qui
2539 3373 2846 3447 specialiter
2880 3373 3243 3432 Antichristus
3283 3382 3643 3447 nuncupatur,
3682 3373 3783 3442 qui

2188 3445 2465 3503 mensuras
2495 3445 2773 3503 hominum
2802 3447 3217 3513 transcendens,
3242 3445 3400 3501 modo
3428 3445 3649 3499 honoris
3675 3458 3787 3497 sae-

2188 3518 2387 3573 cularis
2428 3518 2691 3585 culmine,
2743 3519 2908 3575 modo
2938 3520 3106 3587 signis
3132 3528 3187 3572 et
3218 3516 3471 3585 prodigiis
3500 3514 3638 3569 ﬁcte
3664 3530 3794 3567 san-

2188 3590 2423 3660 ctitatis,
2474 3590 2527 3643 in
2594 3599 2809 3660 tumore,
2860 3586 3117 3660 potentia:
3164 3586 3375 3660 elevari
3423 3588 3790 3660 permittetur.

2188 3658 2418 3729 Spiritus
2445 3660 2588 3715 enim
2614 3660 2707 3715 illo
2737 3658 3004 3729 erit—qui,
3049 3661 3101 3714 in
3150 3658 3466 3729 sublimibus
3516 3658 3793 3721 conditus,

2226 3728 2485 3785 otentiam
2531 3741 2733 3785 natura:
2791 3728 2907 3785 suae
2952 3746 3058 3785 non
3110 3729 3343 3799 perdidit
3385 3728 3472 3783 vel
3524 3730 3790 3799 deiectus

2188 3746 2485 3857 amentiam
2531 3746 2733 3785 natura:
2791 3746 2900 3785 sua:
2952 3746 3058 3785 non
3110 3746 3343 3799 perdunt
3385 3746 3472 3783 vet
3524 3746 3790 3797 uejecuts

2236 3802 2355 3870 ujus
2382 3802 2552 3856 virtus
2574 3801 2775 3882 idcirco
2820 3816 2963 3882 nunc
3014 3800 3236 3856 minime
3273 3800 3609 3861 ostenditur,
3665 3798 3793 3923 tigris

2188 3871 2591 3923 disnensatione
2610 3871 2802 3923 divina:
2823 3870 3152 3923 fortitudinis
3176 3887 3208 3923 a
3237 3871 3503 3923 bonorum
3536 3868 3671 3923 coni
3734 3882 3793 3923 us

2188 3868 2591 3954 dispensatione
2610 3870 3152 3954 divimei‘ortitudinis
3176 3887 3208 3925 a
3237 3871 3503 3954 bonorum
3536 3868 3795 3948 caulibus

2189 3938 2476 4010 religatur;
2505 3950 2560 3996 et
2584 3944 2653 3998 ab
2682 3942 2870 3998 electis
2892 3945 3209 4012 angelorum
3255 3941 3536 4011 spiritibus
3567 3938 3793 4012 nuncin

2190 4013 2365 4084 abyssi
2396 4020 2589 4085 puteo,
2621 4014 2678 4085 id
2696 4020 2777 4067 est
2804 4014 2857 4067 in
2890 4009 3251 4085 reproborum
3274 4009 3587 4085 tuentibus,
3617 4009 3796 4085 reciis:

2188 4080 2280 4139 sus
2312 4080 2591 4153 premitur.
2637 4083 2907 4154 Tempore
2952 4080 3083 4140 'vero
3136 4082 3451 4138 Antichristi
3496 4082 3570 4136 de
3610 4080 3794 4154 abyssi

2188 4152 2390 4226 puteo,
2421 4154 2472 4226 id
2493 4162 2579 4209 est
2616 4154 2685 4226 de
2734 4152 3039 4226 iniquorum
3090 4154 3343 4211 cordibus
3391 4167 3539 4207 nunc
3579 4152 3797 4208 occulte

2190 4225 2564 4288 smvientibus,
2596 4225 3130 4296 eductus’procedet;
3175 4233 3232 4280 et
3272 4232 3399 4279 tunc
3438 4232 3672 4293 accepta
3700 4236 3797 4296 po-

2192 4302 2413 4362 testate,
2445 4303 2632 4349 contra
2661 4294 2961 4352 Ecclesiam
2994 4296 3047 4351 in
3073 4296 3180 4350 vim
3222 4304 3422 4364 aperta:
3448 4294 3798 4364 persecutio-

2190 4366 2273 4437 nis
2297 4373 2561 4437 erumpet.
2594 4366 2694 4421 Per
2722 4368 3068 4437 semetipsum
3093 4362 3304 4422 Veritas
3322 4362 3463 4437 dicit
3484 4381 3509 4437 :_
3526 4362 3651 4417 Erit
3679 4374 3797 4437 tunc

2192 4432 2468 4490 tribulatio
2490 4452 2699 4508 magna
2722 4478 2739 4503 ,
2788 4432 2969 4508 qualis
3000 4453 3105 4508 non
3140 4438 3235 4508 fuit
3280 4434 3364 4508 ab!
3390 4435 3544 4508 initio

2190 4521 2352 4587 usque
2376 4507 2552 4587 modo,
2582 4504 2743 4587 neque
2766 4504 3103 4587 ﬁet_(d_latth.
3137 4504 3281 4587 xxiv,
3306 4504 3423 4573 2i).
3462 4504 3508 4558 Τ
3514 4520 3621 4559 unc
3649 4507 3799 4587 enim

502 4568 752 4646 ltebrosa.
783 4568 1046 4646 Antiqnns
1071 4568 1250 4646 itaque
1274 4589 1517 4646 serpens
1547 4568 1752 4646 catena
1794 4575 1997 4646 ligatus,
2032 4577 2088 4632 in
2118 4586 2169 4645 ι)
2194 4568 2444 4645 aniiquus
2488 4568 2671 4633 hostis'
2699 4568 2808 4632 suis
2835 4568 3037 4633 viribus
3087 4568 3335 4641 traditus,
3363 4568 3539 4646 pauco
3568 4575 3799 4644 quidem

503 4642 753 4713 abyssum
784 4639 1033 4713 mittitur,
1057 4641 1181 4708 quia
1212 4639 1461 4709 religatus
1490 4662 1522 4699 a
1545 4644 1808 4700 bonorum
1833 4639 2087 4702 cordibus

504 4710 643 4782 apud
672 4710 1020 4780 reproborum
1050 4719 1259 4782 mentes
1287 4715 1523 4769 reclusus
1542 4756 1557 4781 ,
1605 4716 1683 4770 eis
1730 4717 1965 4771 atrocius
1987 4717 2087 4771 do-

506 4781 760 4855 minatur,
786 4793 840 4835 ct
869 4783 1108 4850 potentia
1138 4781 1328 4836 divina:
1372 4782 1788 4855 dispensationis
1834 4787 2088 4855 astringi-

506 4860 615 4927 tur,
642 4870 729 4917 ne,
749 4854 1059 4927 inquantum
1082 4867 1278 4927 nocere
1304 4853 1464 4927 valet,
1484 4854 1803 4927 ell'renetur;
1830 4865 1886 4911 ut
1909 4853 2093 4927 quam-

505 4924 587 4977 vis
614 4938 708 4992 per
737 4938 829 4976 eos
858 4926 1066 4977 occulte
1108 4923 1323 4990 smviat,
1357 4924 1422 4977 ad
1470 4925 1733 4980 violentas
1781 4923 1959 4981 tamen
2005 4944 2094 4981 ra-

508 4993 662 5066 pinas
698 4992 959 5066 superbia:
1005 5010 1140 5066 non
1177 5002 1438 5066 erumpat.
1497 4992 1589 5049 Ille
1635 4996 1795 5064 igitur
1849 5006 2095 5066 apostata

508 5062 746 5131 angelus,
775 5064 864 5131 qui
896 5064 967 5117 ita
988 5064 1233 5119 conditus
1260 5064 1433 5119 fuerat
1465 5074 1523 5119 ut
1551 5062 1861 5132 angelorum
1885 5062 2093 5126 cmteris

511 5134 809 5201 legionibus
848 5132 1141 5199 emineret,
1193 5135 1264 5188 ita
1293 5135 1650 5204 superbiendo
1690 5138 1988 5203 succubuit,
2034 5148 2093 5195 ut

512 5220 652 5259 nunc
676 5204 930 5275 stantium
955 5205 1265 5272 angelorum
1298 5205 1648 5261 dominationi
1677 5207 1979 5262 substratus
1998 5210 2088 5275 sit,

511 5284 777 5343 quatenus
806 5274 889 5328 vel
934 5291 1075 5329 nunc
1104 5275 1171 5329 ad
1213 5275 1493 5329 utilitatem
1540 5285 1779 5331 nostram
1810 5278 1886 5331 eis
1931 5274 2088 5333 mini?

510 5345 804 5398 strantibus
834 5345 1084 5416 religatus
1130 5345 1312 5416 lateat,
1341 5345 1426 5400 vel
1464 5356 1585 5415 post
1613 5348 1679 5400 ad
1718 5348 2092 5416 probationem

513 5424 750 5468 nostram
781 5416 858 5468 eis
886 5415 1247 5469 relaxantibus
1288 5417 1411 5470 totis
1436 5431 1496 5471 se
1525 5419 1635 5472 suis
1664 5415 1853 5472 contra
1880 5434 1977 5472 nos
2004 5419 2089 5473 vi-

511 5482 657 5558 ribus
677 5485 883 5558 solutus
907 5493 1175 5539 exerceat.
1209 5482 1376 5540 Electi
1405 5486 1587 5555 itaque
1635 5487 1947 5556 angelorum
1975 5489 2089 5558 spi-

510 5552 645 5606 ritus
665 5555 949 5628 superbum
977 5564 1275 5628 apostatam
1306 5571 1447 5628 nunc
1476 5552 1528 5611 in
1560 5552 1735 5628 abyssi
1756 5567 1919 5627 puteo
1940 5552 2089 5615 clau-

510 5638 630 5699 sum
662 5625 1038 5699 comprimunt,
1066 5626 1407 5699 quiliumiles
1438 5628 1577 5699 hunc
1596 5625 2081 5699 sequi—noluerunt;

510 5693 749 5776 ipsisque
796 5693 1298 5776 administrantibus
1331 5693 1873 5776 disponiiur,_’ut__ad
1913 5693 2085 5757 intan

511 5764 715 5844 tionem
743 5764 925 5844 aperti
942 5766 1250 5823 certaminis
1269 5764 1621 5826 destruendus
1647 5769 1886 5829 funditus
1914 5787 2084 5844 quan-

511 5832 689 5905 doque
714 5832 1021 5893 revocetur.

2192 4647 2539 4729 intempore,
2568 4646 2662 4702 sed
2692 4647 2745 4701 in
2775 4648 2943 4729 multa
2972 4657 3174 4729 contra
3186 4663 3301 4729 nos.
3323 4646 3797 4729 relaxabitur-fir-

2194 4726 2329 4779 tute.
2359 4715 2497 4772 sicut
2522 4734 2681 4787 supra
2704 4718 2960 4787 scriptum
2981 4727 3065 4775 est
3088 4737 3102 4773 :
3129 4718 3257 4772 Post
3279 4716 3386 4771 Ιιαξε
3406 4724 3609 4784 oportet
3624 4715 3796 4787 (illum

2192 4790 2323 4843 solvi
2344 4791 2541 4843 modico
2568 4786 2821 4857 tempore.
2836 4786 3010 4855 Quem
3039 4788 3286 4858 quamvis
3331 4787 3548 4858 saevitia
3568 4786 3643 4839 ad
3671 4800 3801 4840 cru—

2194 4858 2468 4929 delitatem
2511 4858 2729 4926 dilatet,
2759 4874 2989 4929 superna
3018 4857 3199 4914 tamen
3240 4857 3614 4929 misericordia
3672 4858 3801 4929 bis:

2194 4929 2363 5000 vitate
2386 4928 2592 4983 dierum
2615 4924 2940 4997 angustabit,
2961 4930 3101 4985 sicut
3128 4930 3245 5000 ipsa
3266 4927 3476 4984 Veritas
3504 4929 3581 5000 ait
3615 4944 3632 4979 :
3670 4924 3800 4981 Nisi

2197 4998 2403 5071 breviati
2436 5000 2652 5071 fuissent
2681 4999 2788 5054 dies
2816 5000 2896 5054 illi
2915 5041 2930 5065 ,
2963 5017 3066 5056 non
3086 4998 3234 5071 ﬁeret
3274 5000 3418 5071 salva
3438 4999 3609 5071 omnis
3642 5014 3799 5071 car-0.

2194 5069 2330 5136 Quia
2364 5068 2545 5141 enim,
2582 5079 2633 5126 et
2687 5071 2952 5141 superbos
3003 5068 3102 5126 nos
3138 5081 3194 5126 et
3240 5069 3482 5126 inﬁrmos
3516 5068 3798 5141 (Dominus

2188 5139 2474 5211 conspicit,
2497 5139 2611 5211 dies
2638 5139 2776 5210 quos
2821 5140 3162 5211 singulariter
3190 5140 3361 5197 malos
3389 5140 3600 5207 intulit,
3635 5139 3802 5196 mise.

2188 5209 2472 5282 ricorditer
2500 5209 2771 5266 breviatos
2815 5209 2948 5266 dicit
2987 5229 3002 5267 :
3027 5212 3272 5282 profecto
3300 5220 3360 5266 ut
3386 5220 3441 5267 et
3467 5212 3804 5282 superbiam

2189 5289 2391 5337 terreat
2416 5280 2484 5336 de
2514 5283 2769 5350 temporis
2794 5280 3145 5350 adversitate,
3166 5291 3222 5338 et
3247 5280 3621 5338 inﬁrmitatem
3645 5281 3804 5337 refo-

2186 5361 2310 5406 veat
2328 5351 2395 5405 de
2412 5350 2693 5424 brevitate.
2718 5350 2964 5424 Superba
2980 5354 3162 5424 itaque
3179 5353 3497 5424 Antichristi
3517 5352 3805 5424 celsitudo

2190 5434 2352 5493 super
2373 5420 2636 5493 reprobasg
2662 5420 2871 5493 mentes
2897 5420 3175 5481 hominum
3224 5423 3363 5481 fastu
3407 5423 3599 5493 gloria:
3632 5438 3806 5479 suaen-

2192 5490 2602 5568 laris_erigetur,
2620 5491 2699 5568 ita
2721 5501 2780 5568 u_t
2808 5492 2970 5568 liomo
2992 5504 3278 5568 peccator,
3320 5503 3377 5568 et
3405 5490 3595 5568 tamen
3625 5494 3805 5549 homo

2190 5560 2792 5642 despiciensiesiimari,
2822 5560 3015 5642 Deum:
3041 5581 3102 5621 se
3120 5560 3291 5642 super
3317 5565 3581 5642 _homin_es
3642 5580 3805 5642 meu-

2189 5630 2372 5705 tiatur.
2404 5630 2553 5687 Unde
2583 5630 2786 5705 Paulus
2808 5637 3084 5705 apostolus
3104 5630 3229 5691 dicit
3260 5654 3272 5688 :
3306 5636 3392 5690 Ita
3420 5646 3477 5688 ut
3508 5636 3562 5690 in
3600 5645 3623 5690 t

2303 5705 2498 5789 (sedeat,
2521 5704 2791 5784 ostendens
2813 5700 2865 5761 se
2886 5709 3215 5789 tanquantsit
3237 5705 3490 5789 ‘(I
3518 5700 3804 5789 The-“.9.

2186 5771 2264 5844 4).
2308 5774 2415 5851 Sed
2442 5775 2574 5851 IIIBQ
2608 5773 2724 5851 ejus
2766 5771 3014 5851 superbia
3051 5778 3278 5835 districti
3300 5771 3505 5851 ludicis
3536 5780 3674 5851 gerit
3693 5771 3807 5833 ad;

2188 5854 2351 5902 ventu
2374 5844 2647 5915 ferienda,
2677 5844 3118 5923 sicut'scriptum
3154 5858 3236 5909 st
3266 5866 3281 5908 :
3316 5848 3480 5916 Quem
3520 5847 3806 5908 Dominus
