3974 6350
197 312 320 371 1441

190 430 237 479 lu
255 424 438 488 publico
452 418 823 488 contemplalivi,
843 420 949 488 556.
1031 418 1220 488 Christo

190 481 554 540 ad'mouientum
590 484 829 530 recedere
855 481 1220 531 fornicationem

220 557 382 601 utaut,
422 543 536 593 ibid.
578 544 918 592 holocaustum
959 545 1222 590 maximum

233 623 291 661 eo
310 608 546 666 offerunt,
574 606 658 665 qui
683 619 738 654 se
775 613 901 653 totos
922 603 1224 666 contempla-

189 674 299 724 tioni
333 683 438 732 per_
455 680 662 732 amorem
695 667 921 717 addicunt
941 704 954 727 ,
980 665 1095 732 560.
1125 665 1222 732 [fer

187 726 368 785 Cantica
409 730 702 778 Canticorum
749 726 1093 788 contemplatio
1132 726 1221 773 de-

185 789 531 857 signatur,401.
547 789 646 857 Per
665 798 769 837 tres
791 789 1059 857 Salomonis
1079 789 1224 857 libros

185 849 307 906 scala
329 854 385 901 ad
408 850 866 909 contemplationem
893 849 1220 909 constituitur,

183 915 300 966 ibid.
314 911 656 972 Contemplatio
675 920 750 960 est
770 912 1042 960 cubiculum
1055 912 1225 960 domus

183 981 329 1040 regia:
352 1015 365 1035 ,
401 973 504 1040 407.
533 973 603 1021 Ex
644 973 770 1040 dono
803 973 1225 1040 contemplatioriis

184 1031 539 1088 in'liumilitate
585 1035 946 1095 proﬁciendum,
983 1031 1104 1083 ibid.
1150 1031 1217 1080 Ex

184 1111 437 1162 paucorum
474 1095 862 1162 consideratione
880 1129 894 1155 ,
921 1095 1084 1162 quiad
1109 1106 1226 1162 cou-

182 1157 539 1220 iemplationem
585 1157 892 1220 ascendunt,
955 1157 1227 1220 intirniiﬂiu

182 1219 317 1280 spem
375 1219 720 1267 misericordia
777 1220 1068 1280 eriguntur,
1113 1219 1224 1267 408.

220 1282 310 1331 ella
365 1283 580 1334 vinaria,
627 1281 967 1339 contemplatio
1008 1286 1224 1340 vocatur,

179 1344 284 1395 417.
309 1344 482 1393 Anima
502 1348 664 1390 sancta
689 1341 1112 1402 contemplationis
1130 1343 1229 1390 otio

179 1406 342 1454 fruens
365 1418 390 1452 a
424 1403 700 1465 carnalibus
737 1407 1011 1465 importune
1045 1403 1230 1450 excita-

179 1472 276 1528 lur,
305 1466 413 1528 418.
450 1464 642 1512 Inutilis
679 1464 1101 1528 contemplantium
1135 1467 1231 1513 vita

174 1543 200 1579 a
225 1526 504 1578 carnalibus
536 1528 818 1585 aestimatur,
851 1526 972 1576 ibid.
1010 1526 1092 1574 Sic
1115 1539 1229 1574 con-

174 1590 504 1652 templationis
535 1589 690 1650 quieti
715 1589 974 1652 vacandum
990 1621 1004 1644 ,
1041 1595 1094 1636 ut
1117 1589 1231 1652 clla-

173 1648 328 1701 ritaiis
372 1660 532 1713 opera
555 1648 563 1650 ⁷
589 1663 682 1713 non
741 1651 1019 1713 omittantur
1045 1686 1074 1713 ,Α
1109 1648 1230 1698 ibid.

173 1713 380 1763 Vocandi
407 1711 552 1760 'Deo
610 1711 868 1764 licentiam,
906 1711 1230 1760 lbentissime

171 1788 343 1839 sponsa
385 1773 633 1839 suscipit,
677 1771 795 1822 ibid.
842 1773 954 1839 lien
981 1771 1231 1839 speculum

171 1834 544 1898 contemplanda
579 1837 827 1898 invenitur
851 1834 1065 1898 Christus
1087 1874 1099 1892 ,
1122 1836 1229 1898 425.

171 1899 333 1948 Sancti
360 1894 449 1958 per
476 1896 936 1957 contemplationem
974 1894 1031 1942 ad
1056 1894 1231 1944 coales-

171 1964 238 2010 lia
279 1960 457 2008 elevati
489 1996 504 2020 ,
548 1958 780 2019 quidquid
820 1959 870 2006 in
912 1969 973 2020 se,
1006 1959 1233 2005 vitiosum

172 2021 382 2076 latebat,
421 2019 683 2068 inveniunt
717 2028 770 2068 et
801 2019 1094 2077 emendant,
1124 2020 1231 2069 506.

178 2081 305 2133 Vide
329 2082 437 2131 Vita
467 2082 576 2130 Act.
606 2087 658 2130 et
682 2079 1078 2140 Contemplativa.

237 2143 557 2194 Contendunt
579 2155 687 2190 cum
712 2141 820 2190 Deo
843 2144 890 2190 in
913 2141 1124 2201 judicio.
1153 2143 1235 2203 qui

172 2207 252 2257 vel
285 2219 342 2255 se
369 2203 646 2266 ﬂagellatos
668 2204 729 2251 ab
754 2217 814 2266 _eo
849 2210 1233 2265 conqueruntur,

173 2268 254 2319 vel
278 2281 374 2315 non
401 2264 688 2320 eiauditos,
713 2264 818 2314 546.

236 2329 570 2380 Continentiie
633 2328 810 2375 candor
871 2326 1038 2388 Ephod
1104 2326 1237 2375 lineo

175 2393 438 2450 signatur,
508 2389 586 2437 82.
638 2388 959 2438 Continentia:
1020 2391 1239 2450 corporis

176 2454 474 2514 adiungatur
501 2452 686 2514 puritas
708 2451 894 2511 cordis,
922 2453 1027 2500 169.

237 2516 415 2566 Contra
442 2513 718 2574 ponendum
741 2520 992 2573 peccatum
1017 2552 1028 2568 ,
1067 2524 1162 2574 non
1190 2514 1236 2560 in

175 2578 372 2626 dorsum
421 2572 760 2634 r‘ejiciendum,
797 2573 906 2632 496,
949 2575 1054 2623 50;).
1104 2572 1239 2622 Deus

177 2641 393 2688 minatur
416 2636 660 2699 peccatori
689 2637 1021 2699 _impu~nitenti
1041 2648 1098 2699 se
1123 2649 1237 2683 con-

178 2707 254 2749 tra
294 2697 470 2748 faciem
495 2697 602 2756 ejus
634 2697 916 2756 iniquitates
949 2697 1235 2758 positurum,

178 2761 308 2811 ibid.

241 2820 588 2873 Contradictio.
602 2819 820 2868 Christus
839 2819 886 2867 in
907 2820 1094 2879 signum
1114 2821 1238 2879 posi-

178 2892 259 2935 tus
302 2891 418 2942 est,
455 2883 533 2930 cui
567 2880 930 2936 contradicitur,
970 2883 1240 2941 praesertim

177 2949 240 2996 ab
287 2944 569 2999 haereticis,
615 2942 722 2991 259.
769 2943 833 2990 At
878 2954 972 2990 non
1018 2956 1044 2989 a
1089 2943 1242 2988 sacris

178 3009 442 3065 utriusque
466 3003 770 3053 Testamenti
801 3003 1080 3053 doctoribus
1103 3002 1241 3052 coeli-

178 3077 258 3120 tus
285 3065 566 3124 illustralis,
594 3065 716 3114 ibid.

243 3131 488 3180 Contritio
516 3136 590 3176 est
617 3127 751 3175 dolor
777 3128 946 3174 animie
970 3163 982 3183 ,
1009 3126 1073 3174 de
1097 3127 1246 3174 mise-

182 3193 398 3243 ricordia
425 3190 516 3237 Dci
557 3189 878 3243 conﬁdentia,
913 3189 1019 3237 468.
1056 3187 1247 3236 Contri-

179 3255 333 3305 tionis
368 3263 525 3300 causae
549 3251 693 3310 ,169.
725 3250 814 3308 Qui
848 3262 929 3298 cor
952 3256 1208 3298 conterant
1233 3287 1246 3310 ,

175 3318 266 3367 Sed
317 3326 416 3364 non
451 3313 745 3374 humilient,
780 3311 886 3362 506.
923 3311 1045 3361 Vide
1078 3310 1243 3360 Paeni-

177 3379 361 3429 tentia.

243 3437 566 3490 Conversatio
592 3434 862 3496 Evangelii,
888 3437 1246 3496 comparatione

177 3501 364 3563 legalis
409 3501 549 3557 illa),
595 3496 692 3563 lini
724 3494 968 3544 subtilitas
992 3494 1122 3563 gest,
1166 3494 1244 3544 69.

177 3557 586 3614 Co'nversationis
650 3558 741 3620 piai
808 3557 1037 3619 exempla
1103 3570 1244 3618 quam

178 3625 458 3674 utilitatem
495 3620 732 3679 habeant,
759 3621 836 3668 85.
863 3620 1250 3668 Conversalionis

176 3685 467 3749 profectus,
507 3681 807 3749 qualis,_85.
844 3680 1155 3749 Conversatlo
1190 3679 1249 3749 ad

177 3741 341 3810 opera
390 3741 642 3810 pertinet,
683 3741 1250 3810 ibid.__.(‘.onversalionis

178 3803 584 3870 p'ulcliritudoriu
630 3803 874 3870 nonnullis
900 3804 1250 3870 sacerdotibus

176 3865 477 3928 veterascit,
504 3868 608 3916 189.
631 3866 944 3915 Conversatio
963 3865 1249 3928 sanctorum

178 3926 494 3994 Spit-ltualis,
518 3928 694 3994 quibus
728 3930 968 3994 panditur,
993 3926 1099 3994 217.
1123 3926 1251 3994 Cou-

178 3989 410 4044 v'ersatio
427 3989 666 4040 secretior
685 3991 1009 4037 tentalionum
1030 3989 1250 4037 incendia

177 4067 289 4104 non
317 4054 502 4110 sentit,
529 4052 636 4101 255.
665 4049 1054 4099 Conversalionis
1078 4049 1250 4099 electae

178 4116 314 4167 ordo
341 4121 508 4163 rectus
528 4150 540 4171 ,
568 4111 675 4162 244.
702 4111 1126 4174 Conversationem
1155 4115 1253 4174 spi-

179 4175 429 4226 ritualem
449 4175 602 4224 Elecli
625 4187 770 4234 quam
797 4173 993 4227 habent.
1019 4173 1252 4233 majorum

179 4239 438 4289 locutione
461 4237 764 4296 didicerunt,
786 4234 891 4284 251.
913 4234 1253 4284 Conversatio-

180 4303 267 4349 nis
321 4298 550 4362 exempla
589 4300 729 4359 sequi
776 4299 988 4346 minores
1029 4299 1248 4360 debent,

256 4424 584 4473 Conversioni
613 4423 882 4482 peccatoris
906 4421 1019 4482 quid
1049 4422 1253 4471 ministri

186 4484 466 4545 Ecclesiae,
494 4483 610 4545 quid
645 4483 867 4531 Christus
898 4484 1113 4530 conferat
1136 4516 1150 4541 ,
1173 4485 1252 4541 27.

183 4547 312 4598 509.
343 4544 639 4592 Pastoralem
670 4554 833 4591 curam
873 4545 1130 4592 exercenti
1155 4547 1255 4592 dis-

182 4615 363 4666 crete,
387 4606 518 4660 Deus
541 4606 911 4654 conversionum
937 4604 1071 4654 lucra
1095 4604 1258 4653 multi-

222 4669 386 4726 licat,
439 4669 518 4718 85.
565 4666 826 4716 Conversio
881 4672 959 4714 est
1019 4667 1258 4716 interioris

209 4731 414 4780 iominis
451 4731 736 4788 renovatio,
781 4727 860 4777 95.
905 4726 1258 4788 Conversioin

185 4805 294 4842 ore
333 4803 427 4840 non
464 4787 824 4852 accipitur,sed
849 4791 898 4839 in
924 4793 1070 4839 corde
1092 4827 1105 4850 ,
1133 4787 1256 4839 ibid.

182 4854 467 4904 Conversio
500 4853 578 4902 tlat
619 4855 664 4899 in
700 4863 846 4900 carne
885 4858 936 4900 et
975 4852 1023 4899 in
1061 4859 1258 4911 mente,

183 4913 324 4966 ibid.
341 4914 586 4971 Quomodo
604 4913 808 4974 Spiritus
821 4915 974 4961 sancti
989 4913 1260 4974 visitatione

185 4975 349 5025 corda
385 4972 730 5024 convertantur
771 4981 1074 5036 peccatorum
1097 5010 1109 5032 ,
1138 4972 1256 5023 ibid.

184 5038 299 5097 Qui
325 5038 540 5085 conierti
569 5035 803 5097 renuunt,
829 5035 1034 5097 Egypto
1059 5045 1109 5085 σιι
1133 5036 1260 5084 Pha-

188 5096 340 5147 raoni
366 5099 552 5147 similes
571 5137 584 5158 ,
615 5097 720 5148 149.
750 5096 938 5146 lterare
957 5096 1172 5146 verbum
1209 5101 1259 5148 in

191 5161 427 5208 oratione
463 5163 622 5222 signat
644 5158 1004 5222 imperfectam,
1035 5166 1258 5218 peccato-

194 5234 319 5271 rum
339 5220 725 5278 conversionem,
747 5220 1110 5270 159.Perfectio
1129 5234 1258 5270 verm

194 5283 539 5332 conversionis
555 5283 852 5345 signiﬁcatur
868 5296 954 5345 per
965 5281 1258 5331 oblationem

199 5345 290 5391 ani
326 5356 376 5392 et
409 5348 557 5393 inuris
592 5346 756 5405 unius,
782 5343 895 5405 ibid.
923 5344 1260 5394 Conversiouis

199 5406 332 5468 ordo
356 5413 419 5468 et
459 5404 746 5468 integritas,
775 5404 891 5467 164,
927 5405 1259 5468 275.,integra

202 5467 557 5526 ﬂagitiosorum
571 5467 574 5468 ⁷
590 5471 844 5516 conversio
864 5469 1005 5516 valde
1027 5467 1229 5517 dillicilis
1243 5506 1255 5526 ,

201 5521 324 5578 504.
357 5528 406 5590 Ag
431 5529 525 5590 vita
561 5530 769 5588 reproba
804 5531 1018 5590 privari,
1057 5521 1260 5577 interlici

206 5587 427 5649 est,507.
457 5587 942 5652 Primapeccatorum
965 5590 1122 5652 plaga,
1147 5603 1264 5639 con-

206 5654 376 5700 versio
397 5667 408 5701 :
433 5653 662 5710 secunda,
677 5654 1038 5713 damnatio,508.
1060 5655 1099 5701 A
1125 5655 1263 5702 timo-

208 5716 752 5778 [eAetgconturbatione
795 5717 958 5778 incipit
992 5717 1262 5778 conversio,

210 5774 326 5840 509.
357 5776 416 5840 ln
447 5779 762 5828 conversione
793 5774 1094 5840 peccatorum
1129 5774 1262 5840 quae;

210 5833 326 5887 dam
351 5839 486 5889 Deus
511 5851 598 5901 per
620 5852 675 5892 se
695 5833 908 5904 praestat,
931 5833 1160 5904 quaedam
1176 5853 1262 5904 per

773 299 986 360 INDEX
1024 299 1091 358 IN
1129 301 1186 359 S.
1229 298 1557 358 GREGORII
1599 297 2131 356 COMMENTARIUS
2168 298 2321 357 SUP.
2360 299 2811 359 SCRIPTURAS.

1283 415 1506 464 homines
1530 453 1544 476 ,
1577 412 1698 464 ibid.
1739 413 1879 463 Nulla
1911 416 2243 464 conversionis
2279 423 2330 464 et

1281 478 1448 526 salutis
1473 490 1658 530 expers
1680 478 1910 538 conditio,
1934 476 2038 524 514.
2068 477 2334 527 Conversio

1282 539 1437 587 cordis
1461 540 1736 586 necessaria
1765 537 1822 585 ad
1848 537 2197 599 paenitentiam,
2222 541 2332 590 567.

1284 600 1456 660 Magna
1476 601 1808 648 amaritudinis
1825 598 1921 648 tela
1944 613 2100 661 nuper
2111 605 2335 649 conversi

1284 665 1550 723 patiuntur,
1574 661 1684 711 570.
1704 661 1848 710 Prius
1865 674 1891 708 a
1914 672 2111 721 peccato
2133 675 2337 723 surgen-

1283 723 1416 785 dum,
1444 725 1622 772 deinde
1641 725 1699 771 ad
1717 725 1934 785 cmlestia
1957 727 2335 784 properandum,

1283 783 1596 834 420.'Animie
1617 797 1793 833 recens
1816 783 1872 832 ad
1889 783 2333 845 Deuniconversae,

1285 855 1480 909 quantae
1505 859 1532 894 a
1559 846 1862 906 carnalibus,
1888 848 2337 909 mutationibusque

1287 907 1524 968 pressurae
1549 918 1599 956 et
1622 909 1857 969 angustiaa
1876 946 1890 967 ,
1917 909 2022 957 478.
2045 907 2341 957 Peccatores

1285 970 1508 1018 conversi
1550 969 1670 1018 alios
1701 972 1760 1017 ad
1795 970 2130 1030 paenitentiam
2166 983 2340 1020 vocare

1286 1039 1479 1087 curant,
1508 1031 1613 1080 505.
1638 1031 1902 1080 Conversio
1926 1043 2012 1080 cur
2034 1030 2288 1091 aliquando
2314 1046 2341 1081 a

1284 1093 1392 1143 Deo
1428 1091 1670 1152 dilfertur,
1716 1092 1827 1141 20s.
1866 1092 1986 1142 Vide
2024 1092 2342 1143 Peccatorum

1285 1156 1567 1214 conversio,
1594 1153 1706 1202 item
1734 1155 1786 1203 S.
1813 1153 1969 1203 Pauli.

1347 1216 1540 1277 Copula:
1582 1228 1698 1279 usus
1734 1217 2026 1279 meritricius
2057 1217 2345 1279 coniugibus

1289 1276 1606 1335 interdicitur,
1636 1278 1742 1326 547.
1774 1276 1953 1339 Copula
1990 1276 2249 1336 maritalis,
2279 1292 2342 1327 ex

1287 1341 1444 1388 divina
1471 1341 1799 1395 institutione,
1827 1343 1970 1400 bona,
1995 1339 2105 1387 497.
2133 1339 2346 1389 Carualis

1288 1402 1550 1450 delectatio
1575 1409 1650 1450 est
1674 1414 1814 1462 posita
1839 1403 2046 1462 peccati,
2072 1400 2191 1452 ibid.

1352 1463 1506 1524 Coqui
1531 1476 1749 1522 Carnem,
1772 1463 1888 1522 quid
1914 1465 1997 1521 sit,
2021 1465 2100 1512 67.
2127 1462 2346 1512 Credere

1291 1525 1644 1572 humanitatem
1690 1524 1880 1571 Domini
1944 1526 1991 1572 in
2038 1525 2347 1573 divinitatem

1291 1593 1581 1647 assumptam
1602 1625 1613 1645 ,
1642 1600 1752 1648 quae
1778 1585 2053 1648 immoletur
2082 1585 2187 1635 Deo
2204 1625 2217 1645 ,
2243 1599 2350 1633 car-

1293 1660 1406 1694 nem
1439 1647 1792 1708 coquere’est,
1833 1647 1947 1696 ibid.
1977 1648 2128 1708 Coqui
2155 1650 2350 1695 nomine

1291 1711 1518 1756 sacerdos
1550 1708 1853 1767 designatur,
1890 1710 1996 1757 225.
2028 1711 2155 1758 Vide
2179 1709 2349 1758 Cocus.

1356 1769 1448 1819 Cor
1468 1769 1702 1832 perfecta:
1723 1772 2176 1832 circuinspectionis
2193 1779 2352 1832 custo-

1293 1832 1368 1880 dia
1402 1831 1669 1894 muniatur,
1715 1832 1793 1880 55.
1821 1831 1912 1880 Cor
1939 1831 2085 1880 Suum
2128 1835 2176 1881 in
2209 1831 2315 1881 Deo
2337 1869 2351 1893 ,

1295 1906 1384 1954 per
1426 1895 1650 1955 gaudium
1689 1895 1825 1942 miras
1866 1894 2173 1954 devotionis,
2214 1906 2354 1943 mens

1357 1959 1483 2015 suit,
1511 1955 1590 2005 54.
1615 1955 1705 2004 Cor
1728 1967 1824 2003 non
1847 1955 1996 2003 habet
2019 1970 2156 2003 suum
2184 1968 2351 2015 repro-

1332 2030 1415 2076 us,
1442 2019 1571 2078 quod
1595 2017 1817 2066 diabolus
1852 2018 2095 2078 possidet,
2118 2017 2234 2066 ibid.
2263 2017 2353 2067 Cor

1299 2077 1407 2128 Deo
1431 2077 1813 2141 praeparandum,
1847 2077 1949 2127 104.
1978 2078 2146 2128 Cordzs
2171 2081 2355 2141 puritas

1297 2141 1513 2203 corporis
1551 2142 1864 2188 continentiae
1901 2141 2206 2203 adjungalur,
2252 2141 2352 2189 169.

1301 2199 1353 2248 In
1384 2199 1556 2250 ‘cordis
1604 2205 1739 2249 altari
1786 2199 1967 2251 amoris
2022 2199 2355 2250 holocaustum

1299 2261 1553 2322 offeratur,
1588 2265 1688 2313 176.
1715 2266 1835 2311 Cord
1857 2278 1880 2312 s
1918 2271 2076 2313 motus
2115 2268 2357 2325 quomodo

1299 2325 1444 2374 subdi
1479 2326 1667 2374 Christo
1707 2326 1959 2382 debeant,
2003 2325 2108 2374 198.
2154 2325 2359 2374 Mundus

1299 2389 1447 2434 corde
1487 2389 1595 2446 quis
1634 2389 1725 2444 sit,
1759 2385 1867 2434 211.
1893 2387 1982 2435 Cor
2018 2395 2232 2436 nostrum
2273 2399 2360 2434 nos

1299 2448 1683 2509 derelinquere,
1718 2448 1834 2508 quid
1871 2451 1965 2504 sit,
1999 2448 2360 2496 222.1Iornos-

1300 2516 1427 2557 trum
1471 2511 1773 2565 invenimus,
1798 2510 1992 2570 quando
2020 2524 2105 2571 per
2129 2511 2360 2558 intentio-

1302 2584 1414 2634 nem
1439 2573 1596 2619 cordis
1616 2609 1628 2625 ,
1669 2571 1901 2634 spiritalia
1928 2576 2220 2631 quaerimus,
2247 2572 2357 2634 225.

1301 2633 1468 2682 (10rdis
1499 2633 1760 2695 puritatem
1798 2634 1912 2681 facit
1951 2634 2167 2695 Spiritus
2205 2633 2360 2681 sancti

1303 2697 1585 2754 prasentia,
1612 2695 1720 2741 2i5.
1749 2694 1966 2741 Diversae
1993 2694 2155 2742 Cordis
2185 2695 2362 2741 immu-

1307 2759 1536 2812 tationes,
1571 2755 1679 2805 246.
1715 2756 1808 2812 Qui
1837 2758 1937 2804 sint
1974 2768 2178 2815 quorum
2229 2755 2362 2804 Deus

1301 2816 1444 2878 corda
1471 2820 1653 2878 tangit,
1689 2816 1797 2865 257.
1825 2815 1929 2864 Non
1970 2817 2131 2864 minus
2155 2817 2362 2864 miracu-

1302 2876 1399 2924 lum
1422 2876 1691 2927 immtitatio
1707 2880 2032 2940 cordis,quam
2059 2878 2362 2940 perturbatio

1303 2940 1436 2987 aeris
1457 2977 1470 3000 ,
1498 2940 1608 2989 274.
1635 2940 1728 2989 Cor
1755 2942 1802 2988 in
1831 2938 1924 2987 vita
1957 2938 2162 2999 spiritali
2197 2939 2360 3000 negli-

1340 3003 1467 3050 entis
1500 3010 1822 3063 comparatur,
1861 3001 2009 3050 littori
2043 3004 2222 3063 maris,
2247 3003 2360 3050 285.

1332 3076 1360 3108 ii
1385 3065 1613 3110 cordibus
1637 3076 1800 3112 ainore
1827 3063 2100 3111 cmleslium
2126 3076 2219 3110 nou
2251 3076 2364 3111 suc-

1305 3126 1894 3186 censiscastrainetantur
1922 3126 2116 3186 spiritus
2139 3124 2360 3186 maligni,

1305 3185 1416 3235 284.
1462 3185 1552 3234 Cor
1601 3200 1687 3248 pro
1734 3185 1984 3236 voluntate
2028 3185 2274 3247 sumitur,
2316 3185 2363 3236 in

1307 3249 1557 3310 Scriptura
1589 3260 1754 3310 sacra,
1782 3251 1889 3298 290.
1917 3249 2007 3296 Vix
2038 3249 2199 3296 Sancti
2227 3251 2366 3296 inve-

1313 3309 1420 3357 nire
1461 3319 1659 3370 possunt
1698 3323 1780 3359 cor
1813 3323 1986 3368 suum,
2025 3311 2132 3358 525.
2175 3312 2364 3368 Quanto

1311 3372 1470 3418 minus
1501 3375 1582 3430 im,
1604 3372 1803 3433 erfecti,
1842 3371 1960 3420 ibid.
2001 3370 2136 3420 Oculi
2171 3373 2361 3432 cordis,

1311 3441 1538 3492 aspectus
1559 3441 1637 3481 est
1671 3436 1901 3490 rationis,
1926 3434 2036 3482 557.
2064 3434 2157 3489 Qui
2189 3446 2366 3492 super-

1313 3494 1485 3556 biiint,
1533 3495 1700 3541 oculos
1747 3495 1905 3544 cordis
1947 3496 2198 3556 perdunt,
2243 3492 2361 3543 ibid.

1312 3553 1523 3613 Projecti
1554 3557 1713 3605 cordis
1735 3558 1914 3605 ‘duritia
1933 3553 1960 3614 ,’
1979 3556 2088 3606 567.
2115 3556 2237 3614 Quid
2261 3559 2327 3606 sit
2349 3595 2363 3617 ,

1312 3617 1459 3680 corde
1483 3617 1693 3680 credere
1728 3619 1786 3666 ad
1821 3619 2054 3678 justitiam
2078 3655 2092 3680 ,
2127 3617 2244 3667 ibid.
2271 3617 2364 3668 Cor

1314 3675 1438 3727 forte
1470 3679 1679 3738 subjecti
1703 3675 2087 3739 tentationibus,
2106 3681 2363 3729 inconcus-

1313 3751 1419 3786 sum
1454 3743 1694 3801 signatur,
1719 3743 1827 3791 576.
1856 3741 1948 3799 Qui
1981 3741 2064 3790 ﬁat
2101 3753 2185 3790 cor
2211 3742 2365 3790 ttiuri-

1314 3801 1479 3849 bulum
1511 3815 1668 3850 coram
1705 3804 1810 3868 Deo
1831 3805 1982 3868 ζ425.
2011 3804 2260 3868 Quomodo
2281 3816 2366 3853 cor

1315 3871 1531 3926 nostrum
1580 3866 1778 3924 aperire
1825 3864 2014 3914 Christo
2049 3864 2326 3914 debeamus
2350 3903 2364 3926 ,

1315 3923 1424 3972 458.
1451 3923 1638 3973 Duritia
1664 3927 1824 3988 cordis
1857 3941 1945 3988 per
1985 3928 2217 3988 Spiritum
2255 3923 2368 3974 san;

1318 3991 1450 4034 ctum
1490 3990 1662 4035 animai
1697 3987 1905 4038 infusum
1926 3987 2048 4038 mire
2082 3997 2132 4037 et
2155 3990 2369 4038 suaviter

1315 4047 1613 4108 dissolvitur,
1641 4047 1760 4099 ibid.
1786 4049 1861 4100 Ne
1893 4051 1982 4100 hac
2020 4051 2256 4100 suavitate
2281 4052 2368 4100 diu

1319 4111 1474 4176 anima
1523 4111 1819 4176 perfruatur,
1868 4113 1983 4176 quid
2029 4113 2206 4171 obstet,
2249 4112 2366 4176 459.

1317 4170 1498 4220 Oculus
1525 4170 1685 4222 cordis
1712 4170 2114 4224 amore'terreno
2148 4170 2369 4221 sordida-

1319 4237 1416 4294 tur,
1441 4233 1878 4286 457.(ὶυι·‹118ξνοςθ
1901 4238 1958 4285 ad
1982 4237 2138 4285 Deum
2159 4235 2369 4283 claman-

1316 4295 1429 4359 dum
1445 4334 1458 4357 ,
1483 4296 1721 4359 *4867001-
1743 4301 1983 4359 quomodo
2011 4297 2335 4346 mundandum
2351 4335 2366 4359 ,

1315 4357 1424 4408 501.
1472 4357 1563 4408 Cor
1606 4357 1781 4408 frustra
1829 4364 2126 4417 contritum,
2171 4360 2262 4407 nisi
2305 4357 2370 4408 sit

1319 4418 1637 4477 huiniliatum,
1663 4421 1773 4470 506.
1796 4419 1978 4477 Corpus
2001 4433 2216 4470 n05trum
2243 4429 2369 4468 lem-

1321 4436 1637 4477 nuiniiiatum,
1663 4436 1773 4470 δυο.
1796 4436 1886 4470 ι.οτ
1909 4436 1978 4468 llis
2001 4436 2216 4470 ηοδιτυῑη
2243 4436 2369 4468 tem-

1321 4479 1449 4540 plum
1483 4481 1573 4529 Dei
1600 4493 1613 4529 :
1637 4494 1719 4529 cor
1754 4489 1828 4530 est
1861 4436 2011 4530 aitare
2029 4521 2041 4542 ,
2069 4483 2178 4529 509.
2206 4481 2370 4530 Cordis

1321 4544 1593 4604 caecitatem
1614 4549 1822 4602 generat
1846 4542 2011 4604 libido,
2039 4542 2148 4593 557.

1323 4603 1550 4713 80Coram
1586 4603 1775 4653 Christo
1812 4603 2094 4668 ambulare,
2120 4604 2234 4668 quid
2267 4606 2330 4655 sit
2349 4641 2365 4666 ,

1385 4723 1660 4789 Cornelium
1681 4727 1806 4789 quod
1826 4727 1883 4776 ad
1910 4726 2050 4777 fidem
2074 4732 2366 4789 susceperit,

1323 4785 1577 4897 :mlndaiis
1622 4785 1843 4839 fidelibus
1883 4789 2060 4839 Petrus
2106 4785 2366 4854 arguitur,

1387 4910 1542 4976 cornu
1565 4910 1715 4976 Annae
1741 4921 1816 4962 est
1841 4917 2054 4976 potestas
2075 4921 2253 4963 sancite
2280 4915 2367 4965 Ec-

1324 4971 1507 5033 clesiae,
1551 4974 1628 5024 41.
1671 4976 1764 5032 Qui
1805 4971 2072 5028 eitallatum
2118 4977 2180 5025 sit
2218 4991 2366 5027 cornu

1324 5047 1539 5084 nostrum
1565 5038 1610 5084 in
1639 5036 1742 5085 Deo
1776 5045 1966 5095 nostro,
1995 5037 2081 5097 42,
2107 5039 2185 5088 56.
2211 5038 2367 5089 Cornu

1324 5097 1499 5163 Christi
1545 5098 1941 5163 sublimandum,
1989 5101 2102 5159 quid
2147 5105 2243 5163 sit,
2289 5103 2363 5151 55.

1325 5157 1478 5206 Cornu
1511 5160 1682 5208 electae
1717 5162 1893 5208 tuentis
1925 5157 2243 5212 intentionem
2279 5164 2369 5213 de-

1323 5222 1519 5282 signat,
1556 5223 1635 5272 55.
1673 5221 1724 5268 ln
1759 5221 1866 5270 Deo
1897 5222 1988 5270 lixa
2021 5224 2285 5282 extollitur,
2321 5226 2370 5273 in

1325 5282 1462 5346 bonis
1505 5285 1867 5346 transeuntibus
1902 5285 2206 5346 deprimitur,
2250 5287 2368 5335 ibid.

1324 5342 1378 5392 ln
1423 5344 1529 5393 Deo
1558 5345 1838 5407 exaltatum
1879 5342 2026 5394 cornu
2067 5342 2246 5403 liabet,
2287 5350 2372 5407 qui

1328 5409 1510 5469 interni
1556 5406 1749 5456 luminis
1795 5409 1888 5457 alta
1930 5411 2110 5457 visione
2156 5406 2368 5469 fruitur,

1324 5469 1441 5518 ibid.
1470 5467 1623 5516 Cornu
1651 5469 1800 5517 ferire
1827 5477 1902 5517 est
1927 5479 2207 5532 peccatores
2229 5467 2371 5520 acute

1325 5532 1654 5595 redarguere,
1684 5533 1791 5595 575.
1815 5541 1824 5573 l
1849 5531 1969 5580 ornu
2016 5531 2128 5595 oleo
2151 5533 2369 5595 impleri,

1326 5595 1439 5653 quid
1463 5596 1526 5642 sit
1546 5627 1559 5648 ,
1585 5591 1704 5642 ibid.
1730 5592 1886 5642 Cornu
1919 5594 2148 5654 spiritalis
2169 5591 2374 5642 conver;

1327 5657 1449 5703 satio
1467 5655 1672 5703 doctoris
1697 5662 1788 5715 est,
1809 5653 1908 5705 ibid
1921 5697 1927 5716 ,ν
1948 5653 2107 5703 Cornu
2133 5657 2228 5704 olei
2251 5657 2373 5716 tolli,

1329 5717 1442 5777 quid
1467 5718 1546 5774 sit,
1571 5719 1677 5765 584.
1708 5717 1864 5766 Cornu
1889 5715 1998 5765 oleo
2024 5717 2216 5776 plenum
2236 5756 2250 5778 ,
2273 5715 2372 5767 dis;

1330 5778 1518 5839 ciplinze
1558 5792 1761 5832 acumen
1797 5786 1848 5828 et
1887 5781 2056 5838 gratia:
2096 5784 2372 5828 unctionem

1331 5838 1602 5904 signiﬁcat,
1648 5839 1764 5892 ibid.
1807 5840 1964 5891 Cornu
2005 5843 2186 5891 acuitas
2228 5841 2375 5907 Legis

3305 306 3446 364 1442

2399 419 2568 486 signat
2591 421 2964 486 austeritatem,
2989 421 3099 486 587.
3126 420 3283 486 Cornu
3303 424 3448 486 regni

2397 479 2581 547 Christi
2587 482 2623 527 si
2631 481 2823 547 gnificat
2838 479 3066 547 Ecclesiie
3076 483 3182 547 subl
3191 479 3447 547 imitatevm,

2396 539 2520 607 ibid.
2549 539 2710 607 Cor'nu
2747 541 2922 592 salutis
2940 550 3031 607 est
3063 546 3337 607 sublimitas
3354 539 3448 595 Ec;

2398 603 2684 652 cleslas'ticm
2727 605 2977 666 potestatis
3003 642 3018 666 ,
3057 604 3179 654 ibid.
3225 605 3316 665 Qui
3357 607 3450 660 hoc

2399 677 2548 728 cornu
2575 673 2794 728 erectum
2820 705 2832 726 ,
2861 673 2911 714 et
2933 665 3045 715 oleo
3067 666 3264 728 plenum
3286 705 3299 728 ,
3324 667 3448 721 ibid.

2402 725 2577 789 gentis
2607 726 2832 789 affectum
2865 739 3014 775 cornu
3039 725 3300 789 designat,
3335 731 3449 781 588.

2401 785 2559 850 Cornu
2586 787 2833 850 impletur,
2858 790 3204 850 quandobene
3224 785 3452 841 sanctitas

2402 848 2579 898 Christi
2619 848 2922 909 agnoscitur,
2965 849 3081 900 ibid.
3100 851 3256 901 Pleno
3298 865 3451 903 cornu

2402 911 2860 974 ςιιινὶδιυεμυςῆῳιι,
2886 915 3079 972 quando
3110 915 3294 973 Optime
3331 927 3453 974 prai-

2401 973 2608 1033 dicatur,
2630 971 2747 1022 ibid.
2761 971 2920 1022 Cornu
2945 974 3109 1022 altaris
3125 971 3200 1023 est
3217 971 3454 1028 exaliatio

2403 1035 2614 1084 sacriﬁcii
2655 1037 2916 1084 interioris.
2946 1035 3043 1084 Per
3073 1049 3252 1085 cornua
3279 1037 3455 1086 vitulo-

2404 1109 2512 1144 rum
2563 1098 2815 1158 utriusque
2850 1095 3152 1146 Testanienti
3211 1104 3451 1158 praecepta

2406 1155 2642 1216 notam‘us,
2667 1155 2974 1209 510.00rnua
2997 1155 3320 1219 producimus,
3340 1155 3384 1208 si
3405 1161 3456 1210 in

2407 1219 2499 1287 liis,
2520 1233 2628 1278 quae
2649 1222 2826 1287 carnis"
2837 1225 2970 1280 sunt,
2997 1219 3107 1287 Deo
3129 1219 3325 1287 placere
3350 1227 3456 1287 stu-

2407 1280 2626 1339 deamus,
2654 1279 2773 1331 ibid.
2794 1279 3307 1343 Cornu’multipliciter
3326 1285 3455 1332 acci-

2409 1343 2556 1404 pitur,
2581 1343 2691 1401 584,
2718 1343 2826 1392 588.

2471 1403 2654 1466 Corpus
2667 1405 2776 1453 sine
2799 1410 2966 1454 mente
2987 1404 3290 1468 reﬁcientes,
3310 1418 3455 1456 men-

2413 1473 2464 1514 te
2484 1468 2661 1514 mortui
2685 1474 2816 1527 sunt,
2843 1479 2989 1515 carne
3016 1469 3136 1529 vivi,
3156 1467 3458 1526 218.'Quan-

2413 1535 2474 1577 tae
2519 1536 2571 1575 et
2603 1538 2716 1587 quot
2742 1531 2837 1576 sint
2862 1529 3099 1591 molestia:
3132 1531 3363 1591 corporis,
3393 1543 3456 1580 ex

2414 1597 2612 1648 peccato
2634 1598 2776 1651 ortaa,
2800 1591 2921 1644 482.;
2943 1589 3084 1639 Nulla
3119 1589 3229 1652 pars
3246 1589 3460 1652 corporis

2414 1652 2565 1712 nostri
2609 1665 2634 1698 a
2675 1654 2804 1700 vitiis
2848 1653 3024 1701 intacta
3067 1658 3308 1712 remanet,
3347 1655 3458 1705 485.

2413 1710 2598 1773 Corpus
2619 1721 2836 1763 nostrum
2861 1713 3092 1774 templum
3109 1712 3204 1763 Dei
3222 1710 3330 1764 est:
3352 1727 3457 1778 cor,

2415 1773 2586 1825 altare.
2612 1775 2722 1825 509.

2415 1781 2586 1824 altare.
2612 1781 2722 1824 509.

2478 1812 2803 1912 Ebiié'ciiénig
2836 1835 3011 1898 forma,
3175 1836 3280 1894 Quo
3303 1837 3461 1912 studio

2417 1909 2534 1957 erga
2583 1900 2938 1947 correctionem
2992 1898 3297 1948 subditorum
3335 1901 3461 1960 vigi-

2417 1956 2632 2018 landum,
2650 1959 2754 2008 164.
2770 1959 3195 2022 Quoniodo_culpie
3220 1972 3247 2008 a
3268 1967 3463 2022 pastore

2416 2021 2517 2067 sint
2533 2022 2857 2083 corrigendis,
2883 2022 2990 2070 291.
3021 2020 3249 2070 Pastores
3270 2020 3331 2070 ad
3353 2034 3463 2071 cor-

2420 2083 2691 2143 rectionem
2728 2091 3038 2143 peccatorum
3076 2084 3354 2140 venientes,
3375 2095 3463 2132 no.

2422 2142 2584 2206 verint
2600 2156 2656 2192 se
2681 2142 2790 2192 cum
2831 2144 3019 2206 angelis
3064 2145 3211 2206 lapsis
3250 2156 3461 2206 pugnam

2421 2203 2624 2268 habere,
2670 2207 2778 2254 7.04.
2831 2203 2978 2256 Arina
3031 2203 3265 2268 quierant
3300 2203 3464 2256 contra

2421 2265 2587 2329 hostes
2611 2273 2795 2316 astutos
2819 2277 2871 2316 et
2891 2265 3062 2329 fortes,
3094 2265 3214 2316 ibid.

2482 2326 2734 2391 Correptio
2801 2326 3178 2391 mollit.ir,'cuni
3228 2330 3466 2378 severitas

2421 2388 2679 2437 obstinatis
2705 2397 2782 2439 est
2802 2388 3103 2450 necessaria,
3125 2397 3358 2450 quantum
3377 2403 3465 2439 no-

2422 2454 2754 2514 ceatpastori,
2779 2453 2857 2500 84.
2901 2452 3087 2500 Severa
3127 2460 3461 2514 correptione,

2421 2509 2652 2560 obstinati
2682 2515 2949 2563 peccatoris
2964 2514 3138 2562 duritia
3167 2523 3243 2563 est
3264 2509 3466 2562 vincen-

2423 2571 2501 2637 da,
2532 2571 2654 2621 ibid.
2682 2571 2850 2624 Pastor
2874 2575 2934 2622 ab
2972 2577 3058 2637 ira:
3095 2577 3469 2637 perturbatione

2423 2629 2569 2698 liber,
2589 2637 2652 2684 ita
2674 2638 2903 2697 corripiat
2925 2629 3164 2698 subditos,
3181 2644 3236 2685 ut
3259 2648 3469 2697 surgere

2424 2694 2584 2743 valeat
2609 2704 2658 2744 et
2693 2694 2984 2758 ascendere,
3033 2694 3158 2746 291;
3187 2698 3269 2746 Sic
3297 2694 3467 2757 pecca-

2424 2761 2558 2817 tores
2595 2759 2829 2817 arguendi
2855 2757 2986 2817 sunt,
3007 2767 3062 2807 ut
3083 2757 3244 2806 nullus
3273 2761 3346 2806 eis
3384 2771 3469 2806 re-

2425 2813 2675 2877 linquatur
2693 2813 2981 2880 ellugiendi'
3013 2819 3162 2872 locus.
3207 2820 3318 2869 557.
3344 2818 3467 2880 Pec-

2423 2885 2614 2942 catores
2632 2879 2843 2940 correpti
2868 2882 3110 2942 anguibus
3124 2881 3328 2941 similes,
3357 2879 3468 2930 558.

2424 2938 2525 3004 Sub
2571 2938 2894 3004 correptionis
2925 2938 3215 3004 i‘asperitate
3262 2938 3470 2991 cliaritas

2426 2997 2591 3075 lateat,
2620 2997 2730 3052 584,
2764 3003 2888 3053 Vide
2921 2997 3210 3075 increpatio.

2488 3063 2604 3112 Cras
2637 3079 2834 3124 semper
2875 3063 3180 3127 promittitur,
3217 3065 3462 3127 reperitur

2426 3134 2692 3185 nunquam,
2735 3128 2844 3177 261.
2879 3126 3007 3176 Dies
3029 3128 3268 3176 crastinus
3292 3134 3367 3176 est
3389 3126 3465 3175 di-

2427 3188 2550 3248 vinae
2573 3190 2857 3238 visitationis
2890 3189 3144 3248 adventus,
3172 3188 3280 3237 264.

2487 3246 2738 3299 Creatiirie
2759 3260 2934 3307 mater,
2975 3246 3251 3310 benignitas
3293 3255 3344 3300 et
3385 3263 3469 3311 po-

2432 3312 2582 3356 tentia
2620 3311 2732 3371 Dei,
2775 3311 2886 3360 411.
2932 3311 3124 3360 Justum
3152 3318 3229 3362 est
3249 3317 3304 3360 ut
3328 3323 3469 3360 crea-

2433 3373 2540 3417 tura
2559 3372 2754 3422 obediat
2779 3373 3014 3431 Creatori,
3038 3374 3144 3424 555.

2459 3444 2463 3448 ·
2492 3431 2710 3484 Credere
2732 3435 2878 3483 corde
2904 3435 2962 3482 ad
3001 3437 3250 3494 justitiam,
3276 3439 3363 3494 est,
3387 3444 3469 3494 vo-

2431 3490 2667 3543 luntatem
2699 3496 2918 3556 dirigere
2941 3490 3015 3544 ad'
3043 3495 3188 3545 fidem
3231 3490 3319 3557 per
3339 3492 3469 3544 dile-

2432 3557 2645 3620 ctionem
2668 3565 2976 3620 operantem,
2998 3558 3107 3607 567.

2503 3615 2725 3678 Crescit,
2772 3621 2855 3680 qui
2891 3615 3146 3680 ,in'virum
3190 3615 3464 3679 perfectum

2431 3683 2609 3734 mentis
2629 3687 2772 3729 aetate
2792 3679 2997 3742 proficit,
3017 3681 3120 3742 109.
3133 3681 3225 3738 Qui
3240 3691 3468 3729 crescere

2431 3745 2705 3853 νὶίέειεὲξᾶη,
2744 3740 2852 3791 cum
2877 3743 3058 3804 quibus
3099 3740 3334 3792 Dominus
3374 3751 3468 3791 nou

2433 3820 2487 3853 es
2517 3845 2527 3853 .
2553 3819 2570 3853 ι
2603 3817 2618 3852 ι
2659 3840 2672 3852 .

2433 3813 2527 3864 est,
2553 3813 2672 3854 una.

2493 3864 2858 3929 Crimenaliud,
2894 3866 3022 3916 aliud
3055 3873 3326 3929 peccatum,
3361 3863 3471 3929 521.

2429 3930 2541 3981 566.
2570 3927 2701 3979 lstud
2726 3940 2870 3978 omne
2891 3929 3040 3978 vitare
3060 3927 3345 3990 possumus;
3381 3927 3472 3974 hoc

2435 4001 2596 4042 autem
2638 3990 2832 4039 omnino
2864 3988 3190 4040 delere‘uon
3233 3988 3469 4048 valemus,

2435 4054 2556 4105 ibid.

2494 4115 2708 4164 Crudum
2724 4125 2903 4175 agnum
2949 4111 3238 4162 manducare
3270 4110 3384 4175 quid
3410 4110 3472 4175 sig

2433 4177 2646 4287 guinis:
2683 4172 2777 4224 67.‘
2795 4173 2988 4237 Aguum
3010 4186 3132 4237 aqua
3156 4173 3316 4236 coqui,
3355 4172 3472 4235 quid

2433 4252 2472 4287 Si
2504 4277 2517 4287 .
2652 4273 2662 4285 .

2432 4237 2517 4288 sit.
2543 4237 2662 4287 ibid.

2495 4277 2821 4350 Cius—Christi
2848 4296 3102 4347 cmlestem
3127 4296 3287 4345 cibum
3312 4300 3469 4358 parat,

2433 4362 2539 4411 452.
2567 4362 2663 4410 Per
2687 4361 2889 4420 palmain
2914 4372 3035 4408 crux
3077 4358 3255 4408 Christi
3293 4359 3472 4417 figura-

2433 4434 2530 4486 tur,
2554 4422 2672 4472 ibid.
2699 4421 2912 4486 Crucem
2941 4423 3078 4486 quasi
3107 4420 3310 4486 palmam
3325 4420 3473 4486 Chri-

2433 4481 2536 4536 stus
2560 4485 2846 4544 ascendens,
2870 4481 2976 4542 ejus
3017 4481 3200 4534 fruetus
3222 4483 3362 4530 nobis
3385 4485 3472 4529 ob-

2434 4549 2561 4606 tulit,
2584 4545 2704 4597 ibid.
2726 4544 2850 4594 Hinc
2876 4547 3113 4594 charitate
3152 4544 3470 4601 inebriamur,

2435 4609 2554 4660 ibid.
2581 4609 2680 4657 Per
2703 4606 2928 4657 arborem
2953 4606 3138 4667 malum
3165 4617 3284 4652 crux
3308 4606 3474 4664 signa-

2434 4677 2532 4732 tur,
2579 4671 2687 4719 456.
2727 4668 2933 4718 Crucem
2973 4667 3269 4731 patientibus
3295 4674 3472 4726 quanta

2433 4731 2728 4791 tribuantur,
2758 4731 2836 4780 14.

2491 4789 2774 4846 Cubiculum
2793 4799 2870 4842 est
2897 4803 3005 4854 pars
3024 4792 3194 4840 domus
3207 4789 3472 4854 secretior,

2431 4858 2540 4906 424.
2565 4857 2779 4906 Sarciuis
2821 4852 2987 4902 mundi
3009 4854 3229 4912 abiectis,
3254 4853 3346 4900 viri
3371 4852 3472 4912 spi-

2429 4918 2632 4970 rituales
2684 4915 2959 4968 cubiculum
3011 4915 3193 4966 faciunt.
3241 4912 3469 4976 Sponsa,

2429 4979 2545 5031 ibid.

2493 5042 2694 5093 Culmen
2735 5039 2970 5092 Ecclesia:
3009 5040 3316 5097 invadentes,
3344 5038 3458 5099 rapi-

2430 5117 2539 5154 nam
2583 5104 2732 5153 invasi
2777 5101 2997 5150 culminis
3040 5115 3067 5149 a
3112 5099 3222 5149 Deo
3253 5100 3470 5148 traditam

2432 5166 2684 5223 oblivioni,
2709 5166 2773 5212 ob
2789 5163 2947 5223 aliqua
2971 5177 2997 5210 a
3023 5175 3079 5211 se
3114 5160 3304 5224 fortiter
3324 5161 3469 5224 facta,

2433 5226 2551 5276 falso
2575 5221 2954 5286 testi’mant,279.
2970 5225 3072 5284 Qua
3098 5223 3169 5272 via
3196 5221 3253 5286 ad
3277 5221 3468 5286 culmen

2435 5288 2664 5336 itcclesiie
2689 5283 2848 5349 pateat
2885 5283 3128 5349 accessus,
3177 5285 3288 5349 576.
3330 5283 3469 5349 Nulla

2433 5345 2798 5412 dispensatione
2823 5350 3014 5410 indigni
3048 5347 3109 5395 ad
3129 5346 3324 5412 culmen
3347 5345 3468 5396 reli-

2433 5409 2589 5472 gionis
2613 5415 2780 5461 venire
2806 5409 3166 5472 perm’ittantur,
3195 5409 3315 5459 581;
3356 5471 3359 5472 ν
3453 5436 3461 5444 -

2496 5473 2662 5534 Culpa,
2688 5471 2981 5534 quaieriri
3010 5473 3160 5532 digna
3201 5471 3467 5521 severitate

2437 5549 2528 5584 non
2556 5533 2734 5596 potest,
2776 5533 3132 5593 dissimulanda,
3174 5545 3269 5596 non
3313 5546 3467 5593 expo-

2434 5595 2589 5658 nenda
2617 5603 2709 5654 est,
2733 5597 2841 5644 258.
2862 5596 3008 5658 Culpa
3043 5595 3174 5655 prius
3213 5595 3467 5658 invenien-

2435 5659 2510 5719 da,
2539 5657 2718 5706 deinde
2765 5671 2903 5719 paena
2938 5663 3015 5705 est
3056 5658 3329 5718 lrroganda,
3353 5657 3464 5708 525.

2435 5719 2649 5769 'l‘ractari
2693 5721 2873 5768 diutius
2915 5719 3083 5779 debet,
3112 5727 3164 5766 ut
3194 5720 3460 5779 inveniatur

2434 5781 2591 5844 culpa,
2618 5781 2740 5844 ibid.
2782 5781 2885 5829 Non
2899 5792 3097 5844 omnes
3115 5779 3269 5844 culpae
3295 5778 3464 5844 eadem

2435 5839 2700 5896 severitate
2722 5843 2973 5904 feriende,
3016 5843 3124 5892 524.
3149 5839 3213 5906 ,ιη
3235 5842 3444 5905 gravlbu
