3882 6036
1679 319 2501 459 ELENCHUS

599 651 1103 721 AUO'I'ORUM
1135 651 1256 712 ET
1297 643 1688 710 οΡειιωι
1721 639 1879 720 QUI
1920 639 2022 700 IN
2061 638 2132 699 Ii

2061 637 2246 699 HOC
2279 632 2537 696 ’1⁵0Μο
2567 629 2864 692 LXXIX
2902 624 3577 688 CONTINBNTUR.

1103 897 1222 959 Qua
1246 893 1439 948 stellula
1458 894 1810 957 prmiotantur,
1839 887 1964 940 inter
1989 899 2140 951 opera
2171 886 2226 937 S.
2254 882 2366 936 Nili
2394 894 2516 936 nunc
2537 879 2749 945 primum
2778 883 3071 942 comparent.

1849 1135 2339 1164 ——-...——

1759 1365 1820 1427 S.
1860 1360 2090 1422 NILUS
2138 1357 2414 1419 ABBAS.

622 1509 1068 1569 EPISTOLARUM
1111 1497 1254 1561 libri
1309 1497 1582 1575 quatuor
1617 1507 1694 1553 ex
1737 1484 2014 1549 editione
2065 1479 2294 1542 Leonis
2338 1477 2541 1540 Allatii
2593 1492 2739 1540 cum
2786 1475 2952 1538 Petri
2999 1476 3244 1539 Possini

467 1608 839 1672 recensione
872 1600 1118 1665 collata.
3437 1577 3552 1639 σοι.
3642 1577 3723 1640 58.

624 1709 688 1769 S.
741 1705 863 1766 Nili
917 1703 1366 1763 NARRATIONES
1410 1708 1489 1754 ne
1533 1688 1706 1753 crede
1754 1681 2209 1748 monachorum
2249 1679 2315 1740 in
2349 1682 2565 1739 monte
2613 1675 2794 1753 Sina,
2844 1691 2923 1738 ex
2967 1675 3245 1740 editione

466 1809 632 1872 Petri
675 1803 942 1868 Possini.
3415 1795 3438 1811 ρ
3641 1780 3722 1842 83

465 1913 676 1974 Oratio
704 1910 770 1972 in
807 1907 1163 1974 Albianum,
1196 1915 1273 1960 ex
1302 1895 1581 1977 ejusdem
1612 1891 1915 1954 editione.
3603 1885 3723 1948 695

625 2015 953 2074 Opuscum
982 2007 1045 2068 S.
1079 2002 1202 2067 Nili
1237 2020 1272 2063 a
1307 1996 1586 2078 Josepho
1633 1995 1824 2080 Maria
1859 1991 2168 2066 Suaresio,
2211 1989 2514 2070 episcopo
2553 1988 2936 2062 Vasmnensi,
2969 2003 3239 2067 primum

465 2116 659 2180 edita.

465 2216 650 2277 Liber
678 2213 759 2276 de
790 2207 1140 2273 monastica
1172 2200 1640 2267 exercitatione.
3599 2188 3721 2251 719

466 2313 802 2380 Peristeria
831 2329 945 2374 seu
973 2312 1297 2371 Tractatus
1323 2305 1401 2367 de
1429 2304 1760 2365 virtutibus
1796 2300 2160 2364 excolendis
2201 2303 2262 2361 et
2287 2297 2449 2360 vitiis
2477 2293 2810 2374 fugiendis.
3602 2291 3714 2355 811

463 2417 791 2477 Tractatus
828 2410 907 2472 de
939 2411 1313 2490 paupertate
1339 2403 1707 2465 voluntaria.
1878 2472 1881 2475 1
3602 2391 3716 2454 967

469 2516 556 2576 De
586 2511 1042 2577 monachorum
1077 2505 1456 2590 praestantia.
2350 2493 2358 2506 ‘
3131 2515 3133 2518 ‹
3567 2496 3720 2563 1062

468 2617 790 2678 Tractatus
829 2611 908 2675 ad
935 2609 1267 2688 Eulogium
1302 2603 1702 2668 monachum.
2298 2675 2300 2679 _
3568 2597 3723 2659 1094

472 2716 557 2778 De
587 2715 750 2777 vitiis
779 2731 922 2795 quae
957 2711 1251 2793 opposita
1281 2714 1427 2771 sunt
1469 2705 1821 2769 virtutibus.
3041 2733 3045 2737 τ
3571 2697 3722 2760 1139

469 2821 557 2884 De
593 2826 736 2882 octo
766 2817 1086 2899 spiritibus
1116 2814 1389 2877 malitiae.

2752 2797 2760 2804 '
2928 2836 3017 2896 .
3185 2839 3192 2842 -
3569 2805 3720 2868 1146

469 2922 557 2986 De
601 2922 910 2986 oratione.
2165 2977 2174 2985 _
3568 2905 3722 2968 1166

469 3025 557 3087 De
593 3022 884 3101 malignis
915 3019 1425 3100 cogitationibus.
3571 3007 3722 3070 1199

469 3125 786 3190 Institutio
814 3124 894 3187 ad
924 3122 1294 3197 monachos.
1517 3188 1524 3198 ,

3013 3161 3023 3173 .
3571 3112 3724 3175 1235

472 3233 832 3295 Sententia).
3574 3215 3726 3279 1239

471 3334 508 3368 “
538 3335 749 3414 Capita
778 3332 1156 3413 paraenetica
1188 3329 1299 3410 (Ex
1333 3327 1638 3390 Auctario
1672 3313 2004 3388 Frontonis
2036 3325 2292 3403 Ducaei).
3576 3321 3725 3383 1250

471 3440 690 3500 Sermo
743 3436 812 3498 in
865 3435 1022 3498 illud
1075 3430 1396 3511 Evangelii
1439 3450 1452 3493 ε
1501 3453 1530 3487 ‹‹
1569 3431 1748 3493 Nunc
1799 3430 1909 3509 qui
1955 3429 2144 3493 habet
2199 3425 2547 3501 sacculum,
2615 3424 2822 3501 tollat,
2868 3422 3150 3488 similiter
3185 3429 3246 3487 et

553 3554 794 3620 peram,
846 3561 876 3596 ››
909 3545 1028 3601 etc.

3576 3525 3726 3588 1263

633 3643 889 3706 Spunu.

474 3743 798 3805 Tractatus
835 3741 1108 3804 moralis.
3575 3729 3727 3790 1279

475 3843 563 3904 De
592 3843 941 3906 tentatione
977 3841 1274 3906 monachi
1302 3842 1582 3907 Pachon.
3575 3830 3728 3892 1283

474 3945 744 4025 Epicteti
772 3945 1081 4007 Manuale.

3576 3933 3726 3995 1286

474 4051 608 4111 Jos.
645 4049 870 4110 Maria:
905 4048 1191 4110 Suaresii
1227 4046 1599 4108 Dissertatio
1653 4043 1724 4105 de
1764 4039 2054 4121 operibus
2109 4040 2176 4100 S.
2214 4040 2370 4101 Nili.
3576 4035 3727 4099 1318

478 4151 774 4232 Ejusdem
817 4147 978 4210 liber
1024 4149 1498 4228 chronologicus
1533 4147 1606 4209 de
1651 4149 1783 4209 vita
1824 4147 1891 4207 S.
1935 4143 2090 4207 Nili.
3579 4141 3724 4204 1367

623 4256 1130 4315 SUPPLEMENTUM
1158 4252 1235 4314 ad
1265 4253 1495 4333 scripta
1522 4251 1794 4330 genuina
1835 4251 1895 4310 S.
1930 4247 2076 4309 Nili.
3711 4289 3729 4310 ι

479 4357 512 4391 *
544 4359 627 4418 De
668 4362 813 4420 octo
843 4357 1075 4420 vitiosis
1105 4357 1613 4436 cogitationibus,
1649 4373 1727 4417 ex
1772 4355 2053 4417 editione
2078 4354 2249 4414 J.—B.
2277 4354 2593 4418 Cotelerii.’
3575 4347 3729 4411 1435

480 4461 514 4496 ⁸
543 4464 918 4524 Sermonum
956 4468 1018 4524 et
1050 4461 1448 4524 homiliarum
1484 4460 1834 4538 fragmenta
1864 4477 1942 4522 ex
1971 4457 2226 4520 Photio.
3577 4457 3722 4520 1491

480 4572 826 4630 APPENDIX.
859 4567 892 4601 "
920 4567 1304 4649 Hyperechii
1334 4567 1575 4630 abbatis
1603 4564 1879 4647 capitula
1905 4565 2328 4630 adhortatoria
2358 4566 2438 4628 ad
2468 4565 2839 4640 monachos,
2871 4580 2948 4629 ex
2977 4564 3252 4628 editione

564 4669 874 4735 Francisci
905 4668 1258 4733 Comheﬁsii
1287 4668 1369 4750 (a)
1383 4714 1397 4729 .
3580 4664 3722 4726 1471

555 4879 638 4952 (a)
669 4879 821 4948 Haec,
856 4877 1317 4953 typographorum
1345 4877 1655 4947 oscitantia,
1685 4877 1865 4936 locum
1888 4893 2000 4937 non
2032 4894 2194 4938 suum
2228 4879 2492 4937 obtinent.

2461 5723 2703 5780 Parisiis.
2737 5753 2803 5764 —-—
2835 5721 2913 5776 Ex
2947 5719 3088 5791 typis
3121 5718 3182 5773 L.
3215 5717 3446 5773 MIGNE.
