3882 6036
164 254 275 357 .25

1419 272 1725 334 NOTITIA
1756 274 1837 336 IN
1875 275 1937 337 S.
1971 226 2239 339 NILUbI.
3371 278 3442 345 26

212 418 3441 447 Μ

1271 581 1774 670 ΝΟΤΙΤΙΑ

1902 585 2400 672 ALTERA.

902 775 1026 837 (Leo
1055 773 1308 834 Annius,
1340 771 1561 825 Diatriba
1580 774 1640 827 de
1665 771 1813 834 Nilis,
1831 776 1890 825 ad
1913 778 2095 830 calcem
2118 776 2443 840 Epistolarum
2466 775 2585 841 Nili,
2608 793 2654 841 p.
2679 780 2751 842 7.)

528 1067 684 1125 Nilus
705 1072 961 1136 eparclius
989 1071 1621 1141 Constantinopolitanus,
1644 1089 1708 1128 ea:
1735 1074 1959 1141 eparcho
1979 1071 2265 1126 monachus
2296 1083 2343 1127 et
2367 1080 2544 1125 asceta
2565 1087 2683 1125 cum
2717 1070 2982 1128 Theodulo
3008 1074 3139 1142 ﬁlio.

283 1204 397 1260 Sed
427 1207 581 1261 adest
627 1208 736 1276 jam
773 1207 930 1264 Nilus
981 1217 1168 1264 noster
1207 1212 1402 1265 Asceta
1426 1252 1441 1275 ,
1481 1212 1641 1279 cujus
1674 1228 1787 1265 me-

200 1299 385 1352 minit
445 1296 787 1368 Nicephorus
851 1299 1120 1356 Callistus
1182 1300 1327 1355 Hist.
1398 1302 1764 1356 ecclesiasticae

205 1390 251 1443 I.
283 1406 414 1457 xiv,
451 1405 502 1446 c.
542 1389 630 1453 54,
666 1391 901 1457 virtute,
953 1391 1204 1447 doctrina
1227 1430 1242 1455 ,
1279 1397 1443 1462 atque
1480 1393 1789 1462 eloquentia

208 1482 693 1549 praestantissimi,
718 1499 890 1555 quem
928 1483 1157 1539 Michael
1200 1483 1451 1545 Neander
1481 1485 1637 1554 quasi
1669 1485 1790 1540 uul-

208 1574 331 1629 lius
363 1574 520 1644 pretii
557 1574 833 1628 hominem
874 1576 1154 1646 quemdam
1190 1584 1370 1630 vocat.
1423 1574 1788 1645 Menologium

211 1662 559 1720 Basilianum
623 1665 970 1721 bibliotheca:
1029 1663 1308 1721 Vaticana:
1373 1665 1441 1720 14
1498 1662 1787 1720 Januarii:

214 1756 489 1828 Ἀθλησις
536 1756 645 1811 τῶν
698 1757 861 1810 ὁσίων
898 1757 1157 1829 Πατέρων
1190 1757 1347 1830 ἡμῶν
1390 1756 1500 1812 τῶν
1554 1757 1613 1809 ὲν
1659 1756 1792 1827 Σινᾷ

208 1847 340 1918 ὄρει
365 1847 783 1906 τελειωθέντων,
830 1849 966 1903 Ἀπὸ
1010 1849 1285 1922 διαφόρων
1322 1849 1503 1903 τόπων
1548 1848 1643 1903 καὶ
1684 1867 1793 1920 χω-

215 1939 359 2011 ρίων
395 1940 446 1993 οἱ
473 1941 619 2009 ἆγιοι
642 1933 787 1994 οὗτοι
813 1940 1150 2011 ὑπάρχοντες
1188 1942 1408 2013 ἀφῆκαν
1438 1940 1529 1994 τὸν
1565 1940 1790 2011 κόσμον,

216 2030 319 2083 καὶ
349 2033 654 2100 συγγενεῖς,
684 2032 779 2084 καὶ
810 2030 1055 2096 πλοῦτον,
1081 2031 1176 2087 καὶ
1200 2033 1443 2101 ἀπῆλθον
1484 2034 1542 2086 ὲν
1569 2031 1647 2103 τῷ
1676 2031 1793 2103 ὄρει

215 2119 302 2190 τῷ
342 2121 508 2193 Σινᾷ,
547 2123 640 2175 καὶ
685 2121 931 2190 ἐγένοντο
964 2124 1222 2193 μοναχοὶ,
1271 2123 1613 2187 δουλεύοντες
1646 2122 1793 2193 μόνῳ

219 2211 303 2283 τῷ
328 2212 469 2284 Θεῷ,
501 2214 596 2267 καὶ
613 2214 939 2285 τρεφόμενοι
968 2213 1072 2267 ὑπὸ
1102 2214 1339 2285 βοτανῶν
1365 2216 1593 2287 ἀγρίων.
1641 2216 1794 2269 Μετὰ

220 2300 436 2357 τούτων
461 2302 521 2358 δὲ
549 2303 722 2373 ἁγίων
746 2300 815 2375 ἦν
838 2305 934 2358 καὶ⁸
964 2306 992 2358 ὁ
1026 2305 1180 2373 ἅγιος
1209 2305 1419 2371 Νεῖλος,
1446 2309 1474 2359 ό
1506 2307 1796 2378 γενόμενος

226 2392 473 2465 ἔπαρχος
523 2395 1148 2460 Κωνοταντινουπόλεως
1173 2436 1190 2462 ,
1245 2398 1381 2469 ἀνὴρ
1449 2399 1644 2468 σοφὸς,
1701 2400 1795 2452 καὶ

227 2486 503 2559 εὐλαϐήςο
548 2487 685 2541 ἀλλὰ
728 2487 823 2542 καὶ
866 2487 1029 2552 αὐτὸς
1075 2488 1164 2542 διὰ
1202 2490 1291 2542 τὸν
1338 2490 1572 2561 Χριστὸν
1620 2491 1799 2561 ἀφῆκε

228 2578 327 2633 καὶ
357 2578 459 2650 τὴν
501 2578 689 2644 δόξαν,
727 2579 823 2633 καὶ
866 2579 960 2634 τὸν
997 2579 1261 2642 πλοῦτον.
1312 2582 1404 2635 καὶ
1451 2583 1666 2651 ἐγένετο
1720 2577 1802 2647 εἷς

229 2668 342 2721 τῶν
376 2668 611 2740 πτωχῶν
658 2668 927 2740 μοναχῶν.
985 2669 1127 2725 Ἀλλ’
1166 2672 1195 2723 ὁ
1239 2669 1485 2735 διάϐολος
1533 2672 1801 2743 φθονήσας

230 2758 479 2831 διήγειρε
519 2759 580 2812 τὸ
623 2760 814 2830 ἄγριον
847 2759 1000 2823 ἔθνος
1037 2759 1148 2815 τῶν
1186 2760 1491 2832 Βλεμμύων
1526 2761 1666 2816 κατὰ
1693 2764 1803 2819 τῶν

235 2850 409 2919 ἁγίων
457 2850 759 2923 Πατέρωνο
807 2846 954 2906 οὗτοι
1002 2851 1059 2905 δέ
1105 2854 1242 2907 εἰσιν
1301 2854 1350 2905 οἱ
1398 2853 1505 2907 ἀπὸ
1549 2854 1805 2925 Ἀραϐίας

231 2942 343 3007 ἓως
362 2942 640 3012 Αἰγύπτου
668 2944 1050 3006 κατοικοῦντες
1072 2944 1171 3014 τὴν
1206 2943 1481 2998 Θάλασσαν
1514 2944 1803 3016 Ἐρυθρὰν,

233 3036 333 3089 καὶ
377 3034 687 3099 ἐλπίζοντες
730 3035 913 3106 εὑρεῖν
968 3034 1196 3089 πλοῦτον
1247 3032 1410 3106 ἦλθον
1475 3036 1805 3106 κουρσεῦσαι

232 3122 363 3186 τοὺς
406 3123 706 3193 Μοναχούς.
756 3123 844 3184 Ὠς
889 3122 947 3176 δὲ
998 3122 1150 3177 οὐδὲν
1185 3117 1378 3196 εὗρον,
1428 3128 1475 3179 εί
1509 3128 1585 3197 μὴ
1614 3126 1807 3196 ψιάθια

240 3213 405 3283 μόνα,
432 3212 529 3266 καὶ
559 3214 686 3276 τοὺς
712 3213 901 3281 ἁγίους
929 3214 1144 3285 τρίχινα
1169 3215 1489 3286 φοροῦντας,
1518 3218 1611 3271 καὶ
1636 3217 1807 3283 οὕτως

237 3305 648 3375 ἐτελειώθησαν.
667 3303 947 3360 Certamen
996 3317 1303 3361 sanctorum
1334 3308 1562 3362 Patrum
1600 3320 1809 3364 nostro-

238 3414 381 3460 rum,
418 3396 509 3466 qui
535 3396 591 3450 in
620 3404 795 3450 monte
819 3395 953 3451 Sina
982 3397 1140 3466 ﬁnem
1174 3414 1283 3452 sua:
1310 3400 1427 3452 vitw
1456 3400 1632 3452 sortiti
1664 3409 1806 3455 sunt.

239 3493 329 3543 Ea:
349 3488 573 3543 diversis
600 3488 818 3542 urbibus
848 3498 898 3542 et
925 3489 1131 3558 oppidis
1158 3505 1277 3543 cum
1298 3500 1468 3545 essent
1492 3491 1569 3555 hi,
1590 3490 1807 3557 mundo,

240 3579 575 3648 parentibus,
627 3588 678 3633 et
705 3579 908 3633 divitiis
939 3580 1280 3646 renuntiatis,
1311 3597 1431 3634 cum
1458 3583 1813 3649 pervenissent

242 3670 315 3725 ad
345 3681 572 3725 montem
617 3668 793 3736 Sinai,
825 3670 1071 3725 monachi
1106 3671 1277 3740 effecti
1298 3681 1445 3736 sunt,
1482 3683 1529 3726 et
1570 3673 1671 3726 soli
1700 3673 1809 3728 Deo

244 3763 639 3828 inserviebant,
690 3761 863 3817 herbis
895 3762 1225 3817 silvestribus
1271 3766 1435 3818 vitam
1469 3767 1808 3820 sustinentes.

245 3855 381 3910 Cum
413 3856 496 3909 his
527 3856 727 3909 sanctis
753 3856 916 3910 vitam
948 3856 1167 3910 ducebat
1195 3855 1375 3910 beatus
1411 3854 1572 3910 Nilus
1602 3858 1657 3910 in
1687 3857 1812 3911 urbe

247 3942 839 4014 Constantinopolitano
864 3946 1131 4018 quondam
1178 3946 1456 4013 eparchus,
1493 3947 1571 3999 vir
1601 3948 1809 4015 doctus,

245 4050 297 4092 et
321 4040 375 4093 in
407 4038 575 4094 Deum
603 4038 896 4107 piissimus.
930 4035 1064 4103 Quin
1088 4047 1135 4090 et
1160 4038 1267 4106 ipse
1287 4048 1497 4105 propter
1519 4037 1811 4104 Christum,

246 4142 298 4185 et
332 4131 527 4202 gloria,
564 4141 613 4185 et
647 4130 850 4185 divitiis
887 4130 1125 4184 dimissis
1154 4132 1599 4200 pauperculorum
1629 4150 1814 4188 mona-

249 4224 465 4277 chorum
486 4223 725 4277 habitum
755 4222 952 4277 induit.
994 4221 1364 4278 Verumtamen
1410 4225 1655 4279 diabolus
1683 4226 1833 4295 invi-q

249 4313 432 4367 dentia
481 4323 650 4368 tortus
677 4315 964 4367 immanem
1003 4313 1369 4384 Blemmydum
1399 4325 1603 4385 gentem
1632 4316 1814 4370 conci-

254 4406 380 4459 tavit
425 4416 610 4459 contra
664 4415 875 4459 sanctos
920 4403 1132 4459 Patres.
1191 4405 1526 4477 Blemmydes
1575 4416 1698 4461 sunt
1751 4409 1816 4461 ab

252 4498 454 4553 Arabia
487 4514 648 4568 usque
684 4496 977 4568 Egyptum
1006 4496 1177 4551 maris
1224 4496 1388 4550 Rubri
1443 4498 1637 4552 accolae
1665 4538 1681 4564 ,
1729 4500 1821 4569 qui

252 4592 563 4646 divitiarum
615 4592 1002 4658 exspectatione
1043 4590 1203 4645 erecti
1255 4595 1322 4643 ad
1353 4589 1677 4659 diripiendos
1706 4608 1820 4644 mo-

255 4683 448 4736 nachos
478 4682 742 4754 progressi
760 4691 904 4735 sunt.
942 4680 1077 4736 Cum
1110 4697 1228 4735 vero
1258 4680 1389 4734 nihil
1411 4683 1639 4751 amplius
1673 4699 1821 4737 com-

254 4775 530 4841 perissent,
549 4790 706 4843 quam
734 4773 1015 4842 tegetidula
1040 4787 1104 4826 ex
1124 4772 1311 4840 junco,
1341 4785 1654 4844 sanctosque
1680 4774 1820 4843 ipsos

256 4880 320 4918 ea:
369 4864 493 4932 pilis
545 4863 803 4931 confectis
864 4861 1186 4915 indumentis
1263 4861 1711 4927 circumvcstitos,
1766 4864 1823 4917 in

260 4957 459 5011 rabiem
504 4956 638 5009 versi
671 4971 758 5009 eos
789 4955 957 5024 culpw
1002 4964 1238 5009 exsortes
1263 4956 1722 5011 contrucidarunt.
1752 4955 1819 5009 Et

261 5055 333 5106 sic
379 5053 501 5107 vita:
542 5050 700 5121 ﬁnem
745 5064 982 5118 posuere.
1032 5047 1212 5120 Supra
1261 5048 1515 5105 laudatus
1552 5048 1821 5105 Callistus

264 5148 379 5200 loco
417 5144 605 5199 dicto:
644 5140 736 5212 Τῷ
765 5140 824 5194 δὲ
864 5139 1137 5213 θεσπεσίῳ
1187 5140 1365 5212 Νείλῳ
1399 5142 1596 5213 πατρὶς
1643 5142 1678 5213 ἡ
1722 5142 1823 5212 τῆς

266 5232 668 5290 Κωνσταντίνου
703 5230 966 5301 ἐτύγχανε
994 5229 1148 5294 πόλις
1173 5269 1189 5295 ,
1235 5224 1303 5303 ἧς
1339 5231 1418 5303 τῷ
1456 5233 1695 5302 περιόντι
1725 5234 1823 5303 τῆς

267 5326 578 5396 εὐγενείας,
641 5326 737 5377 καὶ
799 5322 1036 5392 ἔπαρχος
1100 5322 1456 5394 ἐχρημάτισε.
1496 5322 1718 5394 Πλούτῳ
1767 5324 1823 5378 δὲ

269 5421 450 5492 βαθεῖ,
484 5419 579 5471 καὶ
607 5413 897 5487 δυναστείᾳ
925 5412 1342 5485 περιρρεόμενος
1360 5414 1667 5486 timenem-hy
1692 5416 1821 5469 ἀντ.

274 5514 551 5583 quam-co
600 5508 846 5576 ἀγωγήν.
896 5504 1229 5560 Admiranda
1285 5505 1411 5560 Nilo
1448 5509 1626 5575 patria
1677 5506 1824 5563 Con-

273 5601 637 5670 stantinopolis
682 5598 826 5668 fuit,
884 5596 1037 5665 cujus
1088 5596 1247 5650 etiam
1292 5606 1501 5666 propter
1553 5599 1822 5670 egregiam

274 5697 467 5759 ueneris
502 5691 826 5748 nobilitatem
852 5687 1130 5758 praefectus
1161 5686 1282 5757 fuit.
1320 5688 1588 5755 Potentia,
1618 5699 1667 5744 et
1701 5691 1817 5759 cpi-

1888 1210 1981 1265 bus
2011 1212 2245 1281 affluens,
2275 1210 2560 1265 asceticam
2583 1210 2693 1264 illis
2712 1212 2948 1280 prwtulit
2977 1210 3164 1265 vitam.
3196 1211 3262 1265 Et
3298 1208 3451 1265 Gm-

1887 1317 2075 1357 corum
2118 1302 2514 1373 Menologium:
2563 1293 2731 1365 Οὗτος
2765 1302 2931 1364 πολὺς
2960 1296 3028 1373 ἦν
3059 1303 3117 1353 ἐν
3148 1300 3325 1369 λόγοις
3355 1301 3450 1354 ἐπὶ

1894 1395 1993 1465 τῆς
2040 1394 2314 1464 βασιλείας
2365 1392 2674 1465 Μαυρικίου
2743 1394 2982 1464 ἔπαρχος
3035 1392 3452 1447 Κωνσταντίνου

1889 1487 2094 1549 πόλεως
2126 1486 2547 1559 γνωριζόμενος,
2576 1487 2748 1556 σεμνῇ
2772 1484 2828 1537 δὲ
2864 1483 3083 1555 γυναικὶ
3115 1482 3452 1553 συζευχθεὶς,

1889 1578 1984 1631 καὶ
2008 1577 2101 1632 δύο
2133 1578 2319 1645 τέκνα,
2367 1577 2535 1649 ἄρρεν
2577 1593 2637 1630 τε
2686 1576 2781 1630 καὶ
2825 1576 2979 1646 θῆλυ,
3012 1573 3317 1640 ἀποτεκὼν,
3349 1574 3452 1646 τὴν

1891 1655 2083 1723 ἑαυτοῦ
2131 1669 2362 1723 πέπεικε
2410 1669 2659 1739 σύζυγον»
2687 1668 2786 1739 τὴν
2838 1667 3247 1722 Κωνσταντίνου
3294 1667 3453 1721 πόλιν

1891 1757 2237 1822 καταλιπεῖν,
2290 1758 2386 1813 καὶ
2418 1752 2547 1822 ’τοῖς
2595 1758 2696 1828 τῆς
2747 1756 3024 1826 Αἰγύπτου
3067 1756 3453 1829 μοναστηρίοις

1892 1847 2350 1919 κατασκηνῶσαι,
2394 1847 2720 1920 μερίσασθαι
2763 1864 2823 1901 τε
2868 1846 2939 1901 τὰ
2979 1848 3143 1901 τέκνα
3167 1886 3183 1912 ,
3224 1847 3320 1900 καὶ
3358 1847 3453 1900 τὸν

1897 1938 1996 2010 μὲν
2023 1938 2356 2010 παραλαϐεῖν
2380 1939 2472 1992 τὸν
2504 1940 2619 1991 υἱὸν
2648 1938 2957 2001 Θεόδουλον,
2982 1937 3080 2010 τὴν
3109 1938 3165 1991 δὲ
3198 1937 3294 2009 τὴν
3322 1939 3451 1990 ἑαυ-

1893 2031 1991 2101 τῆς
2029 2029 2305 2101 θυγατέρα
2329 2068 2343 2092 ,
2376 2031 2469 2083 καὶ
2515 2028 2657 2082 οὕτω
2694 2028 2997 2100 ποήσαντες
3039 2028 3327 2097 διέστησαν
3361 2029 3456 2081 ἀπ’

1895 2121 2160 2193 ἀλλήλων,
2204 2122 2298 2175 καὶ
2328 2122 2452 2174 ἐπεὶ
2478 2121 2506 2173 ὀ
2538 2118 2808 2191 μακαρίος
2845 2120 3035 2181 Νεῖλος
3063 2117 3125 2171 τὸ
3154 2118 3282 2189 ὅρος
3319 2118 3458 2188 μετὰ

1895 2212 1989 2266 τοῦ
2040 2210 2157 2265 υίοῦ
2196 2210 2536 2283 κατειληφὼς
2564 2212 2727 2282 συνῆν
2777 2212 2889 2274 τοῖς
2934 2208 3232 2280 Πατράσιν,
3263 2210 3359 2263 καὶ
3390 2209 3461 2262 τὰ

1898 2304 2043 2377 ἑξῆς.
2069 2304 2285 2361 Celeber
2312 2303 2398 2359 hic
2428 2304 2531 2374 fuit
2561 2305 2831 2358 hominum
2873 2301 3199 2356 sermonibus
3227 2340 3243 2364 ,
3295 2302 3461 2369 impe-

1898 2408 2049 2453 rante
2102 2398 2382 2461 Mauritio,
2434 2397 2580 2451 urbis
2628 2394 3232 2460 Constantinopolitano:
3280 2393 3462 2461 prmfe—

1899 2500 2054 2546 ctura
2087 2491 2286 2546 clarus.
2351 2490 2457 2557 Qui
2503 2489 2886 2543 honestissima:
2934 2495 3195 2539 matronae
3243 2484 3462 2554 junctus

1900 2584 2263 2647 matrimonio,
2292 2582 2496 2635 duobus
2535 2596 2599 2634 ea:
2652 2580 2750 2633 illa
2788 2578 3046 2647 susceptis
3088 2576 3269 2630 liberis
3317 2591 3463 2628 mare

1899 2686 1948 2730 et
1976 2674 2208 2745 femina,
2258 2675 2415 2728 uxori
2447 2673 2746 2742 persuasit,
2786 2679 2845 2724 ut
2887 2666 3350 2735 Constantinopoli
3382 2683 3463 2719 re-

1902 2766 2029 2819 licta
2063 2766 2119 2818 in
2148 2763 2368 2834 Αἰαίη)ῑὶ
2415 2761 2738 2817 monasteria
2769 2759 3098 2829 immigraret
3130 2774 3148 2811 :
3180 2758 3464 2827 partitique

1902 2856 2037 2910 inter
2064 2872 2119 2909 se
2171 2855 2397 2919 liberos,
2458 2855 2567 2921 ipse
2620 2850 2827 2922 quidem
2880 2848 3206 2903 Theodulum
3268 2847 3461 2915 ﬁlium,

1901 2950 2000 3005 illa
2044 2949 2210 3019 ﬁliam
2251 2964 2402 3001 suam
2430 2944 2770 2999 abducerent.
2806 2942 2923 3009 Quo
2967 2941 3108 3010 facto
3144 2939 3208 2993 ab
3245 2939 3464 2992 invicem

1903 3058 2014 3096 sese
2057 3040 2451 3107 disiunxerant.
2484 3034 2625 3089 Hinc
2660 3051 2778 3088 cum
2807 3032 2989 3086 beatus
3021 3031 3176 3085 Nilus
3209 3037 3462 3091 occupato

1904 3110 2077 3186 monte
2113 3146 2231 3183 cum
2281 3129 2393 3197 ﬁlio
2450 3136 2754 3180 sanctorum
2819 3123 3040 3176 Patrum
3091 3119 3465 3174 consuetudine

1905 3225 2210 3295 frueretur,
2258 3221 2477 3292 quidam
2527 3219 2761 3289 ferarum
2812 3217 2985 3269 instar
3036 3222 3267 3281 repentes
3311 3221 3466 3280 atque

1905 3317 2160 3370 irruentes
2191 3312 2439 3377 Barbari,
2469 3310 2581 3379 ejus
2605 3309 2773 3377 ﬁlium
2797 3304 3122 3359 Theodulum
3150 3320 3268 3357 cum
3287 3302 3467 3355 multis

1907 3407 2030 3461 aliis
2059 3406 2321 3474 captivum
2370 3406 2724 3455 abduxerunt.
2763 3397 2830 3451 Et
2878 3395 3322 3467 Martyrologium
3358 3391 3467 3445 Ro~

1906 3512 2173 3554 manum:
2223 3494 2407 3548 Pridie
2456 3492 2583 3547 Idus
2640 3489 2972 3555 Novembris,
3010 3483 3468 3553 Constantinopoli

1910 3588 1968 3644 S.
2009 3586 2124 3641 Nili
2152 3587 2381 3648 abbatis,
2419 3585 2509 3654 qui
2536 3598 2603 3637 ex
2628 3583 2872 3651 praefecto
2910 3578 3055 3633 urbis
3078 3578 3252 3647 factus
3288 3593 3461 3631 monu-

1912 3680 2039 3735 chus
2087 3679 2182 3734 sub
2225 3677 2513 3731 Theodosio
2539 3672 2761 3727 Juniore
2790 3672 3058 3733 doctrina,
3104 3679 3153 3724 et
3191 3671 3470 3723 sanctitate

1910 3771 2113 3841 ﬂoruit.
2154 3768 2220 3823 Et
2247 3768 2463 3823 tandem
2509 3764 2873 3835 Menologium
2921 3761 3105 3816 Sirleti
3135 3760 3223 3815 die
3262 3776 3335 3813 xu
3363 3758 3470 3814 No-

1909 3861 2355 3919 vemb.:Natalis
2404 3858 2463 3914 S.
2510 3857 2689 3913 Patris
2724 3855 2891 3910 nostri
2930 3852 3067 3908 Nili.
3103 3852 3204 3906 Hic
3248 3852 3348 3920 fuit
3377 3850 3471 3904 sub

1912 3956 2227 4023 imperatore
2270 3952 2526 4008 Mauritio
2569 3958 2875 4005 sanctarum
2920 3948 3244 4001 Litterarum
3300 3942 3469 3997 erudi-

1915 4048 2054 4101 tione
2082 4054 2133 4100 et
2180 4045 2467 4099 sanctitate
2502 4058 2707 4096 morum
2738 4041 2981 4110 insignis,
3013 4040 3101 4108 qui
3125 4053 3242 4089 cum
3270 4035 3471 4088 oratio-

1916 4138 1999 4193 nis
2061 4136 2318 4206 facultate
2348 4144 2397 4188 et
2436 4143 2592 4188 recta:
2642 4132 2762 4186 vita:
2813 4130 3045 4195 exemplo
3102 4126 3355 4196 plurimos
3407 4125 3473 4179 ad

1914 4230 2129 4285 virtutis
2164 4227 2400 4282 studium
2427 4224 2737 4285 excitasset,
2771 4222 2826 4275 in
2854 4236 2980 4289 pace
3013 4219 3227 4289 quievit.

1985 4319 2085 4375 Hic
2133 4327 2191 4372 nt
2236 4318 2389 4371 virus
2438 4330 2620 4386 prava:
2666 4311 2978 4383 religionis,
3030 4318 3085 4364 et
3116 4306 3474 4379 petulantiam

1917 4413 2277 4470 scutariorum
2310 4410 2366 4464 in
2406 4422 2543 4479 pura
2578 4408 2834 4476 claraque
2862 4400 3227 4477 exulceranda
3252 4400 3473 4454 veritate

1921 4507 2190 4564 catholica
2237 4504 2479 4558 animum
2511 4500 2779 4558 infrenem
2809 4496 3137 4570 prospicias,
3186 4501 3239 4548 et
3270 4492 3325 4546 in
3354 4490 3474 4547 Cal-

1918 4597 2159 4654 lixtianae
2204 4593 2456 4649 Historia:
2502 4592 2685 4649 verbis
2714 4590 2970 4660 superius
3016 4583 3272 4640 adductis
3308 4582 3454 4635 inter

1919 4687 2200 4760 pretandis
2237 4685 2521 4750 malitiam,
2555 4698 2680 4739 cum
2713 4683 2782 4739 de
2806 4690 2994 4737 nostro
3018 4678 3139 4733 Nilo
3167 4688 3476 4731 sermonem

1921 4779 2109 4841 habet,
2155 4784 2341 4848 repeto
2381 4776 2479 4830 tibi
2510 4775 2677 4831 verba
2712 4772 3002 4843 Nicephori
3044 4788 3058 4824 :
3091 4767 3180 4839 Τῷ
3200 4766 3257 4820 δὲ
3285 4764 3472 4818 θεσπε-

1923 4870 2021 4941 σίῳ
2052 4865 2232 4938 Νείλῳ
2258 4866 2456 4937 πατρὶς
2484 4866 2519 4937 ἡ
2550 4863 2960 4919 Κωνσταντίνου
2987 4860 3281 4930 ἐτύγχανεν
3306 4855 3477 4919 πόλις,

1921 4954 1990 5032 ἧς
2022 4958 2102 5030 τῷ
2125 4958 2365 5028 περιόντι
2402 4958 2501 5029 τῆς
2539 4956 2816 5027 εὐγενείας
2840 4954 2934 5009 καὶ
2955 4953 3196 5023 ἔπαρχος
3229 4946 3466 5020 ἐχρημά-

1922 5070 2064 5117 τισε,
2094 5050 2308 5122 πλούτῳ
2332 5050 2390 5105 δὲ
2421 5036 2597 5121 βαθεῖ,
2629 5048 2726 5103 καὶ⁹
2747 5045 3034 5116 δυναστείᾳ
3057 5038 3477 5113 περιρῤεόμενος

1924 5143 2023 5215 τὴν
2065 5142 2370 5214 ὰσκητικὴν
2417 5140 2802 5212 ἀντηλλάττετο
2859 5137 3101 5205 ἀγωγήν.
3147 5128 3478 5187 Admiranda

1939 5237 2069 5292 Nilo
2122 5237 2298 5307 patria
2361 5228 2847 5300 Constantinopolis
2906 5229 3049 5299 fuit,
3106 5225 3259 5294 cujus
3319 5224 3479 5278 etiam

1930 5338 2144 5400 propter
2176 5328 2435 5398 egregiam
2466 5325 2634 5396 gentis
2674 5321 3003 5378 nobilitatem
3046 5316 3327 5387 prwfectus
3358 5312 3479 5381 fuit.

1933 5421 2183 5477 Potentia
2218 5430 2268 5475 et
2309 5418 2490 5487 opibus
2523 5418 2771 5487 affluens,
2801 5413 3081 5470 asceticam
3110 5408 3220 5463 illis
3252 5403 3485 5475 praetulit

1932 5512 2112 5565 vitam.
2144 5510 2385 5576 Quorum
2416 5508 2507 5563 illa
2544 5504 2815 5562 sententia
2853 5509 2971 5566 est;
3013 5499 3142 5553 licet
3172 5494 3481 5552 nobilitate,

1930 5601 2211 5673 dignitate;
2253 5599 2453 5669 opibus
2481 5605 2537 5653 et
2564 5596 2734 5652 rebus
2779 5592 2904 5649 aliis
2934 5587 3307 5646 clarissimus.
3340 5590 3396 5637 et
3424 5581 3480 5637 in

1948 5691 2081 5748 urbe
2096 5691 2333 5747 omnium
2350 5689 2638 5760 prmcipua,
2656 5685 2859 5742 viribus
2882 5679 3274 5757 praemineret,
3296 5676 3491 5733 nihilo-
